3914 6528
229 493 338 548 1οΗ

1030 494 1602 553 ORIGENIANOHCM
1640 494 1769 548 LIB.
1813 492 1874 560 Il,
1911 492 2064 550 CAP.
2100 494 2165 558 II,
2199 495 2473 563 QUASST.
2513 494 2603 551 XI.

3326 500 3464 557 1042

229 603 488 674 Apologire
513 605 775 672 secundo,
801 621 920 676 cap.
949 607 999 670 l,
1026 608 1140 662 haec
1166 607 1363 662 habet:
1389 627 1408 660 ‹
1431 607 1583 675 Quod
1608 615 1783 661 autem
1815 611 1863 666 Α
1892 606 2089 660 colabit
2118 621 2212 662 eos
2258 608 2409 676 quasi
2443 622 2656 674 aurum,
2686 616 2742 662 et
2777 609 2932 679 quasi
2993 619 3311 682 argentum;
3357 631 3378 667 ι
3408 626 3464 672 et

232 697 538 765 imprecaris
585 697 871 764 fratribus,
905 700 1006 754 hoc
1048 711 1132 755 est
1179 699 1619 755 criminatoribus
1659 700 1784 766 tuis,

231 799 441 844 aeternos
478 790 636 859 ignes
677 805 801 845 cum
847 790 1082 855 diabolo,
1137 805 1241 845 non
1274 800 1384 845 tam
1419 790 1615 845 fratres
1653 791 1786 844 mihi

234 879 412 934 videris
465 894 744 948 premere;
790 896 951 952 quam
1002 881 1273 936 diabolum
1318 881 1623 945 sublevare,
1665 895 1786 936 cum

232 969 419 1031 iisdem,
459 969 662 1040 quibus
689 970 935 1028 homines
961 971 1282 1039 Christiani,
1314 974 1532 1046 ignibus
1559 975 1788 1044 punien-

231 1061 314 1116 dus
364 1062 469 1128 sit;
510 1080 530 1114 ι
564 1063 723 1132 quasi
774 1061 878 1118 alio
927 1063 1066 1133 ignis
1115 1079 1316 1135 genere
1370 1065 1616 1123 diabolus
1659 1082 1790 1122 cru-

236 1154 444 1209 ciandus
480 1155 580 1222 sit,
619 1154 728 1210 alio
775 1154 1022 1210 homines
1073 1156 1387 1214 Christiani.
1435 1158 1623 1227 Itaque
1659 1158 1785 1213 Sta-

230 1245 418 1302 nislaus
445 1245 768 1303 Pannonius
799 1247 1155 1318 Anabaptista
1188 1249 1330 1304 hunc
1373 1247 1624 1320 Origenis
1652 1263 1782 1318 pro-

228 1352 462 1408 pugnans
490 1351 762 1406 errorem,
793 1338 845 1392 in
877 1338 1017 1394 libro
1043 1337 1118 1394 De
1154 1339 1331 1394 divina
1371 1340 1783 1409 philanlltmpia,

230 1428 528 1498 Hieronymi
563 1429 940 1497 auctoritatem
986 1443 1090 1484 non
1143 1431 1262 1485 sine
1307 1433 1520 1486 ratione
1545 1441 1786 1500 usurpat,

228 1516 597 1586 immeritoque
630 1533 660 1569 a
694 1515 847 1570 Sixto
880 1517 1104 1573 Senensi
1130 1518 1222 1575 lib.
1249 1535 1298 1574 vi
1321 1518 1488 1587 Bibl.,
1511 1522 1634 1576 adn.
1659 1521 1784 1589 290,

227 1612 286 1666 ob
313 1624 430 1665 eam
457 1625 576 1664 rem
615 1610 1028 1678 reprehenditur
1057 1624 1074 1664 :
1110 1625 1233 1665 nam
1263 1612 1513 1680 quamvis
1563 1611 1788 1668 nefariae

229 1699 424 1770 penitus
451 1707 509 1754 et
537 1698 811 1754 damnatae
841 1700 1103 1755 doctrinae
1131 1700 1502 1757 defensionem
1530 1717 1786 1772 suscepe-

229 1791 290 1846 rit
312 1790 604 1845 hareticus
641 1788 754 1855 ille,
795 1790 849 1844 in
894 1804 1067 1860 eoque
1115 1791 1453 1860 impudenter
1478 1791 1654 1862 egisse
1702 1793 1787 1848 fa-

229 1883 432 1936 tendum
462 1882 562 1948 sit,
611 1881 927 1953 Hieronymi
970 1892 1148 1938 tamen
1194 1883 1552 1953 patrocinium
1587 1884 1788 1954 absque

227 1974 510 2043 impostura
559 1983 618 2028 et
657 1949 964 2038 mendacio,
1012 1989 1132 2045 quae
1178 1949 1279 2044 ipsi
1326 1975 1511 2043 objicit
1561 1949 1782 2042 Sixtus,
1817 1949 1860 2004 Β

228 2064 314 2118 sibi
356 2064 608 2120 aseiscit.
643 2063 1000 2120 Proferantur
1041 2065 1184 2121 enim
1218 2066 1342 2122 licet
1375 2076 1628 2122 sexcenta
1663 2067 1789 2122 flic-

228 2155 425 2225 ronymi
481 2155 831 2222 testimonia,
903 2157 1102 2226 quibus
1150 2156 1485 2211 contrarium
1531 2157 1786 2224 tradidit;

229 2259 373 2299 unum
425 2245 554 2301 inde
599 2246 732 2301 illud
765 2246 1014 2312 efficitur,
1046 2257 1286 2303 mutasse
1315 2248 1464 2302 illum
1501 2247 1788 2318 aliquando

227 2337 564 2402 sententiam,
618 2350 723 2394 nec
777 2339 952 2394 unica:
1013 2353 1228 2408 semper
1281 2339 1789 2409 opinationiadhte-

229 2427 369 2483 cisse.
399 2428 471 2482 At
503 2443 605 2498 par
631 2429 751 2500 pari
787 2429 971 2485 retulit
999 2429 1376 2502 Hieronymus,
1401 2443 1510 2500 quo
1535 2428 1786 2484 Rufinum

232 2519 572 2586 remorderet,
603 2519 700 2590 qui
737 2536 858 2576 cum
889 2522 1003 2576 hare
1032 2521 1099 2578 ad
1130 2522 1479 2576 Anastasium
1507 2536 1696 2592 papam
1734 2523 1790 2576 in

229 2611 470 2680 Apologia
491 2612 621 2681 ﬁdei
645 2628 757 2666 ante
792 2612 1104 2682 scripsisset
1132 2629 1147 2666 :
1186 2630 1205 2664 ι
1238 2612 1296 2668 Si
1325 2613 1449 2683 quis
1477 2622 1640 2684 negat
1669 2614 1790 2668 dia-

232 2698 394 2756 bolum
429 2703 657 2757 aaternis
684 2703 902 2770 ignibus
949 2705 1391 2772 mancipandam,
1429 2713 1634 2774 partem
1668 2719 1790 2760 cum

232 2792 336 2861 ipso
353 2796 541 2850 aeterni
569 2796 713 2864 ignis
739 2794 998 2864 accipiat,
1022 2804 1079 2850 ut
1106 2796 1305 2850 sentiat
1331 2798 1474 2866 quod
1498 2797 1735 2868 negavit,
1764 2815 1786 2850 ι

230 2884 278 2939 in
295 2886 658 2955 suspicionem
686 2896 866 2942 tamen
899 2898 1123 2943 assertae
1150 2888 1345 2943 diaboli
1373 2888 1568 2944 salutis
1594 2903 1790 2944 vocare

233 2977 440 3031 tentavit
495 2977 860 3048 Hieronymus
905 2976 1126 3048 Apolog.
1173 2992 1235 3043 ιι,
1279 2993 1401 3048 cap.
1437 2977 1485 3042 l,
1521 2994 1638 3033 eam
1673 2993 1703 3033 a
1733 2992 1792 3033 se

230 3063 339 3120 licet
363 3068 734 3137 suspicionem
774 3067 1092 3137 propulsare
1121 3066 1350 3122 Rufinus
1389 3066 1650 3122 Invectiva
1678 3069 1790 3137 pri-

231 3173 306 3213 ma
347 3159 670 3216 laborasset.
724 3158 946 3227 Verum,
999 3160 1204 3216 omisso
1253 3162 1356 3217 hoc
1412 3160 1592 3215 Rulin‘i
1647 3161 1786 3230 loco,

229 3264 372 3318 quem
393 3267 502 3308 non
535 3252 658 3308 sine
681 3251 1028 3308 cavillatione
1049 3252 1105 3306 in
1131 3252 1438 3322 sequiorem
1467 3252 1604 3306 trahi
1631 3268 1790 3322 posse

229 3357 434 3399 sensum
462 3354 744 3414 putamus,
779 3356 970 3415 aperte
1005 3344 1193 3401 definit
1224 3345 1276 3399 in
1310 3344 1559 3416 Symbolo
1593 3346 1790 3415 sempi-

232 3434 384 3490 ternis
429 3435 656 3505 quidem
707 3435 994 3490 tormentis
1038 3434 1391 3490 cruciandum
1436 3449 1556 3492 esse
1605 3435 1792 3490 diabo-

230 3524 358 3588 lum;
395 3536 586 3581 sontes
615 3540 748 3580 vero
780 3526 1051 3591 homines,
1083 3524 1428 3594 temporariis
1454 3535 1509 3581 et
1539 3526 1788 3596 aliquaa-

229 3614 290 3668 do
320 3616 576 3672 finiendis
608 3636 624 3672 :
651 3632 778 3671 nam
809 3616 940 3686 quid
965 3616 1109 3672 aliud
1135 3617 1238 3672 sibi
1268 3617 1406 3673 velle
1437 3627 1632 3687 potest,
1665 3633 1790 3674 cum

227 3706 449 3762 alirmat
480 3708 730 3764 futurum
765 3718 823 3764 nt
849 3717 1163 3778 peccatores
1198 3728 1218 3762 ι
1254 3711 1458 3781 absque
1481 3711 1793 3768 interitione

229 3815 314 3854 sua
346 3800 560 3857 debitas
599 3801 756 3855 luant
783 3803 1012 3873 poenas?
1046 3821 1065 3854 ι
1095 3811 1150 3856 et
1177 3802 1340 3873 justis
1366 3802 1584 3872 quidem
1621 3820 1641 3853 ι
1671 3817 1795 3873 per-

231 3892 536 3959 petuitatem
559 3893 768 3964 gloriae,
795 3895 1171 3964 peccatoribus
1205 3903 1390 3950 autem
1419 3895 1792 3964 prolixitatem

232 3982 556 4040 confusionis
582 3994 640 4039 et
687 3999 862 4054 paena:
894 4005 914 4038 ι
955 3986 1097 4042 Deus
1128 3986 1447 4041 ministret?
1479 3985 1649 4042 Recte
1677 3985 1796 4056 qui-

231 4076 340 4130 dem
368 4085 423 4132 et
449 4092 518 4132 ex
555 4077 816 4132 Ecclesiae
846 4077 1164 4148 praescripto
1189 4077 1254 4133 de
1293 4092 1574 4147 pinnarum
1605 4092 1797 4147 peren-

232 4167 388 4222 nitate
420 4169 702 4224 disserunt
745 4169 1167 4241 Chrysostomus
1204 4179 1260 4224 et
1307 4171 1659 4239 Augustinus,
1701 4171 1794 4224 sed

235 4265 448 4327 uterque
479 4268 661 4314 tamen
691 4259 962 4328 peculiare
1003 4259 1135 4314 illud
1179 4259 1364 4325 habet,
1412 4262 1558 4331 quod
1590 4260 1797 4314 crucia-

237 4356 314 4402 tus
340 4350 746 4414 damnatorum,
774 4350 818 4405 si
854 4351 1033 4405 minus
1065 4351 1232 4417 finiri,
1283 4361 1340 4405 at
1373 4351 1618 4406 vivorum
1649 4361 1798 4419 certe

236 4441 468 4508 precibus
495 4452 553 4499 et
577 4441 865 4498 sacrificiis
906 4443 1144 4513 mitigari
1182 4443 1419 4512 putavit;
1473 4443 1561 4498 hic
1597 4444 1647 4496 in
1684 4443 1797 4498 En-

238 4531 443 4588 cftiridio
469 4535 541 4587 ad
575 4533 944 4600 Laurentium,
983 4549 1103 4605 cap.
1140 4533 1243 4588 110
1284 4542 1341 4590 et
1389 4533 1511 4600 H2,
1552 4533 1643 4588 ille
1673 4535 1724 4588 in
1763 4535 1798 4589 '5

1890 712 1957 754 cx
2014 699 2103 752 illo
2137 696 2384 755 Ieremia:
2417 716 2480 766 il,
2507 700 2614 756 22:
2662 720 2680 753 ι
2733 700 2790 758 Si
2835 703 3036 758 laveris
3088 711 3140 758 te
3187 705 3365 772 nitro,
3408 718 3464 764 et

1892 789 2334 861 multiplicaveris
2365 793 2456 848 tibi
2491 793 2710 849 herbam
2759 793 2958 856 borith,
3011 796 3279 858 maculata
3319 812 3378 854 es
3406 799 3458 853 in

1891 867 2178 951 iniquitate
2223 891 2311 938 tua
2359 899 2540 939 coram
2593 900 2711 950 me,
2759 885 2889 941 dicit
2933 886 3192 942 Dominus
3236 889 3394 945 Dens.
3435 909 3455 943 ι

1890 971 2046 1027 Prius
2109 972 2238 1027 illud
2293 973 2569 1030 Malachia:
2633 977 2912 1046 usurpavit
2951 977 3215 1048 Origenes
3273 980 3365 1041 lib.
3405 998 3457 1038 vr

1891 1075 2073 1120 contra
2100 1063 2264 1132 Cels.,
2300 1081 2420 1122 cum
2451 1076 2714 1136 quaereret
2737 1082 2905 1137 quare
2937 1069 3092 1126 vallis
3109 1069 3321 1129 Eunon.
3339 1087 3461 1144 quae

1891 1155 2004 1224 ipsa
2053 1165 2136 1212 est
2178 1157 2424 1227 gehenna
2483 1165 2540 1214 et
2598 1154 2879 1228 prunarum
2929 1159 3116 1226 locus,
3175 1163 3226 1218 in
3271 1168 3457 1230 eadem

1894 1247 2061 1314 tribu,
2093 1247 2444 1316 Benjamitica
2476 1248 2751 1317 nimirum,
2781 1250 2832 1306 in
2863 1267 2970 1322 qua
2998 1252 3316 1322 Jerusalem,
3342 1273 3461 1316 cen-

1891 1350 2132 1408 seretur;
2170 1342 2565 1412 respondetque
2590 1341 2764 1398 locum
2793 1344 2934 1399 hunc
2967 1360 3250 1416 poenarum
3280 1351 3453 1419 accipi

1890 1445 1990 1500 pro
2022 1431 2352 1488 cruciatibus
2392 1435 2740 1504 purgatoriis,
2776 1437 2866 1504 qui
2909 1452 2940 1492 a
2985 1439 3223 1498 caelestis
3249 1440 3460 1500 Jeroso-

1892 1521 2046 1594 lymae
2076 1521 2222 1594 Rege
2247 1539 2313 1579 ac
2341 1524 2566 1581 Domino
2592 1528 2786 1584 animm
2809 1528 3138 1599 infliguntur,
3163 1535 3458 1591 secundum

1895 1615 2054 1668 verba
2081 1631 2111 1671 e
2134 1615 2395 1671 Malachia
2419 1619 2672 1674 adducta.
2700 1617 2984 1676 Subnectit
3016 1623 3228 1678 demum
3261 1638 3460 1696 myste—

1890 1705 1969 1759 ria
2005 1705 2118 1762 haec
2144 1705 2359 1763 silentio
2389 1709 2742 1779 obsignanda,
2777 1727 2846 1766 ne
2871 1712 3116 1770 homines
3149 1729 3374 1786 nequam
3402 1718 3456 1774 in

1891 1796 2079 1851 vitium
2124 1797 2356 1854 effrenes
2412 1810 2607 1868 ruant,
2666 1802 2864 1872 quippe
2908 1804 2998 1873 qui
3044 1821 3115 1860 ne
3175 1821 3456 1876 poenarum

1891 1889 2108 1958 quidem
2149 1900 2508 1958 internarum,
2542 1900 2596 1947 et
2634 1892 2740 1948 fine
2786 1896 3087 1950 carentium
3116 1899 3367 1966 Opinione
3392 1917 3456 1955 ac

1891 1988 2036 2034 metu
2085 1994 2115 2035 a
2165 1982 2457 2037 sceleribus
2511 1983 2938 2042 absterreantur.
3000 1986 3152 2054 Quod
3192 1993 3459 2057 expressit

1890 2067 2252 2142 Hieronymus
2289 2074 2340 2127 in
2385 2074 2490 2129 fine
2538 2073 2827 2130 Comment.
2869 2077 2923 2132 in
2969 2076 3191 2133 Isaiam.
3241 2079 3458 2150 Perspi-

1890 2176 2049 2216 cuum
2103 2172 2188 2218 est
2230 2165 2412 2234 itaque
2449 2167 2770 2221 sententiam
2815 2168 2953 2224 hanc
2995 2172 3059 2224 de
3103 2173 3462 2228 terminandis

1891 2250 2180 2320 aliquando
2223 2253 2596 2309 damnatorum
2629 2256 2931 2325 suppliciis,
2983 2255 3231 2328 Origenis
3272 2268 3452 2323 aetate,

1891 2342 2182 2415 multisque
2223 2352 2340 2414 post
2394 2345 2574 2411 annis,
2621 2347 2860 2402 nondum
2913 2347 3061 2404 clara
3111 2349 3377 2406 haereseos
3401 2359 3465 2404 ct-

1891 2447 2144 2503 expressa
2173 2443 2298 2490 nota
2325 2435 2493 2491 fuisse
2520 2435 2861 2503 infamatum,
2892 2448 2951 2494 ut
2977 2449 3098 2510 pote
3131 2455 3292 2509 quam
3320 2457 3455 2496 non-

1891 2525 2020 2580 nulli
2051 2527 2118 2582 de
2147 2539 2287 2583 centu
2317 2527 2556 2594 Patrum,
2597 2528 2741 2599 iique
2774 2546 2878 2585 non
2916 2531 3081 2585 infimi
3122 2542 3321 2600 puncto
3358 2548 3456 2588 suo

1891 2619 2316 2687 comprobarint.
2375 2619 2638 2687 Quocirca
2701 2622 2997 2678 Facundos
3053 2621 3458 2680 Hermianensis

1892 2708 1989 2763 lib.
2035 2723 2110 2775 ιν,
2155 2724 2273 2780 cap.
2320 2709 2378 2775 4,
2425 2712 2612 2766 scribit
2684 2713 3044 2768 Domitianum
3089 2714 3455 2786 Ancyranum,

1893 2797 2234 2869 Origenianzn
2281 2802 2542 2858 doctrinae
2587 2802 2946 2872 defensorem,
3001 2805 3054 2858 in
3085 2805 3265 2860 libello
3295 2821 3455 2875 quem

1892 2889 2108 2957 scripsit
2149 2889 2345 2960 Vigilio
2392 2906 2565 2962 νίψω,
2610 2911 2629 2944 ι
2668 2904 3092 2964 conquerentem
3127 2896 3194 2952 de
3237 2895 3321 2950 his
3365 2897 3456 2966 qui

1892 2981 2335 3036 contradicebant
2412 2983 2761 3053 dogmatibus
2821 2981 3102 3055 Origenis,
3163 2987 3458 3042 asserentis

1894 3071 2104 3124 animas
2135 3069 2398 3126 humanas
2430 3079 2555 3124 ante
2587 3085 2811 3140 corpora
2840 3071 2891 3125 in
2913 3072 3142 3138 quadam
3172 3073 3322 3128 beata
3348 3074 3456 3127 vita

1896 3161 2302 3224 prmexstitisse,
2337 3168 2391 3215 et
2427 3176 2617 3216 omnes
2646 3175 2764 3228 qute
2794 3159 2996 3216 fuerint
3024 3171 3227 3218 :eterno
3255 3163 3459 3234 suppli-

1894 3253 1980 3307 cio
2005 3252 2303 3316 destinatae,
2352 3253 2403 3306 in
2441 3252 2720 3321 pristinam
2753 3252 3144 3307 beatitudinem
3184 3268 3308 3310 cum
3337 3255 3457 3308 dia-

1892 3343 2016 3399 bolo
2057 3352 2112 3396 et
2162 3341 2371 3413 angelis
2419 3341 2537 3411 ejus
2583 3341 2817 3406 restitui,
2871 3342 3052 3397 dicere
3086 3341 3248 3396 etiam
3301 3343 3457 3397 haec:

1894 3434 2267 3489 Prosiluerunt
2322 3436 2391 3489 ad
2441 3435 2965 3490 anathematizandos
3005 3436 3364 3490 sanctissimos
3410 3447 3459 3490 et

1894 3525 2296 3597 gloriosissimos
2328 3526 2587 3588 doctores,
2620 3529 2714 3578 sub
2745 3527 3013 3579 occasione
3037 3541 3214 3579 eorum
3248 3541 3364 3595 qua:
3399 3523 3464 3579 tle

1893 3615 2303 3684 prmexsislentia
2335 3623 2382 3668 et
2414 3615 2740 3668 restitutione
2784 3625 2926 3668 mota
2966 3626 3106 3682 sunt,
3135 3616 3464 3684 dogmatum,

1896 3708 1992 3762 sub
2015 3707 2183 3773 specie
2220 3708 2428 3776 quidem
2480 3706 2740 3777 Origenis,
2787 3723 2965 3762 omnes
3001 3717 3173 3762 autent
3221 3710 3310 3779 qui
3340 3718 3466 3763 ante

1895 3815 2012 3852 eum
2049 3807 2097 3852 et
2129 3807 2242 3867 post
2273 3815 2390 3852 eum
2416 3798 2629 3867 fuerunt
2651 3809 2861 3853 sanctos
2883 3800 3406 3853 anathematizantes.
3437 3817 3461 3851 ι

1969 3889 2159 3945 Petrus
2181 3889 2506 3955 Halloixius,
2525 3890 2974 3962 Origenianarum
2990 3891 3220 3960 partium
3241 3891 3470 3959 insignis

1897 3991 2179 4052 patronus,
2221 3983 2430 4037 duobus
2475 3981 2588 4037 fere
2634 3984 2805 4037 modis
2842 3982 3116 4050 obiectum
3143 3982 3465 4036 Adamantio

1897 4075 2100 4128 crimen
2119 4073 2329 4128 amoliri
2353 4073 2529 4128 studet
2552 4071 2767 4142 Origen.
2786 4073 2995 4142 Defens.
3013 4073 3101 4128 lib.
3124 4079 3392 4141 rv,qntest.
3406 4071 3463 4129 ιε

1900 4180 2022 4218 nam
2062 4162 2144 4217 vel
2190 4177 2313 4217 eum
2355 4171 2586 4217 conatur
2628 4162 2913 4217 ostendere
2959 4179 3063 4216 non
3103 4162 3304 4216 dixisse
3341 4159 3466 4230 quia

1899 4256 2020 4311 dem
2068 4255 2352 4309 damnatos
2395 4263 2449 4308 et
2501 4253 2772 4308 daemones
2826 4253 2894 4307 ad
2947 4252 3224 4320 superiora
3255 4265 3467 4321 regres-

1898 4362 2078 4411 suros,
2107 4346 2198 4401 sed
2228 4345 2438 4415 regredi
2486 4352 2694 4398 tantum
2739 4356 2916 4412 posse,
2971 4343 3130 4412 idque
3160 4343 3322 4398 certis
3349 4341 3468 4412 qui-

1902 4439 2129 4494 busdam
2157 4433 2575 4497 conditionibus,
2603 4448 2727 4503 qua:
2759 4448 2882 4487 cum
2908 4433 3222 4502 neutiquam
3258 4431 3471 4504 possint

1900 4531 2236 4600 contingere,
2287 4543 2391 4582 non
2441 4525 2598 4581 aliter
2626 4523 3032 4595 intelligendum
3063 4523 3375 4596 Origenem,
3405 4537 3471 4576 ae

241 4624 412 4680 homil.
447 4626 516 4678 ad
550 4623 756 4692 Philip.
786 4623 1016 4681 Prorsus
1039 4640 1166 4680 vero
1199 4625 1494 4696 platonizat
1526 4625 1788 4697 Syuesius
1826 4639 1870 4695 ι)
1900 4623 1944 4678 si
1974 4621 2120 4678 omni
2156 4620 2370 4690 penitus
2398 4617 2720 4673 liberatione
2747 4615 3046 4684 diabolum,
3077 4617 3471 4686 damnatosque

240 4713 383 4780 epist.
413 4714 504 4779 44,
544 4714 615 4768 ad
667 4713 972 4768 Joannem:
1020 4714 1294 4768 daemones
1343 4713 1542 4784 quippe
1586 4714 1662 4768 ait
1708 4728 1803 4768 ex-

241 4803 438 4873 piandis
461 4803 764 4861 sceleribus
793 4804 1074 4874 praefectos
1108 4806 1352 4861 eamdem
1380 4806 1434 4859 in
1476 4806 1684 4860 animas
1715 4820 1802 4859 ar-

243 4902 363 4962 tem,
389 4912 548 4968 quam
606 4897 836 4952 fullones
886 4897 938 4950 in
978 4896 1226 4951 sordidas
1265 4905 1442 4951 vestes
1489 4909 1752 4952 exercere
1784 4911 1799 4948 :

241 4987 558 5046 animarum,
595 5002 728 5057 ergo
793 4987 1151 5056 quarumdam
1211 5002 1318 5041 non
1382 5000 1576 5058 magno
1620 4986 1805 5041 labore

242 5079 467 5150 abstergi
508 5078 792 5144 maculas,
857 5077 1256 5148 pristinumque
1307 5077 1486 5132 induci
1529 5077 1802 5143 nitorem;

242 5169 353 5224 aliis
381 5185 508 5226 vero
534 5171 614 5225 ita
642 5168 858 5224 inolitas
900 5183 1020 5224 esse
1047 5169 1269 5235 sordes,
1321 5177 1380 5222 ut
1411 5166 1552 5221 nulla
1583 5167 1801 5234 latione,

244 5264 550 5333 purgatione
604 5261 752 5316 nulla
801 5262 1052 5316 mundari
1093 5263 1303 5331 possint
1353 5278 1370 5316 :
1419 5269 1614 5315 cratera
1671 5261 1804 5315 meri

243 5364 362 5420 sunt
383 5353 725 5410 Platonismi.
759 5345 1104 5422 Comparatio
1144 5352 1230 5406 illa
1265 5351 1556 5422 purganda:
1588 5352 1803 5416 animae,

244 5458 359 5500 cum
397 5463 575 5518 panno
605 5446 827 5502 sordido
865 5444 1084 5500 fullonis
1130 5453 1244 5500 arte
1281 5443 1610 5508 mandando,
1662 5452 1722 5498 ut
1749 5450 1805 5498 et

247 5536 359 5592 alia:
405 5555 434 5593 a
483 5538 740 5593 Patribus
782 5537 852 5592 ad
897 5536 952 5592 id
994 5536 1387 5606 explanandum
1428 5544 1804 5606 argumentum

249 5643 362 5682 cum
403 5627 524 5702 igne
565 5639 624 5688 et
661 5644 795 5685 auro
841 5627 1118 5693 institutae,
1163 5626 1418 5697 profectae
1459 5626 1710 5681 videntur
1736 5642 1802 5680 ex

1900 4714 2144 4769 homines
2169 4712 2455 4782 privasset.
2489 4709 2842 4770 Conditiones
2880 4722 3060 4768 autem
3090 4710 3196 4766 illae
3218 4719 3344 4765 sunt
3369 4713 3469 4763 hu-

1891 4804 2152 4872 jusmodi,
2176 4818 2339 4873 posse
2388 4804 2610 4872 angelos
2653 4815 2708 4860 et
2742 4806 2931 4860 beatos
2962 4803 3028 4858 ad
3074 4803 3178 4856 ima
3206 4798 3468 4873 provolvi,

1899 4897 1943 4950 si
1977 4896 2224 4952 libertate
2256 4903 2467 4950 utentes
2495 4895 2708 4949 arbitrii
2737 4910 2767 4948 a
2803 4896 3000 4949 virtute
3033 4893 3317 4956 deficiant;
3351 4905 3413 4944 ac
3438 4903 3471 4944 e

1901 4986 2175 5041 contrario
2215 4985 2284 5040 ad
2335 5001 2546 5040 summa
2585 5000 2741 5054 posse
2786 4987 3068 5040 damnatos
3118 4992 3174 5036 et
3199 4983 3469 5036 daemones

1903 5077 2210 5146 pervenire,
2242 5077 2286 5131 si
2317 5077 2493 5146 gratia
2524 5076 2689 5144 adjuti
2721 5074 2904 5128 divina
2934 5073 3286 5144 resipiscam;
3346 5083 3467 5123 cum

1902 5177 2082 5223 autem
2138 5167 2286 5221 nullo
2317 5182 2538 5236 prorsus
2579 5168 2736 5221 modo
2778 5167 3020 5219 futurum
3064 5164 3134 5218 sit
3169 5172 3225 5215 ut
3257 5161 3307 5215 hi
3338 5160 3471 5214 resi-

1905 5259 2135 5328 piscant,
2166 5257 2239 5312 illi
2267 5273 2298 5311 a
2322 5259 2520 5313 virtute
2548 5259 2824 5324 deficiant,
2877 5258 3002 5310 hinc
3036 5254 3244 5322 colligit
3269 5250 3472 5306 Halloi-

1905 5348 2027 5402 xius
2054 5347 2372 5401 arbitratum
2406 5345 2571 5400 fuisse
2607 5345 2894 5415 Origenem
2922 5360 3019 5399 nec
3045 5359 3074 5397 a
3104 5343 3360 5397 beatitate
3389 5341 3472 5394 di-

1904 5440 2156 5510 lapsuros
2187 5437 2325 5502 illos,
2357 5453 2460 5492 nec
2487 5438 2584 5492 hos
2614 5437 2786 5506 poenis
2810 5437 2873 5490 iri
2901 5435 3206 5490 liberatum.
3231 5431 3470 5500 «Quare.

1907 5535 2101 5604 inquit,
2142 5534 2357 5603 quoties
2392 5531 2524 5587 dicit
2564 5530 2825 5600 Origenes
2873 5529 3143 5584 diabolum
3181 5540 3339 5596 posse
3363 5523 3471 5580 sal-

1903 5629 2043 5692 vari,
2075 5623 2456 5695 intelligendus
2483 5632 2568 5679 est
2593 5622 2774 5678 dicere
2799 5637 2864 5677 ex
2898 5629 3048 5689 parte
3084 5630 3290 5672 naturae
3310 5657 3325 5679 ,
3367 5632 3470 5671 non

249 5716 334 5773 his
361 5719 638 5777 Malachiae
667 5735 756 5785 In,
785 5719 842 5783 9,
863 5721 935 5776 ὃς
973 5738 991 5770 ι
1024 5717 1141 5788 ipse
1167 5717 1312 5772 cnim
1341 5717 1492 5787 quasi
1521 5716 1656 5787 ignis
1679 5731 1845 5797 cono;
1906 5733 1969 5773 ex
2000 5726 2152 5786 parte
2183 5716 2437 5781 malitiae;
2464 5716 2579 5771 sive
2605 5717 2746 5784 quod
2773 5724 2962 5767 natura
2997 5714 3113 5780 ejus
3143 5727 3251 5765 non
3281 5709 3352 5764 sit
3386 5723 3470 5762 re-

253 5807 404 5879 flans,
432 5823 484 5869 et
511 5812 666 5882 quasi
698 5813 866 5868 herba
904 5811 1162 5867 fullonum
1190 5826 1203 5861 :
1235 5819 1287 5864 et
1311 5810 1519 5865 sedebit
1543 5808 1806 5874 conflaus,
1836 5811 1848 5829 ῖ

1907 5822 2153 5878 pugnans
2182 5805 2364 5860 saluti.
2398 5804 2512 5861 Hoc
2540 5809 2682 5860 enim
2728 5804 2984 5858 tenebant
3037 5799 3417 5878 Valentiniani.
3449 5817 3468 5850 ι

253 5913 303 5956 et
328 5871 624 5964 emundans
666 5917 972 5977 argentm,
1018 5914 1074 5961 et
1121 5901 1368 5974 purgabit
1403 5901 1539 5960 ﬁlios
1567 5901 1714 5967 Levi,
1757 5913 1834 5957 ct=
1909 5901 2082 5966 Quam
2120 5899 2250 5954 levis
2277 5899 2348 5953 sit
2376 5899 2491 5953 haec
2517 5899 2814 5963 excusatio,
2848 5896 2997 5958 satis.
3053 5895 3103 5948 ni
3137 5871 3314 5961 falli},
3351 5907 3493 5965 pres
