3906 6524
539 473 678 536 1045

1803 481 1864 536 Ρ.
1896 476 2211 535 DANlELlS
2246 478 2481 535 HUETII

3597 476 3693 531 l0“

540 596 727 653 batum
759 606 842 653 est
871 599 1244 668 superioribus
1269 600 1615 667 testimoniis,
1643 617 1764 671 qua:
1790 618 1895 657 non
1919 602 2105 656 ὕποθε-
2135 604 2181 663 Α
2208 601 2444 658 fortasse
2468 601 2610 673 quod
2639 610 2850 670 tempus
2878 615 2965 655 res
3011 599 3083 654 sit
3124 597 3281 670 vulgo
3305 594 3614 668 ignorabitis;
3638 600 3692 652 vel

537 686 726 751 τικῶς,
752 688 843 742 sed
865 690 1111 744 absolute
1132 699 1187 744 et
1204 690 1525 760 simpliciter
1542 691 1855 747 felicitatem
1885 693 2107 747 damna-

537 778 608 833 tis
634 788 687 833 et
717 781 1050 837 dmmonibus
1079 783 1423 853 pollicentur.
1465 782 1592 839 Plus
1615 784 1783 841 habet
1814 786 2022 847 roboris
2051 786 2104 841 in

537 870 719 940 specie
744 869 997 927 Halloixii
1025 874 1268 931 defensio
1307 875 1498 942 altera,
1530 892 1649 949 quae
1675 878 1728 933 in
1757 880 1971 949 copiosa
1995 880 2108 936 Ori-

538 962 890 1033 genianorum
930 964 1174 1021 locorum
1238 967 1493 1038 congerie
1540 969 1712 1039 posita
1766 980 1868 1035 est,
1915 971 2108 1040 quibus

537 1065 753 1111 aeterna:
794 1056 1005 1112 diabolo
1048 1067 1105 1113 et
1152 1057 1423 1115 damnatis
1464 1075 1673 1130 ptenze,
1707 1062 1895 1117 aeterni
1957 1062 2109 1132 ignes

540 1146 906 1202 ascribuntur.
948 1147 1081 1202 Nam
1122 1149 1263 1219 quod
1306 1150 1517 1207 dixerat
1560 1150 1823 1223 Origenes
1856 1154 2107 1220 αἰώνιον,

538 1238 863 1309 interpretes
907 1238 1099 1295 Latine
1124 1251 1392 1305 cateruam,
1416 1242 1788 1299 reddiderunt.
1816 1244 1949 1301 Tota
1977 1261 2110 1314 ergo

537 1330 1024 1398 argumentationis
1051 1332 1136 1387 vis
1163 1331 1215 1388 in
1244 1331 1394 1388 vocis
1438 1333 1584 1390 illius
1642 1334 1857 1390 αἰώνιον
1891 1337 2108 1409 propria

535 1417 933 1488 signiﬁcatione
964 1421 1136 1490 posita
1167 1431 1271 1476 est.

607 1507 796 1564 XXVI.
829 1510 974 1565 Αἰὼν
1009 1526 1114 1567 non
1162 1512 1395 1583 simplici
1450 1514 1673 1571 notione
1734 1515 1948 1587 gaudet,
1984 1530 2109 1570 nam

535 1600 698 1655 modo
723 1601 929 1657 ﬁnitum
964 1611 1193 1674 tempus,
1226 1604 1384 1660 modo
1415 1605 1775 1670 indeﬁnitum,
1825 1607 1985 1663 modo
2028 1608 2111 1662 in-

536 1694 747 1749 ﬁnitum
780 1705 956 1752 sonat.
989 1697 1286 1768 Hesychius
1315 1716 1328 1752 :
1358 1698 1533 1767 Αἰὼν,
1565 1700 1593 1752 ὁ
1633 1699 1747 1771 βίος
1779 1700 1889 1753 τῶν
1912 1699 2113 1774 ἀνθρώ-

535 1803 655 1840 πων
677 1805 691 1818 ·
720 1790 749 1841 ὁ
795 1789 895 1859 τῆς
938 1789 1085 1860 ζωῆς
1108 1789 1297 1861 χρόνος
1317 1807 1330 1820 ·
1363 1791 1491 1844 ποτὲ
1547 1791 1603 1844 δὲ
1646 1793 1737 1845 καὶ
1770 1792 1860 1846 ἐπὶ
1899 1791 2110 1865 μακροῦ

537 1882 730 1952 χρόνου
768 1886 987 1941 νοεῖται.
1024 1885 1212 1942 Plures
1256 1888 1422 1941 etiam
1477 1884 1714 1941 Joannes
1755 1886 2112 1943 Damascenus

675 1990 712 2028 η
766 1974 843 2030 De
872 1976 977 2043 [ide
1029 1980 1263 2042 orthod.,
1294 1992 1417 2046 cap.
1455 1978 1507 2044 1,
1561 1977 1712 2033 vocis
1748 1976 1879 2032 αἰών
1909 1933 2106 2049 signiﬁ-
2140 1933 2185 1992 Β

536 2065 787 2122 cationes
835 2070 1105 2138 proponit,
1178 2084 1298 2140 quae
1352 2069 1547 2139 partim
1601 2070 1667 2125 ad
1734 2072 2103 2136 terminatum,

536 2157 735 2226 partim
785 2160 851 2213 ad
908 2160 1308 2216 interminatum
1358 2161 1619 2232 temporis
1669 2161 1900 2226 spatium
1942 2163 2107 2231 perti-

536 2260 695 2307 nent.
751 2252 1072 2308 Aristoteles
1127 2270 1145 2309 ι
1194 2253 1271 2309 De
1305 2254 1431 2309 ctelo
1486 2254 1684 2310 iactam
1730 2263 1882 2323 putat
1917 2268 2105 2307 vocem

535 2339 671 2395 αἰών
696 2341 764 2395 ab
790 2341 881 2395 del
935 2342 1039 2408 ὧν,
1098 2359 1204 2413 quo
1231 2345 1558 2399 aztet'nitatis
1599 2345 1808 2399 notatio
1858 2343 2105 2398 contine-

535 2442 646 2489 tur.
702 2433 852 2490 Hanc
901 2436 1317 2507 originationem
1373 2436 1567 2492 deinde
1622 2445 1950 2506 usurparunt
1982 2434 2107 2490 Plo-

538 2524 708 2590 tinus,
741 2526 987 2592 Proclus,
1020 2528 1364 2600 Etymologus
1387 2569 1403 2595 ,
1440 2538 1495 2583 et
1528 2528 1640 2583 alii.
1692 2528 1763 2581 At
1818 2542 1884 2583 eo
1929 2538 2107 2582 tamen

538 2614 802 2669 vocabulo
861 2626 1147 2687 utrumque
1212 2628 1425 2687 tempus
1470 2618 1697 2686 exprimi
1757 2618 1957 2672 fatetur
2009 2617 2110 2671 ibi-

540 2705 652 2760 ἀεῖ
705 2706 1046 2764 Aristoteles.
1076 2709 1161 2764 Ab
1207 2709 1339 2764 αἰὼν
1371 2710 1574 2781 prodiit
1620 2708 1871 2763 Latinum
1909 2714 2107 2775 (avum,

536 2798 741 2854 inserto
783 2800 1055 2870 digamma
1102 2800 1350 2867 onlico;
1394 2811 1451 2856 ut
1495 2802 1563 2855 ab
1597 2802 1701 2865 ὄϊς,
1745 2802 1877 2855 ovis.
1912 2800 2110 2855 Αῖυιιηι

536 2889 722 2956 igitur,
790 2898 850 2944 ut
909 2890 1064 2957 αἰὼν,
1123 2891 1472 2962 multiplicem
1527 2893 1692 2947 habet
1742 2892 1891 2958 vim,
1952 2892 2111 2945 modo

538 2991 754 3053 tempus
787 2983 892 3039 ﬁne
922 2998 1145 3051 carens,
1193 2985 1350 3038 modo
1405 2983 1758 3040 terminatum
1799 2983 2108 3049 designans.

534 3073 744 3130 Prioris
785 3083 948 3132 testes
1005 3076 1230 3132 Servius
1276 3075 1335 3131 in
1387 3093 1441 3131 vr
1498 3078 1743 3143 Eneid.,
1783 3093 1928 3134 vers.
1970 3080 2109 3145 764;

536 3163 889 3234 Censorinus,
944 3181 1063 3237 cap.
1096 3166 1188 3234 16,
1234 3178 1288 3221 et
1321 3167 1559 3223 lsidurus
1601 3167 1878 3237 Originum
1922 3169 2017 3224 lib.
2047 3176 2110 3238 ἐν,

535 3274 655 3326 cap.
701 3258 821 3315 58:
865 3276 886 3314 s
927 3258 1161 3326 Evam,
1214 3260 1424 3330 inquit,
1493 3270 1578 3317 est
1643 3272 1774 3316 aetas
1830 3269 2106 3331 perpetua,
2138 3286 2180 3345 (ς

537 3352 693 3419 cujus
725 3366 902 3421 neque
958 3353 1197 3420 initium,
1250 3366 1427 3424 neque
1473 3353 1793 3410 extremitas
1846 3354 2106 3416 nascitur,

536 3444 681 3513 quod
711 3443 885 3500 (ἔτωοί
913 3444 1087 3499 αἰῶνα
1110 3454 1326 3512 vocant,
1355 3445 1498 3514 quod
1530 3444 1823 3509 aliquando
1852 3447 1991 3514 apud
2020 3462 2114 3501 eos

538 3548 640 3602 pro
665 3534 883 3599 saeculo,
913 3535 1203 3604 aliquando
1236 3550 1334 3605 pro
1358 3545 1570 3590 aeterno
1598 3536 1840 3604 ponitur.
1884 3533 2038 3589 Unde
2060 3545 2115 3589 et

538 3629 681 3698 apud
710 3626 934 3683 Latinos
961 3637 1045 3682 est
1076 3627 1397 3682 derivatum.
1420 3644 1438 3678 ι
1481 3625 1806 3681 Posterioris
1839 3626 2115 3697 signiﬁca-

540 3718 706 3774 tionis
739 3719 894 3773 testis
935 3718 1189 3773 Horatius
1232 3717 1468 3772 Carmin.
1508 3718 1602 3773 lib.
1643 3733 1703 3781 tt,
1749 3718 1839 3772 od.
1877 3719 1933 3783 9,
1968 3734 2110 3774 vers.

539 3810 628 3874 15,
661 3810 751 3866 ubi
783 3821 863 3864 ter
888 3826 995 3865 aevo
1051 3808 1294 3864 functum
1344 3806 1625 3863 Nestorem
1668 3809 1829 3872 dicit,
1867 3809 1957 3879 qui
2006 3819 2115 3864 tres

540 3902 737 3972 γενεὰς
776 3912 1126 3967 excesserat,
1181 3903 1285 3957 hoc
1316 3910 1400 3957 est
1424 3900 1491 3956 90
1515 3915 1708 3956 annos.
1750 3899 1893 3955 Idem
1940 3916 2114 3956 aevum

536 4011 636 4066 pro
655 4005 899 4065 tempore
925 4004 1153 4065 usurpat
1175 3994 1334 4063 epist.
1368 3994 1424 4059 1,
1453 3993 1546 4048 lib.
1578 4008 1642 4057 tt,
1665 4006 1808 4049 vers.
1840 3991 1964 4057 159,
1993 4008 2114 4047 cum

537 4086 613 4140 ait
635 4086 862 4154 vestigia
887 4086 1028 4140 ruris
1070 4086 1122 4139 in
1164 4084 1379 4154 longum
1427 4098 1597 4137 aevum
1641 4083 1926 4138 mansisse.
1963 4082 2117 4151 Saepe

536 4192 637 4247 pro
664 4186 826 4232 aetate
873 4177 1186 4239 adhibetur,
1245 4179 1389 4231 unde
1442 4173 1729 4245 longazvus,
1780 4174 2113 4245 grandaevus,

539 4286 766 4323 cerasus.
797 4268 882 4323 Ab
909 4285 1039 4335 azvo,
1064 4269 1269 4333 (avitas,
1294 4275 1351 4322 et
1381 4280 1478 4336 per
1505 4266 1928 4322 contractionem
1956 4276 2114 4320 tetas:

539 4361 695 4429 csjus
734 4362 876 4415 idem
909 4368 991 4415 est
1032 4359 1337 4415 intellectus
1370 4372 1433 4413 ac
1469 4359 1588 4422 sevi,
1627 4373 1751 4412 nam
1790 4357 1949 4412 modo
1982 4366 2120 4411 tem-

538 4467 641 4522 pus
701 4460 986 4515 acternum,
1047 4451 1207 4505 modo
1274 4451 1751 4521 circumscriptum
1786 4450 1983 4521 signat.
2033 4449 2117 4503 Ab

539 4560 649 4599 mo
690 4544 875 4597 itidem
929 4544 1241 4607 wviternus,
1283 4551 1338 4597 et
1393 4558 1493 4612 per
1544 4556 1818 4613 syncopen
1859 4553 2117 4609 azternus;

2211 691 2355 759 quod
2382 691 2537 745 nobis
2559 704 2755 761 parum
2776 689 2978 759 liquido
3001 699 3125 744 nota
3157 689 3262 743 siut
3283 686 3692 758 praeteritaJutsn

2210 794 2343 835 vero
2395 780 2611 849 penitus
2669 780 2885 851 ignota;
2949 779 3031 835 vel
3067 779 3209 850 quod
3258 787 3459 847 tempus
3504 778 3695 833 tacitast

2211 873 2421 928 occulte
2446 874 2723 942 subrepat.
2772 872 2991 928 Diceres
3021 872 3258 928 ad-banc
3295 870 3535 940 originem
3568 884 3696 935 respe-

2212 964 2359 1021 xisse
2421 965 2701 1022 Horatium
2742 981 2865 1022 cum
2904 966 3121 1035 scripsit
3172 965 3265 1021 lib.
3301 981 3344 1032 ι,
3382 964 3464 1020 od.
3488 962 3564 1029 l2,
3596 978 3695 1018 vers.

2213 1053 2339 1108 45:

2496 1144 2696 1200 Crescit
2730 1145 2954 1205 occulto.
2982 1143 3117 1200 velut
3146 1144 3323 1212 arbor,
3364 1158 3485 1207 a'vo,

2497 1215 2670 1270 Fama
2701 1215 2977 1281 Marcelli;

2213 1338 2266 1384 et
2296 1326 2562 1396 Ovidium,
2593 1327 2811 1384 Metam.
2839 1344 2896 1395 x,
2933 1341 3079 1383 vers.
3113 1327 3255 1382 519:

2491 1414 2715 1469 Labitur
2744 1416 2967 1480 occulte,
3014 1415 3256 1485 fallitque
3274 1413 3494 1468 volatilis
3519 1419 3636 1467 atas.

2215 1505 2371 1562 Valet
2408 1507 2472 1561 ad
2507 1507 2841 1577 superiorum
2864 1505 3353 1565 conﬁrmationem,
3381 1500 3511 1571 quod
3538 1499 3699 1554 habetur

2217 1598 2513 1654 Deuteron.
2543 1612 2633 1662 xv,
2663 1597 2752 1665 17,
2792 1598 2859 1653 de
2881 1596 3101 1651 homine
3130 1595 3219 1665 qui
3260 1610 3319 1649 se
3338 1594 3391 1649 in
3425 1591 3697 1648 voluntariam

2217 1699 2269 1744 et
2290 1700 2547 1745 aeternam
2572 1689 2892 1744 servitutem
2924 1687 3197 1756 mancipat
3229 1703 3245 1741 :
3279 1702 3298 1737 t
3330 1685 3565 1738 Assumes
3588 1680 3699 1736 subn-

2216 1783 2345 1848 lam,
2401 1792 2456 1838 et
2505 1780 2806 1853 perforabis
2866 1793 3053 1833 aurem
3101 1776 3218 1847 ejus
3269 1778 3322 1829 in
3378 1774 3527 1844 ianua
3569 1772 3698 1825 domus

2214 1884 2339 1939 tute,
2399 1883 2450 1929 et
2511 1872 2710 1927 serviet
2757 1871 2851 1927 tibi
2909 1884 3083 1940 usque
3120 1870 3174 1924 in
3227 1878 3543 1923 aeternum.»
3588 1860 3698 1914 Hebr.

2215 1949 2353 2030 D'Tﬁl
2384 1975 2481 2029 13V
2509 1948 2601 2051 ﬁn
2627 1972 2731 2023 tm.
2760 1962 2925 2028 LXX,
2950 1963 3043 2016 καὶ
3071 1961 3221 2014 ἔσται
3242 1977 3323 2013 σοι
3350 1951 3699 2051 οἰκέτης-εἱςξῇ

2214 2056 2406 2109 αἰῶνα.
2459 2042 2561 2109 ciu
2600 2053 2778 2108 simile
2816 2052 2945 2107 illud
3006 2051 3215 2108 Horatii
3276 2050 3371 2107 lib.
3417 2064 3454 2112 ι,
3488 2047 3617 2115 epist.
3643 2042 3699 2095 ll)»

2205 2162 2349 2202 vers.
2394 2146 2458 2200 «11
2504 2162 2519 2199 :

2381 2236 2582 2293 Serviel
2609 2245 2861 2292 aeternum
2882 2275 2897 2299 ,
2936 2234 3061 2305 quia
3104 2249 3270 2303 parvo
3300 2230 3476 2285 nesciit
3498 2226 3580 2281 uti.

2206 2326 2355 2385 Utile
2381 2328 2548 2384 etiam
2577 2329 2679 2383 hoc
2706 2326 3019 2397 Hieronymi
3050 2327 3104 2379 in
3149 2321 3432 2377 Ezechielis
3458 2337 3561 2389 cap.
3595 2328 3699 2369 nrt.

2216 2434 2357 2475 vers.
2385 2418 2485 2472 ult.
2515 2436 2529 2473 :
2564 2435 2584 2469 ι
2610 2415 2678 2471 Et
2707 2417 2849 2470 ultra
2880 2432 2984 2469 non
3014 2416 3118 2469 eris
3163 2414 3217 2467 in
3238 2414 3578 2479 sempiternum
3597 2405 3701 2459 :sitc

2207 2521 2268 2566 ut
2299 2512 2354 2567 in
2396 2511 2657 2568 Hebraico
2692 2494 2867 2577 dmi,
2906 2520 2962 2564 et
3014 2509 3068 2564 in
3110 2507 3302 2565 Graeco
3335 2502 3460 2559 αἰὼν
3496 2499 3700 2558 scribitur,

2209 2621 2373 2661 unum
2441 2605 2696 2659 smculum
2755 2603 3046 2675 signiﬁcat,
3098 2602 3255 2672 juxta
3304 2599 3435 2655 illud
3467 2595 3607 2657 lsaiat,
3642 2590 3701 2661 qui

2212 2710 2335 2770 post
2371 2698 2702 2768 septuaginta
2731 2711 2902 2750 annos
2931 2693 3061 2749 dicit
3083 2693 3285 2765 Tyrum
3316 2687 3646 2746 restituendam
3664 2683 3699 2736 in

2209 2791 2476 2862 integrum
2494 2798 2713 2844 statum.
2738 2788 2902 2841 Aiunt
2920 2797 3096 2841 autem
3118 2799 3283 2839 unum
3305 2781 3557 2845 saeculum,
3580 2776 3618 2830 id
3634 2781 3701 2833 est.

2210 2885 2461 2937 humana:
2517 2890 2725 2950 tempus
2769 2879 2945 2934 astatis
2990 2875 3332 2949 septuaginta
3377 2882 3604 2926 annorum
3638 2877 3703 2918 nu-

2214 2985 2363 3025 mero
2406 2969 2711 3038 supputari,
2743 2967 3029 3023 Psalmista
3074 2967 3299 3022 dicente
3331 2981 3346 3018 :
3381 2961 3492 3016 Dies
3516 2966 3702 3011 annona

2213 3071 2513 3115 nostrorum
2541 3060 2599 3113 in
2626 3060 2752 3129 ipsis
2779 3058 3109 3127 septuaginta
3141 3057 3271 3110 amri
3300 3056 3346 3087 ⁸⁷
3371 3071 3387 3112 ;
3416 3070 3436 3105 ι
3458 3042 3703 3129 etismdil

2212 3150 2393 3209 Galat.
2424 3167 2441 3207 ι
2481 3170 2494 3207 :
2527 3169 2546 3203 ι
2575 3125 2888 3206 lnilebraio
2939 3125 3186 3205 saeculum
3207 3187 3224 3213 ,
3281 3147 3336 3202 id
3374 3154 3452 3200 cst
3483 3125 3610 3203 αὕτη,
3645 3131 3704 3187 ubi

2212 3250 2235 3303 Ἰ
2270 3242 2502 3297 litteram
2526 3241 2760 3312 positam
2790 3241 3069 3304 habuerit,
3110 3239 3452 3294 calamitatem
3488 3228 3702 3302 signiﬁcat:

2215 3336 2302 3390 ubi
2355 3349 2483 3390 vero
2527 3334 2996 3399 sinetscribitur,
3040 3348 3235 3386 annum
3281 3323 3703 3399 quinquagesimum,

2213 3442 2371 3498 quem
2402 3426 2478 3482 illi
2507 3423 2793 3481 Jubilaeum
2818 3431 3033 3479 vocant.
3057 3442 3076 3476 ι
3118 3422 3268 3476 Αἰὼν
3312 3435 3436 3477 vero
3465 3433 3554 3473 non
3578 3411 3702 3469 inlini-

2214 3531 2326 3575 tum
2354 3528 2566 3590 tempus
2587 3561 2603 3587 ,
2640 3519 2733 3575 sed
2772 3518 3107 3572 indeﬁnitum
3142 3515 3414 3586 signiﬁcat
3442 3514 3489 3567 in
3515 3509 3608 3565 istis
3634 3503 3704 3558 Lu-

2214 3626 2293 3668 ca:
2320 3628 2359 3679 ι,
2390 3612 2461 3667 53
2491 3629 2507 3666 :
2548 3629 2568 3663 ι
2590 3611 2658 3667 Et
2710 3609 2960 3679 regnabit
3014 3610 3068 3665 in
3122 3609 3283 3664 domo
3315 3594 3481 3662 'Jacob
3521 3602 3566 3657 in
3596 3608 3706 3653 ater-

2216 3719 2361 3767 num,
2392 3722 2411 3756 ι
2436 3704 2515 3767 εἰς
2535 3704 2661 3766 τοὺς
2684 3702 2885 3767 αἰῶνας
2906 3718 2921 3733 ο
2961 3715 3085 3757 nam
3112 3699 3157 3755 si
3184 3699 3237 3756 id
3273 3699 3497 3771 Spatium
3524 3687 3705 3760 temporis

2216 3795 2624 3849 interminatum
2647 3795 2995 3863 exprimeret,
3024 3808 3284 3863 quorsum
3313 3791 3599 3845 adderetur:
3629 3778 3706 3833 «Et

2218 3886 2367 3956 regni
2400 3886 2515 3956 ejus
2552 3901 2656 3940 non
2682 3887 2786 3940 erit
2816 3885 2961 3942 ﬁnis.
2988 3904 3006 3938 ι
3044 3885 3098 3940 ld
3134 3884 3235 3940 sibi
3274 3883 3388 3937 vult
3429 3894 3543 3950 ergo
3567 3875 3704 3933 laws.

2218 3980 2331 4034 sive
2359 3978 2542 4049 potius
2565 3978 2781 4033 Gabriel
2809 3995 2823 4033 :
2853 3976 3129 4035 Obtinebit
3158 3976 3249 4031 ille
3282 3977 3487 4046 quidem
3521 3972 3563 4025 in
3597 3970 3705 4023 dom

2219 4068 2385 4125 Jacob
2423 4084 2645 4139 regnum
2677 4068 2990 4123 diuturnum
3018 4110 3033 4135 ,
3065 4083 3131 4123 ac
3156 4067 3306 4123 nullo
3340 4068 3443 4121 ﬁne
3465 4063 3703 4120 cariturum.

2220 4160 2374 4231 Saepe
2421 4161 2585 4232 igitur
2627 4161 2719 4215 τὸν
2769 4159 2942 4215 αἰῶνα
2979 4159 3189 4227 τοῦτον,
3238 4175 3343 4229 pro
3373 4154 3589 4229 prarsenti
3617 4161 3705 4202 tem-

2218 4256 2447 4322 pore,fet
2475 4252 2566 4306 τὸν
2595 4252 2766 4307 αἰῶνα
2797 4253 3108 4324 ἐρχόμενον,
3139 4266 3202 4306 ac
3224 4252 3356 4315 τοὺς
3385 4248 3562 4308 αἰῶνας
3591 4245 3705 4308 susp.

2218 4345 2505 4415 χομένους,
2531 4359 2629 4414 pro
2659 4347 2860 4411 futuro,
2885 4348 2938 4400 in
2970 4345 3119 4399 Novo
3143 4343 3496 4399 Instrumenta
3518 4334 3703 4406 reperias-

2219 4434 2346 4490 lnde
2376 4435 2637 4507 Origenes
2677 4438 2863 4493 homil.
2893 4437 2926 4492 6
2955 4438 3009 4491 in
3040 4435 3243 4501 Exod.,
3278 4451 3425 4492 num.
3458 4433 3549 4487 l5:
3582 4424 3705 4490 «θυο-

2222 4529 2327 4585 ties
2354 4531 2409 4584 in
2439 4530 2687 4584 sazculum
2712 4531 2930 4593 dicitur,
2964 4529 3239 4598 longitudo
3277 4528 3484 4598 quidem
3504 4514 3703 4586 temporis.

539 4650 646 4705 qua
677 4648 808 4688 voce
847 4644 1058 4703 tempus
1088 4606 1253 4689 etiam
1289 4606 1497 4687 ﬁnitum
1537 4606 1828 4703 aliquando
1849 4606 2107 4704 exprimi;
2140 4623 2185 4678 D
2214 4625 2306 4680 sed
2322 4639 2440 4680 esse
2457 4624 2578 4679 ﬁnis
2600 4624 2795 4693 aliquis
2818 4623 3085 4678 indicatur
3116 4639 3131 4676 :
3159 4630 3213 4677 et
3236 4621 3356 4675 siin
3378 4617 3513 4673 aliud
3526 4606 3704 4668 iaculum

543 4738 651 4780 tur.
687 4724 933 4779 Notabile
962 4723 1094 4778 illud
1117 4722 1397 4778 Ciceronis
1420 4722 1513 4780 lib.
1540 4738 1601 4778 tu
1631 4722 1707 4778 De
1728 4734 1863 4779 orat.
1903 4739 1923 4778 :

541 4819 652 4873 tum
692 4826 779 4872 est
824 4817 966 4872 enim
1015 4831 1185 4886 genus
1223 4828 1430 4881 rerum,
1474 4815 1622 4885 quod
1663 4825 1758 4870 aut
1804 4815 2046 4871 avulsum
2091 4832 2123 4871 a

542 4909 753 4966 caeteris
796 4925 893 4979 per
920 4922 978 4963 se
1012 4908 1182 4977 ipsum
1220 4915 1469 4963 constare
1494 4947 1509 4973 ,
1559 4915 1652 4960 aut
1684 4922 1791 4977 quo
1840 4920 2035 4962 caetera
2075 4908 2120 4962 si

541 5010 789 5069 careant,
837 5001 946 5055 vim
1003 5017 1155 5057 suam
1201 5011 1363 5071 atque
1402 4999 1760 5054 aeternitatem
1797 5013 2121 5053 conservare

541 5098 774 5165 possint.
805 5114 826 5147 ι
855 5094 1054 5149 Errant
1080 5094 1257 5159 multi,
1297 5096 1424 5148 item
1465 5093 1629 5159 docti,
1669 5101 1721 5147 et
1750 5090 2116 5161 etymologica:

543 5185 678 5240 artis
708 5186 1003 5256 principes,
1036 5186 1125 5253 qui
1160 5186 1227 5240 ab
1253 5197 1479 5239 latemus
1513 5183 1711 5237 factum
1745 5191 1934 5252 putant
1976 5198 2114 5235 sem-

546 5278 812 5345 piternus.
847 5275 1129 5346 Repugnat
1158 5276 1407 5331 modulus
1437 5274 1661 5347 syllabae
1699 5273 1967 5340 secundae,
1997 5288 2116 5343 quae

542 5369 858 5437 corripitur.
901 5367 1260 5435 Sempiternus
1312 5369 1371 5422 lit
1408 5383 1436 5420 a
1479 5381 1713 5432 semper;
1769 5374 1827 5421 ut
1872 5366 1940 5421 ab
1978 5364 2113 5429 heri,

544 5459 837 5524 hesternas,
870 5474 898 5511 a
930 5460 1043 5525 diu,
1079 5459 1335 5524 diurnas,
1368 5466 1586 5512 auctore
1619 5457 1918 5511 Prisciano.
1962 5454 2115 5521 Quod

544 5549 681 5605 αἰὼν
707 5553 847 5622 apud
872 5550 1107 5617 Graecos,
1141 5566 1307 5604 wvum
1348 5550 1488 5615 apud
1521 5548 1769 5612 Latinos,
1797 5548 1939 5603 idem
1974 5548 2118 5617 apud

548 5640 803 5697 Hebraeos
865 5642 1135 5712 signiﬁcat
1175 5627 1349 5708 dm,
1389 5654 1610 5714 tempus,
1658 5641 1931 5706 sarculum,
1962 5649 2117 5694 aeter-

548 5733 725 5791 nitas:
755 5751 786 5789 a
819 5737 1003 5791 radice
1040 5719 1177 5802 ὢν,
1211 5737 1352 5805 quod
1383 5746 1485 5800 est,
1540 5741 1879 5801 abscondere,
1910 5734 2075 5788 latere
2099 5746 2119 5785 :

1958 4742 1975 4775 ι
1995 4722 2126 4779 Νυι-
2225 4717 2464 4784 dicatur,
2494 4716 2688 4785 aliquis
2715 4716 2833 4770 sine
2859 4715 3022 4769 dubio
3055 4714 3265 4782 longior
3302 4712 3541 4783 quidem,
3581 4712 3703 4757 tamen

2220 4808 2437 4876 ponitur
2486 4807 2652 4862 ﬁnis:
2689 4816 2743 4861 et
2770 4807 2977 4875 quoties
3018 4805 3212 4860 swcula
3250 4803 3550 4859 surculorum
3587 4786 3706 4848 nomi-

2222 4909 2440 4965 nantur,
2478 4898 2704 4954 fortasse
2737 4899 2860 4952 licet
2892 4898 3105 4967 ignotus
3136 4897 3290 4952 nobis
3312 4936 3328 4961 ,
3380 4904 3539 4949 tamen
3577 4902 3600 4940 ι
3635 4883 3704 4937 lleo

2222 4998 2457 5045 statutus
2510 4988 2705 5058 aliquis
2758 4990 3019 5043 terminus
3068 4988 3428 5052 indicatur“
3489 4988 3535 5035 et
3575 4976 3642 5030 lib.
3679 4981 3703 5021 II

2220 5081 2359 5151 Περὶ
2393 5080 2611 5151 ἀρχῶν.
2667 5096 2788 5150 Cap.
2829 5081 2883 5145 5.
2938 5095 3082 5134 num.
3116 5080 3150 5135 5
3180 5094 3196 5133 :
3224 5097 3244 5131 ι
3272 5078 3448 5133 Movet
3492 5079 3633 5127 autem
3669 5061 3703 5113 in

2222 5178 2327 5232 hoc
2371 5176 2664 5247 Scriptum
2726 5186 2931 5230 sanctae
2983 5174 3307 5239 auctoritas,
3356 5185 3469 5242 qua:
3507 5151 3704 5247 dicit:ll

2221 5245 2553 5326 swculumet
2603 5268 2778 5322 adhuc
2821 5267 2889 5321 ⁸⁸.
2939 5267 3007 5319 Et
3056 5266 3228 5320 adhuc
3270 5263 3411 5319 enim
3455 5245 3701 5345 quod

2222 5362 2343 5433 plus
2364 5359 2564 5430 aliquid
2587 5358 2714 5414 sine
2746 5358 2908 5413 dubio
2935 5372 3091 5426 quam
3117 5356 3369 5411 sarculum
3400 5351 3500 5406 vult
3527 5338 3700 5433 intelligi.

2224 5430 2291 5505 l‘lt
2322 5451 2440 5505 vide
2468 5464 2536 5504 ne
2564 5448 2693 5505 illud
2737 5447 2880 5517 quod
2919 5448 3050 5502 dicit
3077 5446 3322 5501 Salvator
3353 5441 3470 5512 quia
3513 5434 3632 5490 volo.
3666 5430 3702 5473 ³³

2223 5528 2327 5596 ubi
2347 5558 2439 5613 ego
2469 5557 2606 5606 sum,
2649 5549 2700 5594 et
2734 5541 2821 5593 isti
2845 5540 2949 5593 sint
2984 5554 3183 5593 mecum
3202 5554 3222 5603 ;
3268 5545 3315 5590 et
3347 5535 3473 5589 sicut
3500 5542 3577 5597 ego
3608 5529 3643 5574 tl
3666 5526 3702 5565 ιι

2225 5653 2388 5690 unum
2414 5650 2616 5698 sumus,
2649 5641 2697 5688 el
2733 5634 2817 5687 isti
2837 5634 2941 5687 sint
2977 5633 3034 5686 in
3082 5631 3231 5684 nobis
3278 5642 3433 5683 unum
3474 5624 3533 5686 ⁸⁸»
3575 5621 3704 5668 05m”

2225 5729 2355 5783 dere
2394 5728 2642 5781 videatur
2677 5724 2800 5795 plus
2839 5722 3038 5797 aliquid
3086 5738 3248 5795 quam
3290 5728 3373 5778 est
3418 5709 3629 5773 εωωιυω
3664 5700 3704 5753 ⁸⁸

512 5895 523 5941 ἶ
621 5911 665 5943 ⁸⁷
694 5844 839 5971 :sal.
876 5928 1099 5982 Luxu,
1136 5912 1219 5967 10.
1379 5908 1671 5987 Exnd.xv,
1712 5908 1800 5965 18.
1858 5910 1922 5987 7”
1957 5906 2111 5966 Joan.

2216 5920 2285 5973 ‘tl,
2323 5904 2511 5960 εἰμες.
