3914 6534
219 478 342 536 1045

1021 478 1591 537 ORIGENIANORUM
1631 475 1760 534 ΜΒ.
1800 476 1867 543 ll,
1902 478 2053 534 CAP.
2095 478 2158 546 ll,
2193 475 2469 548 ουιλεδτ.
2508 480 2598 536 XI.

3286 483 3422 539 1046

212 595 429 663 mula;
466 595 612 653 forte
646 597 807 652 etiam
843 597 960 669 plus
988 613 1147 667 quam
1187 608 1268 655 est
1300 599 1493 655 saecula
1537 600 1755 656 saeculo-
1787 603 1841 660 Α
1865 599 2077 666 abeam,
2115 600 2345 655 dicimus
2394 609 2653 655 aeternum
2697 599 2888 665 Deum,
2934 615 3038 657 non
3079 600 3263 669 utique
3291 603 3423 657 istas

212 702 357 751 rum;
403 687 457 741 id
500 686 780 754 videlicet,
825 704 945 742 cum
987 689 1094 759 jam
1148 705 1254 745 non
1304 691 1357 745 in
1407 691 1601 746 saeculo
1640 702 1766 746 sunt

211 777 396 840 omnia,
435 777 533 830 sed
566 777 622 831 in
655 778 900 833 omnibus
934 779 1092 836 Deus.
1126 798 1146 832 ι
1177 779 1342 850 igitur
1371 796 1545 852 neque
1570 782 1625 835 in
1662 798 1765 837 sa:—

211 864 397 929 culum,
432 880 616 935 neque
643 866 698 919 in
721 867 915 921 uacula
937 868 1247 922 surculorum
1275 870 1505 939 spatium
1529 870 1766 928 intermi-

212 961 380 1009 natum
434 953 748 1024 signiﬁcare
781 955 947 1011 voluit
969 955 1264 1028 1,0rigenes.
1318 959 1581 1026 Quorsum
1634 975 1764 1030 ergo

213 1045 278 1098 ait
301 1045 566 1101 Cmsarius
605 1047 834 1102 DioLm
878 1049 1217 1106 existimasse
1250 1051 1397 1107 illum
1441 1052 1648 1108 ﬁnitum
1697 1053 1764 1108 iri

212 1135 451 1203 supplicia
490 1136 865 1192 damnatorum
889 1178 905 1203 ,
941 1140 1006 1192 ὲκ
1039 1140 1134 1193 τοῦ
1164 1140 1378 1196 αἰώνιον
1413 1143 1570 1213 μόνον
1594 1145 1762 1215 φῆσαι

212 1230 291 1282 τὸν
337 1227 540 1299 Κύριον
592 1229 653 1282 τὸ
685 1230 1036 1301 κολαστήριον
1081 1232 1212 1306 πῦρ,
1267 1233 1361 1287 καὶ
1404 1234 1504 1287 οὐκ
1547 1234 1762 1291 αἰώνιον

212 1318 423 1373 αἰώνων·
460 1321 658 1387 «Quod
707 1332 968 1375 aeternum
1019 1331 1224 1378 tantum
1262 1324 1457 1380 dixerit
1505 1327 1762 1384 Dominus

212 1411 519 1479 piacularem
551 1412 752 1483 ignem,
783 1428 887 1466 non
923 1422 1185 1470 aeternum
1223 1415 1275 1470 in
1300 1418 1576 1471 secula?»
1616 1419 1762 1474 Asti-

212 1501 405 1571 pulatur
433 1504 800 1571 superioribus
830 1503 1085 1558 Leontius
1109 1504 1424 1575 Byzantius,
1451 1508 1539 1576 qui
1572 1508 1761 1579 Orige-

211 1595 359 1649 nistas
384 1594 567 1649 dicere
588 1596 682 1657 ait,
716 1596 800 1648 ὅτι
825 1597 886 1649 τὸ
913 1595 1007 1649 τοῦ
1034 1595 1245 1662 αἰῶνος
1270 1597 1440 1670 ὄνομα
1486 1600 1579 1654 ἐπὶ
1632 1601 1762 1673 ὠρι-

212 1684 390 1755 σμένου
421 1686 615 1756 χρόνου
656 1686 1010 1756 λαμϐάνεται,
1057 1689 1151 1742 καὶ
1188 1691 1316 1743 ὅταν
1344 1692 1472 1764 εῐπῃ
1504 1693 1538 1763 ἡ
1573 1693 1761 1766 Γραφὴ

209 1778 279 1828 ert
311 1776 498 1828 αἱωνία
526 1776 672 1829 ἐστὶν
698 1779 732 1847 ἡ
769 1776 1008 1842 κόλασις,
1037 1777 1111 1847 ob;
1143 1777 1290 1848 λέγει
1319 1780 1368 1831 εἰ
1401 1780 1474 1850 μὴ
1499 1782 1595 1834 sui:
1633 1783 1762 1854 ὡρι-

213 1868 617 1940 σμένουιχρόνου.
647 1887 667 1920 «
690 1868 894 1924 Nomen
917 1869 1111 1934 αἰῶνος
1129 1871 1193 1926 de
1212 1880 1452 1942 tempore
1477 1876 1761 1930 terminato

212 1937 451 2029 intelligi,
480 1972 538 2015 et
583 1976 705 2015 cum
751 1962 830 2015 ait
878 1960 1164 2030 Scriptura
1196 1937 1422 2017 αἰωνίαν
1448 1977 1567 2019 esse
1598 1966 1757 2034 puni-
1790 1937 1836 1994 Β

214 2054 413 2116 tionem,
458 2052 671 2107 nonnisi
720 2052 929 2108 ﬁnitum
965 2064 1175 2122 tempus
1213 2054 1579 2124 signiﬁcare.»
1622 2057 1757 2112 Tum

212 2143 410 2207 fatetur,
442 2145 524 2197 ὅτι
557 2144 636 2215 τῷ
672 2145 786 2199 δντι
813 2146 875 2198 τὸ
916 2145 1009 2199 τοῦ
1051 2144 1264 2209 αἰῶνος
1289 2145 1459 2216 ὄνομα
1486 2146 1580 2201 καὶ
1611 2148 1760 2219 παρὰ

212 2236 307 2295 τοῖς
329 2233 446 2297 ἔξω,
482 2236 577 2288 καὶ
609 2235 759 2305 παρὰ
789 2238 855 2306 τῇ
888 2236 1075 2307 Γραφῇ
1112 2235 1369 2298 πολλάκις
1403 2236 1496 2290 ἐπὶ
1519 2236 1759 2307 ὡρισμέυ

212 2339 291 2377 νου
320 2324 508 2395 χρόνου
540 2325 893 2395 λαμϐάνεται·
933 2344 952 2377 ι
981 2326 1191 2381 Revera
1215 2340 1407 2381 nomen
1466 2327 1676 2391 αἰῶνος,
1704 2335 1761 2384 et

212 2416 333 2483 apud
354 2416 607 2485 profanos
637 2425 913 2482 auctores,
953 2424 1009 2471 et
1050 2418 1104 2472 in
1153 2416 1435 2487 Scriptura
1473 2432 1614 2487 saepe
1661 2434 1759 2488 pro

213 2506 346 2561 ﬁnito
380 2516 619 2577 tempore
657 2510 817 2564 sumi.
842 2527 862 2561 ι
910 2508 1220 2577 Subjectam
1278 2523 1407 2563 vero
1449 2507 1758 2580 Origenia-ni

214 2597 352 2665 hujus
388 2598 661 2667 dogmatis
701 2599 1125 2655 confutationem
1174 2600 1243 2656 ab
1272 2600 1393 2656 aliis
1412 2600 1523 2671 jam
1555 2601 1758 2656 contri-

216 2697 307 2741 tam
329 2690 629 2758 usurpavit.

270 2779 522 2835 Primitivi
581 2783 665 2837 sui
724 2784 1057 2841 notationem
1111 2800 1460 2857 repraesentat
1518 2790 1754 2855 αἰώνιος,

213 2885 308 2926 rem
338 2872 579 2929 indicans
606 2876 930 2946 quandoque
958 2877 1153 2932 inﬁniti
1183 2883 1474 2949 temporis;
1506 2883 1753 2950 quando-

214 2978 302 3031 que
337 2980 442 3019 rem
477 2966 616 3021 certi
652 2970 909 3039 temporis
956 2980 1013 3025 et
1066 2974 1362 3029 terminati.
1419 2974 1758 3046 Quapropter

213 3055 467 3112 saeculares
490 3056 648 3113 ludos
666 3061 911 3116 centenis
941 3060 1053 3117 fere
1082 3062 1384 3135 quibusque
1415 3078 1752 3123 recurrentes

210 3147 364 3211 anuis,
396 3149 657 3213 αἰωνίους
677 3148 851 3204 Graeci
884 3150 1094 3208 dixere.
1128 3152 1349 3209 Frustra
1375 3170 1503 3226 ergo
1543 3157 1597 3211 in
1637 3157 1756 3212 Ori-

209 3238 342 3308 genis
363 3241 593 3310 gratiam
619 3250 675 3296 et
715 3241 932 3297 tutelam
960 3259 1024 3299 ea
1057 3246 1395 3308 adducuntur
1422 3249 1753 3315 testimonia,
1784 3266 1831 3329 ρ

211 3328 257 3383 in
280 3331 461 3399 quibus
488 3331 761 3387 infernum
802 3334 1012 3403 ignem,
1062 3346 1325 3391 aeternum
1364 3337 1481 3393 fore
1525 3352 1761 3407 pronun-

214 3421 314 3487 tiat,
339 3423 420 3478 vel
448 3432 503 3478 ut
530 3422 718 3479 Graece
750 3427 1042 3495 scribebat,
1080 3428 1297 3482 αἰώνιον
1333 3430 1435 3484 hac
1464 3429 1607 3485 enim
1630 3443 1761 3484 voce

220 3511 435 3584 longum,
478 3516 575 3570 sed
627 3515 918 3571 ﬁniendum
948 3512 1159 3588 tempus
1199 3520 1484 3576 intellexit.
1539 3520 1759 3588 Qualem

215 3605 357 3673 igitur
383 3607 508 3662 huic
540 3608 803 3664 vocabulo
860 3609 1151 3681 aﬁingebat
1186 3627 1427 3678 sensum,
1473 3612 1635 3666 talem
1682 3612 1757 3667 illi

218 3711 241 3748 a
267 3700 608 3766 scriptoribus
639 3702 813 3756 sacris
856 3700 1024 3756 fuisse
1054 3702 1280 3757 inditum
1324 3704 1601 3758 censebat.
1651 3703 1760 3758 Me-

219 3790 448 3842 moranda
473 3790 524 3843 in
550 3790 604 3843 id
633 3799 1012 3858 argumentum
1052 3791 1271 3858 scripsit
1319 3791 1757 3866 AugustinusOin

216 3877 368 3933 libello
407 3892 590 3934 contra
638 3878 1076 3934 Priscillianistaa
1127 3892 1174 3935 et
1228 3881 1590 3951 Origenistas;
1638 3897 1759 3936 nam

217 3982 320 4022 cum
357 3972 419 4025 ad
448 3986 571 4024 eum
620 3970 1086 4024 Commonitorium
1140 3971 1450 4040 scripsisset
1514 3972 1759 4038 Orosius,

215 4061 334 4127 quod
366 4063 486 4118 huic
509 4062 797 4130 Augustini
824 4062 1081 4131 cpusculo
1115 4064 1317 4133 praeﬁgi
1344 4064 1511 4127 solet,
1555 4064 1608 4118 in
1653 4079 1760 4134 quo

213 4150 375 4218 jactari
404 4171 469 4210 ex
501 4152 755 4223 Origenis
793 4152 1423 4223 libris-conquerebatur
1466 4164 1757 4208 tartareum

217 4241 342 4297 illum
372 4246 573 4316 ignem,
606 4246 698 4315 qui
746 4253 979 4300 aeternus
1014 4244 1356 4312 praadicatur,
1414 4244 1606 4314 «juxta
1643 4255 1760 4316 ety-

218 4335 474 4407 mologiam
502 4339 755 4393 Graecam
777 4352 882 4391 non
912 4351 1035 4391 esse
1072 4342 1412 4404 perpetuum,
1445 4337 1606 4391 etiam
1654 4334 1760 4389 La-
1796 4352 1801 4355 '

217 4426 311 4482 tino
343 4430 646 4484 testimonio
686 4428 915 4497 adjecto,
952 4427 1076 4496 quia
1117 4427 1315 4481 dictum
1356 4426 1451 4491 sit,
1497 4425 1566 4479 In
1609 4437 1761 4481 «eter-

220 4535 340 4584 num,
367 4529 419 4574 et
442 4520 510 4574 In
532 4520 991 4574 swculum-swculi
1004 4535 1026 4584 ;
1049 4536 1069 4569 ι
1117 4517 1404 4588 respondet
1426 4516 1759 4588 Augustinus

1865 692 1997 747 duas
2026 690 2373 748 brevissimas
2404 694 2660 765 syllabas,
2717 695 2809 747 sed
2841 694 2981 762 quod
3024 694 3104 749 eis
3149 694 3424 764 signiﬁca-

1863 790 1970 839 tur.
2002 802 2022 835 ι
2059 783 2222 851 Quasi
2248 800 2375 839 vero
2398 800 2519 841 cum
2548 787 2721 841 sancit
2743 786 2902 853 Deus,
2940 794 3001 841 ut
3022 786 3239 841 nonnisi
3268 786 3423 841 indu-

1862 883 1947 931 tus
1977 875 2132 932 lineis
2160 875 2502 932 feminalibus
2558 877 2959 933 tabernaculum
2996 878 3292 933 testimonii
3333 878 3419 933 in-

1861 965 2136 1035 grediatur
2162 965 2341 1019 Aaron
2367 982 2388 1032 ;
2418 965 2691 1036 additque,
2730 985 2749 1018 «
2772 965 3095 1036 Legitimum
3135 967 3421 1035 sempiter-

1861 1071 1987 1110 num
2011 1057 2116 1111 erit
2152 1057 2329 1111 Aaron
2352 1095 2370 1123 ,
2414 1067 2468 1112 et
2507 1057 2699 1112 semini
2731 1057 2846 1127 ejus
2880 1066 3001 1126 post
3040 1073 3163 1114 eum
3194 1057 3261 1122 εί,
3297 1076 3317 1110 ι
3363 1058 3419 1113 id

1859 1163 1966 1202 non
1992 1148 2057 1203 ad
2089 1150 2399 1203 mandatum
2431 1148 2675 1219 proxime
2698 1148 3022 1214 institutum,
3056 1150 3150 1205 sed
3180 1151 3246 1205 ad
3301 1166 3418 1221 my-

1862 1237 2086 1293 sterium
2134 1239 2387 1295 mandato
2416 1239 2520 1295 hoc
2554 1239 2906 1309 signiﬁcatum
2942 1241 3227 1310 pertineat.
3254 1241 3417 1308 Quasi

1869 1329 1989 1394 bas,
2022 1344 2141 1399 qua:
2163 1330 2406 1397 proxime
2433 1331 2650 1401 scriptae
2679 1340 2824 1396 sunt,
2868 1331 3101 1403 syllabas
3133 1332 3421 1402 legitimum

1859 1421 2222 1489 sempiternum
2242 1434 2362 1475 esse
2383 1420 2543 1487 velit;
2575 1436 2678 1475 non
2711 1432 3035 1491 praeceptum
3062 1423 3286 1494 syllabis
3312 1423 3419 1478 illis

1860 1508 2182 1576 institutum,
2210 1511 2387 1579 quoad
2413 1510 2669 1575 litteram,
2718 1527 2822 1566 non
2854 1512 3029 1581 quoad
3061 1514 3414 1584 anagogicum

1861 1615 2097 1656 sensum.
2129 1603 2265 1669 Quid
2291 1613 2376 1657 est
2415 1612 2592 1657 autem
2618 1602 2850 1658 litteram
2898 1606 3210 1671 destruere,
3244 1606 3289 1659 si
3318 1605 3419 1659 hoc

1860 1706 1966 1745 non
2002 1692 2129 1747 est?
2171 1691 2286 1747 Non
2317 1694 2492 1749 minus
2520 1696 2729 1751 validus
2754 1704 2839 1750 est
2886 1708 3114 1764 sequens
3156 1695 3306 1750 locus
3350 1710 3417 1749 ex

1861 1780 2035 1850 Epist.
2094 1776 2173 1836 ad"
2205 1782 2310 1837 Tit.
2341 1799 2379 1849 ι,
2409 1786 2445 1837 9.
2479 1807 2491 1841 :
2523 1803 2541 1835 «
2567 1783 2725 1854 Spem
2786 1786 2907 1838 vitae
2948 1794 3193 1852 aeternae,
3254 1798 3418 1853 quam

1862 1873 2107 1940 promisit
2135 1889 2236 1927 non
2266 1876 2495 1928 mendax
2534 1875 2674 1929 Deus
2709 1885 2834 1929 ante
2860 1885 3098 1942 tempora
3119 1885 3318 1929 aeterna
3348 1892 3362 1928 :
3392 1892 3411 1924 ι

1861 1961 2046 2018 Graece
2088 1964 2194 2035 πρὸ
2224 1964 2428 2036 χρόνων
2462 1964 2711 2019 αἰωνίων.
2751 1984 2769 2017 r
2800 1965 2931 2020 Cum
2965 1974 3168 2028 autem,
3222 1964 3416 2032 inquit,

1862 2064 2155 2110 retrorsum
2187 2065 2424 2125 tempora
2478 2072 2505 2110 a
2562 2057 2943 2113 constitutione
2994 2058 3177 2111 mundi
3220 2056 3421 2111 habere

1859 2146 2140 2200 videantur
2180 2145 2411 2211 initiutn,
2453 2148 2721 2216 quomodo
2752 2156 2876 2200 sunt
2909 2156 3131 2210 aeterna,
3162 2147 3265 2201 nisi
3293 2146 3417 2214 quia

1858 2248 2056 2291 azterua
2084 2237 2239 2303 dixit,
2268 2239 2386 2307 quae
2430 2247 2555 2292 ante
2600 2252 2660 2292 se
2701 2254 2803 2294 nou
2846 2237 3048 2292 habent
3080 2237 3245 2290 ullum
3279 2245 3418 2291 tem-

1859 2328 2040 2396 pus?»
2098 2328 2259 2397 Atqui
2317 2327 2521 2382 nullum
2583 2328 2708 2384 licet
2764 2340 2971 2397 tempus
3031 2339 3270 2394 tempora
3328 2325 3418 2378 illa

1858 2419 2217 2487 praecesserit,
2274 2419 2343 2473 ab
2386 2420 2539 2474 initio
2581 2429 2760 2474 tamen
2806 2420 2987 2488 aliquo
3016 2417 3285 2487 proﬁuere
3330 2416 3418 2470 illa

1858 2508 2150 2577 aliquando
2182 2519 2502 2578 cmperunt;
2538 2526 2600 2564 ac
2633 2511 2858 2579 proinde
2887 2513 2954 2566 ab
2973 2509 3233 2565 anteriori
3266 2517 3421 2577 parte

1861 2596 2017 2652 ﬁnita
2044 2609 2192 2655 sunt.
2225 2600 2440 2671 lnﬁrnta
2473 2613 2553 2657 est
2581 2603 2742 2673 igitur
2777 2612 3003 2671 utraque
3047 2600 3244 2657 solutio
3282 2600 3419 2663 haec,

1857 2699 1913 2744 et
1940 2690 2011 2745 ita
2041 2706 2175 2746 sane
2205 2694 2274 2747 ab
2297 2694 2591 2763 Augustino
2621 2696 2893 2763 proposita
2913 2733 2927 2757 ,
2970 2701 3028 2748 ut
3056 2709 3168 2748 non
3194 2692 3419 2746 multum

1858 2782 1909 2835 ei
1940 2781 2157 2837 innixus
2187 2783 2281 2838 sit.
2325 2785 2489 2839 Addit
2517 2785 2734 2847 deinde,
2792 2784 2845 2839 in
2899 2785 2992 2840 illo
3040 2785 3230 2838 Matth.
3290 2799 3418 2847 xxv,

1856 2873 1926 2929 46
1958 2891 1972 2928 :
2008 2874 2205 2929 rlbunt
2256 2873 2331 2929 illi
2392 2876 2445 2929 in
2503 2875 2897 2931 ambustionem
2955 2884 3245 2940 aeternam,
3288 2876 3422 2945 justl

1857 2975 2033 3021 autem
2061 2966 2115 3020 in
2156 2966 2320 3021 vitam
2357 2976 2611 3022 aeternam
2633 3006 2649 3033 ,
2680 2986 2699 3019 ›
2738 2982 2921 3036 parem
2959 2982 3078 3022 esse
3110 2968 3260 3024 vocis
3287 2965 3417 3021 aldi:-

1858 3077 1968 3124 νιος
2010 3059 2293 3130 utrobique
2338 3061 2692 3124 notationem,
2740 3060 2854 3115 sive
2912 3074 3034 3114 cum
3083 3059 3205 3113 vita:
3244 3058 3414 3128 justis

1858 3151 2153 3222 promissae,
2177 3151 2290 3207 sive
2316 3166 2435 3205 cum
2464 3151 2567 3219 igni
2597 3149 3047 3206 malis'inferendo
3074 3148 3382 3220 adiungitur
3400 3166 3434 3216 ;‘

1859 3258 1923 3298 ac
1954 3242 2179 3311 proinde
2208 3242 2360 3313 ignes
2391 3241 2494 3296 ﬁne
2515 3241 2783 3297 carituros
2813 3240 3130 3308 signiﬁcari,
3164 3240 3419 3309 quoniam

1860 3333 2024 3386 vitam
2067 3332 2211 3386 illaut
2256 3331 2361 3386 ﬁne
2406 3331 2698 3386 carituram
2752 3346 2818 3386 ex
2862 3344 3016 3399 aequo
3056 3330 3197 3399 apud
3220 3342 3434 3383 omnes;

1859 3432 2115 3490 constat;
2146 3423 2288 3492 quod
2318 3422 2456 3478 idem
2487 3422 2683 3493 legitur
2711 3436 2923 3491 quoque
2945 3419 3036 3474 lib.
3059 3434 3151 3474 xxi
3178 3417 3252 3472 De
3278 3418 3420 3472 civit.

1860 3513 1991 3581 Dei,
2032 3528 2152 3583 cap.
2196 3514 2289 3569 25.
2327 3514 2399 3569 At
2443 3514 2495 3569 id
2542 3527 2729 3582 parum
2773 3512 2991 3566 omnino
3040 3510 3180 3564 valet
3233 3517 3423 3564 contra

1861 3606 2168 3676 Origenem,
2198 3606 2287 3676 qui
2318 3615 2423 3659 tam
2457 3605 2734 3660 beatorum
2764 3603 3006 3659 felicitati
3037 3616 3197 3671 quam
3229 3600 3424 3670 impim

1863 3713 1980 3752 rum
2000 3698 2328 3753 cruciatibus
2356 3698 2641 3752 terminum
2678 3696 3082 3768 prtescribebat.

1929 3789 2247 3859 Complures
2270 3791 2512 3845 vocabuli
2540 3789 2683 3844 αιὼν
2718 3790 2963 3844 notiones
3000 3785 3254 3856 proponit
3295 3784 3427 3853 Ely-

1860 3879 2117 3949 mologus,
2150 3881 2307 3935 modo
2335 3880 2522 3945 vitam,
2549 3881 2707 3935 modo
2736 3881 2859 3935 vita:
2879 3889 3088 3945 tempus
3118 3876 3429 3945 signiﬁcan-

1861 3971 1960 4035 tis;
1997 3979 2109 4024 tum
2140 3970 2254 4026 haec
2286 3973 2446 4026 habet
2478 3990 2493 4026 :
2523 3969 2665 4025 Αἰὼν
2702 3971 2794 4023 καὶ
2851 3972 2880 4022 ὁ
2924 3970 3032 4023 τῶν
3065 3969 3248 4038 χιλίων
3290 3966 3431 4021 ἐτῶν

1859 4058 2121 4130 ἀριθμός’
2158 4070 2211 4115 et
2245 4061 2403 4130 paulo
2445 4073 2562 4130 post
2590 4079 2604 4113 :
2636 4060 2778 4113 Αἱὼν
2816 4060 3029 4129 λέγεται
3081 4061 3173 4112 καὶ
3207 4056 3429 4111 οἱὲπτὰ

1859 4151 2050 4214 αἰῶνες
2070 4151 2177 4205 ἀπὸ
2207 4153 2304 4223 τῆς
2344 4153 2436 4206 τοῦ
2481 4153 2706 4225 οὐρανοῦ
2746 4152 2840 4206 καὶ
2874 4154 2975 4224 γῆς
3016 4151 3241 4215 κτίσεως
3269 4151 3430 4221 μέχρι

1859 4242 1957 4313 τῆς
1984 4243 2168 4314 κοινῆς
2188 4242 2295 4295 τῶν
2319 4243 2617 4314 ἀνθρώπων
2657 4243 3023 4307 ἀναστάσεως.
3057 4241 3246 4296 Priore
3271 4245 3430 4295 modo

1859 4347 1988 4386 usus
2008 4340 2091 4386 est
2130 4348 2264 4388 voce
2294 4332 2429 4387 αἰὼν
2461 4333 2754 4403 Origenes,
2801 4348 2921 4388 cum
2970 4333 3106 4386 dixit
3148 4332 3436 4386 damnatos

1860 4425 2159 4480 cruciatum
2186 4425 2249 4479 iri
2290 4427 2357 4480 ad
2394 4424 2539 4481 mille
2577 4441 2767 4489 annos,
2814 4426 2859 4481 si
2891 4425 3052 4479 modo
3096 4438 3283 4479 revera
3311 4433 3435 4493 post

1859 4516 2007 4571 mille
2035 4531 2298 4572 annorum
2331 4518 2617 4573 decursum
2642 4519 2695 4573 in
2721 4519 2990 4587 integrum
3023 4516 3332 4571 restitutum
3359 4514 3437 4570 iri-

217 4624 316 4679 cap.
346 4614 376 4665 6
400 4623 455 4667 et
480 4613 536 4677 7,
578 4611 849 4683 geminum
882 4625 1008 4665 esse
1044 4609 1375 4664 intellectum
1413 4611 1562 4666 vocis
1601 4608 1758 4678 αἰὼν,
1788 4605 1837 4664 1)
1865 4609 2147 4665 damnatos
2192 4609 2444 4679 opinatus
2492 4618 2595 4675 est,
2650 4618 2708 4664 ut
2764 4623 2924 4676 supra
2978 4607 3251 4678 obiectum
3301 4606 3353 4661 ei
3400 4621 3432 4660 a

220 4695 479 4765 aliquando
513 4698 770 4753 saeculum
797 4736 814 4761 ,
848 4697 1139 4766 aliquando
1182 4699 1535 4753 aeternitatem
1570 4708 1761 4755 notan-

221 4785 302 4853 tis;
325 4798 376 4843 at
399 4804 586 4844 vocem
615 4787 832 4851 αἰώνιος
866 4790 1025 4843 rebus
1066 4787 1174 4843 ﬁne
1220 4789 1531 4845 carentibus
1562 4789 1763 4860 imponi

220 4877 387 4934 solere.
413 4880 567 4947 Quod
604 4881 676 4934 ita
712 4891 889 4934 tamen
921 4895 1027 4935 non
1062 4894 1181 4935 esse
1221 4890 1276 4934 et
1308 4896 1406 4935 nos
1446 4895 1607 4950 supra
1634 4897 1761 4951 pro-

222 4970 457 5041 bavimus,
498 4983 555 5029 et
582 4973 740 5028 facile
775 4976 1035 5042 probatur
1083 4989 1152 5028 ex
1201 4973 1408 5028 duobus
1468 4973 1764 5042 Scriptura:

223 5060 353 5129 locis,
384 5082 519 5135 quos
564 5066 666 5120 sibi
702 5065 1270 5134 objicitAugustinus,
1318 5074 1375 5119 et
1418 5062 1660 5132 frustra,
1714 5064 1762 5120 si

220 5156 324 5220 quid
374 5158 547 5219 video,
601 5155 812 5210 solvere
865 5155 1080 5224 satagit.
1141 5154 1296 5208 Prior
1355 5154 1652 5221 saepissime
1704 5154 1759 5209 in

222 5241 561 5303 Pentateucho
597 5248 878 5311 occurrit,
918 5262 1040 5301 cum
1084 5245 1420 5300 caeremoniis
1462 5254 1518 5298 et
1568 5244 1761 5301 ritibus

220 5331 334 5406 legis
371 5340 605 5407 antiqua:
650 5337 933 5403 institutis,
976 5336 1106 5392 dicit
1158 5336 1295 5389 Deus
1334 5351 1350 5387 :
1390 5352 1415 5385 ι
1443 5336 1556 5392 Hoc
1606 5338 1759 5393 vobis

222 5428 308 5481 erit
332 5428 627 5499 legitimum
650 5428 997 5483 mternum“.
1029 5447 1047 5479 ι
1083 5457 1154 5467 ——
1185 5425 1553 5495 «Quanquam,
1584 5429 1759 5498 inquit

221 5522 545 5587 Augustinus,
608 5522 655 5576 si
700 5522 1012 5589 diligentius
1061 5521 1201 5576 dicta
1244 5519 1631 5588 intelligantur,
1693 5536 1758 5578 ea

222 5608 437 5667 fortassis
506 5627 630 5682 qua:
701 5612 807 5667 illis
875 5611 1231 5667 sacramentis
1292 5609 1758 5680 signiﬁcabantur,

225 5698 365 5758 linem
396 5720 499 5761 non
546 5712 706 5760 erant
736 5705 1008 5760 habitura.
1066 5704 1143 5759 lta
1191 5703 1370 5768 enim,
1430 5719 1499 5759 ne
1549 5704 1759 5776 longius

284 5876 324 5909 "
350 5875 514 5937 Levit.
547 5896 658 5950 xvr,
690 5880 783 5951 29,
823 5880 911 5936 54.
989 5880 1032 5912 ⁶¹
1077 5880 1241 5937 Exod.
1276 5895 1466 5949 xxvttt,
1494 5879 1580 5935 45.

1861 4697 2068 4756 Joanne
2125 4700 2463 4756 Damasceno
2523 4702 2926 4757 narrabamus:
2969 4701 3269 4769 posteriore
3322 4695 3435 4752 for-

1860 4800 2028 4857 tasse,
2052 4807 2173 4847 cum
2205 4793 2420 4848 eosdem
2449 4800 2645 4847 tortum
2690 4793 2756 4847 iri
2787 4792 3067 4849 confessus
3093 4798 3176 4846 est
3194 4791 3274 4852 εις
3307 4789 3435 4850 τοὺς

1863 4883 2068 4946 αἰῶνας
2085 4882 2196 4935 τῶν
2221 4882 2453 4941 αἰώνων.
2477 4883 2743 4938 Caeterum
2776 4899 2882 4937 non
2910 4892 2992 4937 est
3017 4891 3213 4950 praeter
3240 4879 3429 4946 Orige-

1861 4971 1948 5027 nis
1972 4971 2279 5041 opinionem
2322 4971 2427 5025 alia
2461 4972 2575 5025 haec
2605 4972 2850 5026 vocabuli
2900 4969 3033 5023 at!th
3079 4967 3428 5037 signiﬁcatio,

1868 5074 2031 5128 quam
2062 5069 2212 5115 notat
2238 5060 2436 5116 ibidem
2471 5061 2815 5132 Etymologua
2854 5076 2873 5113 :
2926 5059 3070 5114 Αιὼν
3101 5061 3195 5112 καὶ
3218 5060 3245 5111 ὁ
3264 5057 3431 5120 ἀΐδιος

1869 5153 1963 5206 καὶ
1999 5152 2028 5203 δ
2050 5150 2429 5220 ἀτελεύτητοςο
2457 5169 2581 5206 nam
2618 5163 2748 5209 tom.
2787 5168 2957 5207 xxvm
2993 5153 3047 5205 in
3068 5151 3253 5215 Joan.,
3281 5167 3428 5205 num.

1868 5244 1923 5309 7,
1976 5244 2055 5308 εἰς
2103 5243 2294 5310 αἰῶνα,
2342 5244 2427 5298 vel
2472 5248 2551 5308 εἰς
2596 5244 2799 5308 αἰῶνας
2861 5243 3083 5313 intelligi
3152 5242 3262 5296 vult
3306 5239 3430 5297 Ori-

1866 5350 2049 5406 genes,
2100 5349 2197 5403 pro
2243 5350 2309 5391 eo
2357 5336 2497 5405 quad
2558 5346 2642 5391 est
2678 5336 2784 5388 ἀεί.
2834 5334 3009 5390 Verba
3069 5334 3187 5389 haec
3247 5343 3427 5391 sunt:

1868 5428 2128 5499 Ζητήσεις
2153 5428 2209 5480 δὲ
2230 5428 2357 5498 περὶ
2386 5426 2479 5479 τοῦ
2514 5426 2589 5498 μὴ
2621 5426 2964 5496 ἐνδεδυμένον
3004 5424 3204 5495 ἔνδυμα
3228 5424 3430 5496 γάμου,

1866 5521 1993 5593 περὶ
2024 5515 2083 5575 οὗ
2111 5521 2322 5591 εἴρηται
2342 5537 2357 5550 ·
2393 5522 2663 5592 Δήσαντες
2687 5518 2850 5571 αὐτὸν
2888 5517 3063 5571 ποδῶν
3093 5519 3187 5571 καὶ
3211 5520 3430 5588 χειρῶν,

1868 5612 2155 5667 ἐκϐάλλετε
2186 5612 2350 5666 αὑτὸν
2385 5614 2465 5675 εἰς
2501 5612 2562 5665 τὸ
2591 5613 2776 5675 σκότος
2803 5610 2864 5664 τὸ
2891 5609 3174 5679 ἐξώτερον,
3206 5610 3433 5681 πότερον

1869 5703 1927 5756 εἰη
1948 5702 2035 5758 ἀεὶ
2062 5702 2210 5774 μένει
2233 5701 2535 5773 δεδεμένος,
2569 5702 2663 5758 καὶ
2700 5703 2758 5757 ἐν
2805 5699 2882 5773 τῷ
2929 5698 3177 5771 ὲξωτέρῳ
3211 5700 3385 5773 σκότῳ
3412 5716 3433 5773 ξ
