3906 6610
440 423 577 499 tti't't

1706 444 1766 500 Ρ.
1811 442 2127 500 DANIELIS
2161 441 2395 500 HUETII

3549 441 3710 497 1048

437 559 504 612 οὐ⁴
529 557 635 628 γὰρ
648 555 978 645 ,πρόσκειται
1010 556 1100 609 τό·
1125 559 1228 624 Εἰς
1266 558 1372 611 τόν
1415 559 1598 614 αἰῶνα
1621 599 1639 626 ,
1674 560 1708 629 ἢ
1738 561 1842 627 Εἰς
1872 559 2009 626 τοὺς

2131 568 2226 615 Late
2259 567 2423 628 alque
2462 555 2786 622 concordia,
2829 554 2883 611 in
2911 570 3018 626 qua
3064 568 3096 610 a
3133 554 3244 611 Deo
3271 554 3533 625 primitus
3567 568 3710 623 pro-

437 644 675 711 aidwaq,
709 645 741 714 ἢ
773 644 1062 716 λυθήσεται
1099 663 1248 702 ποτε.
1280 645 1390 702 Nec
1428 646 1585 702 aliter
1607 647 2009 719 intelligendum

438 745 567 809 pnt‘o
619 737 960 800 vocabulum,
1006 734 1242 806 αἰώνιος,
1295 739 1389 794 lib.
1448 755 1522 794 vn
1590 749 1760 796 contr.
1823 741 2011 798 Cels.:

451 828 590 882 Ἀλλ’
631 827 741 880 οὐδ’
792 827 1070 881 ἀκίνδυνον
1108 827 1205 899 τὴν
1255 827 1363 882 τῶν
1410 830 1664 885 τοιούτων
1716 833 2013 902 σαφήνειαν

439 921 722 975 πιστεῦσαι
775 921 997 991 Γραφῇ·
1029 920 1124 974 ἆτε
1158 921 1264 976 τῶν
1330 921 1538 975 πολλῶν
1593 923 1652 976 οὐ
1707 922 2015 997 χρῃζόντων

440 1013 678 1076 πλείονος
723 1011 1069 1076 διδασκαλίας
1105 1013 1254 1085 παρὰ
1301 1015 1400 1085 τὴν
1438 1015 1569 1086 περὶ
1610 1015 1706 1086 τῆς
1738 1015 1879 1069 κατὰ
1909 1016 2014 1069 τῶν

440 1105 856 1177 ἁμαρτανόντων
910 1104 1217 1168 κολάσειι›ς’
1251 1107 1330 1168 εἰς
1380 1105 1488 1179 γὰρ
1530 1106 1597 1160 τὰ
1655 1107 1794 1178 ὑπὲρ
1837 1109 2017 1160 ἐκεῖνα

437 1197 607 1268 αὐτῆς
633 1197 693 1250 οὐ
721 1197 990 1269 χρήσιμον
1031 1197 1340 1251 ἀναϐαίνειν
1369 1197 1459 1252 διὰ
1493 1199 1617 1262 τοὺς
1661 1199 1819 1270 μόγις
1869 1197 2018 1269 φόϐῳ

436 1290 537 1360 τῆς
573 1289 789 1344 αἰωνίου
831 1288 1102 1352 κολάσεως
1143 1290 1246 1344 κᾶν
1300 1289 1680 1354 συστέλλοντας
1718 1291 1811 1342 ἐπὶ
1855 1290 2020 1344 ποσὸν

439 1383 540 1454 τῆς
604 1383 822 1451 κακίας,
881 1383 975 1436 καὶ
1022 1383 1130 1437 τῶν
1176 1384 1270 1436 ἀπ’
1335 1384 1504 1454 αὐτῆς
1557 1383 2020 1454 ἁμαρτανομένων

439 1492 618 1546 χυσιν.

981 1653 1312 1722 ρυΑῖδτιο
1372 1651 1484 1707 XII.

557 1757 626 1802 ῸΕ
665 1760 870 1810 ΙΙΙΞΝΒΟ,
909 1761 1171 1801 ΡΔιιΑιιιεο
1211 1760 1538 1812 TERBBSTRI,
1581 1761 1649 1800 ET
1691 1758 1896 1800 ADAMO.

444 1838 486 1894 I.
530 1839 646 1894 Duo
671 1839 735 1892 de
757 1839 954 1892 mundo
983 1839 1156 1907 quazri
1180 1849 1391 1907 possunt
1417 1852 1436 1889 :
1464 1835 1526 1894 II.
1555 1836 1816 1900 Primum,
1845 1844 2022 1888 utrum

511 1920 559 1964 ε’
584 1925 711 1996 ,ἔμω
733 1905 1454 1996 ,δέ’ἶδᾳμφῖεῖξίξρτξθεέῖῗῗ
1501 1908 1790 1996 ῘΪἾἺἮῨῨῘΪῨ-
1811 1915 2022 1996 'Zlf’Pff’f
2051 1922 2094 1978 Β
2127 1947 2230 1990 tem
2261 1905 2379 1988 cum
2416 1931 2562 1986 nulla
2584 1905 2669 1986 isit
2693 1905 3004 1996 diversitas,

507 1973 800 2042 rationales
836 1988 1054 2032 naturas
1085 1977 1247 2045 fuisse
1276 1973 1317 2030 α’
1341 1975 1450 2030 Deo
1490 1976 1791 2039 conditum;
1825 1973 1909 2029 lll.
1937 1975 2013 2028 ita

512 2060 569 2100 ut
629 2049 960 2102 existimasse
996 2062 1114 2100 eum
1166 2045 1354 2100 Patres
1412 2046 1580 2114 aliqui
1623 2047 2012 2114 testificantur:

513 2116 604 2172 IV.
664 2117 923 2179 alterum,
969 2127 1145 2170 utrum
1183 2116 1359 2186 plures
1404 2117 1483 2170 vel
1523 2116 1705 2184 fuisse,
1733 2115 1832 2180 tvel
1867 2131 2011 2178 esse,

512 2187 592 2242 vel
621 2189 733 2251 [ore
771 2188 992 2241 mutulos
1031 2185 1439 2250 existimaverit;
1482 2185 1544 2241 V.
1577 2187 2016 2255 quemadmodum

510 2258 613 2325 ipsi
631 2275 661 2311 a
686 2257 938 2336 Patr-ibus
959 2257 1267 2326 quibusdam
1287 2258 1557 2336 __objec_tum
1588 2253 1663 2310 est
1677 2253 1809 2336 ﬁll.
1829 2271 2016 2336 qua-tt-

514 2344 674 2396 quam
707 2327 820 2396 ejus
848 2325 1064 2380 causam
1098 2327 1356 2380 nonnulla
1376 2328 1649 2396 adjuvant.
1677 2325 1787 2379 VII.
1819 2325 2019 2390 Explo-

515 2406 664 2452 ratur
685 2398 926 2466 Origenis
958 2399 1210 2450 sententia
1234 2401 1298 2451 de
1329 2398 1616 2450 consitione
1651 2397 1890 2465 paradisi
1913 2406 2020 2448 ter-

517 2469 719 2532 restris,
766 2467 895 2520 Vill.
952 2477 999 2521 et
1047 2467 1110 2521 de
1149 2469 1364 2520 scorteis
1418 2468 1634 2530 tunicis,
1673 2467 1859 2532 quibus
1904 2473 2018 2532 post

514 2548 784 2606 peccatum
811 2537 1045 2589 Adamus
1071 2535 1285 2589 indutus
1307 2549 1401 2590 est.
1427 2535 1516 2592 IX.
1548 2536 1818 2601 Quwritur
1843 2547 2021 2606 utrum

516 2603 712 2660 dixerit
749 2606 1010 2675 Adamum
1041 2622 1135 2675 per
1173 2618 1439 2674 peccatum
1479 2606 1878 2659 similitudinem
1924 2603 2023 2657 Dei

516 2677 758 2730 amisisse
781 2691 801 2729 :
826 2674 895 2730 Χ.
916 2684 965 2729 et
994 2674 1170 2729 utrum
1186 2677 1418 2730 homines
1444 2675 1828 2730 Prwadamitas
1863 2675 2024 2730 exsti-

521 2749 646 2800 tisse
674 2747 775 2799 sil'i
811 2746 1044 2815 ﬁnxerit.

491 2837 560 2891 'I.
590 2836 749 2893 Circa
786 2839 1141 2908 qumstionem
1180 2837 1245 2892 de
1288 2838 1488 2893 mundo
1528 2837 1722 2908 duplex
1747 2836 2026 2892 excutien-

450 2931 575 2986 dum
602 2930 750 2986 venit
776 2931 1106 3000 paradoxum
1140 2929 1358 2998 Origeni
1387 2929 1682 2997 ascriptum
1721 2947 1734 2984 :
1767 2929 2024 2999 primum,

447 3032 628 3076 utrum
660 3035 714 3079 et
760 3038 868 3093 quo
901 3037 1060 3078 sensu
1104 3023 1302 3077 dixerit
1351 3021 1610 3076 mundum
1645 3031 1871 3091 propter
1901 3022 2024 3074 ani-

449 3129 570 3169 mas
613 3115 908 3170 rationales
952 3130 981 3168 a
1033 3115 1142 3170 Deo
1190 3113 1364 3169 fuisse
1404 3113 1680 3168 conditum
1725 3111 2025 3178 :alterum,

451 3221 518 3259 an
546 3207 761 3260 unicum
780 3209 1041 3262 duntaxat
1084 3212 1344 3260 mundum
1391 3218 1610 3261 creasse
1639 3203 1904 3268 antehac,
1945 3204 2027 3259 vel

449 3299 676 3367 posthac
726 3309 1034 3354 ereaturum
1086 3312 1208 3353 esse
1259 3297 1674 3352 asseveraverit.
1733 3295 1863 3363 Qua:
1925 3297 2031 3351 duo

452 3391 742 3459 quaerenda
795 3391 898 3446 sibi
943 3389 1193 3460 proponit
1243 3389 1504 3460 Origenes
1556 3390 1611 3443 in
1656 3389 1817 3444 tertio
1858 3389 2034 3458 capite

451 3482 575 3537 libri
626 3498 664 3536 ιι
711 3484 851 3550 Περὶ
888 3481 1109 3550 ἀρχρν,
1151 3481 1689 3552 quod_iuscribitur,
1757 3478 1835 3535 De
1884 3481 2032 3534 initio

452 3575 637 3627 mundi
658 3585 704 3626 et
737 3574 909 3627 causis
937 3574 1070 3642 ejus.

525 3663 589 3718 ll.
622 3663 860 3717 Primum
921 3664 1065 3733 quod
1119 3663 1345 3730 attinet,
1386 3677 1545 3717 nemo
1597 3677 1706 3716 non
1766 3661 1912 3715 videt
1967 3676 2033 3714 ex

455 3757 798 3812 antecedenti
832 3756 1000 3826 ipsius
1031 3756 1280 3826 doctrina
1313 3762 1497 3825 aptum
1541 3754 1593 3808 id
1637 3769 1780 3820 esse,
1815 3765 2035 3807 natura-

456 3866 574 3905 rum
603 3849 816 3904 illarum
856 3848 1028 3919 gratia
1057 3888 1073 3914 ,
1105 3864 1226 3918 qua:
1260 3857 1386 3903 sunt
1436 3845 1663 3900 rationis
1719 3847 2034 3916 participes,

455 3942 713 3996 mundum
747 3957 778 3994 a
811 3942 922 3996 Deo
954 3943 1117 3997 fuisse
1154 3951 1524 4012 procreatum.
1570 3939 1703 3994 Cum
1733 3939 1881 3994 enim
1916 3939 2034 3992 ani-

456 4051 574 4089 mas
612 4049 940 4106 quocunque
981 4043 1126 4089 statu
1172 4033 1446 4088 collocata:
1508 4034 1637 4099 siut,
1694 4031 1901 4086 arbitrii
1955 4029 2035 4084 sui

456 4127 710 4182 libertate
760 4129 827 4182 ad
886 4126 1220 4196 peccandum
1279 4125 1387 4196 velg
1415 4135 1566 4182 recte
1629 4124 1900 4195 agendum
1959 4121 2036 4175 uti

457 4220 709 4284 voluerit,
768 4229 824 4274 et
879 4234 976 4288 pro
1022 4219 1264 4286 peccatis
1315 4219 1456 4273 hanc
1512 4219 1578 4274 iis
1627 4217 1926 4287 irrogatum
1968 4214 2034 4268 iri

457 4325 698 4379 poenam,
739 4320 800 4362 ut
831 4311 884 4363 in
911 4311 1160 4379 graviora
1193 4323 1256 4362 ac
1287 4309 1555 4363 crassiora
1581 4321 1808 4376 corpora
1845 4322 2037 4361 aman-

460 4404 676 4469 dentur,
712 4418 830 4455 eatn
867 4402 937 4456 ob
976 4417 1088 4455 rem
1122 4401 1302 4456 dicere
1328 4401 1516 4456 debuit
1559 4401 1747 4470 gravia
1785 4399 1872 4455 illa
1920 4413 2041 4454 cor-

461 4507 591 4560 pora
645 4493 866 4546 formari
912 4508 942 4546 a
989 4491 1119 4557 Deo,
1167 4491 1624 4562 quemadmodum
1653 4490 1930 4562 ergastula
1972 4491 2040 4546 ad

460 4585 773 4640 retinendos
821 4600 941 4639 reos
981 4596 1392 4640 construuntur.
1437 4583 1668 4654 Copiosa
1702 4585 1773 4640 ad
1815 4583 1871 4638 id
1915 4598 2040 4652 pro-

459 4675 698 4728 bandum
731 4673 983 4745 Origenis
1035 4675 1268 4730 habetur
1311 4675 1623 4730 dissertatio
1659 4675 1753 4730 lib.
1813 4690 1850 4729 ιι
1899 4675 2040 4744 Περὶ

459 4765 681 4838 ἀρχῶν,
725 4783 846 4837 cap.
890 4769 915 4822 1
948 4786 964 4822 :
999 4787 1017 4820 ι
1041 4769 1174 4823 Cum
1210 4783 1363 4838 ergo,
1406 4767 1586 4836 inquit
1615 4782 1764 4822 num.
1795 4768 1853 4833 l,
1890 4776 2042 4823 tanta

460 4865 532 4918 sit
575 4863 760 4917 mundi
793 4863 1067 4928 varietas,
1119 4873 1282 4932 atque
1324 4864 1379 4919 in
1441 4863 1574 4933 ipsis
1629 4861 2043 4918 rationabilibus

461 4954 831 5010 animantibus
892 4954 963 5008 sit
1017 4961 1164 5008 tanta
1221 4952 1534 5014 diversitas,
1604 4960 1829 5020 propter
1877 4964 2041 5019 quam

461 5049 628 5104 etiam
659 5048 837 5103 omnis
860 5046 1063 5117 reliqua
1101 5045 1338 5101 varietas
1375 5060 1440 5100 ac
1475 5043 1768 5099 diversitas
1809 5040 2045 5113 putanda

461 5145 546 5194 est
566 5139 878 5204 exstitisse;
918 5152 1079 5207 quam
1114 5151 1338 5193 causam
1384 5135 1546 5190 aliam
1596 5134 1702 5190 dici
1749 5133 2044 5204 oportebit,

463 5246 570 5300 qua
625 5233 858 5288 mundus
923 5233 1252 5302 exstiterit,
1301 5233 1569 5302 prmcipue
1627 5229 1673 5285 si
1736 5229 2045 5284 intueamur

465 5321 619 5376 illum
660 5323 824 5378 linem
855 5337 950 5392 per
983 5339 1144 5394 quem
1173 5321 1357 5378 omnia
1387 5319 1724 5377 restituenda
1752 5320 1806 5374 in
1843 5326 2040 5374 statum

466 5413 610 5470 initii
637 5415 722 5471 sui
747 5414 890 5470 libro
913 5414 1175 5487 superiori
1206 5415 1497 5470 dissertum
1525 5421 1609 5467 est
1630 5410 1824 5478 ‘tQuod
1856 5411 2044 5479 utique

467 5507 515 5564 si
555 5519 963 5579 consequenter
1001 5509 1206 5565 dictum
1258 5507 1496 5570 videtur,
1537 5518 1700 5574 quam
1757 5502 1943 5568 aliam,
1987 5510 2045 5555 ut

468 5598 726 5667 diximus,
781 5617 1004 5657 causam
1061 5601 1370 5672 putabimus
1422 5606 1587 5654 tantae.
1643 5594 1806 5666 hujus
1859 5593 2042 5650 mundi

469 5690 830 5760 diversitatis,
880 5693 987 5748 nisi
1034 5693 1519 5750 diversitatemac
1563 5689 1883 5746 varietatem
1930 5701 2044 5742 mo-

471 5790 641 5846 tuum,
672 5801 736 5841 ac
772 5787 1125 5858 prolapsuum
1155 5801 1340 5845 eorum
1371 5824 1388 5854 ,
1415 5784 1508 5856 qui
1537 5782 1604 5840 ab
1625 5781 1721 5858 illa
1756 5780 1896 5858 initii
1927 5778 2046 5837 uni-

543 5878 588 5909 “
621 5877 776 5933 Rom.
811 5894 928 5947 vut,
961 5879 1050 5933 ‘20.
1904 5858 1908 5862 ”

2114 651 2282 707 creati
2311 660 2460 715 sunt,
2487 648 2849 704 deciderunt?
2876 666 2896 700 ι
2943 647 3142 703 Eadem
3178 647 3312 702 dicit
3345 661 3465 718 cap.
3495 646 3538 701 9
3574 645 3708 700 libri

2115 761 2154 799 ιι
2187 744 2262 798 De
2293 741 2543 813 princip.,
2584 755 2734 794 num.
2780 738 2856 793 2:
2889 757 2908 792 ι
2952 739 3060 794 Pro
3108 739 3344 794 motibus
3396 739 3512 794 suis
3564 753 3712 791 una-

2115 850 2342 908 qumque
2377 849 2531 890 mens
2553 833 2638 888 vel
2670 831 2906 903 amplius
2930 831 3022 887 .vel
3052 831 3269 902 parcius
3293 831 3493 886 bonum
3529 829 3712 901 negli-

2115 943 2266 1000 gens,
2300 929 2352 982 in
2377 925 2710 982 contrarium
2745 924 2910 990 bonl',
2940 925 3083 992 quod
3123 924 3244 980 sine
3286 922 3449 978 dubio
3487 919 3708 975 malum

2116 1031 2225 1085 est,
2256 1019 2592 1076 trahebatur.
2623 1019 2702 1074 Ex
2733 1033 2842 1088 quo
2883 1018 3099 1072 videtur
3133 1016 3339 1071 semina
3364 1014 3630 1085 quaedam
3655 1022 3713 1066 et

2121 1127 2316 1168 causas
2336 1111 2620 1165 varietatis
2655 1125 2719 1165 ac
2757 1109 3092 1166 diversitatis
3117 1107 3205 1163 ille
3235 1107 3476 1162 omnium
3503 1103 3713 1159 condio

2118 1210 2204 1257 tor
2237 1202 2532 1271 accepisse,
2571 1210 2629 1258 ut
2664 1215 2763 1272 pro
2799 1199 3118 1256 diversitate
3166 1197 3452 1259 mentium,
3508 1195 3572 1249 id
3622 1205 3710 1247 est

2120 1294 2524 1350 rationabilium
2566 1302 2972 1356 creaturarum,
3013 1305 3174 1361 quam
3209 1288 3594 1344 diversitatem
3641 1302 3709 1340 ex

2120 1399 2182 1440 ea
2241 1399 2405 1438 causa
2446 1399 2609 1454 quam
2654 1383 2902 1454 superius
2951 1382 3205 1445 diximus,
3262 1380 3521 1450 putandae
3580 1391 3713 1432 sunt

2122 1474 2461 1543 concepisse,
2493 1475 2700 1526 varium
2730 1487 2794 1526 ac
2817 1473 3092 1527 diversum
3121 1471 3380 1524 tnundum
3408 1477 3660 1525 crearet.
3686 1487 3706 1520 ι

2123 1565 2312 1634 Capite
2340 1578 2468 1618 vero
2501 1565 2717 1628 eodem,
2761 1578 2913 1617 num.
2966 1563 3021 1627 6,
3048 1577 3161 1616 rem
3213 1560 3378 1614 altius
3423 1569 3710 1629 repetens,

2125 1657 2292 1712 Deum
2339 1655 2413 1708 ait
2457 1655 2524 1708 ab
2558 1653 2712 1708 initio
2755 1668 2879 1706 cum
2918 1652 3147 1707 rationis
3173 1661 3454 1720 compotes
3480 1657 3712 1704 naturas

2124 1761 2315 1803 creare
2341 1744 2525 1808 vellet,
2561 1743 2761 1798 nullam
2791 1743 3048 1798 habuisse
3068 1741 3289 1798 creandi
3327 1741 3544 1796 illarum
3580 1754 3712 1794 cau-

2124 1854 2240 1895 sam
2279 1848 2475 1910 praeter
2497 1838 2760 1907 seipsum,
2788 1852 3049 1906 suamque
3080 1837 3411 1890 bonitatem:
3431 1835 3488 1888 in
3521 1848 3594 1887 eo
3621 1847 3712 1886 au.-

3029 1944 3206 2000 neque
3239 1944 3306 1984 ex
3334 1939 3494 1998 parte
3524 1941 3710 1982 rerum

2117 2026 2478 2082 creandarum
2515 2023 2623 2079 ulla
2652 2033 2822 2089 esset,
2853 2023 3090 2093 mquales
3118 2037 3233 2087 eas,
3258 2031 3315 2075 et
3345 2019 3712 2088 undequaque

2117 2118 2321 2173 similes
2353 2118 2526 2187 ipsum
2559 2130 2881 2188 procreasse
2915 2133 2928 2168 :
2958 2115 3059 2171 bas
3095 2128 3248 2181 vero,
3288 2121 3350 2168 ut
3379 2121 3512 2181 pote
3539 2110 3712 2164 libero

2118 2209 2370 2282 prteditas
2401 2209 2652 2273 arbitrio,
2691 2224 2800 2265 non
2827 2206 3018 2264 eodem
3049 2207 3209 2262 modo
3231 2220 3423 2260 omnes
3455 2203 3564 2258 hac
3587 2216 3709 2257 usus

2120 2317 2239 2358 esse
2269 2300 2549 2368 facultate,
2572 2299 2695 2356 aliis
2734 2301 2788 2354 in
2826 2300 3022 2355 vitium
3051 2313 3118 2354 ac
3153 2298 3454 2367 nequitiam
3488 2294 3707 2349 ruenti-

2119 2397 2242 2464 bus,
2268 2394 2390 2450 aliis
2407 2394 2473 2448 ad
2499 2393 2722 2448 meliora
2747 2392 3192 2465 assurgentibus:
3211 2386 3534 2459 atqueinde
3555 2384 3710 2441 ratio-

2121 2489 2323 2546 nalium
2344 2498 2663 2544 naturarum
2698 2484 2975 2540 exstitisse
2995 2480 3348 2544 dillereutiam
3373 2493 3391 2530 :
3414 2477 3592 2532 Deum
3617 2491 3708 2530 au-

2125 2591 2232 2638 tem
2257 2590 2695 2650 unamquamque
2729 2590 2828 2645 pro
2855 2574 3069 2628 meritis
3097 2586 3294 2627 ornare
3326 2569 3604 2624 volentem
3631 2566 3708 2621 vel

2124 2672 2700 2738 ulcisci,diversitates
2725 2669 2990 2724 mentium
3021 2667 3071 2720 in
3098 2665 3262 2720 unius
3295 2661 3485 2716 mundi
3511 2673 3706 2716 conso-

2124 2765 2366 2821 nantiam
2388 2763 2618 2818 traxisse
2642 2802 2658 2829 ,
2681 2760 2760 2815 sic
2781 2769 3039 2828 tanquam
3058 2757 3111 2811 in
3128 2771 3290 2810 unam
3311 2753 3537 2808 domum
3561 2793 3576 2815 ,
3594 2764 3708 2820 qua:

2127 2856 2273 2912 vasis
2321 2854 2504 2909 aureis
2525 2893 2542 2918 ,
2569 2853 2844 2923 argenteis
2885 2859 2940 2905 et
2984 2848 3240 2903 fictilibus
3267 2843 3578 2900 instruitur.
3603 2860 3622 2893 t
3646 2842 3707 2896 Et

2124 2946 2226 3002 bas
2253 2959 2481 3012 causas,
2526 2941 2745 3012 inquit,
2795 2951 2854 2995 ut
2904 2955 3005 3010 ego
3039 2938 3305 2998 arbitror,
3342 2934 3579 2988 mundus
3615 2932 3708 2986 iste

2128 3054 2242 3096 suae
2280 3036 2610 3092 diversitatis
2641 3035 2875 3103 accepit,
2911 3033 3035 3088 dum
3067 3040 3512 3097 unumquemque
3533 3023 3710 3078 divina

2129 3127 2469 3200 providentia
2498 3141 2595 3198 pro
2624 3125 2890 3179 varietate
2923 3131 3164 3176 motuum
3199 3133 3448 3181 suorum,
3479 3115 3567 3169 vel
3595 3113 3715 3168 ani—

2132 3235 2378 3282 morum,
2418 3217 2805 3287 propositoque
2851 3214 3147 3283 dispensat.
3181 3231 3199 3265 t
3242 3210 3516 3277 Quocirca
3569 3218 3714 3263 tome

2135 3327 2225 3366 th
2259 3313 2314 3365 in
2337 3309 2527 3377 Joau.,
2557 3325 2711 3364 num.
2745 3310 2799 3371 5,
2824 3317 2880 3363 et
2909 3307 3088 3370 capite
3116 3305 3150 3359 5
3185 3304 3304 3358 libri
3337 3318 3402 3359 ιιι
3437 3302 3581 3370 Περὶ
3616 3301 3716 3368 ἁρ-

2132 3404 2277 3476 χῶν,
2333 3419 2480 3460 num.
2523 3403 2577 3468 5,
2635 3401 2888 3456 observat
2932 3399 3260 3454 creationem
3321 3396 3514 3449 mundi
3577 3395 3714 3460 amid

2133 3498 2429 3568 scriptores
2475 3507 2660 3550 saeros
2703 3506 2842 3548 novo
2891 3491 2994 3546 hoc
3042 3499 3098 3544 et
3143 3488 3367 3560 proprio
3411 3486 3718 3555 καταϐολῆς

2135 3589 2354 3644 nomine
2378 3584 2713 3656 nuncupari,
2753 3583 2881 3653 quia
2909 3581 3165 3636 nimirum
3203 3597 3223 3631 ι
3249 3580 3315 3634 de
3343 3577 3718 3645 superioribus

2138 3682 2202 3736 ad
2245 3679 2506 3735 inferiora
2539 3681 2864 3733 descensum
2889 3682 3002 3736 est,
3033 3688 3142 3728 non
3166 3671 3340 3728 solum
3375 3669 3447 3724 ab
3490 3669 3580 3724 bis
3607 3668 3718 3720 ani-

2137 3769 2330 3826 mabus
2378 3782 2498 3838 quae
2548 3767 2600 3822 id
2642 3774 2885 3820 motuum
2920 3777 3149 3818 suorum
3185 3761 3455 3814 varietate
3505 3771 3718 3812 merue-

2137 3872 2264 3919 runt
2288 3902 2305 3926 ,
2355 3876 2542 3927 verum
2579 3869 2633 3914 et
2669 3860 2738 3913 ab
2777 3858 2846 3914 iis
2884 3873 3005 3926 qua:
3042 3856 3109 3911 ad
3146 3855 3307 3910 totius
3335 3852 3530 3906 mnndi
3568 3849 3718 3906 mini-

2140 3931 2364 4008 sterium
2395 3964 2460 4006 ex
2487 3950 2591 4004 illis
2622 3947 2995 4019 superioribus
3025 3953 3078 4002 et
3111 3943 3483 4000 invisibilibus
3511 3942 3583 3995 ad
3614 3941 3716 3994 lues

2138 4043 2398 4099 inferiora
2447 4050 2503 4096 et
2534 4039 2766 4096 visibilia
2807 4039 3048 4095 deductae
3096 4046 3264 4099 sunt,
3314 4035 3445 4089 licet
3482 4048 3594 4087 non
3637 4045 3716 4084 vo-

2139 4135 2355 4201 lentes;
2406 4133 2628 4188 vanitati
2674 4131 2863 4200 quippe
2908 4127 3446 4196 creaturalsubjecta
3495 4134 3576 4178 est
3627 4135 3715 4175 nos

2139 4229 2335 4292 volens,
2364 4227 2456 4280 sed
2478 4233 2690 4294 propter
2709 4239 2827 4278 eum
2849 4221 2938 4290 qui
2962 4219 3174 4288 subjecit
3200 4234 3313 4272 eam
3336 4218 3390 4269 in
3414 4232 3506 4284 spe
3536 4216 3606 4279 ⁸³,
3623 4225 3713 4282 qua

2095 4339 2098 4344 ·
2140 4319 2228 4374 vel
2271 4318 2372 4386 sol,
2421 4317 2505 4372 vel
2551 4317 2701 4384 luna,
2743 4315 2828 4370 vel
2856 4313 3044 4378 stellae,
3083 4311 3162 4365 vel
3211 4308 3388 4378 angeli
3442 4306 3716 4374 explerent

2139 4411 2461 4481 obsequium
2495 4408 2696 4463 mundo
2720 4449 2735 4472 ,
2769 4415 2823 4462 et
2850 4405 2938 4460 bis
2963 4403 3250 4458 animabus
3277 4414 3401 4470 qua:
3428 4399 3500 4453 ob
3534 4396 3714 4451 nimios

2145 4502 2396 4558 delectus
2443 4487 2643 4558 mentis
2686 4497 3047 4554 crassioribus
3092 4492 3214 4548 istis
3265 4498 3321 4546 et
3373 4485 3710 4544 solidioribus

2069 4619 2115 4674 ι)
2145 4591 2426 4664 indiguere
2470 4591 2822 4662 corporibus,
2874 4598 2931 4644 et
2982 4594 3201 4658 propter
3241 4597 3337 4645 eos
3379 4581 3583 4674 quibus

2146 4693 2265 4738 erat
2293 4684 2664 4738 necessarium
2689 4723 2706 4748 ,
2754 4679 2990 4735 mundus
3035 4676 3140 4731 iste
3178 4674 3340 4728 etiam
3371 4669 3612 4725 visibilis
3644 4668 3711 4720 in-

2147 4778 2371 4832 stitutus
2404 4787 2508 4832 est.
2541 4796 2558 4829 ι
2592 4775 2656 4829 Et
2682 4791 2806 4829 mox
2834 4792 2848 4830 :
2885 4792 2902 4825 ι
2928 4771 3112 4826 Talem
3143 4783 3270 4824 vero
3293 4781 3358 4820 ac
3381 4774 3594 4819 tantum
3626 4776 3710 4831 ptio

2150 4871 2378 4926 tandum
2416 4879 2502 4924 est
2547 4868 2751 4923 factum
2793 4881 2912 4922 esse
2958 4864 3250 4924 mundum,
3289 4858 3383 4929 qui
3419 4857 3506 4911 vel
3540 4865 3707 4910 omnes

2149 4977 2244 5018 eas
2277 4963 2510 5028 animas,
2542 4975 2662 5030 qua:
2690 4959 2741 5012 in
2786 4957 2891 5012 hoc
2933 4955 3133 5011 mundo
3167 4961 3383 5007 statuta:
3412 4957 3544 5004 sunt
3568 4961 3705 5002 exer-

2146 5053 2281 5120 ceri,
2321 5062 2563 5121 caperet,
2600 5051 2682 5106 vel
2722 5062 2910 5104 omnes
2954 5061 3048 5102 eas
3095 5044 3322 5100 virtutes
3369 5056 3493 5110 qua:
3536 5039 3707 5094 adesse

2145 5145 2247 5210 eis,
2297 5153 2353 5198 et
2405 5143 2722 5212 dispensare
2771 5155 2866 5195 eas
2917 5152 2980 5194 ac
3026 5137 3221 5207 iuvare
3278 5141 3486 5204 parata:
3521 5136 3699 5186 ευιιι.»

2144 5231 2324 5302 Atque
2368 5231 2484 5287 haec
2530 5231 2646 5301 ipsa
2688 5229 2804 5285 loca
2835 5228 3100 5283 librorum
3130 5223 3270 5292 Περὶ
3305 5219 3513 5291 ἀρχῶν
3540 5228 3704 5287 repre-

2152 5321 2431 5381 bensionis
2480 5336 2643 5393 causa
2674 5320 2881 5391 profert
2919 5318 3285 5388 Hieronymus
3325 5314 3488 5382 epist.
3521 5310 3612 5372 59,
3648 5304 3703 5358 ad

2148 5419 2322 5485 Avit.,
2362 5434 2484 5490 cap.
2505 5419 2541 5472 2
2564 5427 2618 5472 et
2639 5416 2693 5470 5.
2723 5414 2845 5469 Alia
2879 5422 3140 5484 praeterea
3168 5410 3276 5464 duo
3299 5422 3330 5462 e
3362 5406 3500 5459 libro
3523 5418 3554 5457 ιι
3585 5394 3703 5464 Περὶ

2150 5511 2372 5584 ἀρχῶν,
2424 5528 2544 5582 cap.
2573 5512 2626 5577 Ι,
2668 5527 2816 5564 num.
2851 5509 2903 5575 l,
2957 5515 3011 5562 et
3061 5519 3092 5561 e
3131 5504 3225 5560 lib.
3258 5519 3310 5558 Iv
3350 5500 3516 5557 refert
3558 5495 3702 5554 Justi-

2151 5608 2345 5663 nianus
2393 5606 2459 5660 ad
2516 5604 2720 5659 calcem
2769 5599 3012 5668 epistolae
3059 5599 3124 5652 ad
3163 5595 3420 5660 Menam,
3470 5607 3583 5658 qua
3613 5588 3701 5641 huc

2152 5698 2446 5754 inseruisse
2476 5709 2868 5766 supervacuum
2908 5705 3012 5746 non
3066 5688 3250 5744 fuerit.
3289 5684 3448 5740 Prior
3481 5683 3564 5738 hic
3593 5686 3695 5733 est:

2153 5787 2308 5841 Οὕτω
2340 5786 2404 5858 δὴ
2437 5783 2825 5840 ποικιλωτάτου
2865 5781 3070 5852 κόσμου
3099 5776 3454 5848 τυγχάνοντος
3475 5813 3490 5836 ,
3519 5768 3604 5825 καὶ
3628 5781 3697 5818 το-
