3914 6536
202 448 323 505 ίῡιθ

994 450 1574 511 ORIGENIANORUM
1618 458 1747 516 LIB.
1790 459 1854 527 ll,
1894 462 2047 520 CAP.
2089 460 2153 531 Il,
2194 467 2470 534 ρυΑεετ.
2514 471 2627 526 XII.

3292 480 3430 536 1050

203 571 355 626 ταῦτα
391 568 624 639 διάφορα
654 570 845 640 λογικὰ
877 573 1253 644 περιέχοντος,
1287 576 1340 630 τί
1368 577 1496 633 ἄλλο
1530 580 1635 653 χρὴ
1676 581 1749 636 λέ-

1856 586 2042 641 dicunt
2087 603 2362 658 peccasse,
2403 604 2457 645 et
2503 610 2599 663 pro
2629 594 2949 652 diversitate
2992 613 3332 668 peccatorum
3365 605 3430 661 de

200 683 299 733 γειν
318 662 483 716 αἴτιον
511 662 791 731 γεγονέναι
820 664 914 718 τοῦ
943 667 1241 738 ὑποστῆναι
1273 670 1455 735 αὐτὸν,
1493 672 1525 743 ἢ
1559 673 1619 725 τὸ
1644 691 1755 727 ποι-

198 758 326 812 κίλον
366 755 459 824 τῆς
497 754 870 820 ἀωπτώὰἑως
910 756 1018 810 τῶν
1058 759 1156 828 οὐχ
1193 759 1393 830 ὁμοίως
1429 763 1529 833 τῆς
1569 764 1754 828 ὲνάδος

200 846 555 919 ἀπορρεόντων
579 864 592 877 -
630 866 649 899 ι
675 846 750 901 Ita
780 864 903 902 cum
942 865 1152 905 summa
1194 852 1512 909 diversitate
1539 869 1751 912 constet

200 940 442 1003 mundus,
498 947 689 1007 totque
724 939 966 995 diversas
1011 942 1285 997 contineat
1328 945 1622 1003 rationales
1656 964 1751 1003 na-

199 1042 361 1093 turas,
399 1044 519 1099 quas
567 1028 672 1083 alia
718 1045 881 1085 causa
913 1032 1138 1087 dicenda
1184 1042 1269 1088 est
1321 1049 1419 1089 cur
1466 1039 1750 1101 subsistat,

200 1139 335 1195 quam
358 1122 540 1177 varios
567 1122 849 1177 decidendi
876 1124 1085 1189 modos,
1117 1140 1305 1181 eorum
1329 1128 1421 1197 qui
1446 1130 1515 1184 ab
1540 1130 1751 1186 unitate

199 1213 417 1270 similiter
440 1228 546 1267 non
568 1213 877 1268 deﬂuunt?»
908 1215 1056 1270 Alter
1080 1217 1150 1272 ita
1180 1232 1238 1273 se
1266 1218 1425 1273 habet
1460 1238 1472 1273 :
1513 1221 1747 1293 Ἀνάγκη

201 1307 261 1376 μὴ
297 1305 709 1377 προηγουμένην
748 1306 1035 1375 τυγχάνειν
1066 1307 1166 1379 τὴν
1199 1309 1309 1363 τῶν
1353 1312 1619 1381 σωμάτων
1652 1313 1751 1383 φύ-

199 1414 300 1461 σιν,
350 1396 484 1452 ἀλλά
538 1399 602 1450 ὲκ
662 1398 1065 1469 διαλειμμάτων
1114 1402 1438 1469 ὑφίστασθαι
1491 1404 1580 1457 διά
1628 1423 1749 1459 τινα

199 1488 547 1561 συμπτώματα
576 1492 835 1563 γινόμενα
866 1494 995 1567 περὶ
1027 1495 1095 1547 τὰ
1122 1494 1335 1563 λογικὰ,
1370 1497 1597 1568 δεόμενα
1655 1517 1751 1553 σω⁹

200 1582 377 1651 μᾶτων.
424 1600 443 1633 ι
478 1581 709 1639 Necesse
740 1593 824 1639 est
864 1600 970 1640 non
1027 1588 1416 1654 prmexstitisse
1463 1605 1747 1658 corporum

198 1686 439 1737 naturam,
476 1676 571 1729 sed
620 1690 717 1743 per
748 1676 1035 1731 intervalla
1080 1677 1378 1733 subsistere
1402 1692 1622 1750 propter
1652 1683 1750 1735 ali-

196 1768 309 1836 quos
333 1782 491 1822 casus
522 1768 614 1836 qui
652 1768 976 1837 contingunt
1004 1769 1215 1824 naturis
1246 1771 1459 1827 ratione
1487 1772 1745 1843 praeditis,

195 1867 235 1911 et
266 1873 375 1923 qua:
402 1858 725 1927 corporibus
757 1859 1019 1927 indigent.
1048 1879 1067 1912 ι

1854 679 2008 734 caelis
2043 698 2213 751 usque
2242 685 2304 737 ad
2338 694 2510 741 terras
2542 687 2742 755 lapsas,
2771 690 2983 746 diversa
3013 708 3239 761 corpora
3275 700 3429 765 quasi

1854 771 2063 826 vincula
2128 776 2416 843 meruisse,
2474 792 2646 847 eaque
2696 795 2858 836 causa
2911 784 3169 838 mundum
3229 788 3428 843 laetum

1855 860 2040 916 fuisse.
2072 881 2090 915 ι
2143 864 2271 931 Quae
2313 865 2427 922 fere
2472 869 2751 934 αὖτολεξεὶ
2800 874 2995 943 repetit
3024 873 3294 931 Ilonorius
3322 879 3430 933 Au-

1852 954 2265 1022 gustoduncnsis
2304 958 2355 1011 in
2393 958 2531 1014 libro
2572 961 2650 1014 De
2687 963 2998 1018 Ιιιενειὶὁιιε.
3064 964 3307 1036 Denique
3359 969 3419 1026 S.

1852 1042 2092 1099 Thomas
2126 1046 2386 1101 adversus
2416 1050 2660 1104 eamdem
2693 1054 3005 1121 opinionem
3043 1054 3136 1112 lib.
3166 1072 3203 1111 Il
3243 1058 3426 1116 Contr.

1853 1135 2058 1202 gemiL,
2089 1150 2209 1205 cap.
2239 1135 2330 1200 44,
2367 1140 2636 1194 acerrime
2670 1142 2931 1198 decertat.

1922 1225 2187 1292 Quoniam
2244 1238 2428 1284 autem
2486 1232 2560 1286 ita
2623 1248 2744 1288 cum
2802 1240 3250 1295 antecedentibus
3302 1257 3429 1297 con-

1847 1316 2029 1386 juncta
2079 1330 2182 1386 εει,
2235 1332 2296 1377 ιιι
2349 1337 2471 1391 quae
2517 1324 2583 1380 ad
2629 1328 2877 1383 tuendam
2924 1330 3171 1402 Origenis
3205 1348 3424 1389 causam

1850 1423 2011 1478 supra
2053 1412 2355 1480 attulimus,
2411 1416 2501 1470 hic
2549 1431 2764 1486 quoque
2819 1419 2994 1475 valere
3042 1423 3270 1492 possint,
3300 1423 3428 1493 quid

1849 1502 2042 1556 attinet
2083 1504 2233 1571 plura
2272 1508 2622 1577 conquirere;
2673 1525 2794 1564 cum
2844 1514 3140 1580 prmsertim
3168 1513 3431 1587 Ilieruny-

1850 1605 1994 1655 mus,
2036 1604 2323 1662 postquam
2352 1610 2475 1664 cap.
2515 1599 2563 1663 I,
2598 1600 2754 1665 epist.
2778 1599 2867 1667 59,
2906 1601 2971 1656 ad
3001 1604 3248 1668 Avitum,
3283 1620 3431 1672 qua:-

1848 1695 2063 1750 cunque
2108 1684 2160 1738 iu
2209 1700 2227 1740 ι
2272 1686 2365 1741 lib.
2404 1688 2544 1757 Περὶ
2580 1689 2782 1757 ἀρχῶν
2824 1690 3081 1748 damnosa
3116 1704 3271 1762 sunt,
3315 1697 3428 1750 eol-

1849 1773 2013 1844 legit,
2068 1775 2212 1831 inter
2255 1793 2376 1847 qua:
2432 1779 2689 1849 frequens
2745 1785 2983 1838 occurrit
3032 1785 3219 1840 isthmc
3265 1800 3429 1856 quam

1850 1876 2149 1924 tractamus
2198 1871 2401 1939 opinio,
2470 1872 2597 1927 talia
2654 1874 2803 1928 illum
2866 1876 3186 1931 denuntiare
3236 1879 3426 1935 dicat:

250 1948 324 2002 III.
364 1949 552 2018 Itaque
589 1950 693 2005 hoc
734 1950 899 2004 etiam
938 1952 1154 2008 nomine
1202 1967 1309 2008 non
1337 1953 1627 2012 Iustiniani
1658 1972 1746 2014 so-
1775 1938 1819 1994 Β
1856 1977 1875 2011 ι
1908 1960 2035 2017 Haec
2060 1962 2215 2029 juxta
2237 1938 2491 2019 nostram
2524 1966 2848 2021 sententiam
2884 1984 2988 2021 non
3018 1968 3127 2022 sint
3153 1971 3428 2039 dogmata,

194 2040 302 2104 lum,
330 2041 422 2096 sed
448 2049 503 2096 et
525 2040 756 2096 aliorum
783 2043 1027 2096 convicia
1056 2044 1226 2098 sensit
1257 2044 1542 2114 Origenes.
1571 2066 1589 2099 ι
1615 2047 1747 2114 Quis

193 2133 448 2203 propheta,
484 2133 662 2202 inquit
683 2132 1009 2203 Theophilus
1040 2134 1233 2191 Pascit.
1261 2153 1299 2204 I,
1335 2140 1534 2194 sentire
1564 2142 1748 2197 docuit

196 2224 502 2296 (Origenem)
539 2234 757 2295 propter
796 2227 1008 2280 ruinam
1047 2237 1103 2283 et
1146 2228 1329 2300 lapsus
1356 2231 1421 2286 de
1455 2233 1609 2287 cwlis
1630 2233 1749 2288 ani-

194 2331 377 2370 marum
397 2356 412 2381 ,
442 2316 610 2371 Deum
654 2330 774 2370 esse
806 2317 1145 2387 compulsum
1173 2334 1400 2390 corpora
1432 2321 1746 2379 fabricare?

195 2408 476 2478 Quisjuxta
514 2407 733 2463 beatum
767 2407 996 2475 Lucam,
1028 2426 1220 2467 eorum
1263 2416 1352 2483 qui
1383 2415 1651 2478 viderunt,
1692 2426 1748 2471 et

193 2501 402 2557 ministri
441 2501 660 2556 fuerunt
694 2501 971 2557 sermonis
999 2502 1118 2569 Dei,
1154 2505 1279 2560 huic
1310 2506 1529 2561 tradidit
1557 2509 1623 2563 ad
1651 2509 1748 2564 do-

193 2593 415 2659 cendum,
460 2592 793 2665 negligentia
815 2601 870 2647 et
901 2602 1074 2660 motu,
1103 2606 1159 2651 et
1197 2596 1341 2651 ﬂuxu
1374 2599 1440 2653 de
1466 2598 1747 2657 altioribus

194 2687 568 2742 rationabilium
588 2697 983 2754 creaturarum,
1000 2702 1353 2759 provocatum
1376 2692 1540 2749 Deum
1563 2696 1744 2750 tnundi

192 2782 326 2852 hujus
352 2783 585 2838 condere
609 2784 1055 2839 diversitatem?»
1093 2785 1157 2840 Et
1191 2789 1536 2857 postmodum
1569 2805 1585 2843 :
1617 2790 1742 2844 «ῡί-

194 2875 254 2927 cit
290 2876 431 2929 enim
484 2883 713 2946 propter
744 2886 967 2946 peccata
1017 2878 1434 2948 intelligibilium
1470 2893 1745 2935 creatura-

193 2983 289 3021 rum
322 2972 580 3023 mundum
616 2984 742 3026 esse
773 2972 1023 3041 coepisse.
1050 2990 1071 3025 ι
1112 2971 1473 3044 Hieronymus
1498 2976 1550 3027 in
1575 2974 1742 3039 Epist.

193 3062 247 3113 ad
274 3059 457 3131 Ephes.
490 3078 529 3126 I,
551 3062 608 3128 ι,
645 3079 751 3119 non
782 3079 1040 3134 expresso
1069 3064 1318 3135 Origenis
1354 3067 1590 3133 nomine,
1621 3082 1746 3121 sen-

194 3152 394 3205 tentiam
425 3152 594 3221 ipsius
636 3154 899 3225 exponit:
932 3174 951 3205 ι
982 3154 1133 3210 Alius
1166 3155 1331 3223 dicit,
1369 3156 1583 3227 inquit,
1614 3167 1742 3212 ante

191 3240 411 3297 visibiles
437 3252 728 3299 creaturas
756 3245 981 3311 caelum,
1008 3254 1230 3313 terram,
1256 3248 1447 3314 maria,
1481 3258 1535 3302 et
1562 3250 1740 3303 omnia

191 3347 292 3402 quae
324 3336 465 3389 intra
509 3351 575 3391 ea
610 3344 759 3403 sunt,
803 3337 973 3392 fuisse
1019 3337 1154 3392 alias
1194 3338 1495 3396 invisibiles
1529 3351 1743 3395 creatu-

191 3438 284 3493 ras,
330 3428 381 3482 in
415 3430 612 3500 quibus
646 3429 963 3495 et'animas,
999 3447 1117 3500 quae
1148 3432 1216 3486 ob
1248 3432 1510 3500 quasdam
1553 3448 1746 3487 causas

192 3519 273 3573 soli
294 3520 398 3575 Deo
419 3530 577 3577 notas
606 3521 827 3591 dejectze
850 3524 958 3578 sint
996 3523 1248 3579 deorsum
1274 3526 1325 3579 in
1350 3526 1544 3592 vallem
1579 3527 1738 3581 istam

195 3610 531 3683 Iacrymarum
554 3650 571 3668 .
597 3653 611 3669 .
639 3651 654 3667 .
674 3655 688 3670 .
746 3614 930 3684 Itaque
988 3616 1302 3684 priusquam
1366 3618 1559 3671 anima:
1583 3656 1599 3682 ,
1661 3616 1745 3670 in-

193 3702 382 3771 quiunt,
415 3704 887 3773 praecipitarentur
911 3705 964 3758 in
1004 3706 1284 3772 mundum,
1313 3716 1366 3761 et
1413 3710 1647 3763 mundus
1679 3724 1746 3763 ex

196 3796 454 3851 animabus
501 3797 689 3863 fieret,
726 3813 849 3852 cum
907 3797 1321 3856 habitatricibus
1364 3802 1478 3857 suis
1525 3802 1576 3856 in
1626 3802 1747 3856 inli-

198 3900 323 3940 mum
368 3887 481 3956 ipse
530 3888 819 3956 dejectus,
868 3889 1031 3958 elegit
1081 3890 1306 3945 Paulum
1354 3893 1514 3948 Deus.
1545 3913 1564 3946 ι
1620 3894 1749 3959 Qum

196 3980 419 4045 quamvis
452 3995 520 4035 ex
557 3980 784 4035 alterius
825 3982 1078 4051 opinione
1111 3984 1501 4049 recitata-siut,
1552 3985 1635 4039 his
1666 3996 1741 4038 ta,

199 4083 303 4122 men
354 4072 694 4127 consensisse
738 4070 1125 4143 Hieronymum
1180 4076 1460 4129 contendit
1522 4076 1748 4131 Rulinus

198 4157 370 4215 Incect.
406 4178 444 4226 t,
475 4163 570 4218 sed
594 4162 920 4218 calumniam
952 4179 983 4217 a
1024 4179 1083 4219 se
1124 4174 1368 4219 removet
1396 4165 1750 4235 Iliemnymus

199 4253 281 4309 lib.
311 4271 326 4309 ι
353 4256 573 4326 Apolog.
624 4258 677 4309 in
720 4255 939 4326 Ruﬁn.,
988 4272 1107 4324 cap.
1141 4258 1194 4312 6.
1257 4258 1588 4328 Augustinus
1625 4273 1751 4312 vero

199 4343 282 4400 lib.
306 4363 355 4401 ιι
384 4347 458 4402 De
480 4349 629 4403 civit.
659 4348 778 4414 Dei,
821 4364 945 4420 cap.
979 4350 1072 4416 23,
1107 4349 1393 4419 Origenem
1437 4350 1750 4405 nominatim

200 4438 415 4494 adoritur
448 4460 461 4495 :
499 4460 519 4492 ‹
550 4441 776 4496 Animas
801 4442 1007 4509 dicunt,
1045 4459 1151 4497 non
1179 4442 1397 4513 quidem
1432 4452 1611 4513 partes
1637 4442 1749 4508 Dei,

200 4532 280 4587 sed
311 4533 481 4588 factas
516 4549 548 4587 a
584 4534 695 4589 Deo
742 4549 997 4603 peccasse
1026 4551 1055 4590 a
1079 4535 1373 4591 Conditore
1408 4536 1748 4601 recedendo;

200 4633 248 4713 at
269 4626 489 4713 diversis
510 4628 905 4696 fprogressibus
933 4643 1027 4698 pro
1061 4628 1375 4683 diversitate
1407 4640 1748 4699 peccatorum

202 4697 393 4775 a'cmlis
414 4697 594 4790 usque
634 4721 704 4775 ad
733 4697 1165 4785 terras,idiversa
1190 4736 1417 4791 corpora
1447 4725 1599 4792 quasi
1637 4720 1753 4777 vin;

200 4811 304 4865 cula
333 4814 620 4868 meruisse.
654 4812 722 4866 Et
755 4812 896 4866 lumc
920 4826 1040 4867 esse
1070 4812 1349 4877 mundum,
1377 4828 1601 4882 eamque
1626 4828 1754 4867 cau-

200 4916 294 4956 sam
314 4905 495 4960 mundi
523 4902 692 4959 fuisse
715 4898 971 4966 faciendi,
997 4917 1101 4957 non
1125 4911 1184 4956 ut
1205 4904 1567 4957 conderentur
1590 4904 1751 4970 bona,

200 4994 278 5047 sed
324 5005 382 5049 ut
448 4994 590 5051 mala
650 4994 1057 5049 cobiberentur.
1132 4992 1269 5050 Ilinc
1317 4994 1576 5063 Origenes
1632 4994 1756 5064 jure

199 5084 453 5156 culpatur;
514 5088 569 5142 in
621 5087 778 5143 libris
831 5085 975 5141 enim
1027 5100 1165 5155 quos
1210 5086 1446 5156 appellat
1476 5086 1615 5153 Περὶ
1647 5088 1754 5154 ἀρ-

198 5178 321 5245 χῶν,
354 5180 403 5235 id
422 5189 530 5246 est,
555 5180 628 5235 De
645 5179 940 5248 principiis,
979 5178 1084 5234 hoc
1107 5180 1295 5243 sensit,
1328 5179 1429 5233 hoc
1458 5179 1693 5248 scripsit.
1727 5196 1747 5232 ι

199 5271 353 5341 Atque
385 5275 503 5330 haec
534 5273 711 5328 valide
750 5273 1091 5342 postmodum
1131 5281 1426 5343 Oppugnat.
1471 5270 1756 5339 Oppnguat

200 5363 341 5419 etiam
374 5381 495 5421 cum
533 5365 687 5432 alibi,
719 5373 830 5419 tum
861 5365 1096 5420 maxime
1136 5364 1276 5421 libro
1318 5376 1501 5417 contra
1530 5362 1755 5416 Priscil-

203 5451 422 5511 iianistas
454 5467 509 5511 et
544 5455 896 5526 Origenistas,
937 5471 1058 5526 cap.
1086 5456 1141 5520 8,
1189 5470 1312 5510 cum
1343 5454 1648 5522 scripsisset
1693 5452 1759 5505 ad

200 5557 303 5597 eum
330 5544 557 5602 Orosius
611 5547 665 5599 in
703 5545 1139 5612 Commonitorio,
1189 5546 1242 5603 id
1284 5559 1407 5600 esse
1439 5543 1761 5613 Origeuistis

201 5635 496 5702 quibusdam
532 5652 891 5709 persuasum,
915 5640 952 5688 ἰ
987 5637 1242 5692 Mundum
1287 5636 1583 5691 novissime
1638 5635 1759 5689 ideo

200 5738 301 5781 esse
329 5728 551 5794 factum,
596 5737 650 5782 ut
683 5729 735 5782 in
761 5743 825 5783 eo
850 5729 1042 5785 anima:
1074 5738 1455 5801 purgarentur,
1485 5742 1603 5797 qum
1631 5735 1759 5782 ante

199 5830 564 5885 peccaverunt.
597 5838 617 5872 ι
652 5819 888 5876 Isidorus
948 5821 1041 5879 lib.
1090 5837 1186 5878 vut
1241 5821 1472 5892 0rigin.,
1509 5835 1629 5890 cap.
1674 5820 1753 5875 5:

210 5910 586 5984 oOrigeniani,
627 5914 822 5984 inquit,
880 5915 1087 5973 animas
1141 5916 1193 5973 in
1252 5915 1436 5973 mundi
1489 5914 1754 5985 principio

1850 2054 1943 2108 sed
1968 2054 2196 2123 quaesita
2235 2066 2469 2123 tantum,
2498 2067 2661 2126 atque
2694 2060 2956 2129 projecta,
2992 2076 3058 2115 ne
3102 2062 3316 2129 penitus
3346 2061 3431 2116 in-

1848 2151 2083 2198 tractata
2113 2145 2428 2201 viderentur
2454 2147 2477 2201 ?
2505 2165 2525 2199 ι

1918 2236 2005 2291 IV.
2037 2255 2055 2287 ι
2085 2238 2203 2293 Jam
2223 2254 2353 2294 sane
2387 2240 2638 2310 quoniam
2661 2239 2906 2297 diversos
2933 2253 3109 2298 motus
3137 2242 3433 2300 rationabi-

1847 2328 1978 2383 lium
2013 2340 2409 2396 creaturarum,
2440 2332 2731 2403 variasque
2759 2335 3056 2389 sententias
3082 2350 3301 2390 causam
3334 2334 3433 2391 de-

1849 2420 1995 2475 disse
2036 2421 2364 2477 dit-ersitatis
2430 2424 2631 2478 mundo
2681 2426 2843 2488 huic,
2896 2440 3076 2481 sermo
3132 2426 3430 2495 superioris

1850 2512 2233 2582 disputationis
2277 2516 2533 2580 ostendit,
2578 2516 2873 2572 videndum
2926 2532 2994 2572 ne
3045 2517 3189 2573 forte
3236 2518 3431 2574 similis

1852 2603 2007 2660 initio
2032 2606 2214 2661 exitus
2239 2622 2456 2677 quoque
2482 2608 2608 2663 huic
2632 2609 2834 2664 mundo
2858 2611 3165 2665 conveniat.
3199 2609 3430 2664 Dubium

1849 2700 1993 2753 enim
2035 2715 2140 2754 nou
2179 2709 2265 2755 est
2290 2700 2420 2770 quin
2459 2701 2582 2757 finis
2616 2701 2785 2771 ipsius
2818 2702 2872 2757 in
2905 2702 3226 2759 diversitate
3260 2702 3431 2758 mult:

1848 2791 2022 2845 adhuc
2066 2801 2121 2845 et
2169 2792 2431 2847 varietate
2494 2794 2848 2864 reperiendus
2909 2795 3196 2865 sit;,quaa
3246 2797 3433 2866 utique

1851 2881 2086 2935 varietas
2133 2882 2186 2937 in
2242 2883 2403 2954 hujus
2459 2885 2645 2939 mundi
2692 2886 2797 2941 line
2842 2886 3181 2958 deprehensa
3238 2902 3432 2943 causas

1849 2986 2041 3027 rursus
2064 2973 2439 3031 diversitatum
2467 2978 2691 3033 alterius
2719 2980 2905 3034 mundi
2936 2990 3059 3049 post
3087 2981 3231 3034 hunc
3263 2979 3433 3037 futuri

1846 3064 2273 3135 occasionesque
2342 3069 2720 3137 praestabit,»
2786 3070 2928 3139 quod
2993 3070 3205 3125 scilicet
3268 3070 3432 3141 hujus

1848 3155 2032 3209 mundi
2068 3156 2191 3212 linis
2223 3159 2434 3212 iuitiutu
2470 3161 2540 3214 sit
2582 3159 2771 3215 futuri.
2813 3160 2989 3216 Verba
3021 3172 3148 3216 sunt
3181 3160 3433 3232 Origenis

1848 3246 1945 3305 lib.
1978 3265 2014 3302 ιι
2066 3249 2209 3317 Περὶ
2270 3250 2510 3319 ἀρχῶν,
2566 3266 2685 3321 cap.
2720 3251 2774 3319 I,
2831 3268 2981 3308 num.
3018 3254 3073 3319 3,
3133 3256 3431 3324 superioris

1847 3338 2055 3407 quaesiti
2092 3355 2212 3391 cum
2246 3339 2422 3395 istltoc
2444 3380 2459 3405 ,
2496 3342 2641 3410 quod
2674 3340 2777 3396 hoc
2811 3341 2930 3397 loco
2965 3342 3124 3398 nobis
3146 3344 3431 3399 excutien-

1848 3431 1972 3483 dum
2000 3431 2401 3499 proposuimus,
2433 3433 2828 3487 connex‘ionem
2859 3432 3213 3489 declarantis.
3248 3455 3266 3486 ι
3294 3433 3430 3491 Pos-

1848 3521 2001 3577 sibile
2053 3524 2196 3577 enim
2247 3522 2478 3591 videtur,
2538 3524 2713 3593 inquit
2766 3525 2860 3579 lib.
2891 3541 2929 3580 ιι
3018 3527 3158 3594 Περὶ
3206 3525 3430 3596 ἀρχῶν,

1850 3627 1970 3681 cap.
1992 3612 2061 3677 3,
2096 3628 2247 3666 num.
2276 3613 2310 3666 5
2332 3653 2348 3678 ,
2390 3624 2448 3667 ιιι
2494 3614 2845 3672 rationabiles
2886 3625 3094 3671 naturae
3120 3657 3136 3681 ,
3172 3633 3200 3671 a
3235 3618 3431 3687 quibus

1852 3720 2129 3773 nunquam
2178 3702 2426 3758 aufertur
2471 3705 2629 3761 liberi
2670 3705 2897 3762 facultas
2941 3708 3191 3773 arbitrii,
3224 3709 3438 3779 possint

1853 3795 2050 3848 iterum
2079 3796 2353 3864 aliquibus
2383 3797 2622 3852 motibus
2651 3800 2939 3868 subjacere
2963 3839 2979 3854 .
3008 3836 3023 3854 .
3049 3838 3064 3853 .
3086 3838 3104 3855 .
3140 3801 3292 3867 Quos
3326 3814 3437 3855 mo-

1855 3898 1939 3942 tus
1976 3891 2091 3943 sine
2124 3890 2286 3943 dubio
2324 3906 2538 3944 rursum
2574 3891 2818 3946 varietas
2848 3906 3137 3960 corporqu
3171 3903 3225 3948 et
3256 3891 3435 3948 diver-

1853 3980 1984 4033 sitas
2014 3990 2412 4049 prosequetur,
2444 3996 2511 4034 ex
2556 3997 2662 4050 qua
2696 3984 2928 4036 mundus
2961 3997 3177 4052 semper
3205 3984 3435 4038 adorna-

1856 4081 1962 4133 tur,
2009 4084 2109 4124 nec
2171 4085 2403 4139 unquam
2439 4071 2644 4139 poterit
2675 4072 2909 4127 mundus
2942 4073 3048 4127 nisi
3081 4074 3340 4129 varietate
3371 4089 3436 4130 ac

1854 4163 2170 4216 diversitate
2203 4172 2474 4228 constare,
2508 4163 2650 4231 quod
2680 4162 2816 4217 eIlici
2851 4163 2996 4221 nullo
3027 4179 3225 4234 genere
3258 4175 3438 4235 potest

1852 4264 2006 4307 extra
2039 4254 2319 4307 materiam
2350 4254 2717 4322 corporalem.
2756 4273 2774 4306 ι
2816 4255 3088 4311 Doctriuze
3120 4256 3285 4325 igitur
3327 4272 3438 4312 suae

1854 4344 2237 4398 cobwreutiam
2263 4346 2501 4399 servavit
2525 4344 2812 4417 Origenes,
2850 4347 3075 4418 etquod
3108 4363 3172 4403 ex
3208 4350 3433 4420 dogma-

1856 4433 1999 4488 tibus
2032 4434 2145 4488 suis
2178 4433 2318 4489 ellici
2369 4437 2621 4505 putavit,
2679 4437 2733 4491 id
2795 4438 3084 4494 manifesta
3138 4441 3441 4497 assertione

1856 4525 2299 4581 decrevit:nam
2366 4528 2421 4582 in
2483 4529 2875 4598 sequentibus,
2944 4531 3247 4602 repudiatis
3300 4547 3440 4588 non-

1858 4619 2042 4686 nullis,
2086 4621 2178 4689 qui
2210 4620 2408 4676 mundo
2442 4620 2570 4676 huic
2595 4636 2754 4692 pares
2782 4636 3178 4692 usquequaque
3203 4625 3440 4681 mundos

1858 4728 1922 4767 ac
1951 4714 2264 4769 consimiles
2313 4714 2367 4767 in
2411 4712 2607 4771 futuris
2647 4715 2862 4770 saaculis
2889 4715 3186 4770 continenti
3228 4731 3443 4771 succes-

1860 4807 2012 4861 sione
2037 4808 2345 4877 prodituros
2374 4806 2738 4876 aﬂirmabant,
2780 4809 2923 4877 quod
2968 4807 3201 4862 libertati
3229 4806 3441 4861 arbitrii

1860 4900 2099 4954 alliceret
2123 4900 2384 4967 ejusmodi
2411 4901 2716 4967 sententia;
2744 4900 2879 4956 alios
2902 4901 3144 4969 quidem,
3169 4901 3261 4955 sed
3285 4900 3443 4969 plane

1862 4991 2105 5047 diversos
2140 4991 2417 5045 conditum
2465 4990 2531 5044 iri
2585 4991 2812 5058 statuit;
2850 5006 2917 5044 an
2960 5001 3139 5044 autem
3172 4989 3443 5058 dignitate

1863 5078 2199 5148 superiores,
2264 5092 2330 5131 an
2395 5077 2711 5141 inferiores,
2785 5075 2871 5130 vel
2934 5075 3169 5145 :equales
3230 5074 3444 5129 nescire

1861 5187 1921 5227 se
1962 5171 2182 5224 fatetur.
2256 5169 2421 5224 Addit
2477 5176 2740 5238 praetcrea
2797 5168 3056 5221 mundum
3114 5166 3291 5233 hunc,
3348 5164 3443 5236 qui

1861 5274 1915 5320 et
1970 5266 2084 5334 ipse
2141 5264 2397 5318 saeculum
2468 5262 2707 5329 dicitur,
2764 5260 3058 5315 multorum
3122 5258 3440 5314 saeculorum

1862 5372 1984 5413 esse
2033 5357 2217 5421 iluem,
2273 5370 2338 5411 ac
2407 5355 2701 5409 multorum
2758 5366 2921 5422 porro
2966 5352 3283 5407 saeculorum
3338 5350 3443 5406 inl-

1864 5448 2169 5519 tiumJSed
2205 5448 2352 5503 velut
2380 5446 2692 5501 dubitanter
2725 5445 2800 5499 ait
2846 5442 3059 5498 tandem
3087 5455 3211 5513 post
3240 5442 3437 5498 multo-

1864 5560 1981 5598 rum
2031 5541 2352 5597 saeculorum
2402 5538 2734 5593 creationem
2768 5547 2823 5592 et
2870 5536 3149 5591 interitum
3179 5575 3194 5601 ,
3234 5532 3441 5605 aliquid

1863 5635 2072 5690 sarculis
2098 5632 2269 5701 majus
2295 5631 2350 5685 in
2380 5629 2622 5685 onmium
2646 5627 2991 5684 restitutione
3025 5627 3266 5683 futurum
3294 5641 3439 5695 esse,

1863 5741 1985 5781 cum
2038 5727 2176 5779 Deus
2231 5722 2335 5778 erit
2379 5723 2564 5777 omnia
2617 5721 2673 5776 in
2724 5719 2998 5776 omnibus.
3048 5719 3211 5776 Libro
3247 5719 3440 5775 deinde

1865 5817 2043 5887 operis
2087 5816 2324 5887 ejusdem
2377 5814 2557 5881 tertio,
2592 5827 2712 5883 cap.
2745 5812 2798 5879 5,
2845 5820 3132 5882 postquam
3177 5810 3437 5867 mundum

1862 5910 2114 5978 coepisse,
2140 5916 2193 5963 et
2234 5906 2578 5963 interiturum
2611 5919 2731 5964 esse
2762 5903 3020 5972 ostendit,
3051 5902 3212 5974 objici
3245 5903 3438 5960 adver-
