3906 6568
462 456 596 514 1051

1735 453 1796 508 P.
1839 445 2158 505 DANIELIS
2195 445 2432 503 IIUETII

3583 441 3734 498 1053

465 592 558 632 sus
598 575 737 630 hanc
783 573 1138 631 assertionem
1168 573 1345 630 solere
1378 572 1586 636 scribit,
1629 587 1779 627 num.
1806 570 1842 625 3
1877 586 1891 624 :
1935 589 1953 621 ι
1981 568 2038 623 Si

2156 567 2232 620 τὸν
2257 565 2366 639 γὰρ
2397 563 2728 637 δημιουργὸν
2775 563 2864 618 διά
2892 581 2952 617 τε
2991 563 3446 634 δημιουργήματα
3474 562 3728 631 ἀνάγκη,

466 666 633 735 cmpit
665 664 894 719 mundus
919 679 990 719 ex.
1015 673 1273 733 tempore,
1303 662 1432 732 quid
1464 671 1593 717 ante
1614 660 1847 716 faciebat
1872 660 2033 724 Deus,

465 768 624 822 quam
661 753 892 808 mundus
930 752 1237 822 inciperet?
1283 751 1521 807 Otiosam
1574 752 1717 807 enim
1752 759 1808 805 et
1846 751 2038 806 immo-

467 844 626 898 bilem
657 844 840 898 dicere
873 852 1125 898 natnram
1158 842 1248 896 Dei
1277 843 1502 912 impium
1543 849 1627 897 est
1654 839 1816 897 simul
1853 851 1908 896 et
1941 841 2038 894 ab-

466 935 710 996 surdum,
746 933 830 988 vel
877 944 1066 1004 putare
1113 934 1261 1004 quod
1313 934 1529 989 bonitas
1567 931 1860 1001 aliquando
1901 931 2040 985 bene

466 1041 574 1080 non
626 1025 837 1090 fecerit,
869 1033 924 1080 et
963 1024 1358 1093 omnipotentia
1397 1023 1693 1093 aliquando
1732 1037 1838 1076 non
1869 1020 2040 1091 egerit

463 1124 826 1186 potentatum.
853 1133 871 1166 ι
914 1113 1090 1180 Atque
1125 1115 1176 1169 id
1216 1116 1429 1170 demum
1458 1113 1717 1184 praeclare
1739 1112 1948 1167 solvere
1980 1125 2038 1167 se

463 1217 619 1278 putat
671 1207 773 1262 hac
820 1208 1222 1276 responsione:
1263 1225 1281 1259 ι
1308 1205 1419 1262 Nos
1467 1221 1596 1261 vero
1647 1211 2040 1273 consequenter

468 1300 913 1369 reSpondebimus
953 1300 1308 1355 observantes
1341 1298 1583 1368 regulam
1607 1296 1848 1366 pietatis,
1877 1304 1932 1351 et
1959 1293 2042 1349 di-

468 1401 676 1454 centes.
713 1393 971 1462 quoniam
1004 1408 1108 1448 non
1160 1403 1288 1447 tunc
1337 1391 1570 1460 primum
1604 1405 1726 1446 cum
1772 1388 2038 1444 visibilem

466 1484 628 1538 istum
661 1484 916 1536 mundum
944 1484 1071 1538 fecit
1100 1483 1264 1549 Deus,
1299 1483 1468 1550 cmpit
1499 1479 1747 1549 operari;
1779 1479 1872 1534 sed
1902 1479 2042 1533 sicut

466 1583 590 1643 post
617 1575 1018 1643 corruptionem
1068 1573 1229 1642 hujus
1256 1574 1364 1626 erit
1403 1573 1546 1627 alius
1587 1571 1838 1636 mundus,
1872 1571 1946 1622 ita
1986 1577 2042 1624 et

466 1676 753 1734 antequam
785 1664 870 1718 hic
899 1673 1062 1728 esset,
1094 1663 1262 1718 fuisse
1293 1663 1430 1717 alios
1451 1661 1747 1717 credimus.
1782 1679 1801 1712 ι
1837 1659 2041 1729 Duplex

469 1753 554 1810 bis
587 1755 974 1810 confirmandis
1023 1755 1245 1810 adhibet
1298 1755 1594 1823 Scriptura:
1649 1753 2038 1817 testimonium,

467 1847 699 1900 alterum
741 1860 810 1900 ex
854 1843 1004 1900 lsaize
1032 1860 1158 1909 va,
1189 1845 1279 1908 17,
1324 1852 1379 1897 et
1419 1859 1565 1909 vat,
1597 1843 1688 1908 22,
1721 1842 1810 1896 ubi
1840 1841 2039 1897 coelum

469 1951 691 2000 novum,
735 1944 789 1990 et
835 1945 1035 1990 terram
1076 1951 1268 1990 novam
1321 1945 1628 1990 creatnrum
1686 1949 1743 1988 se
1801 1932 2044 2004 praedicit

472 2024 655 2080 Deus:
688 2027 917 2080 alterum
949 2042 1012 2081 ex
1043 2027 1253 2080 Eccles.
1293 2043 1331 2093 ι,
1373 2027 1427 2090 9,
1462 2024 1548 2093 10,
1573 2026 1713 2094 quod
1744 2033 1826 2078 est
1860 2023 2044 2093 hujus-

472 2117 616 2172 modi
645 2135 658 2171 :
690 2137 710 2169 ι
738 2117 875 2184 Quid
923 2126 1007 2172 est
1041 2117 1183 2187 quod
1237 2116 1380 2170 fuit?
1426 2117 1598 2186 ipsum
1630 2116 1774 2185 quod
1805 2115 2046 2170 futurum

470 2219 554 2265 est
584 2228 598 2262 :
629 2210 766 2276 Quid
791 2218 876 2263 est
903 2211 1044 2278 quod
1079 2209 1279 2264 factum
1307 2209 1430 2264 est?
1466 2210 1639 2277 ipsum
1667 2209 1812 2278 quod
1843 2209 2047 2264 facien-

471 2303 596 2358 dum
627 2311 728 2356 est.
772 2301 855 2354 Nil
890 2301 988 2355 sub
1035 2301 1149 2355 sole
1183 2316 1416 2366 novum;
1461 2316 1562 2356 nec
1591 2301 1734 2356 valet
1763 2301 2045 2371 quisquam

472 2394 655 2447 dicere
680 2411 693 2446 :
728 2393 867 2448 Ecce
899 2395 1000 2447 hoc
1032 2408 1218 2448 recens
1237 2402 1322 2448 est
1347 2410 1363 2446 :
1383 2392 1496 2462 jam
1521 2393 1664 2448 enim
1693 2395 1969 2462 praecessit
1993 2393 2046 2450 in

471 2485 686 2539 saeculis
735 2501 853 2555 qum
911 2484 1132 2539 fuerunt
1181 2495 1310 2542 ante
1359 2501 1477 2541 nos.
1507 2505 1526 2540 ι
1583 2485 1816 2541 Mundos
1867 2495 2046 2540 autem

473 2579 610 2633 istos
640 2595 745 2632 non
781 2578 963 2648 plures
997 2577 1155 2633 simul
1189 2592 1331 2644 esse,
1365 2580 1456 2634 sed
1481 2588 1740 2648 perpetua
1771 2580 1912 2634 serie
1943 2579 2046 2634 sibi

473 2682 820 2724 successores
861 2669 974 2722 fore
1005 2678 1214 2724 censet.
1249 2670 1426 2739 Atque
1458 2669 1573 2723 haec
1603 2669 1715 2740 ipsa
1753 2672 2048 2740 reprehen-

473 2763 648 2818 sionis
671 2779 833 2818 causa
870 2763 1105 2818 indidem
1144 2766 1415 2818 transtulit
1447 2762 1806 2836 Hieronymus
1841 2765 1895 2819 in
1938 2765 2051 2835 epi-

472 2852 664 2907 stolam
701 2852 787 2916 59,
827 2853 892 2906 ad
924 2853 1102 2919 Avit.,
1153 2868 1272 2924 cap.
1303 2854 1358 2908 3.
1397 2853 1592 2908 Eadem
1626 2868 1788 2923 porro
1817 2863 1900 2908 est
1922 2853 2048 2910 Ori-

475 2943 694 3015 geniani
757 2943 914 3012 hujus
955 2943 1060 2998 loci
1102 2945 1480 3011 ratiocinatio,
1533 2959 1653 3015 quae
1705 2944 1827 2999 libri
1858 2961 1876 2999 ι
1904 2943 2049 3015 Περὶ

470 3033 694 3103 ἀρχῶν,
748 3050 867 3106 cap.
903 3035 970 3103 9.,
1022 3052 1172 3090 num.
1207 3035 1308 3099 10,
1365 3035 1458 3092 ubi
1505 3037 1582 3089 ait
1625 3035 2049 3106 omnipotentem

473 3127 642 3181 Deum
667 3142 820 3192 esse,
858 3128 960 3184 hoc
984 3139 1068 3186 est
1100 3128 1534 3200 παντοκράτορα,
1570 3138 1835 3198 quatenus
1869 3127 2050 3198 aliqua

2137 659 2234 714 καὶ
2262 657 2354 713 τὸν
2386 658 2617 729 ποιητὴν
2642 657 2730 711 διὰ
2753 656 2822 710 τὰ
2847 657 3148 727 ποιήματα,
3174 658 3268 708 καὶ
3293 657 3382 708 τὸν
3415 657 3738 725 παντοκρά-

2136 768 2270 822 τορα
2302 749 2391 803 διὰ
2422 748 2492 802 τὰ
2521 747 2866 819 κρατούμενα
2899 747 3176 816 λέγεσθαι·
3215 745 3429 817 ἀνάγκη
3459 745 3521 812 ἐξ
3553 745 3734 816 ἀρχῆς

2136 843 2276 896 αὐτὰ
2300 840 2405 894 ὑπὸ
2437 840 2529 894 τοῦ
2556 840 2689 894 Θεοῦ
2713 839 3061 910 γεγενῆσθαι,
3095 839 3189 893 καὶ
3219 838 3293 910 μὴ
3333 836 3473 892 εἶναι
3500 838 3729 909 χρόνον,

2138 933 2229 987 ὅτε
2267 932 2368 987 οὐκ
2397 927 2464 1004 ἦν
2504 933 2696 987 ταῦτα..
2757 931 2824 986 Ει
2867 931 3062 986 deinde
3092 949 3107 984 :
3154 931 3314 984 Ἀλλὰ
3345 931 3442 984 καὶ
3470 929 3728 983 ἀλλοιοῦ-

2142 1025 2286 1090 σθαι,
2321 1025 2414 1080 καὶ
2445 1025 2804 1097 μεταϐάλλειν
2827 1025 2918 1078 τὸν
2946 1024 3215 1096 ἄτρεπτον
3237 1025 3332 1078 καὶ
3357 1023 3732 1078 ἀναλλοίωτον

2143 1117 2485 1189 συμϐήσεται
2519 1118 2652 1171 Θεόν
2671 1135 2685 1149 ο
2725 1120 2774 1172 εἱ
2807 1118 2916 1189 γὰρ
2949 1116 3173 1189 ὕστερον
3199 1117 3470 1188 πεποίηκε
3501 1115 3574 1168 τὸ
3601 1115 3730 1178 πᾶν,

2138 1209 2297 1279 δῆλον
2317 1210 2400 1263 ὅτι
2430 1209 2537 1263 ἀπὸ
2567 1209 2660 1262 τοῦ
2688 1209 2761 1280 μὴ
2801 1212 2972 1262 ποιεῖν
3006 1210 3087 1272 εἰς
3120 1208 3181 1262 τὺ
3210 1211 3379 1262 ποιεῖν
3415 1206 3729 1279 μετέϐαλε·

2140 1301 2298 1355 τοῦτο
2340 1302 2398 1355 δὲ
2432 1303 2632 1356 ἄτοπον
2671 1301 2808 1372 μετὰ
2847 1301 2957 1354 τῶν
2991 1301 3432 1373 προειρημένων
3465 1301 3576 1353 οὐκ
3625 1299 3730 1368 ἄρα

2139 1394 2360 1447 δυνατὸν
2411 1392 2590 1461 λέγειν
2642 1393 2714 1466 μὴ
2767 1389 2908 1448 εἶναι
2948 1393 3181 1466 ἄναρχον
3212 1395 3304 1446 καὶ
3341 1391 3623 1446 awan
3653 1390 3729 1458 τῷ

2141 1483 2260 1554 Θεῷ
2299 1485 2360 1538 τὸ
2390 1487 2530 1539 πᾶνα
2572 1503 2590 1537 ι
2614 1484 2668 1541 Si
2709 1501 2813 1541 non
2860 1495 2943 1540 est
2988 1486 3167 1556 opifex
3202 1485 3321 1540 sine
3348 1483 3618 1553 opiﬁciis,
3648 1482 3728 1537 vel

2143 1576 2388 1630 conditor
2437 1578 2556 1630 sine
2601 1591 2660 1631 re
2695 1577 2940 1640 condita,
2993 1592 3168 1645 neque
3199 1575 3580 1646 Omnipotens
3610 1573 3728 1627 sine

2143 1669 2305 1723 rebus
2331 1667 2680 1738 gubernatis;
2712 1683 2836 1721 nam
2862 1667 3112 1737 opiﬁcem
3145 1681 3370 1722 necesse
3389 1675 3483 1722 est
3508 1675 3729 1736 propter

2142 1763 2382 1831 opiﬁcia,
2427 1771 2483 1816 et
2538 1761 2875 1816 conditorem
2929 1771 3149 1831 propter
3200 1775 3286 1814 res
3339 1761 3634 1821 conditas,
3677 1769 3728 1813 et

2147 1853 2583 1922 Omnipotentem
2631 1860 2850 1919 propter
2901 1865 2989 1905 res
3047 1849 3376 1918 gubernatas
3435 1848 3551 1902 dici
3587 1867 3601 1902 :
3641 1863 3727 1902 ne-

2147 1960 2308 2001 cesse
2347 1952 2432 2000 est
2459 1944 2527 1997 ab
2562 1942 2717 1997 initio
2767 1942 2884 1996 haec
2917 1957 2945 1996 a
2980 1941 3090 1996 Deo
3129 1939 3298 1995 fuisse
3328 1940 3517 2006 faeta;
3554 1954 3728 2009 neque

2146 2052 2266 2094 esse
2295 2045 2532 2106 tempus,
2571 2035 2790 2104 quando
2820 2034 2935 2088 haec
2962 2047 3066 2087 non
3103 2031 3324 2086 iuerint.
3343 2050 3363 2084 ι
3401 2030 3476 2086 Et
3495 2031 3722 2085 deinde:

2153 2128 2302 2185 «Sed
2335 2128 2538 2183 variari
2599 2135 2656 2182 et
2690 2125 2889 2180 mutari
2937 2121 3330 2178 immutabilem
3376 2131 3438 2177 et
3487 2122 3723 2176 invaria-

2145 2218 2309 2274 hilem
2345 2217 2512 2272 Deum
2545 2215 2846 2284 continget.
2896 2209 3034 2267 Nam
3061 2212 3108 2267 si
3147 2212 3339 2266 deinde
3363 2212 3553 2266 omnia
3585 2210 3724 2274 fecit,

2147 2309 2493 2366 manifestum
2525 2317 2608 2364 est
2642 2307 2792 2362 illum
2817 2321 2847 2362 a
2875 2321 2983 2361 non
3015 2306 3262 2362 faciendo
3301 2305 3368 2359 ad
3409 2304 3723 2360 facienda

2149 2400 2430 2454 transisse.
2497 2398 2800 2452 Absurdum
2857 2406 3038 2451 autem
3107 2395 3238 2451 illud
3293 2410 3363 2451 ex
3411 2395 3722 2450 antedictis.

2153 2491 2271 2549 Dici
2308 2505 2438 2562 ergo
2471 2504 2579 2545 non
2617 2497 2796 2560 potest
2827 2503 2932 2542 non
2966 2501 3089 2543 esse
3112 2487 3366 2558 principii
3409 2501 3640 2557 expers,
3678 2497 3726 2541 et

2151 2589 2262 2642 Deo
2293 2594 2623 2640 coaeternum
2654 2583 2760 2637 hoc
2798 2580 3132 2636 universum.
3159 2596 3177 2630 ι
3217 2577 3455 2648 Dignum
3499 2587 3556 2633 et
3593 2576 3726 2632 istud

2149 2687 2234 2732 est
2259 2670 2735 2729 animadversione
2772 2669 2914 2740 quod
2959 2669 3039 2724 ait
3095 2667 3458 2724 Adamantius
3487 2666 3726 2724 δοωιι

2151 2769 2206 2821 in
2245 2765 2468 2829 Isaiam,
2521 2779 2667 2817 num.
2696 2762 2751 2826 1,
2800 2761 2973 2828 «Quae
3017 2769 3146 2816 ante
3190 2762 3456 2816 mundum
3510 2757 3724 2822 fuerint,

2147 2857 2495 2927 ignoramus;
2543 2854 2761 2908 fuerunt
2809 2867 2973 2922 porro
3001 2851 3247 2921 quaedam
3276 2862 3405 2905 ante
3448 2848 3727 2904 mundun.

2151 2947 2280 3016 Qua:
2315 2955 2437 3016 post
2475 2933 2734 3001 mundum
2783 2951 3037 3000 secutura
3087 2951 3237 3007 sunt,
3283 2941 3351 2996 ad
3382 2950 3597 2996 certum
3629 2953 3730 3014 ιη.

2153 3035 2648 3107 apprehendimus;
2687 3043 2850 3089 erunt
2875 3044 3055 3087 autem
3096 3031 3200 3086 alia
3233 3040 3357 3101 post
3389 3033 3680 3088 mundum.
3700 3049 3719 3082 ι

2152 3125 2230 3181 Ne
2261 3128 2386 3196 quis
2417 3143 2546 3181 vero
2586 3125 2679 3181 Dei
2723 3124 2920 3180 Filium
2967 3124 3056 3178 hic
3112 3122 3404 3194 intelligat,
3452 3123 3552 3194 qni
3607 3132 3731 3179 ante

474 3217 639 3274 habet
668 3217 721 3273 in
754 3235 874 3288 quae
907 3220 1204 3288 potentiam
1233 3235 1385 3274 suam
1417 3234 1675 3274 exercere
1703 3219 1871 3288 possit
1903 3237 1918 3273 :
1951 3235 1970 3268 ‹
1997 3227 2053 3273 et
2079 3237 2122 3297 α
2155 3219 2351 3274 saecula
2398 3235 2426 3272 a
2468 3218 2631 3273 Patre
2666 3219 2880 3289 genitus
2911 3227 3015 3284 est,
3044 3218 3128 3274 vel
3157 3218 3420 3287 Spiritum
3456 3224 3729 3283 sanctum,

473 3310 621 3378 ideo,
669 3320 726 3363 ut
757 3311 1102 3381 omnipotens
1147 3313 1467 3366 ostendatur
1498 3309 1666 3374 Deus,
1709 3309 1890 3364 omnia
1919 3307 2051 3364 sub.

475 3400 670 3455 sistere
697 3415 917 3456 necesse
955 3415 1115 3456 esse:
1144 3420 1162 3452 ι
1199 3401 1341 3470 quod
1381 3401 1425 3455 si
1459 3401 1586 3470 quis
1619 3398 1912 3465 aliquando
1948 3412 2055 3451 non

476 3492 644 3548 fuisse
673 3494 803 3548 velit
829 3509 890 3548 ea
927 3509 1047 3561 qure
1084 3493 1340 3562 deinceps
1371 3491 1510 3548 facta
1546 3500 1691 3556 sunt,
1722 3491 1847 3544 huic
1885 3489 2058 3543 faten-

477 3586 604 3638 dum
641 3600 764 3639 esse
800 3585 1109 3640 neceSSario
1139 3585 1565 3652 omnipotentem
1597 3593 1725 3638 tunc
1759 3597 1863 3636 non
1888 3581 2058 3636 fuisse

478 3675 671 3741 Deum,
709 3675 1157 3745 omnipotentiam
1198 3690 1326 3730 vero
1361 3675 1553 3730 deinde
1594 3675 1895 3743 accepisse,
1931 3690 2056 3730 cum

479 3765 683 3822 habere
705 3767 872 3836 coepit
906 3782 1028 3837 qua:
1058 3766 1298 3836 potentia
1329 3780 1426 3820 sua
1472 3767 1819 3836 gubernaret.
1857 3783 1876 3816 ι
1904 3765 2059 3832 Quod

478 3857 526 3912 si
577 3873 854 3927 nunquam
905 3867 1009 3922 est,
1051 3858 1244 3926 inquit,
1302 3857 1519 3928 quando
1569 3871 1675 3911 non
1720 3857 2060 3926 omnipotens

482 3950 666 4014 fuerit,
708 3951 1027 4004 necessario
1062 3949 1364 4005 subsistere
1393 3958 1608 4019 oportet
1656 3948 1820 4004 etiam
1863 3962 1927 4002 ea
1961 3963 2057 4018 per

481 4058 604 4114 qua:
627 4043 971 4111 omnipotens
997 4044 1214 4109 dicitur,
1245 4051 1298 4095 et
1328 4055 1542 4110 semper
1569 4041 1752 4095 habuit
1782 4041 1834 4094 in
1863 4040 2060 4109 quibus

481 4133 789 4188 exercuerit
821 4144 1184 4204 potentatum,
1231 4144 1286 4189 et
1330 4148 1450 4204 quae
1481 4132 1683 4186 fuerint
1711 4131 1777 4186 ab
1817 4133 1952 4200 ipso,
1977 4131 2062 4186 vel

481 4238 630 4294 rege,
673 4226 760 4279 vel
795 4227 1036 4294 principe
1079 4226 1378 4281 moderata.
1412 4246 1431 4280 ι
1480 4223 1730 4282 Oﬂiciose
1761 4225 1975 4294 quidem
2009 4235 2064 4279 et

482 4316 658 4370 amico
695 4317 958 4372 adversus
988 4317 1280 4388 Origenem
1332 4319 1514 4372 animo
1538 4358 1556 4385 ,
1599 4325 1655 4370 at
1699 4332 1806 4371 non
1841 4316 2063 4385 perinde

483 4419 631 4472 vere,
654 4408 707 4462 id
732 4409 832 4464 sibi
855 4409 992 4464 velle
1021 4424 1143 4464 eum
1169 4409 1396 4464 adnotat
1418 4407 1820 4475 Genebrardus,
1850 4426 1867 4458 σ
1896 4407 2060 4462 Deum

486 4500 705 4556 Patrem
735 4502 1183 4571 omnipotentiam
1217 4517 1369 4557 suam
1422 4501 1748 4568 ostendisse,
1802 4501 1928 4555 dum
1972 4516 2063 4571 ge.

2155 3312 2247 3381 qui
2285 3327 2668 3381 nunquamnon
2705 3311 2776 3366 ab
2821 3320 3054 3380 utroque
3082 3309 3367 3380 processit,
3399 3323 3578 3379 aquas
3622 3307 3734 3362 illa:

2155 3418 2317 3472 super
2363 3418 2500 3472 quas
2563 3402 2839 3458 ferebatur
2883 3401 3123 3473 Spiritus
3179 3401 3310 3466 Dei,
3357 3413 3414 3455 et
3487 3401 3732 3456 tenebras

2155 3509 2277 3565 qua:
2328 3503 2482 3549 erant
2545 3510 2708 3564 super
2757 3493 2952 3550 faciem
3004 3494 3210 3566 abyssi,
3239 3500 3457 3547 creatas
3497 3492 3732 3562 quidem,

2156 3585 2250 3640 sed
2284 3595 2463 3640 tamen
2505 3586 2708 3642 mundo
2740 3586 3084 3656 antiquiores
3140 3584 3446 3655 intelligere
3473 3598 3536 3639 se
3567 3583 3736 3638 decla-

2157 3686 2260 3732 rat.
2306 3676 2375 3732 Et
2406 3678 2624 3731 demum
2654 3695 2669 3732 :
2721 3694 2740 3727 ι
2768 3677 2863 3744 Ea,
2894 3676 3092 3744 inquit,
3127 3688 3267 3742 qum,
3281 3686 3407 3744 post
3435 3686 3732 3729 extremi—

2157 3768 2414 3823 saeculum
2440 3768 2620 3822 futura
2658 3767 2863 3822 suntin
2891 3766 3090 3821 saecula
3114 3765 3438 3820 saeculorum
3469 3767 3598 3836 quis
3648 3783 3732 3836 ρος

2159 3868 2266 3915 test
2307 3860 2613 3930 exponere?
2663 3857 3021 3914 Garrulorum
3055 3864 3140 3911 est
3195 3856 3488 3911 hominum
3552 3857 3732 3912 borum

2159 3951 2415 4006 notitiam
2461 3949 2729 4020 polliceri.
2760 3967 2778 4001 ι

2233 4041 2388 4110 Quod
2415 4052 2596 4097 autem
2627 4041 2914 4096 materiam
2935 4039 3044 4096 Deo
3066 4040 3395 4095 coaeternam
3419 4039 3732 4110 impugnans

2163 4134 2384 4191 disserit
2417 4134 2472 4189 in
2497 4126 2800 4188 Comment.
2837 4134 2892 4187 in
2920 4130 3106 4188 Gener.
3135 4147 3177 4196 ι,
3207 4132 3294 4195 12,
3317 4139 3372 4186 et
3397 4131 3497 4184 lib.
3525 4147 3566 4186 ll
3606 4128 3730 4198 Περὶ

2161 4226 2384 4297 ἀρχῶν,
2437 4241 2556 4296 cap.
2585 4227 2639 4292 1,
2684 4241 2838 4284 num.
2868 4225 2924 4291 4,
2971 4225 3053 4279 sic
3102 4224 3482 4293 accipiendum
3509 4231 3629 4287 est;
3665 4236 3732 4274 re-

2165 4319 2397 4390 pudiare
2445 4334 2568 4373 eum
2628 4318 2847 4388 quidem
2903 4317 3187 4371 materiam
3252 4314 3402 4369 illam
3457 4313 3732 4383 ἀγένητον,

2163 4421 2284 4466 ortu
2312 4420 2368 4466 et
2399 4409 2670 4481 principio
2703 4417 3004 4476 carentem,
3033 4406 3248 4477 qualem
3276 4409 3607 4460 invexerant
3633 4403 3732 4474 phi-

2164 4501 2376 4572 losophi
2409 4501 2628 4572 quidam
2653 4539 2668 4566 ,
2709 4509 2766 4554 et
2797 4499 3130 4555 Marcionita:
3170 4497 3576 4587 defendebant,
3641 4495 3734 4549 Deo

486 4591 603 4645 nuit
639 4590 836 4647 Filium
870 4611 885 4648 :
934 4609 1000 4648 ac
1037 4595 1141 4649 nisi
1181 4594 1479 4665 genuisset,
1533 4609 1641 4649 non
1690 4594 1860 4650 fuisse
1886 4595 2061 4648 umni-
2092 4587 2136 4642 Β
2167 4608 2424 4660 coaevam,
2464 4591 2775 4647 etalterum
2827 4606 3010 4647 rerum
3066 4589 3389 4660 principium
3427 4605 3444 4643 :
3482 4600 3540 4644 at
3581 4589 3731 4643 nihilo

484 4695 760 4756 potentem
790 4704 805 4741 :
838 4703 857 4737 ι
905 4701 1030 4740 nam
1075 4687 1142 4742 de
1194 4688 1358 4742 rebus
1405 4701 1631 4742 numero
1681 4685 1950 4756 pluribus,
2008 4687 2060 4740 in

487 4790 609 4846 quzc
661 4776 952 4845 imperium
993 4786 1176 4832 teneat
1226 4779 1390 4844 Deus,
1441 4791 1545 4832 non
1593 4777 1661 4832 de
1706 4792 1815 4831 una
1859 4776 2060 4847 aliqua,

486 4864 666 4934 qualis
705 4874 790 4920 est
823 4864 1018 4931 Filius,
1051 4880 1214 4936 agere
1243 4867 1532 4937 Origenem
1564 4865 1911 4920 manifestum
1945 4877 2060 4922 est:

495 4958 590 5011 sed
648 4965 703 5011 et
752 4971 841 5012 res
890 4965 1100 5013 creatas
1147 4957 1202 5012 in
1242 4958 1426 5012 animo
1476 4958 1728 5013 habuisse
1771 4957 1904 5012 satis
1932 4957 2061 5012 illud

487 5048 688 5103 evincit
717 5047 860 5118 quod
891 5049 1135 5116 sequitur
1162 5066 1177 5104 :
1221 5067 1239 5100 ι
1268 5049 1340 5104 De
1371 5049 1566 5119 quibus
1599 5048 1810 5119 plenius
1841 5049 1892 5103 in
1930 5048 2062 5115 locis

489 5138 741 5208 propriis,
781 5139 833 5193 in
878 5138 1073 5209 quibus
1116 5141 1182 5194 de
1221 5139 1489 5194 creaturis
1534 5138 1652 5206 ejus
1681 5139 2063 5209 disputandum

491 5227 676 5294 fuerit,
711 5230 1059 5286 disseremus.
1093 5250 1111 5282 ι
1155 5231 1233 5286 Ac
1270 5231 1517 5300 superior
1562 5231 1650 5286 ille
1693 5232 1842 5286 locus
1874 5230 2066 5300 Orige-

491 5317 579 5373 nis
609 5319 692 5372 vel
729 5319 865 5374 alter
915 5330 1061 5375 certe
1106 5321 1202 5389 ipsi
1248 5322 1564 5388 consimilis,
1611 5323 1844 5378 refertur
1891 5337 1922 5376 a
1962 5321 2068 5377 Me-

496 5409 684 5466 thodio
713 5411 764 5464 in
810 5412 945 5467 libro
971 5413 1110 5482 Περὶ
1150 5412 1267 5466 τῶν
1299 5413 1582 5483 γενητῶν,
1620 5415 1783 5484 cujus
1811 5424 2067 5484 excerpta

493 5498 664 5556 habet
685 5502 909 5558 Pbotius
943 5507 1062 5560 cod.
1093 5521 1319 5559 ccxxxv.
1355 5507 1420 5558 Ei
1449 5504 1732 5571 οὐκέστιν,
1762 5506 1952 5574 inquit,
1977 5505 2070 5576 δη-

497 5595 755 5664 μιουργὸς
781 5596 906 5650 ἄνευ
924 5595 1116 5668 δημιου
1127 5615 1226 5668 ργη
1237 5598 1441 5668 μάτων,
1463 5597 1495 5669 ἦ
1519 5597 1745 5668 ποιητὴς
1762 5597 1891 5650 ἄνευ
1921 5613 2071 5668 ποιη-

500 5685 720 5755 μάτων,
754 5688 874 5742 οὐδὲ
904 5690 1300 5761 παντοκράτωρ
1341 5689 1468 5743 ἄνευ
1509 5690 1620 5742 τῶν
1656 5690 2064 5760 κρατουμένων⁸

569 5798 682 5868 (53)
729 5801 832 5856 Sed
868 5814 989 5858 ante
1037 5802 1236 5859 arcula
1280 5805 1353 5858 ita
1391 5823 1424 5858 a
1461 5806 1570 5859 Deo
1605 5818 1959 5873 procreatam,
2003 5815 2060 5860 ut

498 5866 672 5925 tamen
728 5888 760 5926 a
805 5873 914 5928 sole
963 5875 1334 5944 proficiscitur.
1391 5875 1519 5934 Vide
1567 5866 1730 5948 supra
1783 5866 2062 5946 qumst.2,

2165 4686 2347 4741 secius
2392 4685 2672 4740 materiam
2709 4682 2872 4737 aliam
2925 4681 3234 4746 admittere,
3277 4695 3385 4736 non
3433 4691 3593 4736 ortus
3619 4682 3724 4749 qui-

2168 4779 2287 4833 dem
2312 4786 2369 4832 et
2392 4775 2649 4846 principii
2686 4782 2993 4843 expertem,
3026 4772 3139 4843 (53)
3169 4773 3265 4828 sed
3293 4784 3422 4828 ante
3449 4772 3645 4829 saecula
3673 4773 3732 4826 ita

2170 4883 2200 4922 a
2227 4868 2335 4922 Deo
2365 4876 2725 4938 procreatam,
2769 4873 2833 4919 ut
2901 4865 3088 4920 lumen
3134 4879 3164 4916 a
3204 4863 3318 4918 sole
3357 4865 3728 4934 proﬁciscitur.

2169 4961 2227 5015 In
2259 4975 2326 5016 eo
2357 4973 2488 5031 ergo
2525 4959 2594 5012 ab
2619 4957 2896 5014 haereticis
2927 4956 3032 5012 illis
3059 4956 3439 5022 dissentiebat,
3473 4957 3620 5027 quod
3643 4959 3730 5010 duo

2170 5052 2224 5107 hi
2261 5068 2441 5107 rerum
2480 5050 2744 5120 principia
2779 5060 3066 5119 ponerent,
3103 5049 3294 5115 Deum,
3339 5058 3395 5103 et
3435 5048 3726 5104 materiam,

2169 5153 2459 5212 utrumque
2497 5143 2716 5211 utrique
2748 5151 3108 5205 coaeternum,
3162 5149 3414 5194 neutrum
3470 5139 3540 5193 ab
3577 5139 3727 5192 altero

2168 5234 2449 5303 pendens;
2501 5233 2592 5288 ille
2635 5233 2802 5286 Deum
2856 5232 3078 5286 unicum
3134 5247 3317 5286 rerum
3368 5231 3726 5284 universarum

2167 5333 2434 5380 statueret
2478 5324 2803 5395 principium
2829 5366 2844 5392 ,
2902 5323 2994 5392 qui
3052 5322 3337 5376 materiam
3381 5335 3452 5376 ex
3495 5336 3556 5376 se
3607 5335 3726 5374 nun-

2169 5431 2446 5486 qnamnon
2488 5418 2836 5486 produxerat.
2887 5414 3115 5470 Mundus
3165 5421 3344 5468 autem
3397 5426 3470 5467 ex
3520 5410 3724 5466 materia

2172 5509 2263 5564 illa
2315 5509 2572 5578 deinceps
2619 5506 2844 5562 conﬂari
2892 5506 3149 5575 ﬁngebat.
3208 5505 3286 5559 Ita
3319 5503 3660 5573 discrepabat
3698 5513 3724 5552 ι

2173 5599 2560 5664 Marcionistis,
2595 5599 2849 5669 quamvis
2902 5598 3137 5666 ipsorum
3179 5595 3518 5668 argumentis
3562 5603 3724 5648 utere-

2177 5700 2281 5746 tur.
2329 5691 2722 5761 llermogenem
2770 5691 2916 5747 enim
2973 5689 3292 5746 htereticum
3342 5688 3534 5742 eodem
3584 5682 3724 5738 modo

2173 5823 2323 5861 num.
2345 5806 2438 5872 (Ξᾶ,
2467 5808 2880 5862 observationes
2899 5815 3112 5862 nostras
3129 5805 3182 5860 in
3210 5805 3326 5860 hac
3347 5803 3526 5858 iiuetii
3543 5798 3720 5852 verba:

2174 5876 2250 5933 vel
2275 5879 2396 5946 quia
2416 5878 2692 5933 materiam
2716 5894 2741 5932 ε
2769 5893 2870 5948 qua
2895 5878 3155 5948 conﬂatus
3182 5883 3255 5931 est
3282 5873 3531 5940 mundus,
3559 5877 3656 5926 etc.
