3906 6576
201 496 349 555 1053

1023 474 1599 559 ORIGENIANORUM
1636 500 1767 558 LIB.
1809 502 1875 571 ιι,
1915 502 2068 559 CAP.
2102 502 2171 567 ιι,
2208 498 2486 570 ρυΑξδτ.
2528 497 2639 551 xu.

3316 492 3458 549 1054

193 615 584 672 ratiocinatum
634 629 758 672 esse
807 618 976 675 refert
1006 617 1370 678 Tertullianus
1430 622 1570 679 libro
1616 637 1781 693 pecu-
1810 626 1857 684 Α
1883 632 1939 678 et
1978 621 2132 678 [saize
2167 622 2307 686 loco,
2340 620 2406 675 ad
2445 634 2605 690 quem
2642 614 2779 671 falsa
2813 610 3256 681 interpretatione
3283 612 3462 667 detor-

195 709 323 764 liari
360 710 536 780 ipsum
568 723 924 781 oppugnatis;
971 711 1138 768 Deum
1171 715 1316 769 enim
1352 714 1533 770 aiebat
1565 730 1779 785 semper
1814 774 1844 791 κ

195 800 371 856 fuisse
405 802 730 870 Dominum;
778 803 1067 859 Dominum
1108 816 1288 863 autem
1332 809 1401 865 ab
1446 810 1593 864 omni
1632 816 1779 864 retro

193 906 319 949 avo
352 908 471 949 esse
499 907 605 949 non
641 894 903 962 potuisse,
942 896 1043 951 nisi
1071 911 1287 964 semper
1322 897 1517 954 fuisset
1552 899 1778 969 aliquid,

193 985 359 1053 cujus
399 995 543 1041 esset
581 986 879 1053 Dominus;
922 988 1259 1060 proindeque
1291 991 1532 1046 materia:
1562 1006 1781 1060 semper

196 1077 491 1133 Dominum
522 1077 729 1145 fuisse;
762 1078 907 1134 unde
932 1078 1167 1136 eﬂlcitur
1188 1095 1575 1152 nunquamnon
1611 1082 1778 1140 fuisse

195 1168 508 1225 materiam.
550 1168 699 1224 Hane
728 1171 1195 1228 ratiocinationem
1224 1188 1255 1228 a
1289 1173 1565 1229 veteribus
1603 1176 1780 1241 philo-

193 1261 387 1331 sophis
414 1270 762 1330 sumpserant
792 1262 1158 1320 Marcionista:
1181 1304 1198 1332 ,
1240 1280 1471 1336 eamque
1501 1268 1553 1321 in
1586 1266 1778 1324 Proclo

192 1353 403 1409 obterit
442 1352 772 1424 Philoponus
803 1355 877 1410 De
905 1357 1197 1411 wternitate
1241 1359 1446 1413 mundi.
1482 1359 1553 1413 At
1582 1374 1775 1428 quam-

195 1447 285 1501 vis
313 1446 572 1500 mundum
602 1461 669 1501 ex
704 1448 930 1502 materia
962 1449 1177 1519 quidem
1223 1460 1460 1515 aeterna,
1492 1467 1522 1506 a
1550 1451 1657 1507 Deo
1691 1462 1775 1505 ta-

192 1528 323 1590 men
370 1535 646 1591 conditum
691 1535 894 1592 dixerit
945 1546 1067 1607 post
1090 1538 1369 1595 Socratem
1401 1539 1590 1607 Plato;
1638 1551 1693 1596 et
1722 1541 1777 1597 in

190 1635 441 1696 tempore
488 1642 702 1699 quoque
738 1638 983 1686 creatum
1031 1629 1414 1698 aﬂirmaverit,
1454 1641 1515 1687 ut
1559 1634 1778 1689 tradunt

191 1720 542 1789 Ambrosius,
596 1730 650 1777 et
699 1721 993 1779 Zacharias
1045 1723 1427 1796 Mitylenaeus;
1477 1734 1643 1796 atque
1701 1727 1776 1782 ita

188 1812 401 1869 dixisse
428 1829 553 1869 eum
568 1815 890 1871 Aristoteles
913 1826 967 1871 et
985 1815 1399 1886 Theophrastus
1422 1820 1773 1887 censuerint;

188 1902 460 1960 Platonici
511 1913 688 1961 tamen
734 1908 1087 1975 recentiores,
1132 1917 1191 1963 ut
1235 1910 1557 1983 magistrum
1616 1927 1773 1967 suum

1884 725 1995 772 tum
2064 716 2420 786 interpolatas
2486 712 2607 766 illas
2669 707 3141 779 philosophorum:
3175 706 3460 776 opiniones

1880 808 2229 865 concinnavit
2256 807 2351 862 lib.
2376 822 2438 862 ut
2471 801 2617 872 Περὶ
2651 798 2883 870 ἀρχῶν,
2914 812 3035 869 cap.
3071 797 3127 863 5,
3163 813 3313 852 num.
3338 797 3394 853 5.

1949 989 2016 1046 ν.
2046 987 2265 1044 Minime
2297 986 2427 1044 illud
2460 985 2677 1057 quidem
2725 983 2940 1041 silentio
2973 998 3221 1055 pressum
3270 980 3459 1045 Patres

1879 1082 2098 1155 Origeni
2135 1080 2531 1145 condonarunt,
2581 1093 2706 1132 nam
2745 1086 2800 1132 et
2839 1076 3103 1132 refellitur
3130 1092 3157 1128 a
3188 1074 3461 1130 Metltodio

1881 1175 2310 1249 apud_Pl10tium,
2338 1172 2459 1229 cod.
2492 1186 2723 1237 ccxxxv,
2750 1178 2805 1225 et
2838 1170 2908 1225 ab
2945 1168 3272 1239 Hieronymo
3299 1167 3457 1237 epist.

1879 1271 1971 1336 59,
1998 1270 2065 1325 ad
2101 1269 2268 1331 Avit.,
2297 1281 2414 1335 cap.
2438 1266 2493 1332 2,
2513 1266 2596 1321 his
2625 1261 2808 1318 verbis
2835 1281 2848 1317 :
2888 1280 2908 1314 ‹
2950 1262 3008 1316 In
3027 1261 3261 1317 secundo
3283 1269 3461 1314 autem

1879 1364 2018 1419 libro
2064 1361 2204 1430 Περὶ
2245 1358 2450 1429 ἀρχῶν
2488 1358 2717 1412 mundos
2755 1354 2950 1410 asserit
3010 1352 3458 1418 innumerabiles,

1881 1471 1986 1512 non
2017 1455 2172 1525 juxta
2203 1453 2495 1522 Epicurum
2526 1465 2639 1505 uno
2682 1457 2926 1519 tempore.
2969 1444 3231 1516 plurimos
3277 1453 3332 1498 et
3374 1445 3459 1499 sui

1879 1549 2101 1617 similes,
2148 1547 2244 1602 sed
2284 1553 2403 1615 post
2425 1543 2646 1599 alterius
2673 1540 2857 1596 mundi
2890 1540 3052 1594 linem
3081 1536 3305 1593 alterius
3342 1550 3463 1593 esse

1877 1640 2199 1713 principium
2237 1646 2330 1692 :et
2354 1644 2483 1691 ante
2511 1634 2656 1689 hunc
2698 1642 2943 1688 nostrum
2984 1630 3265 1695 mundum,
3298 1629 3462 1683 alium

1879 1734 2048 1791 fuisse
2076 1731 2331 1787 mundum
2370 1748 2384 1785 :
2416 1738 2467 1783 et
2496 1737 2616 1797 post
2637 1728 2780 1782 hunc
2799 1725 2963 1780 alium
2987 1738 3106 1779 esse
3123 1722 3465 1785 futurum,et

1878 1837 2002 1899 post
2026 1824 2176 1881 illum
2197 1822 2383 1889 alium,
2415 1833 2742 1888 rursumque
2770 1825 2889 1885 post
2906 1825 3151 1872 caeteros.
3176 1811 3465 1868 Etdubitat

1880 1930 2062 1975 utrum
2098 1916 2311 1971 futurus
2345 1913 2417 1969 sit
2440 1911 2673 1966 mundus
2702 1907 2858 1964 alteri
2896 1909 3099 1962 mundo
3123 1906 3197 1960 ita
3223 1921 3289 1961 ex
3315 1905 3464 1959 omni

188 2008 317 2048 cum
346 1996 643 2052 Aristotele
672 1997 1051 2067 conciliarent,
1093 1999 1295 2056 factum
1339 2002 1557 2071 quidem
1612 2020 1775 2059 mun-

1884 2020 2031 2084 parte
2061 2006 2379 2073 consimilis,
2417 2013 2477 2059 ut
2515 2003 2662 2058 nullo
2696 2003 2839 2057 inter
2883 2015 2943 2055 se
2986 1999 3188 2054 distare
3238 1997 3463 2051 videan-

188 2085 321 2139 dum
371 2085 575 2143 dixisse
614 2086 891 2145 Platonem
945 2090 1270 2158 fatebantur,
1320 2101 1378 2148 at
1430 2095 1498 2150 ab
1532 2105 1770 2155 aeterno:

186 2176 326 2231 adeo
360 2186 418 2232 ut
458 2178 723 2250 principio
759 2179 1035 2249 temporis,
1064 2190 1295 2248 careret,
1325 2170 1420 2239 sed
1446 2185 1773 2256 principium

184 2284 392 2335 causas,
451 2269 617 2324 Deum
650 2285 842 2341 nempe
887 2272 1148 2340 haberet;
1194 2292 1214 2326 ‹
1243 2290 1343 2330 nec
1374 2276 1521 2332 esset
1551 2278 1656 2335 hoc
1694 2282 1775 2334 vi-

182 2359 386 2416 delicet
418 2362 693 2433 temporis,
728 2362 822 2418 sed
855 2356 1253 2421 subetitutionis
1289 2367 1524 2434 initium,
1548 2388 1565 2422 ι
1603 2379 1661 2425 ut
1699 2371 1776 2427 ait

184 2452 528 2523 Augustinus
559 2453 649 2509 lib.
676 2470 713 2509 ι
743 2455 822 2511 De
855 2459 999 2513 civit.
1026 2457 1143 2523 Dei,
1178 2473 1299 2531 cap.
1326 2460 1418 2527 51,
1461 2461 1551 2531 qui
1588 2472 1642 2517 et
1672 2464 1776 2521 hoc

186 2543 605 2613 comparatione
656 2547 892 2616 quadam
949 2549 1209 2619 explicari
1268 2566 1296 2605 a
1355 2549 1651 2610 Platonicis
1699 2554 1774 2610 ita

187 2634 385 2688 scribit
418 2653 433 2688 :
483 2654 502 2687 ι
529 2635 681 2692 Sicut
723 2639 895 2706 enim,
932 2640 1203 2712 inquiunt,
1232 2642 1276 2698 si
1320 2659 1415 2711 pes
1444 2660 1510 2700 ex
1552 2646 1774 2701 (eterni-

187 2733 305 2780 tate
335 2742 551 2799 semper
577 2728 773 2786 fuisset
804 2731 855 2785 iu
888 2732 1143 2802 pulvere,
1179 2750 1396 2805 semper
1428 2737 1477 2792 ei
1529 2738 1777 2794 subesset

184 2820 482 2889 vestigiqu
509 2838 525 2887 ;
552 2821 695 2890 quod
725 2833 904 2879 tamen
927 2824 1215 2897 vestigium
1238 2842 1268 2881 a
1294 2827 1541 2885 calcante
1573 2830 1773 2885 factum

185 2924 355 2964 nemo
410 2912 720 2979 dubitaret,
764 2929 864 2969 nec
910 2914 1141 2970 alterum
1185 2916 1357 2972 altero
1396 2919 1548 2989 prius
1610 2929 1774 2988 esset,

188 3003 447 3072 quamvis
496 3003 723 3060 alterum
772 3006 841 3061 ab
886 3006 1057 3061 altero
1086 3005 1289 3063 factum
1322 3019 1467 3065 esset
1502 3026 1518 3065 :
1560 3010 1661 3075 sic,
1692 3004 1776 3065 in-

185 3096 409 3168 quiuut,
442 3106 493 3152 et
532 3097 783 3163 mundus,
810 3109 972 3170 atque
1006 3100 1060 3155 in
1089 3101 1179 3157 illo
1212 3101 1288 3157 dii
1320 3105 1510 3168 creati,
1544 3112 1602 3159 et
1636 3118 1780 3159 sem-

184 3203 291 3259 per
326 3188 568 3255 fuerunt,
596 3206 809 3260 semper
848 3193 1143 3248 exsistente
1183 3195 1275 3263 qui
1317 3192 1469 3260 fecit,
1512 3203 1566 3250 et
1596 3203 1778 3249 tamen

187 3281 323 3337 facti
372 3292 518 3338 sunt.
549 3302 570 3336 ι
629 3283 806 3354 Atque
861 3284 1003 3341 hanc
1050 3285 1219 3341 fuisse
1253 3285 1497 3341 Platonis
1541 3297 1777 3342 mentem

187 3374 524 3442 pertendunt
556 3373 808 3443 Boetius;
839 3375 1154 3448 Simplicius
1193 3376 1343 3442 item,
1382 3376 1615 3443 Taurus,
1644 3377 1780 3431 Por-

186 3467 420 3538 phyrius
462 3478 518 3525 et
567 3469 827 3535 Proclus;
885 3470 1241 3547 Censorinus,
1272 3470 1530 3542 Apuleius
1567 3480 1622 3527 et
1668 3470 1780 3527 Ma-

187 3556 441 3615 crobius.
500 3558 728 3631 Vigente
777 3562 881 3619 hac
925 3562 1109 3633 itaque
1137 3562 1390 3633 Origeuis
1426 3563 1778 3634 temporibus,

187 3661 249 3705 et
282 3650 443 3721 vulgo
477 3652 619 3706 inter
646 3650 959 3709 Platonicos
992 3662 1209 3725 recepta
1236 3653 1539 3721 sententia,
1571 3653 1627 3708 in
1658 3668 1781 3710 eam

188 3758 414 3814 quoque
447 3744 535 3799 ille
565 3745 858 3800 concessit.

1878 2115 1995 2170 tur;
2028 2117 2096 2156 an
2138 2108 2291 2155 certe
2340 2111 2617 2166 nunquam
2672 2094 2903 2149 mundus
2947 2092 3104 2147 alteri
3158 2091 3362 2146 mundo
3394 2104 3464 2145 ex

1876 2204 1989 2251 toto
2010 2193 2351 2256 indiscretus,
2377 2198 2431 2243 et
2460 2187 2650 2243 similis
2678 2188 2749 2242 sit
2785 2187 2996 2240 futurus
3017 2185 3150 2256 (δι).
3175 2203 3193 2237 ι
3218 2184 3339 2239 Mox
3367 2184 3466 2238 ad-

1879 2288 2031 2342 ducit
2053 2284 2218 2341 verba
2236 2282 2485 2354 Origenis
2517 2299 2530 2334 :
2555 2298 2574 2333 ι
2593 2281 2660 2335 Ει
2682 2279 2882 2335 idcirco
2915 2278 3150 2332 arbitror
3172 2291 3269 2346 pro
3291 2274 3466 2330 varie-

1879 2387 1993 2435 tate
2024 2392 2311 2434 causarum
2339 2376 2584 2430 diversos
2617 2373 2847 2428 mundos
2881 2371 3032 2437 fieri;
3074 2380 3128 2424 et
3155 2369 3280 2424 elidi
3305 2383 3465 2423 erro-

1878 2486 1966 2528 res
1991 2486 2201 2535 eorum,
2258 2468 2348 2538 qui
2395 2466 2600 2523 similes
2658 2466 2740 2521 sui
2790 2464 3019 2519 mundos
3074 2477 3194 2518 esse
3240 2469 3466 2517 conten-

1876 2562 2031 2618 dunt.
2073 2581 2093 2615 ι
2133 2560 2352 2615 Tradita
2386 2558 2551 2615 fuisse
2581 2558 2697 2613 haec
2726 2558 2915 2612 eadem
2962 2557 3030 2611 ab
3062 2556 3294 2624 Origene
3323 2553 3418 2606 lib.
3445 2567 3462 2606 t

1878 2665 1932 2711 et
1965 2670 2040 2723 ιιι,
2068 2651 2206 2721 Περὶ
2244 2649 2468 2721 ἀρχῶν,
2511 2649 2685 2706 refert
2739 2648 3102 2720 Hieronymus
3134 2662 3253 2716 cap.
3295 2647 3320 2700 1
3355 2644 3468 2700 et3

1877 2746 2118 2817 ejusdem
2164 2744 2441 2815 epistolae;
2491 2740 2849 2812 quamobrem
2899 2748 2953 2794 et
2996 2740 3140 2794 hunc
3174 2738 3228 2793 in
3260 2739 3466 2793 crimen

1877 2848 2039 2896 vocat
2077 2838 2297 2909 Apolog.
2336 2835 2428 2890 lib.
2461 2849 2500 2901 ι,
2526 2850 2644 2904 cap.
2678 2832 2731 2899 5,
2770 2842 2825 2886 et
2856 2831 2950 2886 lib.
3000 2847 3063 2899 ιι,
3100 2846 3223 2901 cap.
3279 2832 3334 2885 5.
3372 2828 3468 2885 Ju-

1880 2932 2145 2989 stiniauus
2176 2943 2391 2999 quoque
2434 2928 2488 2982 in
2519 2925 2744 2996 epistola
2779 2923 2847 2978 ad
2890 2922 3100 2977 Menam
3126 2922 3199 2976 ita
3231 2921 3464 2976 scribit':

1892 3023 2235 3078 ’Υποτίθεται
2264 3020 2320 3072 δὲ
2357 3020 2452 3073 καὶ
2484 3018 2772 3090 διαφόρους
2827 3015 3065 3084 κόσμους
3111 3013 3372 3085 συστῆναι
3404 3030 3467 3066 τε

1882 3115 1976 3171 καὶ
2013 3112 2385 3177 συνίστασθαι,
2437 3110 2595 3163 τοῦτο
2642 3109 2740 3181 μὲν
2783 3107 3174 3179 παρελθόντας,
3216 3105 3375 3158 τοῦτο
3410 3104 3468 3159 δὲ

1886 3208 2214 3281 μέλλονταςο
2254 3224 2273 3258 ¢
2317 3205 2524 3260 Statuit
2569 3214 2749 3259 autem
2780 3211 2833 3256 et
2872 3201 3117 3256 diversos
3158 3199 3469 3255 constitisse

1885 3300 2139 3366 mundos,
2183 3307 2237 3355 et
2270 3306 2545 3365 constare,
2582 3296 2778 3367 partim
2805 3293 3132 3366 praeteritos,
3164 3293 3359 3363 partim
3382 3291 3467 3346 fu—

1888 3401 2060 3448 turos.
2091 3410 2111 3444 ι

1950 3553 2194 3610 Notanda
2228 3567 2358 3609 vero
2388 3559 2641 3607 accurate
2674 3564 2794 3621 quae
2828 3547 3137 3620 praecedunt
3177 3568 3190 3602 :
3218 3545 3463 3599 Κάκεῐνο

1879 3647 1936 3702 δὲ
1966 3648 2027 3701 τὸ
2074 3647 2256 3719 πάσης
2295 3645 2612 3709 δυσσεϐείας
2649 3645 2957 3711 ἀνάμεστον
3003 3643 3102 3714 τῆς
3147 3639 3314 3695 αὐτοῦ
3347 3641 3466 3693 ἐστι

1885 3741 2215 3812 μυθολογίας
2240 3740 2304 3793 τὸ
2336 3741 2513 3809 λέγειν
2537 3742 2621 3794 ὅτι
2646 3739 2823 3793 πάντα
2848 3737 2917 3791 τὰ
2942 3737 3095 3807 γένη,
3134 3735 3230 3790 καὶ
3249 3734 3319 3787 τὰ
3349 3730 3466 3804 εἴδη

270 3834 331 3889 1η
356 3836 587 3892 alterum
616 3852 779 3907 porro
799 3877 815 3897 .
846 3837 913 3893 de
939 3846 1201 3908 perpetua
1236 3836 1556 3893 mundorum
1583 3852 1781 3910 prepa-

1884 3834 2128 3889 ωναῖδιά
2158 3836 2273 3887 ἐστι
2301 3833 2380 3905 τῷ
2408 3832 2548 3903 Θεῷ·
2592 3850 2611 3884 t
2666 3830 2797 3886 Illud
2837 3846 2966 3885 vero
3009 3828 3154 3883 omni
3194 3827 3468 3896 impietate

188 3929 420 4001 gatione
448 3928 705 3998 placitum
742 3931 882 3985 unde
911 3930 1164 3987 inductus
1190 3932 1280 3997 sit,
1315 3935 1360 3988 si
1390 3934 1513 4004 quis
1538 3948 1783 4003 quan-ere

188 4019 351 4083 velit,
388 4018 521 4073 nihil
549 4019 790 4075 occurrit
820 4020 1169 4076 verisimilius
1197 4036 1360 4091 quam
1394 4023 1447 4078 id
1477 4024 1544 4078 ab
1574 4038 1639 4078 eo
1660 4038 1782 4078 esse

192 4112 491 4166 coutictum
542 4111 610 4165 ad
659 4111 788 4167 illud
828 4110 1170 4177 Stoicorum,
1224 4113 1369 4181 quod
1418 4113 1781 4185 conﬂagratu-

196 4219 329 4260 rum
378 4202 637 4258 mundum
688 4204 833 4259 hunc
868 4206 1076 4271 statuit,
1120 4204 1399 4275 aliumque
1457 4206 1585 4261 huic
1632 4208 1781 4261 omni

194 4308 270 4349 ex
300 4303 457 4363 parte
495 4293 852 4361 consimilem,
878 4293 963 4349 vel
994 4309 1186 4364 parum
1212 4304 1360 4350 certe
1382 4294 1780 4365 discrepantem

193 4385 581 4457 proditurum;
616 4385 751 4441 adeo
776 4395 835 4440 ut
859 4401 967 4441 non
1001 4386 1165 4456 hujus
1198 4388 1370 4443 solum
1418 4387 1647 4460 ﬁguram
1689 4404 1783 4459 pe-

194 4479 350 4533 nitus
385 4477 609 4542 referat,
647 4478 741 4534 sed
788 4479 1006 4533 eosdem
1032 4479 1195 4535 etiam
1228 4494 1408 4544 casus,
1444 4481 1631 4535 eadem
1670 4493 1782 4534 om-

186 4570 319 4635 nia;
356 4569 639 4640 alteroque
666 4570 769 4625 hoc
793 4572 957 4625 etiam
983 4570 1286 4636 combusto,
1317 4571 1481 4626 alium
1511 4571 1778 4626 oriturum

186 4673 413 4732 postea,
441 4676 507 4717 ac
549 4661 745 4717 deinde
783 4663 975 4729 alium,
1016 4663 1429 4719 renascentibus
1476 4678 1691 4732 semper
1715 4678 1779 4720 ac

189 4753 664 4826 conﬂagrantibus
692 4754 929 4809 mundis.
986 4752 1248 4808 Platonici
1291 4768 1442 4820 vero,
1488 4764 1541 4808 et
1571 4753 1776 4825 Pytha-

186 4847 369 4917 gorei,
397 4847 466 4902 ab
492 4845 764 4918 Egyptiis
804 4848 1079 4915 instructi,
1120 4850 1378 4904 mundum
1429 4850 1647 4920 quidem
1689 4851 1777 4904 in-

189 4938 606 5007 corruptibilem
639 4938 1016 5003 autumabant,
1064 4940 1157 4993 sed
1204 4939 1474 4996 sideribus
1503 4950 1622 5009 post
1668 4938 1780 4995 lon-

189 5045 293 5099 gos
318 5029 601 5086 anfractus
634 5033 700 5086 ad
737 5033 983 5088 eamdem
1012 5033 1302 5088 stationem
1340 5033 1600 5099 reversis,
1654 5046 1777 5087 rur-

190 5135 322 5175 sum
363 5131 629 5175 eventura
662 5123 873 5189 eadem,
909 5121 1236 5193 eosdemque
1268 5123 1573 5177 nascituros
1603 5124 1779 5179 homi-

192 5226 322 5275 nes,
352 5222 408 5266 et
443 5213 498 5267 in
532 5213 817 5283 pristinam
850 5212 1078 5268 formam
1104 5213 1347 5267 reditura
1380 5212 1582 5279 omnia,
1617 5227 1776 5282 quam

190 5302 363 5359 simili
394 5303 612 5373 vigente
635 5312 906 5359 astrorum
938 5304 1207 5374 positione
1242 5311 1548 5359 tenuerunt.
1587 5302 1783 5370 Quam-

188 5397 282 5449 vis
310 5405 494 5451 autem
526 5395 788 5466 ejusmodi
814 5397 1163 5452 delirationes
1200 5395 1340 5451 libro
1376 5410 1407 5450 v
1437 5405 1619 5450 contra
1635 5393 1777 5452 Cels.

192 5497 353 5545 num.
378 5488 473 5553 20,
501 5490 566 5544 2|
595 5499 649 5544 et
682 5506 799 5559 seq.
831 5489 1125 5561 exploserit
1154 5489 1540 5555 Adamantius,
1587 5503 1684 5558 pro
1715 5503 1782 5545 eo

192 5596 263 5637 ac
284 5582 505 5649 debuit;
539 5582 889 5638 nihilominus
917 5592 1097 5638 tamen
1140 5598 1208 5637 ex
1246 5581 1330 5637 bis
1370 5582 1602 5636 recoetis
1624 5596 1778 5637 suum

196 5673 335 5730 illud
367 5674 682 5744 procudisse
710 5674 901 5745 dogma
930 5674 1238 5731 censuerim
1263 5690 1279 5740 ;
1326 5673 1617 5729 accedente
1645 5686 1784 5742 pra:-

192 5767 395 5825 sertim
422 5766 662 5837 gemino,
685 5782 845 5838 quem
877 5767 1227 5824 recitavimus
1257 5781 1448 5838 supra,
1478 5764 1783 5823 Salomonis

1880 3928 2098 3998 plenum
2125 3928 2241 3996 ipse
2270 3926 2564 3991 fabulatur,
2595 3924 2779 3979 dicens
2806 3922 2986 3978 omnia
3013 3935 3211 3992 genera
3246 3928 3302 3973 et
3339 3932 3464 3986 spe-

1880 4021 1991 4074 cies
2028 4033 2153 4074 esse
2191 4018 2303 4073 Deo
2330 4028 2653 4073 coaeternas.
2684 4036 2705 4069 ›
2743 4015 2866 4086 Ipsa
2894 4015 3059 4069 etiam
3095 4011 3260 4067 verba
3289 4010 3464 4064 addu-

1882 4110 1959 4166 cit
2019 4108 2360 4165 Justinianus
2405 4109 2473 4163 ad
2511 4108 2715 4163 calcem
2752 4104 3001 4177 epistola;
3037 4119 3068 4158 e
3103 4102 3241 4156 libro
3277 4118 3293 4155 ι
3324 4099 3467 4168 Περὶ

1880 4200 2102 4271 ἀρχῶν.
2127 4200 2320 4257 Parem
2351 4215 2452 4256 suo
2487 4209 2729 4268 tempore
2764 4210 3134 4267 prepugnasse
3161 4193 3464 4247 doctrinam

1882 4295 2217 4366 Origenistas
2244 4294 2505 4365 quosdam
2546 4294 2856 4363 significare
2889 4290 3104 4344 videtur
3152 4287 3377 4343 Orosius
3410 4286 3465 4341 in

1883 4388 2290 4443 Cammonilorio
2322 4390 2391 4441 ad
2421 4386 2798 4457 Augustinum,
2828 4401 2847 4435 ι
2886 4381 3126 4436 Primum
3156 4379 3337 4434 omnia
3370 4393 3467 4431 an-

1879 4491 2101 4551 tequam
2136 4479 2281 4536 facta
2315 4488 2658 4551 apparerent,
2711 4490 2924 4546 semper
2956 4476 3010 4527 in
3061 4474 3153 4527 Dei
3198 4471 3466 4541 sapientia

1880 4572 2021 4629 facta
2050 4560 2315 4629 mansisse
2339 4574 2583 4629 dicentes
2614 4571 2718 4626 hoc
2750 4568 2919 4624 verbo
2951 4584 2965 4620 :
2995 4566 3135 4620 Deus
3156 4565 3298 4619 enim
3320 4577 3467 4649 quae-

1809 4700 1854 4755 Β
1883 4680 2100 4735 cunque
2125 4665 2273 4733 fecit,
2306 4665 2558 4722 faciendo
2584 4678 2690 4720 non
2722 4661 2909 4730 coepit.
2956 4677 2975 4710 ι
3013 4658 3143 4725 Quae
3169 4656 3352 4711 multis
3382 4670 3467 4709 re-

1885 4756 2019 4812 futat
2045 4757 2380 4828 Augustinus
2414 4758 2468 4811 in
2501 4756 2641 4812 libro
2689 4765 2872 4809 eontra
2918 4750 3367 4805 Priscillianistas
3415 4757 3465 4800 et

1886 4849 2236 4920 Origenistas,
2271 4865 2395 4919 cap.
2422 4849 2476 4904 8.
2510 4846 2700 4903 Pulsat
2740 4848 2931 4902 eadem
2969 4844 3036 4900 de
3072 4857 3237 4899 causa
3283 4839 3467 4907 Orige-

1883 4958 2008 4999 nem
2039 4942 2402 5012 Nicephorus,
2436 4955 2542 4996 non
2592 4953 2796 5010 genera
2823 4947 2879 4993 et
2917 4936 3149 5005 species,
3186 4933 3292 5013 sed
3348 4930 3463 4982 κτί-

1885 5034 2066 5106 σμάτα
2126 5034 2234 5090 Deo
2262 5043 2530 5088 coaeterna
2584 5031 2841 5087 statuisse
2895 5029 3068 5097 ipsum
3122 5022 3460 5095 praedicans,

1881 5139 2161 5197 perperam
2192 5123 2418 5189 scilicet,
2446 5132 2506 5178 ut
2531 5122 2771 5186 videtur,
2805 5128 3027 5189 accepta
3057 5115 3309 5185 Origenis
3336 5129 3461 5169 seu-

1888 5218 2092 5283 tentia,
2150 5226 2335 5287 aperte
2383 5225 2564 5270 tamen
2618 5213 2865 5283 exposita
2910 5212 3003 5266 lib.
3057 5226 3109 5274 1,
3160 5205 3303 5277 Περὶ
3354 5206 3463 5276 dp-

1887 5310 2031 5381 χῶν,
2084 5310 2225 5381 apud
2279 5307 2642 5364 Justiuianum
2689 5306 2745 5359 in
2798 5304 2905 5359 ﬁne
2952 5298 3194 5371 epistola:
3246 5297 3314 5352 ad
3347 5294 3462 5352 Me-

1888 5421 2057 5459 nam:
2102 5421 2122 5454 t
2178 5400 2412 5467 Genera,
2466 5398 2661 5469 inquit,
2714 5395 2898 5451 omnia
2966 5400 3022 5447 et
3054 5390 3263 5462 species
3320 5403 3463 5442 sem-

1888 5512 1986 5566 per
2039 5503 2201 5551 erant
2244 5512 2259 5549 :
2305 5492 2513 5557 nonita
2573 5491 2638 5547 de
2688 5486 3052 5560 singularibus
3092 5482 3462 5539 differentibus

1888 5602 2117 5643 numero
2154 5586 2356 5642 dixerit
2416 5576 2704 5655 Quispiam.
2749 5598 2769 5633 ι
2828 5578 2981 5633 Hanc
3032 5577 3088 5631 in
3122 5573 3460 5641 ,senteutiam

1888 5678 2177 5749 Origenem
2218 5675 2459 5749 magistri
2496 5675 2580 5730 sui
2618 5673 2866 5729 Platonis
2895 5672 3029 5726 idea:
3079 5667 3461 5739 perpulerunt-

1884 5770 2074 5842 ltaque
2106 5783 2300 5843 genera
2332 5777 2388 5827 et
2418 5768 2628 5840 species
2648 5766 2759 5824 Deo
2788 5779 2907 5824 esse
2939 5771 3206 5822 coaeterna
3236 5769 3465 5816 eatenus

272 5944 391 6017 (ss)
421 5945 545 6005 Haec
575 5954 789 6005 exstant
827 5946 921 6005 lib.
966 5962 1004 6004 ιι
1045 5945 1183 6017 Περὶ
1234 5944 1455 6019 ἀρχῶν,
1510 5961 1629 6019 cap.
1687 5948 1736 6017 l,
1778 5962 1927 6004 num.
1959 5947 2014 6003 5.
