3906 6528
607 438 747 498 1055

1880 439 1946 499 Ρ.
1985 442 2298 499 DANIELIS
2332 444 2560 501 llUETll
3645 459 3734 517 l056

603 559 820 627 dixerit,
861 565 1133 630 quatenus
1180 557 1324 615 Deus
1371 559 1440 615 ab
1469 560 1616 616 omni
1674 567 1820 617 retro
1852 576 1966 617 aevo
2011 577 2076 618 ea
2115 565 2167 618 in
2196 569 2245 624 Α
2274 562 2439 618 fuisse
2462 562 2541 617 ait
2572 561 2624 616 in
2651 562 2868 618 tertium
2916 562 3133 632 coelum,
3178 572 3232 620 et
3275 564 3327 620 in
3375 569 3658 639 paradisum;
3691 596 3731 634 ex

601 661 784 708 mente
808 652 1014 708 habuit.

674 743 763 798 VL
789 743 1170 798 Verumtamen
1219 743 1564 813 quantumvis
1611 745 1726 798 hinc
1760 744 1960 802 diserte
1995 745 2173 802 videa-

611 844 703 888 tur
751 833 1048 890 affirmasse
1102 834 1396 905 Origenes,
1451 835 1504 890 id
1566 845 1745 891 tamen
1809 837 2069 907 prmmisit
2116 838 2170 894 in

2275 669 2449 724 eoque
2487 654 2771 724 collegisse
2805 655 2944 710 idem
2985 671 3105 712 esse
3151 659 3452 727 paradisum
3488 676 3545 718 ac
3586 668 3734 725 ιοτιίιιιι

2275 760 2515 814 cauum;
2567 747 2710 817 quod
2766 756 2965 819 negant
3027 748 3327 806 Methodius
3379 762 3429 808 et
3478 754 3731 824 Epiphanius,

2279 838 2590 907 paradisum
2624 852 2654 892 a
2682 839 2841 894 tertio
2864 838 3002 895 cwlo
3044 840 3470 912 distinguendum
3507 860 3607 900 esse
3638 863 3731 904 asse-

598 925 872 982 Prommio
919 927 1180 982 librorum
1241 927 1382 997 Περὶ
1429 925 1652 997 ἀρχῶν,
1703 944 1851 985 num.
1902 927 1935 980 7
1967 945 1982 984 :
2013 947 2032 981 ι
2081 929 2176 984 Est
2273 939 2477 984 rentes.
2510 929 2687 997 «Quis
2718 931 2923 999 audiat,
2955 951 2976 984 ι
3011 931 3183 1002 inquit
3235 933 3547 1006 Epiphanius
3568 938 3610 992 in
3630 943 3728 1010 epist.

597 1029 862 1088 praeterea
917 1027 973 1075 et
1024 1018 1160 1075 illud
1220 1019 1274 1074 in
1321 1018 1694 1076 ecclesiastica
1764 1019 2168 1089 praedicatione,

2279 1021 2348 1076 ad
2395 1019 2558 1076 Joan.
2601 1019 2943 1092 Jerosolym.,
2974 1037 3094 1094 cap.
3131 1023 3186 1089 5,
3221 1043 3239 1076 ι
3276 1025 3329 1078 in
3379 1025 3522 1080 tertio
3551 1029 3729 1086 (πιούσ-

596 1111 738 1182 quod
786 1112 1016 1166 mundus
1053 1111 1158 1167 iste
1198 1110 1372 1166 factus
1421 1111 1512 1176 sit,
1561 1120 1615 1167 et
1659 1127 1689 1166 a
1729 1121 1884 1167 certo
1933 1121 2173 1180 tempore
2269 1121 2494 1168 nantem
2528 1112 2684 1168 nobis
2709 1112 2994 1184 Origenem
3034 1116 3361 1185 paradisum,
3402 1125 3456 1172 et
3489 1117 3608 1173 illum
3629 1136 3728 1190 quea

597 1203 846 1274 cteperit,
897 1215 952 1259 et
999 1219 1099 1274 pro
1149 1204 1265 1273 ipsa
1316 1203 1398 1258 sui
1458 1204 1808 1274 corruptione
1857 1193 2167 1259 solvendus.

597 1296 736 1363 Quid
780 1306 956 1351 tamen
1013 1306 1140 1353 ante
1191 1297 1338 1353 hunc
1381 1297 1638 1351 mundum
1688 1295 1875 1362 fuerit,
1903 1306 1997 1350 aut
2042 1296 2168 1365 quid

2278 1205 2559 1274 Scriptura
2637 1215 3050 1272 commemorat,
3119 1206 3187 1262 de
3253 1217 3393 1262 terra
3452 1210 3514 1264 ad
3569 1213 3727 1267 calculi

2273 1294 2713 1371 transferentem,
2748 1307 2801 1350 et
2830 1311 3021 1352 omnes
3071 1301 3314 1364 arbores,
3361 1315 3474 1369 qua:
3511 1302 3729 1357 scribuntur

596 1396 718 1455 post
760 1389 1019 1444 mundum
1063 1391 1189 1455 erit,
1221 1388 1336 1458 jam
1377 1403 1485 1445 non
1533 1402 1629 1458 pro
1662 1389 1946 1444 manifesto
1988 1388 2170 1442 multis
2205 1445 2211 1450 ,
2272 1388 2326 1442 in
2355 1387 2577 1456 Genesi,
2610 1390 2692 1444 sic
2718 1389 3002 1457 allegorice
3024 1391 3430 1461 intelligentiam,
3460 1393 3580 1461 quod
3598 1395 3728 1450 scilicet

595 1478 828 1534 innotuit
857 1497 872 1534 :
900 1495 1004 1536 non
1037 1481 1180 1536 enim
1215 1481 1438 1538 evidens
1484 1481 1551 1537 de
1589 1480 1676 1536 his
1708 1482 1762 1535 itt
1804 1479 2166 1537 ecclesiastica

592 1570 974 1636 prindicatione
1041 1587 1220 1628 sermo
1277 1571 1566 1648 profertur.
1617 1591 1638 1626 ι
1685 1573 1921 1638 Quarum
1986 1585 2166 1625 rerum

591 1663 976 1720 obscuritatem
1025 1665 1318 1737 significari
1386 1667 1463 1722 ait
1521 1668 1672 1723 hom.
1721 1666 1755 1720 4
1809 1667 1864 1719 in
1926 1663 2164 1732 Isaiam,

591 1772 740 1811 num.
768 1756 820 1821 1,
857 1772 954 1828 per
982 1759 1098 1813 alas
1157 1759 1275 1815 illas
1317 1768 1550 1830 quatuor
1580 1759 1991 1830 seraphinorum
2031 1762 2168 1815 duo-

593 1864 734 1912 rum,
767 1863 886 1918 quae
920 1848 1011 1905 Dei
1042 1850 1235 1906 faciem
1265 1865 1329 1906 ac
1356 1851 1519 1920 pedes
1543 1851 1808 1906 velahant.
1842 1851 1992 1906 linde
2053 1850 2164 1906 exi-

2273 1478 2497 1532 arbores
2517 1479 2771 1550 angelica:
2792 1478 3135 1535 fortitudines
3161 1490 3308 1547 sunt,
3345 1497 3462 1537 cum
3491 1483 3576 1538 hoc
3598 1487 3724 1540 terius

2267 1583 2373 1624 non
2433 1569 2697 1639 recipiat?
2737 1589 2758 1625 ι
2792 1578 2846 1626 et
2893 1581 3079 1642 postea
3113 1591 3176 1628 τι
3218 1573 3324 1628 Sed
3372 1574 3728 1644 dicis:chimi

2270 1660 2411 1730 quod
2443 1657 2501 1713 S.
2526 1659 2724 1717 Paulus
2745 1670 2932 1731 raptus
2961 1663 3035 1718 sit
3064 1677 3234 1731 usque
3266 1662 3332 1717 ad
3373 1665 3566 1731 tertium
3584 1666 3724 1730 celum,

2271 1762 2325 1806 et
2355 1765 2524 1822 usque
2555 1750 2609 1806 in
2657 1753 2986 1822 paradisum.
3025 1752 3171 1808 Bene
3200 1754 3335 1809 dicis
3367 1772 3381 1808 :
3410 1754 3603 1820 Quando
3636 1758 3726 1824 poit

2271 1841 2488 1897 tertium
2540 1840 2761 1910 coelum,
2801 1851 2857 1897 et
2887 1853 3073 1919 postea
3103 1845 3272 1908 addit,
3319 1854 3365 1898 et
3401 1846 3453 1898 in
3485 1847 3723 1915 paradisus.

589 1915 802 1996 stituari
839 1952 1038 2012 potest.
1087 1915 1420 2015 quiscunque
1470 1960 1632 2014 super
1689 1945 1789 2001 hoc
1842 1953 2163 2013 argumento
2197 1915 2238 1970 Β
2268 1933 2504 1989 ostendit
2532 1932 2658 1988 alibi
2701 1947 2822 1987 esse
2867 1915 3086 1998 castum,
3143 1943 3197 1990 et
3245 1935 3372 1990 alibi
3421 1937 3716 2004 paradisum.»

520 2063 528 2074 -
589 2033 936 2102 conscripsit,
992 2032 1135 2088 velut
1175 2048 1352 2089 meras
1406 2035 1745 2106 conjecturas
1793 2037 2158 2110 proposuisse,

589 2137 695 2176 non
738 2133 992 2194 tanquam
1027 2124 1276 2196 dogmata
1306 2141 1673 2182 asseverasse.

659 2212 1079 2272 Printermittere
1108 2232 1236 2272 vero
1265 2217 1486 2272 minime
1510 2219 1666 2274 decet
1686 2219 1818 2275 illud
1848 2219 2158 2293 Hieronymi

590 2319 624 2362 e
656 2305 748 2361 lib.
791 2322 808 2362 ι
850 2308 906 2362 in
949 2307 1122 2379 Epist.
1175 2310 1243 2364 ad
1294 2307 1423 2378 Tit.,
1481 2325 1586 2366 non
1637 2311 1793 2382 longe
1837 2312 1904 2368 ab
1959 2314 2156 2371 initio:

590 2414 612 2450 ι
658 2396 766 2454 Sex
793 2399 958 2454 millia
993 2401 1223 2454 necdum
1271 2399 1440 2456 nostri
1488 2399 1636 2456 orbis
1684 2401 1978 2472 implentur
2004 2403 2154 2468 anni,

585 2500 642 2546 et
687 2501 918 2562 quantas
972 2493 1122 2562 prius
1174 2492 1545 2558 aeternitates,
1609 2503 1808 2562 quanta
1875 2503 2156 2566 tempora,

585 2593 822 2652 quantas
891 2585 1216 2639 saeculorum
1266 2584 1502 2654 origines
1559 2585 1725 2641 fuisse
1783 2585 2156 2642 arhitranduzn

583 2682 689 2741 est,
737 2675 792 2730 in
825 2675 1022 2744 quibus
1065 2675 1266 2746 angeli,
1302 2675 1500 2740 throni,
1541 2677 1956 2744 dominationes,
1995 2687 2158 2733 ciete-

586 2780 767 2834 racque
795 2766 1026 2822 virtutes
1056 2766 1346 2822 servierint
1374 2767 1502 2829 Deo,
1528 2775 1582 2821 et
1606 2765 1810 2836 absque
1833 2773 2154 2835 temporum

583 2857 815 2922 vicibus,
864 2857 1068 2927 absque
1123 2857 1414 2922 mensuris,
1451 2855 1560 2911 Deo
1601 2855 1846 2926 iubente,
1899 2857 2157 2913 substite-

583 2951 713 3007 rint.
739 2947 774 3003 ‘i
806 2950 1080 3007 Materiam
1115 2960 1292 3006 autem
1317 2967 1347 3005 a
1379 2949 1490 3005 Deo
1536 2959 1663 3005 ante
1713 2949 1974 3006 mundum
2002 2963 2156 3006 crea-

585 3053 694 3098 tam
723 3054 1020 3114 posuerunt
1043 3042 1212 3107 Philo,
1243 3041 1523 3108 Tatiauus,
1552 3041 1892 3108 Lactantius,
1941 3051 1995 3098 et
2040 3041 2151 3107 alii,

581 3149 645 3190 ex
679 3149 786 3204 qua
816 3135 1072 3189 mttndum
1099 3142 1284 3204 postea
1327 3132 1695 3188 fabricaverit.

653 3223 764 3280 Vll.
788 3223 1080 3280 Multorum
1109 3222 1564 3293 disputationibus
1589 3222 1662 3276 ita
1684 3221 1953 3277 celebrata
1980 3229 2063 3276 est
2089 3235 2151 3276 ea
2181 3250 2223 3310 ο

581 3315 830 3385 Origenis
849 3317 1052 3386 opinio,
1093 3331 1213 3385 quae
1249 3313 1482 3384 paradisi
1512 3315 1870 3370 consitionem
1925 3314 1992 3367 ad
2026 3313 2150 3368 alle-

580 3409 818 3478 goricam
850 3408 1240 3476 expositionem
1289 3408 1595 3476 detorquet,
1637 3414 1698 3460 ut
1743 3413 1986 3460 nostrum
2016 3419 2150 3475 quo—

579 3515 685 3570 que
710 3499 982 3571 postulare
1024 3500 1271 3554 videatur
1296 3514 1549 3554 examen.
1581 3500 1891 3554 Arbitratus
1943 3497 2032 3552 ille
2065 3504 2149 3551 est

576 3591 886 3661 paradisum
929 3591 1074 3646 hunc
1125 3591 1215 3660 qui
1248 3592 1524 3646 terrestris
1569 3592 1728 3660 vulgo
1757 3589 1973 3654 dicitur,
2005 3587 2148 3658 posi-

581 3690 691 3734 tum
748 3680 803 3734 in
849 3681 1008 3736 tertio
1051 3679 1188 3736 cmlo
1205 3680 1410 3746 fuisse;
1461 3681 1684 3736 arbores
1731 3693 1885 3744 vero,
1934 3678 2146 3748 aliaque

577 3768 772 3840 quibus
819 3769 963 3824 velut
991 3770 1292 3831 ,terrestris
1325 3769 1542 3839 quidam
1599 3779 1822 3825 notatur
1879 3769 2050 3835 locus,
2083 3784 2147 3824 ac

577 3859 782 3929 reliqua
813 3859 1044 3929 denique
1074 3860 1254 3916 omnia
1300 3860 1591 3930 allegorice
1621 3859 1915 3929 explicavit
1955 3875 1970 3912 :
2019 3873 2142 3912 nam

575 3952 785 4007 animas
806 3951 860 4006 in
884 3950 1022 4006 coelo
1047 3952 1327 4022 degentes,
1359 3967 1454 4022 per
1478 3951 1743 4005 Adamum
1791 3959 1847 4006 et
1891 3949 2058 4004 Evam
2092 3949 2144 4004 in

575 4045 828 4116 paradiso
867 4055 1084 4100 creatos
1120 4045 1323 4115 signari
1351 4045 1603 4113 opinatus
1630 4053 1743 4110 est;
1771 4044 2000 4100 crimina
2025 4059 2144 4113 qua:

575 4137 685 4192 illic
718 4137 914 4192 anima:
942 4137 1254 4201 admittunt,
1296 4152 1393 4208 per
1426 4137 1577 4192 vetiti
1628 4137 1753 4192 mali
1795 4151 1986 4203 esum;
2029 4137 2145 4191 ani-

575 4243 788 4283 marum
838 4228 1090 4284 exsilium
1122 4239 1342 4298 propter
1375 4229 1590 4294 delicta,
1624 4243 1721 4298 per
1767 4227 2142 4297 expulsionem

573 4321 868 4390 primorum
919 4330 1201 4391 parentum
1250 4335 1282 4376 e
1311 4320 1600 4391 paradiso;
1649 4329 1917 4375 terrenum
1951 4334 2144 4388 corpus

579 4421 631 4466 et
667 4413 893 4468 mortale
921 4414 1204 4470 animabus
1251 4415 1585 4482 impositum,
1633 4429 1729 4484 per
1767 4423 2008 4468 scorteas
2060 4421 2144 4466 tu-

578 4504 752 4569 nicas,
786 4505 981 4574 quibus
1013 4506 1278 4561 Adamum
1303 4515 1358 4560 et
1386 4505 1551 4560 Evam
1588 4505 1726 4560 Deus
1754 4505 1944 4560 induit.

2264 2029 2442 2096 Atque
2469 2026 2520 2080 id
2556 2023 2746 2079 Joanni
2771 2021 3221 2096 Jerosolyrnitauo
3265 2027 3541 2097 obiectum,
3578 2028 3720 2081 minime

2266 2114 2336 2170 ah
2371 2116 2488 2186 ipso
2514 2123 2796 2186 purgatum
2834 2115 3000 2171 fuisse
3027 2116 3104 2170 ait
3135 2114 3486 2188 Hieronymus
3527 2117 3648 2185 epist.
3666 2117 3719 2180 6l.

2261 2210 2327 2264 ad
2357 2208 2667 2266 Pammaclt.
2715 2223 2834 2276 cap.
2875 2209 2931 2274 5,
2969 2207 3059 2279 qui
3099 2217 3156 2263 et
3197 2208 3249 2262 in
3299 2218 3451 2278 caput
3488 2225 3516 2263 x
3549 2209 3722 2272 Danielis,

2266 2315 2288 2351 ι
2340 2297 2581 2364 Eorum,
2630 2297 2832 2366 inquit,
2878 2298 3241 2353 deliramenta
3293 2299 3720 2367 cunticescaut,qni

2267 2391 2486 2445 umbras
2511 2399 2568 2444 et
2599 2389 2864 2460 imagines
2904 2388 2956 2444 in
3001 2389 3235 2444 veritate
3282 2402 3580 2460 quaerentes,
3613 2390 3720 2460 ipsis

2266 2489 2536 2535 conantur
2566 2487 2809 2536 evertere
2833 2477 3155 2542 veritatem;
3179 2488 3240 2534 ut
3268 2479 3476 2535 ﬂumina
3504 2491 3551 2536 et
3576 2483 3721 2535 arbores

2257 2581 2314 2627 et
2354 2571 2664 2641 paradisum
2711 2577 2902 2639 putent
2947 2569 3224 2641 allegoria:
3279 2571 3475 2641 legibus
3515 2588 3562 2628 se
3592 2573 3719 2627 debere

2259 2663 2541 2716 subruere.
2577 2679 2596 2712 ›
2629 2658 2964 2728 Sopltronius
2999 2674 3213 2727 quoque
3240 2659 3294 2714 in
3323 2661 3531 2730 epistola
3557 2661 3608 2717 atl
3640 2661 3718 2718 Set-

2264 2753 2430 2822 gium,
2463 2750 2865 2808 etAnastasius
2921 2749 3130 2806 Sinaita
3177 2751 3276 2808 lib.
3321 2766 3396 2807 vtt
3436 2755 3626 2822 Anagog.
3653 2769 3724 2805 m-

2261 2843 2519 2912 templat.,
2553 2853 2608 2898 et
2634 2840 2868 2898 Joannes
2895 2839 3266 2899 Damascenus
3296 2845 3347 2898 in
3371 2845 3497 2900 libro
3528 2844 3588 2900 De
3617 2846 3723 2897 Itan-

2256 2934 2380 3002 sib.,
2400 2943 2454 2991 et
2491 2934 2788 2999 Cedrenus,
2829 2931 3066 3005 paradisi
3099 2932 3483 3001 plantationem
3512 2938 3566 2987 ab
3589 2933 3717 3000 Orige-

2255 3026 2414 3082 nistis
2441 3025 2730 3090 sublatam,
2763 3037 2958 3093 corpus
2983 3023 3189 3077 Adarno
3238 3033 3296 3080 et
3347 3024 3464 3079 Eva:
3490 3022 3722 3087 detractum,

2258 3130 2314 3174 et
2375 3117 2641 3186 serpentis
2692 3114 3014 3184 colloquium
3081 3113 3368 3169 rcfutatam
3436 3115 3718 3170 criminantur.

2258 3210 2364 3266 Sed
2410 3210 2690 3265 audiamus
2728 3207 2900 3278 ipsum
2948 3206 3233 3277 Origenem
3289 3221 3302 3259 :
3355 3204 3586 3274 Τίςγοῦν,
3611 3202 3721 3269 inquit

2255 3304 2349 3360 lib.
2378 3318 2429 3357 IV
2462 3301 2535 3358 De
2568 3301 2819 3371 princip.,
2871 3313 3020 3353 num.
3074 3296 3172 3365 16,
3213 3297 3342 3352 νοῦν
3397 3298 3520 3367 ἔχων
3555 3296 3722 3363 οἰήσεται

2257 3395 2503 3469 πρώτην,
2542 3395 2637 3447 καὶ
2675 3391 2931 3462 δευτέραν
2965 3391 3058 3444 καὶ
3093 3390 3286 3462 τρίτην
3325 3389 3534 3459 ἡμέραν,
3560 3383 3720 3450 ἑσπέραν

2254 3506 2314 3543 τε
2347 3488 2442 3542 καὶ
2476 3486 2684 3558 πρωῖαν
2709 3483 2876 3555 χωρὶς
2911 3482 3060 3553 ἡλίου
3092 3480 3396 3549 γεγονέναι,
3437 3478 3520 3532 καὶ
3551 3473 3719 3543 σελήνης,

2256 3581 2350 3634 καὶ
2375 3580 2623 3651 ἄστρων;
2664 3575 2760 3647 τὴν
2789 3575 2844 3628 δὲ
2874 3573 3036 3627 οἱονεὶ
3067 3571 3293 3644 πρώτην
3340 3571 3430 3625 καὶ
3463 3568 3599 3641 χωρὶς
3616 3565 3720 3636 οὑρι-

2253 3672 2345 3728 νοῦ
2369 3689 2384 3739 ;
2419 3671 2502 3736 τίς
2531 3670 2576 3723 δ’
2609 3667 2780 3733 οὕτως
2801 3666 3004 3738 ἠλίθιος
3028 3667 3104 3730 ὡς
3132 3666 3384 3737 οἰηθῆναι
3407 3664 3574 3735 τρόπον
3591 3655 3723 3726 ἀνθρὼ-

2254 3783 2356 3818 που
2392 3759 2634 3836 γεωργοῦ
2682 3762 2773 3814 τὸν
2803 3759 2934 3814 Θεὸν
2966 3757 3364 3828 πεφυτευκέναι
3406 3754 3664 3826 παράδεισον
3687 3746 3722 3795 ὲν

2264 3857 2424 3927 Ἐδὲμ
2452 3854 2591 3909 κατὰ
2637 3850 2918 3916 ἀνατολὰς,
2948 3850 3042 3904 καὶ
3085 3848 3238 3914 ξύλον
3290 3848 3431 3918 ζωῆς
3455 3849 3505 3900 ὲν
3532 3840 3643 3911 αὖτῷ
3664 3853 3721 3888 πε·

2254 3949 2536 4019 ποιηκέναι
2563 3947 2756 4019 ὁρατὸν
2788 3947 2880 3998 καὶ
2899 3943 3181 4016 αἰσθητὸν,
3212 3942 3354 3997 ὥστε
3382 3941 3461 3995 διὰ
3484 3939 3572 3993 τῶν
3597 3948 3716 4002 σωμα-

2249 4042 2418 4096 τικῶν
2437 4042 2663 4095 ὀδόντων
2689 4039 3024 4109 γευσάμενον
3062 4036 3156 4090 τοῦ
3201 4035 3437 4109 καρποῦ,
3461 4034 3514 4087 τὸ
3544 4030 3618 4100 ζῇν
3641 4026 3723 4078 ἀπ’

2251 4135 2564 4208 λαμϐάνεινο
2611 4133 2706 4187 καὶ
2744 4133 2902 4186 πάλιν
2942 4129 3106 4185 καλοῦ
3150 4129 3243 4182 καὶ
3295 4124 3515 4198 πονηροῦ
3555 4117 3725 4208 parili"

2250 4207 2369 4284 τινὰ
2413 4227 2562 4300 παρὰ
2607 4227 2668 4280 τὸ
2700 4223 3054 4296 μεμασῆσοαι
3102 4222 3164 4275 τὸ
3202 4220 3313 4275 ἀπὸ
3342 4218 3484 4272 τοῦδε
3521 4207 3719 4305 ari-35919?

2251 4321 2701 4392 λαμϐανόμενον;
2739 4319 2831 4371 ἐὰν
2862 4317 2918 4370 δὲ
2953 4316 3048 4370 καὶ
3073 4318 3100 4368 ὁ
3129 4313 3258 4378 Θεὸς
3305 4313 3367 4366 τὸ
3404 4307 3592 4364 δειλινὸν
3616 4305 3655 4354 ὲν
3673 4315 3719 4392 is!

2254 4388 2562 4483 παραδείσῳ
2591 4412 2912 4482 περιπατεῖν
2953 4408 3196 4477 λέγηται,
3226 4407 3322 4460 καὶ
3345 4406 3374 4458 ὁ
3413 4401 3558 4471 Ἀδὰμ
3591 4388 3720 4483 audii

2168 4540 2173 4544 ι
2255 4481 2410 4572 ξύλον
2449 4481 2805 4576 κρύπτεσθαι·
2859 4501 2972 4555 Οὐκ
3011 4494 3164 4570 οἶμαι
3209 4495 3471 4561 διστάζειν
3510 4487 3604 4544 τινὰ

651 4594 766 4666 (55)
790 4569 848 4650 id
875 4595 978 4665 ipsi
999 4595 1266 4666 objiciunt
1287 4595 1748 4666 Methodiusapud
1779 4595 2135 4666 Epiphaniam

2246 4569 2336 4655 τοῦ
2379 4569 2516 4652 αὑτᾶ
2552 4593 2824 4668 τροπικῶς
2871 4591 2959 4646 διὰ
2991 4569 3253 4662 δοιιούσης
3300 4587 3541 4659 ἱστορίας,
3579 4576 3647 4631 καὶ

575 4685 707 4740 hmr.
743 4685 832 4754 64,
863 4701 984 4755 cap.
1009 4687 1103 4752 Π,
1131 4697 1187 4742 et
1223 4686 1495 4752 Photium,
1527 4689 1646 4742 cod.
1674 4687 1804 4753 9.54,
1835 4687 2148 4742 Eustathius

575 4777 652 4832 De
681 4778 1134 4849 Engastrt'mytho,
1178 4780 1290 4850 ipse
1331 4777 1688 4848 Epiphanius,
1735 4779 1898 4848 capit.
1927 4779 1960 4833 4
2001 4779 2146 4849 ejus-

575 4869 695 4925 dem
733 4869 1024 4934 haereseos,
1056 4880 1112 4925 et
1143 4869 1196 4925 in
1229 4869 1515 4932 Ancorato,
1537 4885 1656 4939 cap.
1676 4869 1767 4935 54,
1789 4868 1982 4940 quibus
2012 4868 2140 4922 locis

573 4962 866 5017 ostendunt
897 4962 1210 5032 opinionem
1240 4976 1394 5017 suam
1431 4961 1676 5017 firmasse
1721 4961 2004 5033 Origenem
2037 4961 2139 5016 hoc

576 5053 730 5110 Pauli
775 5055 1105 5123 testimonio,
1136 5054 1182 5110 ll
1215 5055 1340 5110 Cor.
1375 5072 1473 5124 ιιι,
1516 5055 1637 5123 2-4,
1697 5054 1784 5112 ubi
1835 5066 2045 5127 raptum
2083 5069 2142 5111 se

645 5260 764 5332 (55)
799 5260 864 5315 Id
901 5262 1003 5332 ipsi
1028 5262 1276 5332 objiciunt
1306 5261 1631 5326 Methodius,
1659 5275 1766 5317 etc.
1799 5261 1943 5332 Idem
1966 5260 2155 5332 objicit.

575 5342 630 5386 et
665 5331 1097 5402 Chrysostomus
1128 5333 1315 5388 homil.
1347 5333 1412 5388 15
1433 5334 1488 5384 in
1521 5331 1732 5394 (lenem,
1763 5341 1888 5385 tom.
1911 5331 1976 5387 IV
2002 5347 2151 5386 noue

574 5403 854 5474 editionis,
888 5418 1010 5474 pag.
1030 5402 1145 5474 102
1166 5412 1218 5474 et
1241 5403 1365 5474 105,
1397 5403 1484 5458 ubi
1519 5403 1628 5456 ait:
1653 5423 1670 5454 ι
1703 5402 1942 5474 llocluco
1980 5402 2132 5474 illud,

580 5471 863 5541 plantavit,
891 5471 981 5526 sic
1027 5473 1454 5542 intelligendum,
1509 5473 1710 5527 scilicet
1761 5471 1931 5540 ipsum
1978 5473 2146 5540 impe-

577 5558 749 5610 rasse,
803 5553 862 5595 ut
915 5544 1198 5611 paradisus
1238 5544 1290 5596 in
1321 5551 1462 5597 terra
1523 5544 1762 5597 fleret....
1813 5542 1934 5596 ltleo
1976 5544 2140 5596 etiam

575 5611 678 5667 ioci
704 5627 904 5683 nomen
937 5611 1327 5683 aﬂertbloyses
1372 5614 1424 5666 in
1453 5611 1769 5680 Scripturis,
1810 5620 1865 5666 ut
1901 5627 1973 5666 ne
2007 5613 2141 5683 lice-

580 5691 664 5752 ret
696 5682 894 5737 frustra
924 5682 1111 5750 nugari
1151 5682 1457 5738 valentibus
1493 5683 1878 5752 simpliciorum
1921 5682 2144 5736 auribus

581 5750 882 5819 imponere,
915 5752 1208 5820 dicereque
1241 5768 1344 5805 non
1371 5767 1492 5807 esse
1533 5750 1768 5806 in‘terra
1808 5751 2139 5820 paradisum,

593 5823 687 5876 sed
721 5820 775 5878 itt
809 5823 966 5892 caelo,
999 5832 1061 5892 et
1081 5820 1291 5875 fabulas
1346 5823 1648 5892 huiusmodi
1684 5821 1974 5876 somniare.
2008 5820 2139 5874 Nam

590 5891 634 5944 si
671 5906 791 5945 cum
829 5891 1006 5945 divina
1044 5891 1323 5961 Scriptura
1351 5902 1497 5948 tanta
1529 5907 1623 5947 usa
1657 5891 2144 5964 sitvcrhorumﬁc-

2253 4663 2602 4763 σωματικῶς⁷
2662 4685 3069 4758 γεγενημένης,
3150 4681 3371 4755 μηνύειν
3427 4674 3536 4731 τινὰ
3581 4663 3718 4741 tum?

2249 4800 2363 4854 ρια.
2406 4781 2559 4848 Quod
2595 4781 2672 4836 sic
2700 4778 2862 4834 vertit
2907 4777 3132 4833 Ruﬁnus
3177 4793 3192 4832 :
3243 4794 3262 4828 ε
3310 4773 3539 4834 Cuinant,
3581 4769 3714 4832 qum.

2249 4853 2468 4928 sensum
2542 4871 2764 4927 habenti
2825 4880 3222 4940 consequenter
3263 4865 3520 4923 videbitur
3557 4853 3711 4910 dictum.

2246 4963 2386 5032 quod
2414 4961 2530 5017 dies
2563 4962 2756 5032 prima,
2790 4970 2845 5016 et
2880 4961 3144 5027 secunda,
3187 4970 3242 5017 et
3284 4959 3458 5024 tertia,
3504 4953 3551 5008 in
3587 4943 3718 5016 quib”

2245 5063 2301 5110 et
2330 5067 2552 5124 vespera
2595 5056 2904 5111 nominatur
2933 5063 2988 5111 et
3020 5069 3202 5120 mane,
3241 5053 3437 5109 fuerint
3460 5048 3558 5104 sine
3573 5038 3717 5101 sole.“

2253 5263 2555 5328 curatione,
2605 5277 2712 5318 non
2764 5262 3079 5318 dubitarunt
3128 5270 3310 5317 tamen
3360 5255 3552 5329 quidam
3585 5237 3716 5329 άῆιξζ

2253 5335 2446 5388 cundia
2479 5312 2601 5402 sua,
2637 5349 2865 5406 uecnon_
2888 5334 2955 5406 de
2989 5332 3330 5406 philosophia
3370 5312 3714 5406 16X9!ic?_’_lf'i"f

2251 5407 2540 5478 sapientes,
2576 5392 2800 5459 adversa
2832 5392 3124 5474 Scripiuris
3163 5392 3304 5478 lo'qui
3355 5392 3715 5478 etudicerglg':

2253 5460 2439 5548 disum
2461 5460 2686 5529 in'terra
2730 5488 2834 5548 non
2871 5460 3016 5534 esse.
3072 5460 3349 5548 ntulta'qug
3379 5466 3478 5548 alia
3507 5460 3713 5548 ιξῗίὲθξξ

2250 5559 2370 5611 quae
2391 5546 2532 5598 dicta
2569 5553 2695 5598 sunt
2724 5532 3062 5611 adoptautes,
3097 5532 3287 5597 contra
3317 5532 3711 5611 Scripturamjﬂ“;

2247 5591 2369 5677 iiii»:
2393 5591 3244 5703 agas-gigas;153,3"3555;
3259 5591 3714 5703 atque'eamtlﬁngl‘;

2246 5666 2391 5737 terra
2413 5666 2562 5738 nam
2602 5666 2840 5750 summa
2870 5666 3024 5738 cuius
3059 5683 3199 5737 dicta
3221 5666 3440 5752 'puuire,
3471 5666 3714 5752 insiluit}:i

2246 5733 2348 5807 in;
2365 5733 3376 5822 grauatam;magnaeam
3416 5733 3531 5800 usus
3564 5733 3712 5822 aug

2245 5806 2416 5888 esset,
2458 5806 2897 5892 Spirit'uVsaucto
2940 5806 3184 5893 linguam
3225 5821 3341 5892 ejus
3393 5818 3617 5874 movente.
3642 5806 3713 5866 ρυο

2245 5909 2351 5952 non
2382 5895 2621 5953 devoluti
2655 5893 2870 5952 essent?
2895 5912 2914 5946 ι
