3914 6538
164 439 266 499 1037

980 438 1553 498 ORIGENlANORU'M
1593 438 1724 495 LIB.
1766 438 1831 505 ﬂ,
1866 438 2018 499 CAP.
2060 439 2124 507 ll,
2165 440 2437 510 QUIEST.
2479 441 2595 500 ΧΠ.

3253 452 3393 511 1058

162 562 248 616 sine
281 556 420 619 qua,
466 563 532 610 et
579 556 702 611 sine
752 556 958 620 stellis;
1000 557 1172 624 prima
1218 564 1397 610 autem
1447 556 1562 610 dies
1597 557 1714 610 sine
1741 557 1787 614 A
1821 569 1959 618 rum,
2007 555 2202 624 quibus
2262 556 2528 611 Adamum
2571 565 2695 628 post
2741 573 2936 616 noxam
2995 562 3135 619 Deus
3192 565 3389 634 induit,

162 648 296 707 uelo?
316 647 450 713 Quis
478 661 620 702 vero
646 648 714 702 ita
747 648 936 701 idiotes
965 647 1287 710 invenietur,
1323 655 1382 699 ut
1418 655 1580 714 putet.
1599 645 1714 701 vel-

163 752 204 801 ut
226 739 488 795 hominem
537 739 827 809 quemdam
871 737 1164 809 agricolam
1215 737 1382 793 Deum
1433 737 1713 807 plantasse

164 835 344 888 arbores
388 832 446 884 in
506 823 794 899 paradiso:
817 832 868 885 in
909 831 1054 886 Eden
1094 840 1281 886 contra
1326 831 1615 896 orientem,
1656 839 1713 887 et

161 927 365 982 arborem
395 924 532 979 vitae
568 925 839 995 plantasse
878 923 930 978 in
967 938 1055 990 eo,
1101 924 1156 978 id
1193 932 1276 980 est
1328 923 1534 994 lignum
1575 924 1708 979 visi-

160 1017 240 1072 bile
284 1023 333 1070 et
383 1016 694 1086 palpabile,
749 1016 822 1071 ita
901 1025 960 1070 ut
1026 1015 1397 1084 corporalibus
1455 1016 1708 1072 dentibus

159 1107 460 1162 manducans
503 1109 634 1178 quis
668 1123 733 1163 ex
763 1123 827 1163 ea
867 1108 1085 1171 arbore,
1119 1108 1284 1162 vitam
1331 1108 1618 1178 percipiat,
1652 1116 1710 1164 et

160 1213 307 1253 rursus
333 1213 408 1252 ex
455 1198 568 1253 alia
623 1200 958 1254 manducans
1008 1199 1225 1264 arbore,
1290 1199 1416 1253 boni
1473 1210 1530 1253 et
1581 1199 1706 1254 mali

157 1289 404 1345 scientiam
433 1291 661 1360 capiat?
697 1291 801 1346 Sed
832 1300 886 1344 et
927 1289 1054 1343 illud
1083 1291 1224 1359 quod
1269 1289 1415 1344 Deus
1445 1300 1568 1359 post
1595 1305 1710 1345 nte-

157 1382 307 1436 ridiem
342 1381 702 1437 deambulare
757 1383 960 1437 dicitur
1002 1382 1055 1435 in
1111 1382 1388 1451 paradiso,
1429 1390 1486 1436 et
1530 1382 1702 1435 Adam

154 1472 284 1528 latere
299 1471 402 1527 sub
430 1473 655 1540 arbore,
679 1473 929 1542 equidem
958 1472 1166 1526 nullum
1194 1471 1431 1526 arbitror
1457 1472 1704 1528 dubitare

154 1561 259 1631 quod
294 1561 510 1632 ligurali
565 1572 723 1633 tropo
767 1564 884 1618 haec
920 1578 952 1617 a
995 1563 1280 1632 Scriptura
1331 1562 1701 1631 proferantur,

151 1668 232 1723 quo
260 1668 352 1722 per
395 1654 514 1708 haec
559 1655 807 1724 quaedam
849 1655 1081 1727 mystica
1125 1653 1452 1709 iudicentur.
1508 1673 1528 1707 ι
1567 1656 1703 1710 Vide

152 1745 247 1799 item
271 1745 456 1800 homil.
488 1745 515 1800 1
571 1747 627 1799 in
659 1745 870 1813 Genes.,
914 1761 1064 1800 num.
1113 1745 1164 1810 1,
1201 1753 1255 1800 et
1287 1743 1382 1800 lib.
1427 1753 1481 1800 tv
1523 1759 1702 1801 contra

150 1835 272 1899 Cels,
304 1852 458 1890 num.
491 1835 585 1890 59.

197 1927 242 1981 In
265 1944 378 1982 eam
401 1928 736 1982 sententiam
772 1928 936 1983 traxit
965 1929 1252 1998 Origenem
1275 1926 1434 1984 Philo
1467 1928 1534 1982 a‘d
1566 1927 1698 1982 alle-

147 2020 311 2088 goriam
371 2020 492 2074 haec
535 2020 652 2090 ipsa
698 2020 882 2075 itidem
928 2019 1153 2075 ﬂectens
1196 2021 1252 2075 in
1285 2022 1394 2076 line
1447 2019 1566 2075 libri
1618 2020 1696 2074 De

147 2111 312 2177 opiﬁcio
341 2126 434 2164 sea:
461 2111 694 2178 dierum,
717 2123 770 2166 et
803 2112 855 2166 in
889 2112 981 2168 lib.
1016 2129 1030 2166 ι
1054 2114 1285 2183 Allegor.
1307 2113 1482 2184 Legis.
1507 2114 1696 2169 Traxit

145 2212 184 2256 et
213 2202 409 2272 Papias,
470 2212 529 2258 et
576 2202 841 2266 lrenarus,
886 2214 941 2260 et
989 2205 1296 2269 Pantaenus,
1345 2215 1401 2261 et
1448 2206 1696 2262 Clemens

143 2294 524 2361 Alexandrinus,
555 2310 696 2364 quos
721 2296 959 2365 paradisi
989 2297 1412 2367 descriptionem
1438 2299 1505 2353 ad
1569 2315 1690 2369 my-

149 2386 306 2441 sticam
359 2388 767 2457 expositionem
799 2386 1085 2443 deﬂexisse
1141 2398 1330 2444 narrat
1375 2391 1696 2446 Anastasius

141 2475 310 2530 Sinaita
346 2477 444 2534 lib.
481 2493 562 2532 vn
597 2477 834 2547 Anagog.
856 2478 1193 2546 contemplat.
1217 2494 1513 2549 eorumque
1541 2480 1694 2534 deiu-

139 2569 188 2622 de
218 2570 451 2640 exemplo
505 2569 833 2639 Gregorium
874 2579 1186 2635 utrumque.
1231 2567 1517 2640 Origenem
1562 2585 1691 2625 vero

136 2672 315 2716 secutus
334 2664 434 2716 ’est
463 2662 812 2727 Ambrosius,
840 2671 896 2716 et
935 2661 1244 2732 paradisum
1295 2671 1606 2717 terrestrem
1636 2663 1691 2718 in

135 2751 245 2806 ctelo
275 2754 426 2808 tertio
467 2753 789 2822 collocavit,
831 2755 1022 2810 eodem
1068 2753 1289 2807 innixus
1348 2751 1501 2809 Pauli
1550 2753 1688 2820 loco,

133 2835 298 2914 exque
325 2847 574 2916 opinioni
603 2862 720 2903 suae
752 2848 918 2903 robur
945 2847 1188 2902 additum
1217 2847 1485 2920 Origenes
1509 2849 1692 2905 existi-

135 2938 287 2994 mavit.
312 2939 438 2994 Haec
469 2939 562 2994 ille
588 2939 808 3009 quidem
843 2940 896 2994 in
930 2939 1071 2995 libro
1099 2941 1177 2994 De
1200 2942 1449 3010 paradiso
1475 2957 1598 3011 cap.
1630 2942 1686 3007 5,

132 3029 342 3092 quamvis
357 3028 488 3082 alibi
514 3029 570 3080 in
608 3027 637 3081 1
663 3025 790 3083 Cor.
825 3044 902 3093 Vl,
938 3030 1250 3098 paradisum
1278 3038 1591 3085 terrestrem
1619 3032 1689 3086 ab

131 3130 183 3169 eo
210 3117 514 3188 distinguat,
549 3119 604 3174 in
645 3134 804 3190 quem
831 3121 1077 3177 sublatus
1106 3123 1207 3176 fuit
1238 3122 1461 3178 Paulus.
1516 3124 1587 3178 At
1631 3124 1683 3178 in

132 3207 260 3273 epist.
286 3209 347 3262 ad
373 3207 647 3264 Sabinum
698 3210 882 3265 omnia
919 3211 1032 3266 haec
1081 3213 1148 3266 ad
1191 3213 1510 3284 allegoriam
1549 3229 1682 3268 con-
1711 3247 1753 3299 α

131 3300 279 3354 vertit.
313 3301 688 3372 Hieronymus
727 3313 908 3357 autem
938 3313 1062 3360 ante
1085 3305 1270 3359 mundi
1317 3305 1478 3374 hujus
1504 3305 1646 3362 fabri

131 3404 225 3443 cam
254 3393 530 3446 conditum
570 3395 888 3461 paradisum
919 3393 1153 3449 allirmat
1190 3397 1240 3449 in
1285 3394 1681 3451 Traditionibus

133 3479 373 3538 Hebraicis
416 3486 474 3539 in
518 3483 710 3539 Cenes.
755 3486 906 3552 Quod
940 3485 984 3539 si
1033 3487 1309 3540 conditum
1365 3487 1512 3542 hunc
1557 3496 1682 3541 ante

130 3576 351 3629 mundum
378 3577 643 3645 Opinatus
676 3587 779 3640 est,
805 3578 994 3646 utique
1029 3587 1180 3632 extra
1220 3579 1480 3632 mundum
1515 3578 1684 3634 fuisse

135 3667 339 3721 censuit.
367 3667 547 3722 Moses
570 3669 670 3722 bar
694 3667 872 3735 Cepha
922 3669 1014 3724 lib.
1041 3685 1057 3723 ι
1083 3669 1161 3724 De
1187 3672 1458 3737 paradiso,
1483 3687 1602 3741 cap.
1623 3673 1678 3738 8,

127 3756 325 3810 medium
364 3759 540 3827 ipsum
580 3766 756 3812 terras
799 3758 940 3812 inter
968 3768 1024 3812 et
1053 3759 1456 3815 ﬁrmamentum
1504 3761 1678 3827 locat;

125 3845 390 3918 lucumque
426 3850 713 3904 dimissam
737 3860 886 3919 putat
909 3849 982 3920 pii
1008 3850 1232 3906 latronis
1254 3854 1512 3919 animam,
1537 3857 1680 3924 quod

123 3941 240 3995 etde
265 3943 486 3997 aliorum
514 3951 833 3997 sanctorum
879 3941 1159 3998 animabus
1204 3944 1474 4000 allirmant
1510 3947 1678 4002 Seve-

124 4031 304 4098 rianus,
329 4045 469 4089 orat.
497 4033 533 4087 5
571 4031 649 4086 De
675 4048 929 4102 cosmop.,
982 4042 1037 4088 et
1064 4033 1317 4103 Eulogius
1333 4037 1470 4104 apud
1494 4036 1676 4103 Phot.,

123 4129 224 4179 cod.
258 4139 442 4185 edux.
465 4129 610 4196 Quin
640 4128 802 4181 etiam
824 4142 1063 4182 errorem
1089 4127 1336 4196 Origenis
1368 4129 1528 4198 paulo
1550 4141 1678 4186 ante

120 4233 250 4272 suam
273 4232 475 4276 :etatcm
508 4238 538 4275 a
584 4219 880 4274 Francisco
921 4219 1153 4290 Georgio
1188 4233 1501 4276 renovatum
1540 4224 1673 4278 scri-

121 4309 185 4363 bit
209 4312 379 4368 Sixtus
412 4315 682 4370 Senensis
708 4315 801 4367 lib.
832 4327 866 4364 v
910 4311 1198 4378 Biblioth.,
1233 4315 1421 4368 adnot.
1467 4315 1559 4378 51,
1597 4325 1676 4370 to—

121 4408 311 4468 tamque
333 4404 444 4472 ejus
474 4403 581 4459 ldci
617 4405 974 4475 quaestionem
1016 4404 1277 4476 proximis
1310 4405 1675 4460 adnotationi-

119 4488 202 4546 bus
221 4493 478 4552 exhaurit.

172 4585 298 4640 Alibi
330 4598 506 4644 tamen
548 4588 810 4660 Origenes
839 4591 1144 4658 paradisum
1197 4589 1366 4654 Eden,
1417 4604 1512 4646 seu
1564 4599 1674 4645 ter-

117 4685 317 4732 restrem
343 4683 599 4736 eumdem
651 4695 771 4736 esse
805 4683 996 4738 scribit
1035 4698 1100 4737 ac
1149 4684 1459 4753 paradisum
1495 4683 1668 4748 illum,

113 4770 159 4822 in
186 4787 333 4842 quem
367 4779 584 4847 piorum
615 4778 812 4831 animae
855 4785 980 4848 post
1031 4779 1238 4832 obitum
1287 4777 1667 4843 dimittuntur;

113 4877 260 4928 quem
292 4884 404 4921 cum
433 4869 485 4922 in
533 4867 696 4922 terris
738 4868 1101 4931 collocaverit.
1143 4878 1201 4923 ut
1246 4885 1404 4939 supra
1437 4870 1568 4932 dixi,
1610 4871 1672 4923 il-

115 4951 210 5006 lum
236 4971 434 5028 quoque
470 4961 525 5014 in
571 4960 730 5014 terris
772 4975 893 5014 esse
939 4976 1159 5016 necesse
1197 4970 1301 5016 est.
1354 4979 1373 5012 ι
1425 4961 1526 5028 Qui
1573 4977 1670 5014 au-

111 5055 231 5108 tem,
267 5066 283 5101 ι
315 5051 486 5121 inquit
538 5053 637 5107 lib.
671 5067 689 5106 ι
722 5053 776 5106 in
818 5053 1049 5112 Cantic..
1103 5068 1227 5122 pag.
1280 5052 1350 5106 62
1373 5095 1387 5118 ,
1423 5073 1442 5105 ι
1477 5055 1669 5123 dignus

109 5137 260 5194 fuerit
284 5145 449 5201 redire
475 5157 534 5202 et
565 5160 690 5200 esse
727 5162 849 5200 cum
881 5147 1117 5212 Christo,
1164 5147 1366 5216 quique
1408 5146 1460 5199 in
1501 5160 1668 5214 parvo

107 5230 270 5285 ﬁdelis
305 5235 556 5290 inventus
591 5237 952 5290 constituetur
991 5252 1155 5304 super
1197 5236 1387 5298 multa,
1424 5235 1514 5289 ille
1567 5252 1665 5306 gu-

104 5323 263 5376 stabit
285 5335 336 5379 et
377 5329 556 5398 capiet
603 5328 933 5396 voluptatem
978 5329 1214 5394 Domini,
1273 5329 1560 5398 perductus
1601 5329 1666 5380 ad

100 5409 270 5467 locum
290 5421 576 5486 quemdam
614 5419 707 5487 qui
739 5434 836 5487 pro
871 5419 1178 5488 huiusmodi
1223 5421 1465 5474 ciborum
1497 5419 1666 5487 copiis

98 5513 153 5556 et
173 5507 535 5575 varietatibus,
559 5511 874 5566 deliciarum
907 5516 1218 5567 nominatur
1244 5512 1414 5566 locus.
1441 5510 1668 5580 Propter

96 5601 237 5666 quod
261 5610 309 5656 et
338 5603 390 5658 in
439 5604 592 5659 Eden
622 5604 830 5675 positus
879 5605 1098 5672 dicitur,
1147 5605 1289 5674 quod
1330 5603 1548 5659 delicias
1579 5602 1666 5656 in-

97 5693 253 5754 dicat.
285 5722 304 5757 ι

166 5792 284 5850 Vlll.
311 5798 379 5854 Ut
409 5796 654 5869 paradisi
686 5793 1022 5864 plantatione
1062 5790 1352 5865 mysticum
1401 5788 1529 5858 quid
1569 5801 1666 5842 no-

95 5885 199 5938 tari
229 5887 367 5962 ﬁnxit
398 5894 497 5950 sibi
534 5886 929 5955 Adamantius,
970 5887 1039 5942 ita
1076 5895 1407 5943 scortearum
1452 5881 1662 5937 tunica-

1817 653 2029 698 textura
2059 660 2256 715 corpus
2292 646 2470 717 ipsum
2524 654 2798 706 terrenum
2840 662 2896 708 et
2939 655 3168 712 mortale
3221 658 3391 728 signi-

1814 735 1964 792 ficari
2021 738 2332 804 somniavit,
2383 755 2490 810 quo
2547 742 2739 798 Adami
2801 745 2982 801 anima
3033 747 3234 817 illigata
3279 761 3386 816 est,

1813 841 1933 882 cum
1963 838 2119 883 antea
2147 829 2474 887 immortalis
2497 843 2642 889 esset
2675 845 2728 889 et
2756 835 3145 906 incorporalis;
3179 840 3382 908 alioqui

1814 919 2094 974 ridiculum
2124 919 2240 976 fore
2281 921 2447 977 Deum
2495 941 2761 993 asserere,
2798 929 2876 982 sic
2913 938 3166 1000 tanquam
3213 933 3382 987 coria-

1811 1011 1952 1064 rium
1985 1021 2040 1065 et
2071 1021 2331 1080 sutorem,
2375 1015 2680 1072 animantes
2723 1017 2979 1088 gluhisse,
3020 1031 3076 1076 et
3112 1023 3381 1079 detractas

1809 1102 1976 1171 pelles
2003 1104 2324 1160 consuisse-
2366 1104 2520 1162 Hunc
2553 1107 2808 1178 refellunt
2844 1125 3086 1166 errorem
3125 1112 3381 1179 lrenaens,

1807 1191 1902 1247 lib.
1941 1208 2144 1264 t,cap.
2201 1196 2256 1264 1,
2314 1205 2367 1252 ct
2424 1197 2785 1255 Tertullianus
2829 1203 3032 1256 advers.
3093 1203 3380 1272 Valentin.,

1808 1301 1928 1355 cap.
1963 1287 2033 1342 24
2063 1297 2116 1342 et
2141 1288 2236 1344 lib.
2292 1288 2367 1342 De
2421 1300 2700 1346 resurrect.
2764 1309 2940 1360 carn.,
2989 1309 3110 1366 cap.
3155 1296 3186 1348 7
3218 1298 3374 1366 ;.jam

1806 1380 1950 1432 enim
2007 1388 2130 1433 ante
2179 1379 2430 1449 Origenis
2494 1390 2707 1437 aetatem
2775 1384 3098 1441 inoleverat.
3163 1386 3379 1442 Refellit

1805 1485 2041 1539 quoque,
2088 1480 2143 1525 et
2185 1472 2238 1526 in
2286 1472 2546 1530 Cassiano
2579 1475 2814 1546 quodam
2863 1477 3086 1532 damnat
3131 1478 3380 1534 Clemens

1804 1560 2198 1618 Alexandrinus
2223 1562 2423 1618 Strom.
2456 1565 2551 1621 lib.
2588 1582 2672 1631 ιιι,
2717 1577 2776 1620 ιιι
2814 1569 3021 1622 monuit
3062 1583 3148 1623 me
3179 1569 3378 1626 Paulus

1803 1651 2152 1719 Pcllissonus,
2187 1654 2240 1708 in
2278 1670 2384 1723 quo
2426 1655 2618 1724 plusne
2650 1656 2853 1728 ingenii
2895 1659 3270 1714 atttmnitatem
3301 1677 3370 1715 an

1805 1743 2169 1810 praestantiam
2199 1744 2464 1798 doctrinae
2491 1745 2702 1800 laudem
2743 1749 2950 1802 nescio.
3008 1747 3283 1804 Refelluut
3320 1759 3375 1804 et

1802 1832 2072 1898 Justinus,
2115 1849 2208 1888 seu
2247 1836 2492 1905 quisquis
2545 1848 2737 1894 auctor
2769 1849 2853 1896 est
2893 1842 3256 1906 Quarstionum
3306 1845 3375 1896 ad

1798 1925 2135 1989 art/todoxos,
2175 1937 2367 1995 quaest.
2424 1929 2517 1994 49,
2562 1940 2619 1984 et
2666 1943 2858 1988 auctor
2914 1935 3256 2006 Dialogorum
3283 1939 3376 2009 qui

1798 2013 2056 2083 Caesario,
2117 2015 2359 2086 Gregorii
2414 2017 2738 2076 Nazianzeni
2784 2023 2988 2092 fratri,
3042 2027 3374 2092 tribuuntur,

1797 2105 1924 2159 dial.
1950 2121 2048 2171 ιιι,
2090 2107 2278 2162 interr.
2317 2109 2448 2175 M9;
2492 2121 2548 2165 et
2589 2111 2884 2185 Gregorius
2906 2116 3181 2188 Nysseuus
3221 2119 3373 2175 Orat.

1796 2206 1926 2264 cat.,
1971 2211 2091 2266 cap.
2142 2199 2208 2263 8,
2255 2209 2310 2254 et
2346 2201 2765 2273 Chrysostomus
2842 2208 3030 2264 homil.
3073 2209 3160 2276 18,
3218 2211 3272 2264 in
3315 2225 3375 2266 ιιι

1797 2289 1968 2359 Gem,
2021 2301 2074 2346 et
2123 2293 2444 2350 Anastasius
2511 2296 2722 2353 Sina-ita
2797 2299 3087 2370 Contempl.
3145 2321 3370 2376 anagog.

1794 2383 1890 2438 lib.
1941 2400 2018 2449 ιιι,
2071 2393 2127 2440 et
2187 2385 2459 2454 llupertus
2506 2387 2598 2445 lib.
2655 2407 2742 2456 ιιι,
2792 2408 2910 2463 cap.
2952 2394 2986 2448 2
3029 2395 3079 2449 in
3116 2411 3175 2450 ιιι
3238 2397 3371 2453 Gen.

1795 2473 2053 2528 Eumdem
2077 2476 2406 2544 exprobrant
2431 2477 2649 2546 Origeui
2676 2480 2979 2536 Methodius
3007 2484 3146 2551 apud
3175 2485 3366 2554 Epiph.

1795 2566 1925 2621 inter.
1952 2581 2098 2631 LXIV,
2121 2576 2176 2620 et
2209 2569 2348 2637 apud
2379 2569 2536 2625 Phot.
2573 2571 2694 2626 cod.
2738 2588 3006 2638 ccxxxtv;
3038 2573 3384 2649 Epiphanius

1793 2657 1988 2712 haeres.
2022 2673 2171 2722 thv,
2201 2668 2256 2713 et
2282 2658 2334 2720 in
2357 2659 2515 2728 epist.
2561 2662 2628 2714 ad
2663 2660 2816 2716 Joan.
2851 2663 3104 2730 Jerosol.,
3139 2681 3259 2737 cap.
3289 2668 3323 2724 3
3355 2685 3369 2734 ;

1793 2747 2150 2820 Hieronymus
2195 2750 2356 2820 epist.
2387 2751 2479 2817 61,
2509 2753 2576 2807 ad
2610 2753 2949 2823 Pammach.,
2991 2773 3116 2828 cap.
3157 2761 3224 2825 ὃς
3276 2759 3374 2815 So-

1791 2839 2052 2906 phronias
2072 2841 2122 2893 in
2152 2843 2310 2911 epist.
2333 2843 2400 2896 ad
2423 2841 2602 2914 Serg.;
2637 2844 2946 2916 Stephanus
2970 2848 3216 2904 Gobarus
3246 2851 3372 2906 Tri—

1792 2930 1956 2985 thcita
1976 2935 2115 3000 apud
2135 2931 2315 2997 Phot.,
2333 2934 2460 2988 cod.
2477 2948 2698 2990 ccxxx"
2721 2936 2989 3002 ;Joannes
3011 2939 3373 2997 Damascenus

1789 3020 1866 3075 De
1891 3022 2074 3077 lateres.
2094 3041 2115 3088 ;
2152 3024 2371 3095 Glycas.
2399 3036 2541 3095 part.
2579 3043 2596 3081 ι
2634 3035 2690 3082 et
2723 3043 2777 3082 ιν
2805 3029 3000 3085 Annal.
3019 3047 3039 3094 ;
3060 3032 3368 3104 Cedrenus,

1787 3126 1842 3170 et
1862 3115 2078 3170 Nicetas
2109 3116 2265 3173 Thes.
2296 3119 2504 3174 orthod.
2527 3119 2626 3187 ﬁd.
2654 3119 2748 3176 lib.
2782 3137 2854 3189 tv,
2881 3123 3073 3180 haeres.
3108 3141 3258 3180 xsxt.

1857 3206 1913 3262 ln
1943 3209 2124 3263 varios
2153 3208 2394 3278 profecto
2423 3224 2618 3265 sensus
2644 3220 2849 3268 tractus
2876 3223 2962 3268 est
2984 3214 3086 3269 iste
3119 3215 3369 3287 Scriptu-

1787 3315 1861 3355 ra:
1887 3299 2038 3355 locus
2075 3316 2090 3354 :
2126 3300 2428 3358 Methodius
2469 3313 2646 3359 vestes
2693 3314 2958 3372 scorteas,
2997 3321 3103 3362 non
3146 3308 3364 3376 quidem

1784 3392 2010 3445 mortale
2037 3408 2232 3462 corpus
2262 3408 2383 3450 esse
2413 3395 2571 3462 dixit,
2616 3396 2712 3450 sed
2752 3398 3004 3468 corporis
3055 3408 3213 3455 antea
3258 3402 3364 3456 im-

1783 3481 2047 3546 mortalis,
2081 3481 2277 3537 deinde
2305 3498 2436 3538 vero
2473 3484 2718 3539 mortalis
2747 3484 2920 3540 effecti
2951 3487 3360 3545 dissolutionem

1782 3573 2108 3643 signiﬁcare.
2160 3573 2455 3643 Gregorius
2506 3575 2888 3632 Nazianzenus
2925 3579 3170 3646 corporis
3201 3581 3362 3634 nudi-

1785 3676 1894 3721 tate
1942 3667 2169 3736 exprimi
2223 3667 2337 3722 vult
2395 3667 2702 3724 immortale
2758 3670 2909 3739 prius
2942 3679 2996 3725 et
3057 3670 3217 3726 nullis
3265 3673 3362 3727 ob-

1783 3761 1998 3814 noxium
2030 3761 2234 3814 morbis
2257 3761 2447 3814 Adami
2478 3776 2704 3830 corpus;
2730 3763 2969 3817 vestibus
3010 3779 3157 3828 vero,
3211 3778 3361 3818 mor-

1784 3852 2070 3916 talitatem,
2114 3852 2455 3921 gravitatem,
2490 3867 2554 3905 ac
2589 3852 2977 3919 inlirmitatem,
3011 3869 3132 3922 qua:
3163 3869 3362 3924 corpus

1782 3945 1909 4000 illud
1981 3945 2312 4000 invaserunt.
2385 3941 2640 3997 Nonnulli
2713 3959 2865 4009 vero,
2937 3959 3078 4013 quos
3160 3946 3359 4002 refellit

1780 4034 2152 4090 Theodoretus
2194 4042 2390 4102 quaest.
2427 4032 2496 4087 '59
2533 4033 2586 4086 in
2619 4030 2906 4098 Genesim.,
2940 4043 3182 4090 scorteas
3217 4038 3358 4090 tuui-

1779 4142 1872 4182 cas
1894 4140 2015 4179 esse
2035 4123 2291 4178 dixerunt
2321 4124 2577 4178 arborum
2607 4123 2863 4188 cortices,
2900 4138 3020 4193 quae
3044 4134 3168 4178 sunt
3209 4124 3356 4180 velut

1779 4217 2032 4274 arborum
2061 4215 2227 4286 pelles
2259 4225 2315 4270 et
2346 4216 2678 4270 indumenta.

1850 4310 1943 4365 His
1976 4309 2424 4380 suffragatoribus
2452 4325 2692 4365 errorem
2721 4323 2876 4364 suum
2904 4317 3192 4364 excusaret
3225 4309 3349 4365 Ori-

1777 4417 1965 4474 genes,
2007 4403 2050 4456 si
2100 4401 2217 4470 ejus
2265 4410 2412 4456 esset
2461 4400 2800 4456 manifestus.
2835 4399 2922 4459 At
2954 4410 3154 4468 quanta
3191 4399 3355 4457 fuerit

1779 4495 1946 4566 ipsius
1977 4496 2030 4548 in
2058 4493 2158 4548 hac
2184 4493 2484 4562 quaestione
2523 4490 2801 4547 ﬂuctuatio
2831 4506 2899 4546 ex
2943 4493 3197 4560 sequenti
3235 4491 3355 4548 loco

1703 4583 2005 4658 Dpatebit,
2037 4599 2198 4654 quem
2254 4593 2462 4639 catena:
2519 4598 2624 4638 uno
2679 4598 2947 4639 consensu
2989 4582 3209 4654 Origeni
3260 4584 3358 4639 tri-

1777 4679 1969 4733 buuttt.
1999 4675 2050 4731 ls
2073 4691 2200 4744 ergo
2239 4675 2293 4728 in
2323 4673 2512 4728 Cenes.
2543 4689 2624 4740 ιιι,
2657 4673 2748 4739 21,
2794 4685 3079 4744 postquam
3112 4674 3351 4744 ineptum

1778 4784 1898 4825 esse
1929 4765 2064 4824 dixit
2099 4768 2264 4822 Deum
2301 4766 2503 4833 lingere
2538 4769 2809 4821 detractas
2841 4766 3151 4820 animalium
3186 4765 3352 4835 pelles

1778 4871 2150 4924 consueutem,
2192 4858 2375 4913 subdit
2417 4857 2631 4912 εΙΙάλιν
2677 4875 2738 4910 τε
2779 4859 3018 4927 φυγόντα
3072 4857 3133 4908 τὸ
3180 4855 3352 4920 οὕτως

1777 4956 1996 5017 ἄτοπον,
2035 4951 2211 5020 λέγειν
2239 4950 2364 5014 τοὺς
2391 4949 2747 5020 δερματίνους
2777 4950 3008 5020 χιτῶνας
3035 4949 3136 5001 οὐκ
3163 4948 3354 5022 ἄλλους

1775 5043 1938 5113 εἶναι,
1971 5048 2004 5118 ἢ
2033 5044 2101 5098 τὰ
2129 5043 2376 5113 σώματα,
2411 5041 2634 5094 πιθανὸν
2682 5041 2800 5111 μὲν,
2835 5041 2928 5094 καὶ
2977 5041 3055 5102 εἰς
3089 5038 3354 5108 συγκατά-

1737 5141 1922 5194 ςθεσιν
1962 5135 2367 5190 ἐπισπάσασθαι
2415 5133 2728 5204 δυνάμενον·
2778 5133 2839 5184 οὐ
2887 5129 2994 5202 μὴν
3039 5131 3228 5198 σαφὲς,
3276 5129 3352 5191 ὡς

1775 5233 1990 5304 ἀληθές.
2028 5232 2091 5284 El
2131 5229 2241 5301 γὰρ
2283 5230 2332 5282 οἱ
2372 5227 2686 5299 δερμάτινοι.
2728 5224 2952 5295 χιτῶνες
3007 5223 3208 5293 σάρκες
3257 5222 3351 5276 καὶ

1772 5324 1936 5377 ὀστέα
1976 5321 2102 5384 εἰσὶ,
2130 5320 2248 5382 πῶς
2277 5318 2383 5389 πρὸ
2413 5317 2616 5370 τούτων
2667 5315 2834 5384 φησὶν
2861 5317 2889 5367 ὁ
2930 5313 3101 5381 Ἀδάμ
3119 5328 3135 5344 ·
3167 5311 3349 5365 Τοῦτο

1771 5415 1890 5470 νῦν
1921 5413 2146 5469 ὀστοῦν
2180 5412 2248 5464 ἐκ
2291 5409 2410 5464 τῶν
2438 5406 2635 5462 ὀστῶν
2659 5426 2801 5477 μου,
2837 5406 2936 5461 καὶ
2971 5405 3125 5476 σὰρξ
3146 5406 3212 5459 ἐκ
3239 5404 3349 5473 τῆς

1771 5511 2004 5579 σαρκός
2022 5521 2178 5576 pou;
2229 5521 2249 5555 ί
2304 5502 2536 5557 Rursum
2595 5514 2723 5555 vero
2778 5499 2821 5554 si
2869 5499 2992 5568 quis
3044 5512 3155 5551 rem
3213 5498 3348 5552 adeo

1773 5600 2064 5659 absurdam
2095 5596 2312 5668 fugiens
2336 5593 2532 5651 dixerit
2564 5602 2806 5647 scorteas
2834 5590 3049 5645 tunicas
3072 5605 3176 5644 non
3206 5588 3346 5642 alias

1769 5708 1890 5750 esse
1911 5705 2071 5763 quam
2104 5702 2358 5757 corpora,
2388 5683 2668 5757 probabile
2705 5683 2812 5738 erit
2852 5681 2902 5736 id
2927 5680 3166 5751 quidem,
3198 5690 3253 5734 et
3277 5680 3342 5733 ad

1773 5789 2052 5841 assensum
2119 5780 2334 5835 trahere
2398 5777 2624 5842 valens;
2679 5789 2785 5829 non
2857 5772 3060 5828 clarum
3145 5779 3341 5831 tamen.

1771 5877 1932 5949 quale
1972 5890 2093 5932 esse
2131 5874 2292 5930 debet
2325 5871 2466 5942 quod
2503 5883 2689 5927 verum
2747 5877 2848 5924 est.
2884 5863 3018 5920 Nam
3053 5864 3098 5921 si
3149 5861 3343 5919 tunica:
