3914 6522
548 425 571 478 1
582 423 687 480 059

1843 414 1906 471 P.
1948 412 2263 472 DANIELIS
2294 410 2531 471 HUETII

3654 416 3801 475 ιῡθο

546 550 773 595 ποι-ιω
799 551 989 592 carnes
1018 542 1072 590 et
1103 549 1227 590 ossa
1262 540 1410 597 sunt,
1461 533 1732 603 quomodo
1785 544 1942 589 antea
1985 534 2117 591 dicit
2142 544 2191 597 Α
2218 536 2477 606 unigeniti
2542 535 2712 590 factos
2750 547 2872 589 esse
2907 532 3132 599 scribit,
3174 534 3318 604 quod
3366 534 3651 605 impietate
3689 554 3799 594 non

546 629 717 686 Adam
744 647 757 681 :
785 627 898 681 Hoc
912 643 1055 680 nunc
1093 642 1149 679 os
1162 642 1228 680 ea:
1250 626 1453 678 ossibus
1483 625 1635 690 meis,
1660 632 1708 677 et
1746 641 1870 678 cura
1887 627 1950 679 de
1966 642 2121 680 carne

546 737 662 774 mea
682 720 768 772 “‘l
799 738 817 768 ι
852 718 1011 773 Addit
1035 727 1292 785 praetcrea
1326 716 1715 771 nonnulloshis
1735 718 2122 787 circumseptos

547 810 808 878 angustiis
823 809 1161 863 existimasse
1187 818 1430 863 scorteas
1460 810 1675 863 tunicas
1702 823 1824 865 esse
1850 810 2117 865 moriendi

548 904 931 956 necessitatem
963 900 1169 953 Adamn
1195 913 1250 955 et
1284 901 1408 955 Eva:
1434 912 1554 969 post
1585 912 1866 971 peccatum
1894 902 2118 971 imposi-

546 1002 656 1048 tam
702 1012 716 1047 :
759 994 899 1062 quod
937 994 1113 1062 ipsum
1168 992 1486 1048 diﬂicultate
1530 1010 1631 1047 non
1687 1010 1875 1049 carere
1912 1003 2118 1049 censet.

544 1082 762 1139 Clarius
793 1085 845 1139 in
882 1085 1243 1139 orthodoxam
1296 1085 1509 1139 videtur
1562 1087 1859 1141 concedere
1906 1093 2123 1140 senten-

544 1176 677 1230 tiam
732 1176 919 1231 homil.
968 1175 1025 1238 6,
1079 1179 1133 1230 in
1186 1176 1429 1240 Levitic.,
1484 1193 1633 1232 nttm.
1686 1179 1747 1242 2,
1801 1194 1921 1231 cum
1978 1178 2055 1231 ait
2104 1194 2117 1230 :

552 1284 573 1319 ι
613 1265 786 1321 Velim
832 1266 1084 1321 conferre
1149 1265 1238 1319 illa
1268 1266 1501 1320 infelicia
1542 1268 1875 1333 indumenta,
1927 1268 2121 1338 quibus

545 1363 757 1429 primus
790 1359 974 1424 homo,
1002 1374 1124 1411 cum
1154 1368 1459 1427 peccasset,
1489 1359 1708 1426 indutus
1738 1369 1843 1421 est,
1879 1375 2000 1413 cum
2034 1362 2120 1414 his

542 1452 747 1505 sanctis
773 1462 827 1505 et
864 1451 1110 1505 fidelibus
1135 1451 1485 1507 indumentis.
1520 1452 1587 1505 Et
1616 1452 1832 1521 quidem
1877 1452 1964 1505 illa
1990 1452 2125 1505 dici-

547 1555 635 1596 tur
664 1542 805 1596 Deus
839 1541 1031 1596 fecisse
1080 1558 1094 1595 :
1152 1541 1302 1595 Fecit
1344 1546 1504 1607 enim,
1551 1543 1752 1613 inquit,
1802 1543 1939 1597 Deus
1981 1544 2124 1597 tuni-

543 1649 633 1686 cas
659 1634 926 1701 pelliceas,
968 1644 1015 1687 et
1039 1634 1209 1687 induit
1234 1636 1406 1687 Adam
1443 1645 1490 1689 et
1518 1636 1783 1689 mulierem
1799 1636 1913 1705 ejus
1930 1635 1993 1688 “.
2017 1633 2124 1689 Illa:

542 1738 672 1791 ergo
713 1724 908 1778 tunica:
936 1724 999 1778 dc
1031 1724 1263 1794 pellibus
1330 1734 1486 1778 erant
1516 1740 1581 1779 ex
1623 1725 1943 1779 animalibus
1978 1740 2124 1777 sum-

542 1821 649 1881 ptae
696 1830 711 1867 :
766 1813 963 1867 talibus
1014 1813 1158 1866 enim
1197 1814 1479 1883 oportebat
1526 1814 1674 1869 indui
1729 1825 2100 1883 peccatorem,

2224 636 2395 682 caret.
2424 645 2443 677 I

2294 720 2454 774 Certe
2502 719 2546 773 si
2596 717 2731 772 satis
2783 724 3060 773 constaret
3100 717 3304 773 dixisse
3350 718 3645 788 Origenem
3706 735 3801 790 per

2222 820 2500 881 peccatum
2537 810 2825 881 imaginem
2872 810 2967 865 Dei
3013 810 3279 864 Adamum
3315 811 3593 875 amisisse,
3619 812 3801 881 Augu-

2222 904 2422 957 stinum
2474 910 2652 955 tamen
2684 901 2785 954 sibi
2839 900 3225 972 suﬂ‘ragantem
3268 902 3525 969 haberet,
3564 904 3657 973 qui
3704 903 3797 959 lib.

2221 1010 2272 1048 vt
2305 995 2377 1047 De
2399 993 2585 1047 Genesi
2610 995 2679 1045 ad
2703 995 2891 1059 litter.,
2915 1008 3036 1063 cap.
3064 993 3155 1057 2'7,
3184 994 3255 1049 ita
3282 995 3566 1063 loquitur:
3596 1012 3617 1047 ι
3650 994 3799 1051 Hanc

2224 1083 2511 1151 imaginem
2559 1084 2610 1135 in
2663 1082 2860 1151 spiritu
2920 1084 3117 1139 mentis
3168 1083 3490 1154 impressam
3565 1085 3801 1155 perdidit

2222 1174 2390 1228 Adam
2423 1189 2518 1243 per
2546 1185 2851 1241 peccatum,
2882 1190 3042 1244 quam
3093 1176 3395 1244 recepimus
3426 1191 3527 1246 per
3573 1178 3798 1246 gratiam

2216 1264 2460 1335 iustitiae.
2496 1282 2514 1316 ι
2557 1264 2613 1317 Id
2649 1265 3001 1319 nihilominus
3032 1265 3237 1319 emollit
3272 1265 3366 1321 lib.
3397 1281 3437 1319 ιι
3480 1264 3799 1328 Retraetat.,

2223 1370 2342 1423 cap.
2368 1353 2476 1417 2i,
2523 1368 2628 1407 non
2680 1369 2891 1408 erasam
2944 1368 3010 1407 ex
3068 1354 3286 1408 homine
3330 1356 3473 1410 hanc
3513 1356 3800 1425 imaginem

2223 1445 2427 1508 dicens,
2465 1446 2560 1501 sed
2600 1445 2673 1498 ita
2709 1444 3088 1508 deformatam,
3120 1453 3181 1498 ut
3224 1444 3392 1499 fuerit
3429 1443 3798 1501 reformanda.

2221 1536 2289 1590 At
2316 1536 2360 1591 si
2393 1536 2636 1590 doctrina
2664 1534 2936 1603 Origenis,
2967 1550 3069 1588 non
3108 1549 3174 1589 ex
3209 1534 3651 1590 adversariorum
3685 1551 3805 1590 con-

2222 1630 2631 1701 questionibus,
2680 1628 2775 1682 sed
2817 1642 2883 1682 ex
2926 1626 3044 1695 ejus
3095 1637 3367 1697 spectetur
3398 1627 3604 1690 verbis,
3651 1636 3803 1697 prout

2223 1738 2251 1775 a
2282 1721 2498 1786 Rufino,
2547 1721 2650 1776 levi
2701 1735 2924 1790 prorsus
2976 1720 3293 1789 interprete,
3323 1733 3593 1774 conversa
3643 1729 3800 1784 sunt,

2224 1816 2341 1870 sine
2393 1829 2551 1870 causa
2601 1814 2693 1868 hic
2747 1813 2920 1883 ipsum
2972 1811 3229 1880 vapulare
3282 1810 3605 1865 fatebimur.
3672 1809 3798 1863 Nam

544 1902 805 1972 pelliceis,
844 1904 1082 1974 inquam,
1126 1906 1339 1970 tunicis,
1394 1921 1517 1975 qua:
1554 1916 1734 1961 essent
1762 1905 2121 1971 mortalitatis,
2160 1887 2201 1941 Β
2228 1908 2408 1961 animo
2441 1905 2694 1969 hominis,
2724 1920 2831 1959 non
2861 1903 3097 1973 corpori,
3129 1902 3418 1971 imaginem
3448 1901 3545 1956 Dei
3582 1903 3799 1970 impres-

542 2010 703 2063 quam
753 2010 849 2064 pro
906 2006 1128 2066 peccato
1182 2009 1488 2067 acceperat,
1533 2008 1589 2053 et
1626 1998 1929 2068 fragilitatis
1983 1998 2120 2067 ejus,

542 2100 664 2153 qtta‘.
703 2102 769 2141 ex
828 2088 1011 2143 carnis
1057 2092 1404 2160 corruptione
1452 2091 1720 2154 veniebat,
1780 2090 2055 2147 indicium.
2094 2111 2112 2143 ι

543 2176 730 2247 Itaque
764 2188 956 2234 auctor
1008 2179 1217 2252 Dialogi
1266 2184 1330 2237 de
1373 2182 1667 2236 orthodoxa
1709 2184 1833 2253 ﬁde,
1873 2185 1963 2252 qui
1997 2182 2123 2240 (Iri-

542 2267 664 2336 geni
730 2269 888 2337 vulgo
952 2272 1245 2335 tribuitur,
1309 2276 1484 2343 ipsum
1571 2274 1775 2329 inducit
1853 2284 1988 2330 sect.
2050 2275 2119 2342 5,

543 2372 667 2429 pag.
696 2358 821 2425 86‘2,
852 2377 1035 2416 veram
1062 2372 1117 2417 et
1150 2363 1201 2417 in
1230 2364 1473 2419 Ecclesia
1508 2375 1777 2434 receptam
1808 2366 2119 2434 opinionem

543 2450 614 2503 de
646 2452 847 2505 tunicis
874 2452 979 2506 illis
1008 2455 1257 2521 scorteis,
1296 2455 1557 2511 adversus
1602 2455 1866 2511 Marinum
1907 2456 2110 2513 Barde-

542 2541 827 2596 sianistam
858 2555 1311 2614 propugnantem.

614 2630 708 2686 IX.
747 2630 891 2687 Inter
920 2634 1328 2689 criminationes
1362 2650 1498 2705 quas
1536 2638 1797 2693 adversus
1827 2636 2120 2709 Origenem

542 2722 757 2792 collegit
791 2724 1122 2793 Epiphanius
1140 2726 1269 2779 bter.
1298 2742 1445 2793 utv,
1482 2743 1600 2798 cap.
1625 2729 1761 2793 i,et
1796 2730 1848 2783 in
1898 2733 2121 2799 epistola

544 2812 611 2865 ad
640 2810 900 2867 Joannem
928 2811 1274 2885 Jerosolym..
1306 2832 1428 2885 cap.
1454 2817 1511 2883 4,
1542 2835 1649 2873 una
1682 2820 1797 2874 haec
1832 2830 1914 2874 est
1944 2839 1958 2874 :
1996 2838 2015 2872 ε
2040 2822 2123 2875 Ιη-

547 2911 632 2957 ter
667 2903 834 2958 multa
882 2905 1048 2959 etiam
1086 2906 1216 2961 illud
1260 2922 1425 2963 ausus
1455 2920 1540 2964 est
1579 2911 1782 2977 dicere,
1824 2915 2124 2981 perdidisse

542 2994 837 3064 imaginem
872 2995 965 3051 Dei
992 2998 1207 3053 Adam:
1235 3017 1254 3051 ι
1289 3000 1432 3069 quod
1458 3011 1513 3055 et
1546 3000 1904 3075 Hieronymus
1930 3007 2125 3076 repetit

541 3076 595 3132 in
627 3080 786 3149 epist.
832 3082 921 3145 61,
974 3085 1038 3138 ad
1070 3083 1402 3151 Pammach.,
1438 3102 1559 3157 cap.
1588 3090 1640 3144 5.
1670 3090 1830 3158 Quasi
1858 3094 2123 3149 Adamum

542 3169 773 3225 voluerit
804 3172 857 3226 in
888 3188 1103 3243 ptenam
1130 3178 1361 3246 peccati,
1389 3193 1493 3233 non
1520 3182 1670 3249 gravi
1704 3184 1969 3240 duntaxat
2003 3201 2124 3242 cor-

540 3272 695 3327 pore,
715 3261 793 3316 sic
814 3272 1066 3332 tanquam
1086 3268 1435 3337 compedibus
1459 3268 1625 3325 fuisse
1644 3275 2019 3343 constrictum,
2034 3278 2127 3331 sed

544 3352 781 3423 imagine
812 3357 972 3409 etiam
1014 3358 1131 3423 Dei,
1162 3360 1228 3412 ad
1270 3375 1430 3429 quam
1470 3363 1720 3419 conditus
1754 3365 1952 3431 fuerat,
1980 3370 2129 3423 exci-

544 3446 708 3500 disse.
738 3448 809 3500 At
835 3448 995 3515 paulo
1029 3448 1255 3505 inferius
1286 3451 1445 3506 docet
1477 3452 1813 3523 Epiphanius
1842 3473 1947 3513 non
1988 3460 2125 3515 idem

550 3552 715 3607 super
757 3539 859 3594 hac
897 3542 1194 3609 quaestione
1238 3543 1473 3600 sensisse
1521 3544 1857 3615 Origenistas
1890 3566 2125 3609 omnes:

549 3647 569 3680 ι
597 3628 823 3695 Quidam
856 3633 998 3685 enim
1042 3648 1257 3699 eorum,
1302 3635 1509 3706 inquit,
1543 3639 1728 3693 dicunt
1760 3643 1902 3709 quod
1946 3644 2127 3715 imago

546 3720 664 3784 Dei,
689 3736 852 3789 quam
886 3724 1037 3791 prius
1063 3726 1271 3795 accepit
1295 3728 1489 3794 Adam,
1536 3730 1628 3785 illo
1658 3742 1920 3798 peccante
1950 3738 2127 3803 perie-

546 3812 657 3867 rit-:
695 3814 784 3868 alii
818 3816 1163 3884 suspicantur
1198 3834 1414 3891 corpus,
1461 3824 1605 3891 quod
1636 3823 1802 3879 Filius
1840 3826 1931 3881 Dei
1969 3829 2123 3883 habi-

543 3914 694 3959 turus
735 3917 883 3961 esset
911 3922 977 3961 ex
1026 3908 1228 3977 Maria,
1259 3911 1429 3981 ipsam
1476 3930 1596 3970 esse
1646 3917 1979 3987 imaginem;
2034 3921 2123 3975 alii

541 4009 791 4064 sensum;
826 3998 917 4053 alii
949 4000 1236 4067 virtutem;
1270 4004 1357 4058 isti
1388 4007 1682 4075 baptisma;
1714 4009 1765 4061 hi
1789 4012 1930 4079 quod
1963 4012 2122 4066 homo

543 4088 610 4142 ad
669 4089 957 4160 imaginem
1022 4092 1115 4147 Dei
1176 4094 1483 4151 dominetur
1544 4099 1811 4155 omnibus.
1845 4121 1863 4152 ι
1909 4102 2124 4160 Nicetas

540 4180 736 4234 veroin
774 4180 1043 4236 Thesauro
1076 4185 1382 4241 orthodoxe?
1414 4188 1559 4255 ﬁdei,
1592 4190 1684 4245 lib.
1715 4207 1787 4254 tv,
1808 4192 1938 4247 liter.
1970 4210 2118 4259 χχχι,

542 4272 741 4326 dixisse
771 4272 848 4326 ait
885 4273 1174 4345 Origenem
1204 4277 1493 4341 Adamutn,
1524 4290 1813 4350 antequam
1847 4299 2119 4354 peccaret,

540 4362 771 4433 elIigiem
815 4365 1108 4420 humanam
1158 4372 1439 4440 corporeis
1468 4372 1764 4429 involucris
1797 4376 2119 4447 immunem,

539 4461 595 4507 et
634 4454 748 4508 sola
786 4456 1021 4511 humana
1059 4460 1231 4513 forma
1269 4464 1550 4529 praeditam
1593 4479 1987 4535 conservasse;
2021 4473 2122 4524 ad-

2228 2012 2343 2052 sam
2376 2012 2495 2052 esse
2525 1996 2703 2060 docet,
2740 2010 2864 2050 cum
2893 2008 2923 2047 a
2962 1994 3071 2049 Deo
3104 1994 3355 2049 conditus
3383 2003 3511 2048 est:
3546 1992 3643 2047 Dei
3680 2007 3799 2047 vero

2229 2092 2632 2148 similitudinem
2687 2101 2817 2147 tunc
2866 2090 3121 2161 adipisci,
3168 2105 3288 2144 cum
3338 2090 3583 2144 animum
3634 2092 3797 2144 virtu-

2230 2187 2374 2242 tibus
2417 2194 2663 2240 exornat.
2703 2204 2722 2236 ι
2764 2184 2916 2239 Hunc
2952 2198 3083 2238 sane
3126 2182 3435 2247 hominem,
3486 2183 3665 2251 inquit
3708 2184 3798 2237 ho-

2229 2277 2343 2334 mil.
2371 2278 2397 2330 1
2432 2276 2487 2329 in
2525 2275 2737 2340 Genes.,
2773 2290 2923 2330 num.
2952 2275 3040 2338 l5,
3081 2291 3100 2324 ι
3130 2287 3288 2342 quem
3331 2271 3467 2327 dicit
3504 2272 3575 2326 ad
3625 2272 3797 2341 imagi-

2228 2384 2352 2423 nem
2387 2368 2477 2422 Dei
2507 2367 2737 2429 factum,
2766 2382 2874 2419 non
2911 2364 3259 2432 intelligimus
3286 2361 3653 2431 corporalem.
3690 2361 3794 2415 Non

2227 2462 2371 2515 enim
2408 2459 2649 2528 corporis
2688 2458 2998 2528 figmentum
3054 2455 3145 2509 Dei
3200 2454 3491 2523 imaginem
3534 2455 3795 2516 continet.

2229 2565 2403 2621 neque
2449 2550 2626 2605 factus
2681 2563 2803 2604 esse
2869 2548 3165 2619 corporalis
3222 2547 3385 2603 homo
3432 2546 3659 2610 dicitur,
3711 2546 3794 2601 sed

2228 2644 2543 2715 plasmatus.
2595 2642 2737 2696 sicut
2778 2641 2832 2695 in
2878 2639 3335 2708 consequentibus
3384 2638 3653 2706 scriptum
3702 2645 3792 2691 est.

2227 2738 2319 2791 Ait
2346 2736 2488 2789 enim
2516 2753 2529 2786 :
2562 2733 2844 2788 l’lasmavit
2880 2734 3017 2788 Deus
3047 2734 3309 2788 hominem
3331 2732 3401 2796 ",
3431 2731 3486 2785 id
3519 2740 3623 2793 est,
3653 2730 3797 2784 finxit

2230 2825 2294 2879 de
2323 2834 2479 2877 terra:
2524 2823 2674 2877 limo.
2702 2823 2750 2878 ls
2786 2832 2968 2877 autem
3006 2825 3097 2892 qui
3141 2824 3207 2875 ad
3255 2822 3553 2894 imaginem
3588 2820 3681 2875 Dei
3722 2819 3794 2873 fa-

2229 2924 2345 2969 ctus
2369 2923 2473 2975 est,
2502 2923 2556 2967 et
2582 2914 2649 2967 ad
2679 2914 3110 2975 similitudinem,
3141 2913 3371 2967 interior
3402 2913 3566 2966 homo
3597 2920 3795 2973 noster,

2229 3015 2311 3059 est
2344 3004 2625 3059 invisibilis
2656 3014 2710 3058 et
2740 3003 3119 3084 incorporalis,
3159 3012 3213 3057 et
3259 3003 3610 3071 incorruptus
3641 3008 3792 3069 atque

2229 3094 2572 3149 immortalis.
2602 3092 2658 3146 In
2696 3094 2779 3148 his
2814 3093 2957 3148 enim
3007 3094 3204 3149 talibus
3245 3093 3341 3148 Dei
3392 3094 3570 3162 imago
3606 3091 3797 3145 rectius

2231 3184 2565 3255 intelligitur.
2616 3184 2672 3239 Si
2713 3186 2806 3254 qui
2866 3200 2995 3240 vero
3042 3186 3189 3239 hunc
3240 3198 3565 3253 corporeum
3616 3190 3799 3251 putent

2230 3291 2383 3340 esse,
2412 3276 2503 3344 qui
2543 3276 2609 3330 ad
2642 3276 2929 3346 imaginem
2974 3276 3456 3331 etsimilitudinem
3503 3276 3592 3330 Dei
3632 3274 3797 3329 factus

2227 3372 2344 3431 est,
2386 3366 2552 3421 Deum
2602 3367 2777 3436 ipsum
2829 3382 3182 3436 corporeum,
3230 3375 3287 3421 et
3334 3366 3586 3420 humana:
3618 3364 3794 3419 fornae

2226 3459 2477 3513 videntur
2510 3458 2783 3522 inducere,
2812 3460 2955 3527 quod
2984 3458 3191 3513 sentire
3230 3458 3299 3511 de
3330 3455 3445 3511 Deo
3478 3454 3795 3511 manifestis.

2227 3553 2365 3606 sime
2401 3550 2624 3618 impium
2658 3559 2760 3604 est.
2788 3568 2807 3601 ι
2856 3548 2977 3603 Mox
3028 3549 3317 3617 imaginem
3360 3549 3492 3614 Dei,
3534 3550 3600 3603 ad
3642 3562 3790 3616 quam

2226 3643 2492 3698 formatus
2521 3650 2605 3696 est
2656 3642 2840 3707 homo,
2874 3644 3047 3713 ipsum
3085 3657 3208 3698 esse
3251 3643 3451 3697 asserit
3497 3641 3789 3701 Christum,

2226 3749 2492 3808 quatenus
2540 3740 2711 3809 figura
2756 3744 2838 3790 est
2884 3736 3199 3789 substantia:
3232 3734 3362 3801 Dei,
3407 3748 3513 3788 non
3542 3741 3790 3801 quatenus

2226 3845 2453 3899 corpore
2489 3846 2519 3884 a
2558 3830 2726 3883 Maria
2769 3837 2987 3895 sumpto
3015 3827 3256 3880 indutus.
3299 3843 3318 3876 ι
3349 3825 3431 3879 Ad
3462 3824 3623 3894 hujus
3648 3835 3790 3890 ergo,

2226 3921 2431 3992 inquit,
2480 3920 2731 3990 imaginis
2786 3918 3198 3973 similitudinem
3256 3920 3420 3971 homo
3468 3916 3635 3970 iactus
3684 3923 3790 3974 est,

2224 4022 2279 4067 et
2317 4022 2599 4083 propterea
2646 4011 2898 4065 Salvator
2934 4020 3134 4075 noster,
3166 4010 3258 4078 qui
3311 4017 3398 4063 est
3447 4008 3618 4075 imago
3662 4004 3790 4067 Dei,

2223 4103 2595 4159 misericordia
2626 4110 2803 4155 motus
2839 4115 2936 4170 pro
2972 4100 3209 4161 homine,
3241 4099 3334 4168 qui
3370 4098 3435 4151 ad
3467 4097 3596 4163 ,ejus
3640 4094 3789 4148 simi--

2223 4197 2502 4252 Iitudinem
2547 4195 2723 4249 factus
2775 4194 2976 4253 fuerat,
3023 4189 3210 4245 videns
3245 4204 3369 4243 eum
3420 4186 3649 4255 deposita
3700 4197 3791 4236 sua

2226 4288 2456 4356 imagine
2506 4283 2722 4353 maligni
2775 4281 3068 4349 imaginem
3122 4279 3421 4342 induxisse,
3470 4278 3581 4344 ipse
3623 4284 3791 4326 motus

2223 4374 2617 4439 misericordia,
2659 4375 2896 4441 imagine
2943 4370 3179 4426 hominis
3219 4376 3521 4435 assumpta,
3554 4364 3691 4417 venit
3725 4361 3787 4411 ad

2222 4483 2401 4523 eum.»
2440 4463 2689 4520 Ostendit
2713 4465 2970 4534 deinceps
2998 4460 3271 4532 peccando
3304 4459 3510 4515 similes
3540 4470 3630 4509 nos
3656 4452 3787 4504 ellici

542 4543 707 4597 misso
742 4554 921 4599 autem
961 4558 1180 4616 peccato
1227 4550 1454 4605 formam
1494 4552 1639 4607 illam
1683 4555 1956 4619 amisisse.
1993 4574 2114 4613 cum
2148 4584 2193 4638 ο
2223 4558 2467 4622 diabolo;
2504 4565 2647 4610 recte
2691 4557 2925 4626 agendo,
2959 4555 3179 4610 Christo
3220 4571 3233 4605 :
3277 4571 3295 4603 ι
3332 4550 3441 4606 Sed
3487 4562 3658 4609 nemo,
3704 4544 3787 4595 in-

542 4653 740 4707 corpus
783 4640 885 4694 hoc
920 4642 1099 4697 anima
1130 4646 1317 4700 subiit.
1361 4645 1497 4699 Tum
1540 4646 1736 4703 deinde
1774 4651 1841 4705 de
1883 4651 2117 4720 Origene

542 4729 656 4783 haec
690 4732 945 4785 disserit:
986 4750 1005 4784 ι
1033 4733 1192 4788 Aliud
1228 4735 1373 4789 enim
1405 4736 1593 4803 Deum,
1622 4738 1764 4795 aliud
1800 4741 1848 4795 id
1876 4744 2016 4810 quod
2048 4745 2115 4798 ad

543 4822 833 4893 imaginem
873 4824 1215 4880 eli‘ormatum
1254 4836 1371 4894 est;
1424 4829 1569 4883 aliud
1622 4831 1746 4884 item
1809 4833 2116 4889 similitudi-

541 4930 687 4981 nem,
722 4915 865 4971 aliud
908 4918 958 4972 id
989 4919 1132 4988 quod
1162 4919 1229 4972 ad
1274 4919 1680 4975 similitudinem
1716 4921 1965 4978 eﬂ‘ectum
1996 4938 2111 4991 est,

540 5018 662 5063 esse
701 5011 989 5065 statuebat.
1038 5012 1215 5081 Atque
1258 5014 1460 5083 primas
1503 5016 1720 5084 quidem
1756 5018 2016 5087 imagines
2060 5030 2115 5074 et

540 5100 922 5156 similitudines
948 5103 1043 5158 Dei
1078 5104 1319 5174 angelos,
1359 5106 1598 5176 aliasque
1626 5108 1852 5163 virtutes
1877 5124 1997 5164 esse
2033 5111 2113 5164 di-

541 5191 697 5246 cebat
722 5209 737 5246 :
764 5208 862 5247 nos
891 5204 1069 5250 autem
1097 5196 1360 5251 secundos
1388 5197 1455 5251 ab
1487 5197 1611 5261 illis,
1638 5208 1697 5251 ut
1728 5198 1964 5252 minores
1989 5199 2111 5263 illis,

542 5283 631 5349 qui
664 5284 729 5338 ad
765 5284 977 5341 illorum
1033 5286 1240 5341 scilicet
1291 5288 1577 5356 imaginem
1627 5287 1887 5341 eil‘oruiati
1922 5289 2111 5343 simus.

543 5376 749 5433 Deinde
772 5380 837 5431 ad
863 5378 1135 5432 deteriora
1162 5376 1475 5442 deﬂectens,
1504 5377 1796 5447 imaginem
1828 5376 2111 5433 invisibilis

542 5464 635 5519 Dei
669 5464 1010 5536 Unigenitum
1040 5466 1233 5521 Filium
1269 5476 1460 5533 vocat,
1500 5466 1797 5538 apostolica
1831 5481 1961 5523 voce
1989 5482 2111 5523 cor-

544 5564 721 5623 rupta,
750 5570 847 5609 nec
875 5572 940 5610 eo
965 5556 1197 5627 adjecto,
1230 5556 1372 5625 quod
1402 5555 1454 5608 in
1492 5558 1583 5612 illo
1614 5556 1895 5611 mutationi
1938 5557 2109 5612 obno-

540 5646 689 5699 xium
741 5662 845 5702 non
874 5656 987 5712 est;
1026 5662 1232 5718 uosque
1265 5648 1333 5702 ad
1363 5648 1651 5717 imaginem
1684 5648 1777 5703 Dei
1797 5688 1813 5715 ,
1861 5661 1957 5703 seu
1987 5647 2107 5704 Filii

614 5818 660 5850 ⁸³
694 5818 889 5879 Cenes.
914 5840 981 5891 ιι,
1008 5823 1097 5879 25.
1195 5824 1241 5857 ⁸⁸
1278 5824 1473 5883 Genes.
1505 5842 1560 5882 Ill
1584 5867 1597 5893 ,
1642 5825 1731 5881 9t.

1827 5827 1870 5860 ”
1910 5826 2101 5885 Genes.
2142 5844 2201 5896 ll,
2228 5829 2279 5884 7.

2222 4650 2371 4721 quit,
2416 4650 2665 4717 desperet
2712 4649 2899 4703 videns
2947 4646 3376 4715 .similitudinem
3427 4658 3574 4697 suam
3620 4637 3786 4703 magis

2223 4758 2345 4797 esse
2370 4757 2493 4796 cum
2530 4742 2764 4807 diabolo,
2796 4756 2957 4810 quam
2989 4756 3109 4794 cum
3143 4737 3275 4804 Deo,
3307 4750 3467 4806 posse
3510 4748 3566 4788 se
3601 4732 3783 4784 iterum

2220 4848 2542 4902 recnperare
2588 4833 2812 4887 formam
2864 4832 3116 4902 imaginis
3159 4829 3291 4893 Dei,
3336 4828 3465 4896 quia
3505 4838 3603 4879 non
3643 4819 3786 4873 venit

2222 4922 2473 4977 Salvator
2501 4938 2694 4978 vocare
2718 4923 2912 4995 justos,
2958 4921 3049 4975 sed
3078 4928 3401 4990 peccatores
3435 4915 3485 4969 in
3530 4912 3782 4983 pmniten-

2223 5016 2350 5068 tiam
2386 5014 2453 5067 “.
2501 5032 2519 5065 ι
2572 5012 2742 5067 Tomo
2792 5028 3002 5083 quoque
3050 5022 3120 5063 XX
3167 5011 3222 5061 in
3269 5006 3458 5068 Joan..
3511 5019 3653 5059 nutu.
3692 4998 3777 5059 20.

2220 5120 2343 5175 pag.
2372 5104 2502 5170 ⁸555,
2536 5106 2626 5159 Dei
2663 5120 2760 5159 nos
2786 5102 3192 5157 similitudinem
3222 5113 3500 5154 assumere
3528 5098 3619 5157 ait,
3661 5106 3778 5145 cum

2221 5194 2490 5251 mandatis
2534 5196 2700 5265 ipsius
2725 5195 3103 5263 obsequitnur;
3138 5193 3363 5256 diaboli,
3404 5205 3525 5245 cum
3556 5186 3616 5239 ad
3654 5182 3780 5234 vitia

2223 5289 2544 5344 inclinamur
2582 5308 2595 5345 :
2637 5300 2746 5343 tum
2787 5290 3001 5355 subiicit
3040 5305 3053 5341 :
3089 5286 3198 5339 Καὶ
3242 5285 3399 5357 ἡμῶν
3441 5283 3495 5334 δὲ
3538 5281 3569 5350 ἡ
3609 5292 3780 5346 προη-

2217 5383 2455 5453 γουμένη
2514 5382 2807 5445 ὑπόστασίς
2868 5385 3013 5435 ἐστιν
3064 5383 3120 5433 ὲν
3168 5378 3248 5448 τῷ
3296 5378 3417 5430 κατ’
3457 5374 3631 5427 εἰκόνα
3689 5367 3779 5420 τοῦ

2216 5475 2520 5539 κτίσαντος
2550 5478 2582 5546 ἡ
2610 5476 2665 5528 δὲ
2696 5476 2755 5540 ἐξ
2779 5476 2954 5538 αἰτίας
2980 5474 3123 5543 ἐντῷ
3155 5472 3412 5543 ληφθέντι
3439 5470 3541 5523 ἀπὸ
3564 5466 3657 5519 τοῦ
3686 5461 3780 5546 χοῦ

2215 5559 2315 5629 τῆς
2348 5562 2449 5631 γῆς
2486 5562 2795 5632 πλάσματι·
2832 5564 2924 5615 καὶ
2968 5565 3014 5614 εἰ
3051 5563 3149 5631 μὲν
3179 5562 3368 5632 ὥσπερ
3412 5544 3782 5625 ἐπιλαθόμὲνοι

2214 5651 2313 5722 τῆς
2339 5652 2397 5705 ἐν
2430 5654 2559 5723 ἡμῖν
2592 5652 2893 5724 κρείττονος
2920 5654 3128 5721 οὐσίας,
3156 5652 3509 5722 ὑποτάξωμεν
3556 5648 3782 5707 ἑαυτοὺς
3836 5688 3837 5727 ι

2354 5832 2397 5862 ⁶ε
2436 5829 2565 5888 Luc.
2598 5848 2645 5897 v,
2677 5832 2763 5888 59..
