3914 6556
154 452 265 508 1061

975 454 1550 512 ORIGENIANORUM
1591 455 1721 514 LIB.
1764 457 1828 512 ll.
1872 455 2028 511 CAP.
2067 455 2112 511 ll
2175 456 2457 523 QUEST.
2496 457 2614 514 XII.

3245 460 3384 518 i062

151 571 210 641 τῷ
229 568 325 622 ἀπὸ
346 566 446 622 τόῦ
477 567 579 639 χοῦ
604 567 898 639 πλάσματι,
932 569 1025 622 καὶ
1049 570 1108 622 τὸ
1136 571 1381 641 κρεῖττον
1400 569 1498 641 τὴν
1518 569 1691 623 εἰκόνα

1806 569 1994 624 faciem
2025 570 2192 638 ipsius
2225 569 2455 639 spiravit
2503 571 2665 638 Deus,
2711 570 2973 641 Spiritum
3018 585 3266 629 sanctum
3293 591 3389 631 ac-

150 661 225 716 τόῦ
251 660 425 743 χοϊκοῦ
466 660 721 732 λήψεται,
749 662 796 712 εἰ
827 660 883 712 δὲ
919 661 1167 724 συνέντες
1211 661 1272 714 τὸ
1313 661 1535 733 ποιηθὲν
1577 661 1697 714 κατ’

149 754 320 814 εἰκόνα,
341 753 440 805 καὶ
465 752 530 806 τὸ
554 752 753 822 ληφθὲν
769 752 874 804 ἀπὸ
897 751 990 804 τοῦ
1013 751 1109 823 χοῦ
1131 752 1228 823 τῆς
1245 753 1367 824 γῆς,
1391 753 1500 806 ὅλοι
1533 769 1700 824 προσ-

149 847 340 917 νεύομεν
374 845 520 915 πρὸς
546 844 748 908 τοῦτον,
775 839 836 898 οὗ
861 847 979 897 κατ’
1010 845 1191 898 εἰκόνα
1216 846 1538 916 γεγόναμεν,
1576 846 1698 899 ἐσό-

150 936 266 1008 μεθα
297 938 386 990 καὶ
421 936 548 990 καθ’
574 937 829 1007 ὁμοίωσιν
866 934 1022 1000 Θεοῦ,
1063 937 1242 990 πᾶσαν
1267 938 1365 1008 τὴν
1406 938 1542 1009 πρὸς
1568 936 1698 1006 ὓλην

148 1032 224 1083 καὶ
242 1029 457 1100 σώματα
485 1028 882 1100 προσπάθειαν,
913 1029 1007 1080 καὶ
1027 1029 1126 1099 τὴν
1149 1029 1287 1100 πρός
1306 1045 1426 1082 τινα
1445 1028 1553 1081 τῶν
1575 1027 1696 1081 καθ’

147 1123 371 1192 ὁμοίωσιν
406 1121 803 1190 ἀπολείψαντες
821 1138 834 1151 ’
860 1132 914 1175 ει
943 1137 1094 1175 num.
1113 1121 1203 1186 21,
1227 1139 1348 1192 pag.
1372 1121 1479 1176 549
1506 1123 1698 1176 :"Ocrov

150 1215 231 1284 μὲν
267 1209 350 1266 οὖν
393 1212 464 1284 ζῇ
508 1214 539 1265 ό
575 1213 888 1284 ἄνθρωπος,
932 1213 992 1265 οὐ
1031 1215 1187 1285 φορεί
1218 1195 1326 1284 ’τὴν
1375 1211 1470 1265 τοῦ
1511 1212 1696 1283 χοϊκοῦ

147 1305 329 1358 εἰκόνα-
365 1303 733 1376 ἀποθνήσκων
771 1303 858 1366 δὲ,
902 1303 995 1356 καὶ
1026 1303 1416 1374 ἀναιρούμενος
1462 1305 1566 1358 ὑπὸ
1602 1303 1696 1358 τοῦ

147 1396 589 1469 ἀνθρωποκτόνου,
615 1396 728 1466 ἅμα
753 1413 812 1448 τε
837 1396 1048 1465 συνέχει
1074 1395 1170 1466 τὴν
1200 1396 1291 1449 τοῦ
1327 1396 1461 1449 Θεοῦ
1493 1398 1696 1461 εἰκόνα,

147 1489 224 1542 καὶ
239 1487 604 1558 ἀναλαμϐάνει
622 1487 716 1558 τὴν
732 1487 826 1539 τοῦ
845 1487 1029 1558 χοϊκοῦ
1047 1489 1141 1542 καὶ
1154 1487 1367 1559 νεκροῦ·
1386 1491 1576 1561 νεκρὸς
1592 1491 1698 1562 γὰρ

147 1579 368 1650 ὁχοῖκὸς,
393 1578 591 1651 ὥσπερ
613 1577 721 1642 ζῶν
755 1584 784 1632 ό
811 1579 1153 1650 ἐπουράνιος.
1177 1579 1511 1635 Manifestius
1537 1583 1698 1636 etiam

148 1670 252 1725 illud
273 1686 301 1725 e
323 1671 422 1725 lib.
446 1687 513 1724 ιιιι
538 1670 680 1738 Περὶ
707 1669 930 1739 ἀρκῶν,
959 1687 1078 1741 cap.
1109 1672 1163 1735 6,
1199 1687 1346 1726 num.
1377 1673 1396 1725 l
1435 1690 1448 1726 :
1485 1691 1502 1722 ι
1538 1673 1702 1742 Igitur

147 1777 382 1816 summum
408 1761 614 1816 bonum
634 1762 698 1814 ad
719 1762 863 1831 quod
887 1771 1073 1816 natura
1097 1763 1430 1818 rationabilis
1453 1763 1701 1818 uniVersa

148 1855 354 1919 festinat,
382 1855 537 1922 quod
562 1855 734 1908 etiam
772 1854 892 1908 finis
931 1853 1168 1907 omnium
1199 1854 1416 1918 dicitur,
1447 1869 1476 1907 a
1510 1868 1698 1922 quam-

149 1947 365 2017 plurimis
399 1946 572 2001 etiam
622 1946 1063 2016 philosophorum
1100 1947 1202 2000 hoc
1240 1948 1398 2000 modo
1439 1947 1698 2000 termina-

149 2049 236 2104 tur,
269 2038 390 2108 quia
421 2053 700 2092 summum
731 2040 928 2092 bonum
974 2040 1063 2104 sit,
1103 2045 1258 2108 prout
1303 2037 1559 2107 possibile
1591 2048 1696 2102 est,

147 2131 343 2187 similem
374 2129 494 2184 fieri
526 2130 662 2184 Deo.
691 2129 796 2184 Sed
832 2131 935 2184 hoc
960 2145 1067 2184 non
1105 2141 1210 2182 tam
1242 2129 1477 2198 ipsorum
1511 2129 1697 2183 iuven-

145 2232 251 2289 tum,
279 2219 544 2293 quamet
572 2221 771 2276 divinis
815 2221 966 2275 libris
1010 2223 1078 2276 ab
1111 2223 1189 2276 eis
1221 2231 1494 2291 sumptum
1540 2235 1691 2292 puto.

143 2313 233 2370 Hoc
259 2329 490 2383 namque
521 2313 726 2368 indicat
756 2313 965 2384 Moyses
1007 2325 1135 2369 ante
1174 2328 1382 2382 omnes,
1428 2331 1551 2370 cum
1588 2319 1698 2385 pri-

141 2423 257 2461 mam
284 2407 656 2462 conditionem
686 2408 921 2462 hominis
950 2417 1174 2463 enarrat
1205 2409 1432 2463 dicens:
1466 2409 1532 2462 Et
1562 2409 1699 2463 dixit

143 2499 256 2554 Deus
279 2517 293 2553 :
319 2497 617 2553 Faciamus
651 2498 914 2552 hominem
940 2500 1008 2552 ad
1043 2500 1322 2568 imaginem
1361 2510 1408 2554 et
1447 2501 1699 2555 similitu-

139 2593 282 2645 dinem
314 2600 578 2646 nostram.
623 2590 774 2645 Tunc
820 2591 1013 2646 deinde
1057 2591 1202 2646 addit
1237 2609 1252 2646 :
1287 2591 1353 2645 Et
1394 2594 1519 2659 fecit
1558 2593 1697 2647 Deus

138 2683 386 2751 hominem,
425 2682 499 2736 ad
538 2681 640 2736 Dei
671 2683 949 2753 imaginem
992 2683 1112 2751 fecit
1151 2700 1291 2747 eum,
1320 2685 1612 2738 masculum
1648 2695 1696 2739 et

139 2777 354 2842 feminam
381 2775 506 2845 fecit
544 2791 654 2843 eos,
682 2785 730 2830 et
761 2776 1026 2829 benedixit
1056 2775 1131 2829 eis
1155 2776 1219 2830 ⁸⁷.
1256 2773 1368 2830 Hoc
1396 2791 1525 2847 ergo
1555 2776 1695 2845 quod

136 2867 272 2934 dixit,
330 2868 418 2922 Ad
460 2867 753 2938 imaginem
784 2865 877 2920 Dei
925 2865 1051 2935 fecit
1095 2883 1232 2931 eum,
1287 2875 1340 2921 et
1389 2867 1454 2921 de
1507 2866 1697 2921 simili-

138 2957 292 3012 tudine
316 2957 492 3022 siluit,
520 2971 632 3010 non
666 2955 810 3010 aliud
856 2955 1078 3020 indicat,
1111 2955 1214 3009 nisi
1261 2955 1402 3024 quod
1447 2955 1696 3023 imaginis

135 3047 420 3117 dignitatem
466 3050 522 3103 in
561 3048 741 3117 prima
785 3048 1094 3104 conditione
1126 3049 1400 3117 percepit;
1437 3048 1696 3102 similitu-

135 3139 251 3194 dinis
273 3154 398 3194 vero
435 3137 712 3210 perfectio
740 3139 792 3193 in
826 3139 1296 3193 consummatione
1329 3148 1542 3192 servata
1575 3148 1691 3192 est:

134 3231 308 3287 scilicet
339 3241 399 3286 ut
431 3232 557 3301 ipse
575 3230 681 3285 sibi
704 3244 823 3284 eam
860 3231 1093 3299 propriae
1117 3229 1393 3283 industrie
1415 3227 1605 3282 studiis
1627 3243 1690 3281 ex

133 3319 208 3377 Dei
243 3323 554 3378 imitatione
591 3322 986 3385 conscisceret,
1025 3335 1149 3375 cum
1196 3319 1556 3389 possibilitate
1586 3320 1689 3373 sibi

134 3417 454 3484 perfectionis
488 3415 754 3473 divinitus
785 3415 906 3469 data
938 3428 1037 3482 per
1067 3413 1316 3482 imaginis
1348 3412 1691 3482 dignitatem,

132 3508 279 3563 iuliae
295 3509 522 3564 demum
547 3520 646 3577 per
660 3521 882 3576 operum
900 3505 1257 3571 expletioncm
1280 3502 1572 3573 perfectam
1591 3505 1692 3560 sibi

130 3600 654 3670 ipsesimilitudinem
686 3607 1090 3653 consummaret
1116 3615 1129 3651 :
1161 3618 1180 3650 »
1213 3608 1268 3651 et
1297 3598 1428 3652 illud
1458 3612 1489 3652 e
1517 3597 1609 3652 lib.
1640 3612 1693 3652 tv

127 3695 174 3747 in
200 3694 358 3765 Epist.
393 3697 466 3749 ad
510 3692 693 3755 Rom.,
731 3708 879 3749 num.
933 3693 990 3758 5,
1025 3709 1148 3764 pag.
1180 3693 1325 3748 5'50:
1375 3712 1394 3745 ‹
1423 3693 1479 3748 1η
1520 3695 1688 3750 initiis

129 3787 286 3853 homo,
314 3804 439 3844 cum
477 3788 819 3858 propositum
873 3786 1060 3842 fuisset
1102 3797 1161 3842 ut
1190 3788 1258 3841 ad
1304 3788 1590 3858 imaginem
1632 3798 1686 3842 et

126 3882 516 3938 similitudinem
545 3884 638 3936 Dei
666 3881 838 3948 fieret,
865 3881 931 3936 ad
957 3881 1239 3952 imaginem
1269 3882 1486 3952 quidem
1513 3882 1688 3937 factus

126 3986 228 4040 est,
265 3975 567 4031 similitudo
609 3983 788 4027 autem
829 3972 991 4026 dilata
1043 3981 1147 4038 est,
1187 3973 1259 4028 ob
1291 3974 1395 4028 hoc
1440 3985 1496 4027 ut
1541 3975 1690 4042 prius

124 4064 403 4121 confideret
448 4065 504 4118 in
543 4064 737 4124 Deum,
767 4069 820 4114 et
854 4061 924 4114 ita
972 4059 1124 4115 ﬁeret
1169 4062 1362 4116 similis
1389 4062 1460 4127 ei,
1490 4072 1545 4115 ει
1575 4064 1689 4130 ipse

125 4157 318 4212 audiret
358 4157 489 4226 quia
542 4153 736 4208 similis
768 4152 820 4207 ei
869 4153 961 4206 fiet
1009 4153 1186 4208 omnis
1219 4153 1309 4221 qui
1363 4151 1588 4208 confidit
1637 4155 1687 4207 in

124 4259 252 4302 cum.
275 4266 294 4299 »
331 4248 489 4303 Hanc
517 4245 773 4314 imaginis
800 4253 854 4297 et
883 4243 1251 4298 similitudinis
1281 4241 1686 4297 distinctionem

121 4337 320 4393 videtur
365 4334 759 4407 perstrinxisse
811 4332 1145 4394 Methodius.
1207 4347 1329 4386 cum
1379 4333 1599 4402 scripsit
1635 4333 1686 4386 in

123 4425 248 4479 libro
285 4425 362 4479 De
389 4423 796 4484 resurrectione,
825 4421 1006 4474 datum
1048 4418 1216 4474 fuisse
1256 4421 1456 4474 homini
1489 4438 1515 4474 a
1559 4422 1685 4487 Deo,

119 4515 174 4568 τὺ
199 4516 445 4584 θεοειδὲς,
475 4519 572 4570 καὶ
600 4511 919 4575 Θεοείκελον,
953 4513 1046 4566 καὶ
1087 4513 1264 4566 πάντα
1302 4513 1436 4584 πρὸς
1476 4514 1690 4586 ἐκείνην

1801 660 1963 730 cepit.
1994 659 2190 715 Verum
2233 670 2540 729 postremus
2575 661 2662 717 ille
2687 662 2936 733 Origcnis
2971 664 3121 721 locus
3145 682 3213 722 ex
3259 683 3385 739 pro-

1800 754 1946 808 xime
1988 753 2309 823 praecedenti
2357 754 2707 823 explicandus
2755 765 2878 810 est:
2917 756 3062 812 unde
3101 760 3386 828 apparebit

1798 842 1964 896 vitam
2027 843 2201 912 ipsum
2253 842 2536 895 mortalem
2601 857 2721 897 cum
2782 843 2956 898 futura
3029 861 3382 916 comparasse
3433 859 3437 864 '

1798 935 1946 1001 vita,
1991 942 2046 988 ct
2095 934 2434 988 existimasse
2483 949 2580 987 nos
2616 933 2667 987 in
2724 935 2869 990 illam
2918 939 3271 1007 prodeuntes,
3314 942 3384 994 ab

1798 1036 1919 1080 ortu
1957 1025 2210 1094 prwferre
2255 1025 2543 1095 imaginem
2580 1025 2699 1090 Dei,
2741 1028 2844 1082 hoc
2882 1039 2986 1094 est,
3022 1038 3080 1083 ut
3127 1031 3204 1086 ait
3245 1033 3380 1102 ipse,

1806 1137 1824 1169 ι
1853 1117 2264 1187 possibilitatem
2302 1116 2654 1186 perfectionis
2673 1119 2935 1175 divinitus
2965 1121 3170 1187 datam,
3201 1141 3219 1174 »
3269 1133 3380 1178 tum

1799 1223 1920 1263 cum
1987 1218 2266 1264 crearetur
2335 1208 2609 1276 Adamus;
2673 1210 3050 1267 adumbratam
3106 1229 3237 1270 vero
3286 1230 3384 1286 per

1801 1310 1948 1355 recte
1997 1300 2140 1356 facta
2199 1301 2631 1366 similitudinem,
2677 1302 2729 1356 in
2793 1305 3039 1373 sequenti
3088 1321 3223 1372 aevo,
3269 1309 3384 1364 sive

1808 1412 1826 1445 ι
1859 1394 1911 1448 ἰιι
1947 1395 2480 1461 consummatione,»
2532 1396 2785 1450 onmibus
2829 1398 3070 1454 numeris
3106 1399 3172 1453 iri
3224 1401 3384 1456 abso-

1801 1487 1988 1541 lutum.
2021 1487 2172 1554 Quod
2211 1488 2255 1543 si
2301 1487 2587 1556 imaginem
2643 1487 2733 1540 Dei
2781 1488 2915 1542 nihil
2950 1488 3094 1545 aliud
3129 1506 3250 1547 esse
3282 1507 3380 1547 vo-

1801 1581 1898 1633 luit
1947 1579 2238 1648 Origenes,
2284 1595 2446 1648 quam
2506 1598 2524 1630 ς
2567 1579 2983 1648 possibilitatem
3029 1584 3380 1651 perfectionis

1801 1672 2054 1726 divinitus
2091 1673 2334 1734 datam,»
2374 1680 2432 1724 ut
2467 1687 2578 1738 prae
2619 1686 2677 1726 se
2722 1671 2826 1726 fert
2874 1673 3160 1730 Rufiniana
3209 1677 3380 1733 inter-

1801 1764 2060 1832 pretatio,
2104 1763 2347 1831 sequitur
2393 1763 2566 1831 ipsum
2619 1765 2934 1832 neutiquam
2991 1768 3270 1824 censuisse
3311 1784 3378 1825 ea

1801 1857 2064 1910 Adamum
2102 1855 2394 1918 excidisse,
2429 1854 2627 1925 quippe
2664 1872 2826 1924 quem
2871 1857 3025 1926 plena
3067 1875 3376 1929 nunquam-

1802 1965 1905 2003 non
1955 1948 2208 2003 libertate
2257 1947 2549 2000 fruiturum
2586 1961 2708 2001 esse
2739 1950 3048 2004 sexcenties
3098 1967 3380 2008 assevera-

1802 2041 1890 2095 rit.
1921 2041 2176 2096 Eamdem
2207 2055 2368 2110 porro
2414 2040 2665 2108 imaginis
2688 2051 2743 2094 et
2779 2041 3152 2097 similitudinis
3181 2043 3378 2099 distin-

1798 2132 2032 2186 ctionem
2097 2132 2439 2186 retinuerunt
2517 2131 2831 2186 Victorinus
2900 2132 2995 2188 lib.
3047 2150 3061 2186 ι
3127 2136 3378 2190 adversus

1796 2223 2006 2289 Arium,
2038 2233 2093 2278 et
2116 2223 2416 2278 Eucherius
2446 2223 2820 2294 Lugdunensis
2850 2225 2943 2280 lib.
2975 2242 2990 2279 ι
3022 2227 3076 2278 in
3108 2225 3375 2291 Genesim,

1798 2324 1852 2369 et
1896 2313 2112 2370 Nicetas
2166 2315 2222 2370 in
2283 2314 2550 2370 Thesauro
2579 2317 2907 2388 ιονιΙιοιιοεικε
2963 2318 3126 2386 ﬁdei,
3177 2318 3270 2373 lib.
3300 2334 3375 2385 tv,

1797 2406 1930 2462 haer.
1955 2422 2106 2462 xxxi.

1869 2494 1936 2553 X.
1979 2497 2055 2550 Ex
2112 2497 2482 2565 superioribus
2530 2497 2621 2552 lux
2671 2499 2997 2556 conciliatur
3036 2500 3271 2556 obscuro
3311 2516 3380 2556 ac

1799 2587 2000 2642 difficili
2034 2588 2286 2657 Origenis
2312 2588 2430 2644 loco
2467 2599 2599 2644 tom.
2637 2605 2726 2644 xiv
2765 2593 2819 2644 in
2861 2590 3076 2656 Matth,
3111 2607 3260 2646 num.
3287 2592 3376 2656 16,

1797 2695 1918 2750 pag.
1946 2679 2070 2744 658,
2100 2681 2190 2735 ubi
2226 2681 2295 2736 ab
2325 2683 2636 2738 hominibus
2663 2684 2754 2754 qui
2784 2684 2948 2738 humo
2975 2684 3191 2740 formati
3227 2695 3376 2749 sunt,

1797 2787 1890 2826 eos
1917 2771 2215 2839 distinguit,
2247 2774 2337 2841 qui
2378 2774 2443 2827 ad
2481 2775 2574 2828 Dei
2607 2775 3013 2830 similitudinem
3060 2775 3211 2832 fuere
3249 2791 3377 2846 pro-

1797 2862 2002 2916 creati:
2040 2863 2304 2935 ι’Υστερον
2347 2864 2456 2936 γάρ
2491 2883 2619 2918 ποτε
2655 2867 2899 2930 ἐκείνων,
2944 2867 3140 2936 inquit,
3173 2867 3376 2922 ἔπλασε

1796 2953 2000 3025 Κύριος
2034 2957 2063 3007 ὁ
2089 2956 2231 3026 ³Θεὸς
2268 2956 2359 3009 τὸν
2403 2956 2708 3028 ἄνθρωπον,
2742 2958 2869 3027 χοῦν
2903 2957 3081 3010 λαϐὼν
3116 2959 3227 3012 ἀπὸ
3276 2960 3374 3030 τῆς

1795 3051 1920 3116 γῆς,
1947 3048 2038 3101 καί
2066 3049 2174 3101 ἀπὸ
2195 3049 2294 3118 τῆς
2325 3049 2567 3120 πλευρᾶς
2599 3049 2762 3103 αὑτοῦ
2797 3050 2895 3122 τὴν
2935 3051 3147 3121 βοηθόν.
3179 3051 3378 3106 Factos

1795 3140 1991 3207 quippe
2032 3139 2099 3193 ad
2139 3140 2427 3208 imaginem
2476 3141 2568 3195 Dei
2620 3141 2902 3206 homines,
2949 3143 3234 3196 interiores
3279 3143 3379 3197 ho-

1799 3230 1970 3285 mines
2003 3241 2056 3286 et
2108 3233 2382 3302 spiritales
2420 3232 2692 3302 intelligit,
2740 3232 3016 3286 sensilium
3068 3247 3131 3287 ac
3180 3247 3376 3302 corpo-

1799 3323 1988 3377 ralium
2037 3339 2216 3378 rermn
2273 3328 2598 3393 contagione
2650 3325 2940 3378 immunes.
2990 3323 3148 3379 Unde
3186 3326 3372 3379 statim

1793 3415 1977 3480 adjicit
2004 3433 2016 3469 :
2051 3415 2322 3470 Οὐδέποτε
2352 3417 2461 3488 γὰρ
2488 3417 2624 3487 γυνὴ
2659 3418 2778 3469 κατ’
2805 3417 3011 3478 εἰκόνα,
3042 3416 3161 3469 οὐδὲ
3191 3417 3332 3489 ἀνήρ
3353 3432 3371 3448 ο

1792 3508 1906 3561 ἀλλ’
1951 3508 2000 3561 οἱ
2049 3508 2146 3579 μὲν
2195 3509 2579 3580 διαφέροντες,
2626 3509 2822 3580 ἄρρεν·
2882 3508 2932 3560 οἰ
2983 3507 3040 3561 δὲ
3093 3507 3372 3578 δεύτεροι,

1793 3597 1948 3669 θῆλυ.
1985 3600 2085 3665 Qui
2117 3600 2268 3654 carui
2294 3610 2474 3654 autem
2508 3600 2671 3653 dediti
2714 3609 2861 3662 sunt,
2887 3609 2943 3652 et
2974 3596 3134 3652 fluxis
3167 3614 3232 3653 ac
3256 3614 3376 3654 sor-

1791 3690 1932 3745 didis
1964 3691 2126 3744 rebus
2167 3689 2526 3753 delectantur,
2567 3705 2664 3744 eos
2710 3705 2832 3745 esse
2870 3691 3062 3745 statuit
3108 3689 3284 3743 virum
3321 3699 3377 3742 et

1793 3796 2037 3846 uxorem,
2083 3783 2221 3838 duos
2254 3797 2446 3851 nempe
2475 3780 2527 3834 in
2561 3797 2662 3834 una
2695 3795 2878 3836 carne.
2920 3780 3182 3834 Similiter
3219 3779 3375 3834 Philo

1792 3875 2064 3928 hominem
2095 3890 2162 3930 ex
2193 3877 2358 3930 humo
2392 3877 2577 3930 fictum
2624 3875 2694 3929 ab
2724 3889 2788 3928 co
2822 3873 3056 3942 seiungit
3083 3882 3137 3928 et
3183 3888 3372 3927 secer-

1792 3967 1890 4030 nit,
1919 3967 2007 4034 qui
2033 3967 2099 4020 ad
2125 3968 2416 4036 imaginem
2439 3967 2533 4020 Dei
2559 3976 2778 4022 creatus
2801 3973 2912 4028 est;
2940 3965 3032 4019 sed
3071 3979 3182 4017 rem
3210 3963 3373 4018 aliter

1790 4058 2054 4128 explicat;
2087 4059 2231 4112 hunc
2259 4060 2458 4127 quippe
2492 4059 2766 4112 hominem
2803 4069 2923 4110 esse
2964 4055 3078 4107 vult
3117 4063 3170 4108 et
3207 4053 3372 4125 ἀρχέ-

1789 4166 1958 4203 τυπον
1981 4159 2034 4204 ει
2055 4149 2264 4219 νοητὸν,
2283 4150 2395 4204 sive
2423 4150 2656 4204 hominis
2685 4149 2883 4213 ideam,
2912 4161 3031 4215 qua:
3060 4147 3150 4200 Dei
3198 4146 3365 4199 menti

1792 4243 1953 4307 inest,
1989 4241 2139 4296 illum
2195 4257 2324 4295 vero
2360 4240 2595 4295 hominis
2647 4253 2772 4293 esse
2821 4237 3102 4291 mortalem
3147 4251 3212 4291 ac
3257 4248 3368 4291 ter-

1791 4349 2014 4398 renum,
2053 4333 2119 4386 ad
2162 4330 2320 4401 hujus
2366 4331 2592 4385 formam
2639 4345 2978 4401 expressum.
3021 4330 3208 4398 Inique
3241 4342 3371 4398 ergo

1791 4425 2166 4480 consuleretur
2210 4424 2265 4479 in
2299 4424 2621 4495 Origenem,
2667 4425 2710 4478 si
2747 4438 2811 4477 ex
2846 4435 2914 4476 eo
2961 4422 3080 4476 loco
3120 4420 3371 4475 Praeada-

1792 4519 1952 4573 mitas
2010 4518 2279 4574 invexisse
2345 4519 2594 4572 homines
2651 4526 2990 4586 argueretur,
3043 4529 3166 4569 cum
3233 4513 3369 4567 alias

120 4607 575 4679 ἀπηκριϐωμένην
612 4605 713 4677 τὴν
767 4604 1115 4676 πρωτότυπον
1160 4603 1254 4657 τοῦ
1303 4605 1522 4677 Πατρὸς
1540 4646 1554 4672 ,
1599 4607 1691 4660 καὶ

1796 4626 1938 4680 saepe
1964 4611 2230 4665 Adamum
2269 4610 2336 4666 ab
2375 4610 2531 4663 initio
2565 4623 2747 4664 rerum
2790 4624 2820 4662 a
2862 4611 2970 4663 Deo
2999 4617 3242 4662 creatum
3283 4621 3371 4661 as-

117 4699 449 4771 Μονογενοῦς
506 4698 712 4753 εἰκόνα.
768 4716 786 4749 ι
818 4699 1107 4767 Imaginem
1175 4711 1238 4750 ac
1283 4698 1686 4752 similitudinem

118 4791 204 4846 Dei
236 4793 516 4862 praeferre,
558 4800 614 4846 et
647 4789 828 4844 omnia
861 4790 928 4843 ad
975 4787 1268 4858 perfectam
1319 4788 1460 4843 hanc
1511 4788 1689 4845 Patris

113 4898 176 4938 ac
222 4884 495 4957 Unigeniti
557 4881 929 4953 primigeniam
979 4879 1277 4950 efﬁgiem.»
1317 4879 1687 4950 Reprehendit

112 4980 164 5034 id
195 4995 410 5051 quoque
453 4961 763 5035 Jansenius‘
789 4985 920 5031 tom.
949 4975 1002 5042 l,
1039 4975 1132 5030 lib.
1161 4990 1233 5040 ιι,
1274 4991 1395 5046 cap.
1426 4976 1480 5042 7,
1528 4977 1686 5045 quasi

109 5086 202 5140 per
232 5074 522 5144 imaginem
547 5070 648 5126 Dei
679 5069 882 5124 Adamo
915 5067 1254 5136 impressam,
1283 5073 1476 5123 animae
1509 5069 1682 5124 solum

109 5165 516 5236 inspirationem
548 5161 728 5216 notari
773 5161 1040 5229 putaverit
1071 5157 1366 5230 Origenes;
1398 5175 1495 5231 per
1533 5158 1686 5215 simi-

105 5257 385 5313 litudinem
410 5272 562 5323 vero,
590 5253 878 5310 habitualis
903 5255 1091 5323 gratiae
1114 5253 1438 5310 inlusionem
1463 5253 1684 5324 (scholae

101 5349 269 5404 verba
328 5347 718 5419 usurpamus);
775 5360 839 5398 ac
889 5345 1117 5414 proinde
1165 5345 1487 5414 Origenem,
1539 5345 1681 5398 nulla

100 5442 291 5511 gratiae
330 5441 490 5511 hujus
538 5437 835 5493 habitnalis
873 5438 998 5492 dote
1043 5436 1368 5492 instructum
1423 5438 1475 5491 in
1524 5452 1681 5491 crea-

101 5534 250 5589 tione
288 5535 587 5589 credidisse
632 5530 938 5593 Adamum,
986 5541 1146 5598 atque
1198 5543 1317 5583 eam
1359 5528 1427 5583 ab
1475 5529 1682 5583 actibus

97 5632 270 5679 totam
312 5625 699 5697 suspendisse;
751 5636 922 5690 eoque
956 5623 1184 5676 multum
1235 5623 1300 5677 de
1347 5631 1555 5675 natura:
1599 5621 1682 5674 in-

94 5724 262 5788 tegrae
287 5719 554 5790 dignitate
589 5717 906 5786 derogasse,
945 5714 996 5770 in
1038 5728 1142 5785 qua
1170 5713 1430 5781 Adamus,
1459 5727 1580 5768 cum
1625 5712 1679 5767 in

164 5892 208 5924 ’τ
243 5895 444 5954 Cenes.
474 5911 513 5964 ι,
543 5890 731 5946 26-28.

1789 4711 1955 4766 serat,
1986 4718 2050 4757 ac
2081 4703 2314 4773 primum
2346 4701 2619 4756 hominem
2649 4699 2904 4770 appellet.
2937 4699 3180 4768 iniquius
3204 4699 3367 4753 etiam

1789 4793 2164 4849 consuleretur
2193 4793 2246 4848 in
2279 4793 2454 4861 ipsum
2475 4833 2492 4858 ,
2538 4792 2582 4847 si
2613 4805 2679 4844 ex
2715 4793 2821 4845 hoc
2849 4789 3042 4852 altero,
3074 4803 3233 4857 quem
3271 4803 3370 4842 ex-

1787 4885 1938 4940 hibet
1954 4884 2255 4939 Methodius
2271 4883 2410 4952 apud
2454 4882 2730 4944 Photium,
2749 4881 2878 4946 cod.
2901 4893 3130 4940 ccxxxv,
3157 4879 3362 4932 erroris

1786 4979 2025 5047 ejusdem
2077 4977 2490 5031 insimularetur
2527 4996 2538 5030 :
2577 4972 2715 5028 Οὔτε
2755 4967 2849 5025 οὖν
2895 4970 3003 5024 ἀπὸ
3047 4968 3251 5037 Ἀδὰμ,
3288 4965 3365 5029 ὥς

1786 5069 1915 5137 φασί
1943 5084 2110 5133 τινες,
2141 5066 2406 5136 πρότερον
2435 5065 2536 5116 οὐκ
2567 5063 2642 5118 ὢν
2673 5067 2702 5116 ὁ
2731 5062 3038 5132 ἄνθρωπος,
3061 5057 3180 5110 τότε
3214 5055 3364 5127 πρῶ-

1783 5179 1874 5225 τος
1905 5160 2164 5223 πλασθεὶς
2196 5162 2277 5222 εἰς
2308 5157 2510 5227 κόσμον
2550 5154 2826 5227 παρῆλθεν
2845 5169 2859 5183 ⁸
2895 5150 3017 5204 οὔτε
3058 5145 3124 5202 αὖ
3159 5147 3362 5217 κόσμος

1785 5251 1889 5322 πρὸ
1913 5249 1972 5315 ἒξ
2013 5249 2234 5320 ἡμερῶν
2263 5247 2364 5318 τῆς
2396 5246 2491 5299 τοῦ
2537 5245 2706 5315 ’Δδὰμ
2744 5242 3010 5311 γενέσεως
3043 5237 3244 5308 ἤρξατο
3268 5235 3362 5306 δη-

1787 5340 2183 5413 μιουργεῖσθαι·
2245 5358 2263 5390 ι
2295 5338 2481 5406 Neque
2537 5351 2668 5407 ergo
2715 5334 2784 5388 ab
2825 5334 3053 5395 Adamn,
3104 5339 3162 5382 ut
3209 5327 3361 5380 aiunt

1785 5435 2022 5504 quidam,
2066 5435 2226 5489 homo
2265 5432 2355 5500 qui
2395 5441 2556 5484 antea
2601 5442 2708 5483 non
2747 5435 2897 5489 erat,
2949 5433 3077 5478 tunc
3125 5421 3358 5491 primuu»

1791 5528 2054 5581 formatus
2083 5526 2133 5579 in
2162 5524 2416 5577 mundum
2447 5522 2592 5575 venit
2619 5539 2632 5573 :
2665 5532 2840 5589 neque
2868 5529 3082 5570 rursum
3127 5511 3360 5566 mundus

1788 5631 1915 5673 ante
1944 5633 2037 5674 sex
2070 5617 2183 5671 dies
2209 5630 2366 5685 quam
2402 5614 2553 5668 fieret
2576 5613 2770 5675 Adam,
2799 5609 2955 5664 condi
2986 5616 3196 5677 coeptus
3218 5612 3354 5658 est.»

1788 5710 1905 5768 Non
1939 5709 2028 5766 hic
2059 5706 2275 5780 quidem
2311 5704 2719 5769 Praeadamitas,
2765 5713 2823 5758 ut
2862 5701 3062 5758 dictum
3102 5706 3219 5760 est,
3265 5694 3357 5750 sed
