3914 6532
533 400 671 458 [065

1805 392 1866 448 P.
1906 388 2223 445 DANIELIS
2254 385 2499 444 HUETII

3632 384 3751 441 1061

528 521 684 593 pejus
721 521 846 591 quid
878 520 1065 591 tingit;
1096 533 1291 589 nempe
1320 525 1449 573 ante
1483 518 1632 572 hunc
1658 519 1922 572 mundum
1952 532 2110 571 mun-
2136 521 2180 577 Α
2211 514 2330 583 ﬁd.,
2363 512 2455 567 lib.
2483 528 2558 579 tv,
2579 510 2881 575 insanitur,
2911 517 2967 565 et
3004 506 3090 564 his
3110 508 3361 564 omnibus
3388 507 3648 576 antiquior
3661 509 3754 562 Eu-

529 614 628 668 dos
653 610 787 665 alios
816 609 1109 665 exstitisse.
1138 606 1229 662 Ait
1260 607 1459 677 quippe
1486 606 1792 662 Methodius
1819 605 1892 661 ibi
1924 605 2101 675 ipsum

529 703 596 758 de
617 700 851 756 universi
883 698 1188 754 aeternitate
1224 698 1515 752 disserere.

1072 855 1401 924 QUASSTIO
1441 855 1578 910 xm.

532 947 643 1015 (56)
698 964 763 1002 DE
822 962 1153 1003 ALLEGOBICA
1210 964 1519 1003 scalprum;
1578 962 2099 1004 lNTERPRETATlONE.

527 1039 568 1097 l.
601 1042 876 1111 Allegoriis
921 1044 1075 1097 nimis
1128 1042 1410 1094 indulsisse
1456 1039 1732 1110 Origenem
1774 1039 1956 1093 Patres
1995 1042 2104 1091 cla-

600 1110 767 1163 munt.
804 1112 865 1165 ll.
904 1112 1064 1165 Varia
1096 1112 1390 1179 a/feruntur
1419 1111 1533 1163 loca
1569 1113 1622 1163 in
1655 1111 1839 1179 quibus
1874 1110 2103 1161 litteram

595 1184 736 1236 visus
760 1195 834 1235 est
864 1181 1295 1251 pessumdedisse.
1324 1180 1408 1235 Ill.
1434 1182 1472 1230 Α
1509 1181 1694 1248 quibus
1720 1195 1932 1251 morem,
1967 1180 2103 1251 [tunc

601 1249 1010 1319 interpretanda:
1076 1250 1371 1318 Scriptura:
1430 1251 1718 1315 acceperit,
1781 1249 2101 1317 eaquiritnr.

600 1322 687 1377 IV.
720 1322 867 1374 Idem
901 1322 1186 1389 aliquando
1212 1338 1384 1389 suam
1432 1320 1619 1372 littera:
1652 1320 1960 1389 dignitatem
1990 1335 2102 1370 ser-

596 1403 704 1447 vat.
739 1393 799 1445 ν.
833 1388 1163 1459 Ιῖείειιιιηιυν
1201 1388 1467 1442 Euatniltii
1504 1389 1812 1442 Antioclteni
1852 1388 2103 1441 adversus

603 1461 851 1531 Origenis
882 1462 1169 1531 allegorias
1198 1459 1445 1529 querelw.

600 1624 641 1678 I.
688 1622 1132 1693 Quandoquidem
1203 1620 1486 1693 theologia;
1560 1620 1971 1676 fundamentum
2022 1629 2107 1676 est

532 1716 813 1785 Scriptura
853 1730 1042 1778 sacra,
1086 1722 1150 1768 et
1185 1729 1250 1768 ex
1302 1713 1577 1784 perversis
1628 1713 1745 1769 fere
1791 1723 2102 1769 sanctorum

531 1806 793 1861 librorum
824 1804 1367 1873 interpretationibus
1398 1803 1633 1858 haereses
1668 1802 1923 1872 proiecta:
1956 1809 2103 1867 sunt,

2204 606 2437 662 stathius
2480 603 2853 659 Antioclienus
2903 602 2957 657 in
3009 600 3149 655 libro
3205 599 3282 654 De
3327 600 3750 693 engastrjmytho,

2202 700 2357 769 cujus
2383 696 2725 753 incursiones
2755 696 2807 751 in
2837 695 3129 767 Origenem
3158 701 3215 749 et
3244 692 3486 749 assultus
3516 690 3642 746 infra
3674 708 3754 748 re-

2196 793 2514 845 ‘tundemus.

2276 884 2336 937 ll.
2370 882 2572 939 Jurene
2616 897 2683 936 an
2720 880 2914 949 injuria
2962 879 3029 935 lis
3080 893 3144 934 ea
3196 878 3460 935 adversus
3499 875 3755 948 Origenem

2206 988 2347 1031 mota
2384 979 2492 1039 sit,
2533 976 2835 1031 videamus.
2873 973 3027 1045 Saepe
3069 974 3285 1044 quidem
3313 974 3627 1029 historicum
3647 989 3755 1029 sen-

2204 1084 2323 1122 sum
2360 1068 2789 1137 proculcandum
2837 1081 2903 1121 ac
2936 1065 3392 1121 contemnendum
3427 1081 3548 1121 esse
3577 1066 3713 1120 docet
3742 1082 3755 1118 :

2205 1161 2346 1213 Velut
2378 1159 2470 1213 lib.
2527 1175 2580 1213 vi
2637 1144 2822 1212 coittra
2873 1158 3039 1223 Cels.,
3088 1174 3237 1216 num.
3296 1158 3386 1220 70.
3449 1158 3520 1211 Τὸ
3558 1156 3759 1228 γράμμα

2202 1251 2563 1314 ἀποκτείνει,
2591 1250 2660 1302 τὸ
2690 1249 2761 1303 δὲ
2790 1250 3028 1319 πνεῦμα
3053 1248 3358 1319 ζζωοποιεῖ·
3409 1251 3638 1322 γράμμα
3680 1251 3761 1320 μὲν

2202 1343 2300 1415 τὴν
2332 1342 2592 1413 αἰσθητὴν
2616 1341 2895 1413 ὠνόμασεν
2934 1342 3159 1411 ἐκδοχὴν
3190 1340 3297 1393 τῶν
3322 1339 3487 1394 Θείων
3527 1340 3759 1411 γραμμά-

2203 1453 2332 1497 των,
2369 1434 2585 1504 πνεῦμα
2617 1433 2673 1487 δὲ
2700 1434 2796 1505 τὴν
2829 1434 3047 1504 νοητήν.
3087 1434 3309 1499 Ibidem,
3338 1448 3494 1486 num.
3525 1434 3590 1486 60
3614 1442 3663 1485 et
3682 1432 3757 1496 61,

2206 1528 2499 1597 imperitia:
2534 1542 2630 1582 eos
2661 1528 2841 1596 arguit
2870 1527 2963 1596 qui
2990 1526 3151 1580 rebus
3177 1524 3535 1595 procreandis
3577 1539 3661 1578 sex
3685 1538 3763 1577 ve-

2207 1634 2298 1673 ros
2346 1619 2461 1673 dies
2512 1619 2684 1673 Deum
2739 1619 3095 1688 insumpsisse
3155 1626 3352 1687 putant
3397 1632 3411 1668 :
3466 1626 3521 1670 et
3566 1616 3652 1670 lib.
3679 1631 3764 1681 vn,

2208 1726 2356 1765 num.
2385 1709 2476 1772 20,
2504 1708 2760 1764 refellens
2807 1708 3046 1775 Celsum,
3099 1708 3191 1777 qui
3250 1707 3501 1762 instituta
3544 1711 3762 1776 quaedam

2208 1799 2406 1855 Christi
2433 1800 2681 1855 Mosaicte
2719 1799 2823 1869 legi
2845 1799 3115 1854 contraria
3158 1813 3280 1854 esse
3331 1799 3650 1868 pugnabat,
3679 1799 3766 1853 du-

530 1898 820 1968 plurimum
875 1897 1182 1968 reipublicae
1242 1896 1567 1952 Christiana:
1620 1897 1879 1961 interest,
1930 1895 2109 1950 salvos
2141 1886 2181 1941 Β
2212 1893 2408 1962 plicem
2459 1906 2580 1945 esse
2615 1890 2789 1959 lrgem
2831 1890 3153 1959 respondet,
3189 1889 3422 1943 alteram
3463 1886 3613 1956 juxta
3641 1888 3766 1942 litte.

531 2007 719 2047 eorum
754 2000 1037 2059 sartosque
1077 2003 1299 2045 servare
1333 2005 1547 2053 sensus,
1589 1999 1644 2044 et
1674 1988 1901 2043 nimium
1944 1986 2000 2041 in
2044 2002 2107 2041 ea

532 2084 853 2154 explicanda
908 2082 1124 2152 ingenio
1183 2096 1281 2136 suo
1343 2082 1769 2150 perinittentium
1831 2080 2109 2135 hominum

530 2175 887 2241 quorumdam
966 2174 1239 2229 licentiam
1308 2188 1582 2228 coercere.
1646 2170 1990 2239 Propositum
2059 2169 2111 2222 id

532 2266 690 2319 unice
728 2265 828 2319 fuit
872 2265 1099 2322 vetustis
1140 2264 1401 2321 Ecclesiae
1438 2262 1713 2327 Patribus,
1761 2270 1821 2315 ut
1869 2275 1936 2315 ex
1984 2274 2111 2329 per-

532 2357 710 2428 petuis
742 2355 954 2410 illorum
988 2356 1249 2411 adversus
1284 2355 1583 2423 Scriptura:
1630 2361 1975 2422 corruptores
2020 2364 2115 2404 ve-

533 2447 872 2502 litationibus
922 2447 1304 2516 intelligimus;
1336 2444 1474 2499 adeo
1519 2454 1577 2496 ut
1624 2442 1913 2513 Origenes,
1971 2440 2112 2510 quod

534 2539 588 2592 in
639 2538 836 2591 divinis
893 2537 1257 2591 voluminibus
1326 2532 1695 2589 edisserendis
1767 2532 2115 2601 pessumdata

534 2644 943 2698 nonnunquam,
976 2629 1059 2683 vel
1098 2627 1344 2697 neglecto
1388 2626 1645 2682 historico
1684 2639 1869 2689 sensu,
1909 2622 2109 2692 allego-

536 2719 667 2775 ricis
706 2718 1132 2789 expositionibus
1159 2718 1235 2772 rei
1266 2717 1551 2771 veritatem
1602 2714 1939 2775 oblimasset,
1976 2712 2110 2766 inul-

536 2822 715 2867 torum
752 2811 1185 2866 insimulationes
1214 2811 1368 2864 vivus
1395 2810 1691 2876 vidensque
1732 2815 1984 2876 expertus
2017 2805 2112 2866 sit,

535 2905 594 2949 ut
632 2896 748 2965 ipse
775 2897 1022 2965 queritur
1069 2895 1255 2949 homil.
1282 2894 1349 2948 15
1378 2896 1431 2947 in
1475 2892 1687 2955 Genes.,
1721 2906 1869 2946 num.
1894 2890 1966 2943 5:
2008 2907 2025 2939 ι
2057 2887 2115 2942 Si

534 3003 664 3058 ergo
706 2988 964 3057 incipiam
992 2994 1047 3041 et
1077 3000 1198 3057 ego,
1231 2985 1440 3055 inquit,
1473 2996 1716 3038 veterum
1748 2983 1894 3051 dicta
1925 2981 2111 3035 discu—

533 3091 672 3149 tere,
702 3092 757 3135 et
782 3097 1000 3137 sensum
1052 3082 1105 3136 in
1142 3080 1224 3136 eis
1268 3094 1514 3150 quierere
1559 3077 1897 3149 spiritalem;
1945 3077 1989 3131 si
2025 3091 2119 3131 co-

538 3183 696 3227 natus
742 3172 896 3229 l'uero
929 3172 1170 3227 velamen
1230 3170 1364 3241 legis
1405 3184 1679 3236 amovere,
1726 3179 1781 3224 et
1830 3169 2118 3223 ostendere

539 3263 831 3335 allegorica
859 3279 981 3319 esse
1014 3278 1134 3333 quae
1167 3264 1368 3332 scripta
1412 3272 1559 3328 sunt,
1590 3260 1736 3317 l'odio
1766 3261 1983 3329 quidem
2015 3276 2116 3331 pu—

538 3365 684 3421 teos;
722 3355 814 3410 sed
857 3355 1039 3409 statim
1074 3354 1205 3408 mihi
1252 3353 1547 3409 movebunt
1592 3353 1902 3408 calumnias
1957 3352 2118 3406 amici

537 3445 755 3510 litterm,
781 3455 837 3500 et
870 3445 1267 3500 insidiabantur
1299 3444 1456 3507 mihi,
1490 3442 1811 3497 inimicitias
1839 3444 2118 3508 continuo,

536 3546 593 3591 et
614 3536 1023 3607 persecutiones
1051 3537 1338 3606 parabunt,
1369 3537 1654 3589 veritatem
1686 3546 1947 3603 negantes
1975 3545 2120 3588 stare

538 3642 696 3698 posse
728 3629 832 3682 nisi
869 3643 1032 3697 super
1062 3637 1318 3682 terram.»
1343 3626 1409 3681 Et
1436 3629 1690 3697 quoniam
1729 3624 1935 3695 perlate
1974 3633 2123 3694 patet

540 3719 642 3773 iste
686 3733 858 3782 error,
893 3718 1298 3788 multorumque
1338 3734 1585 3774 errorum
1622 3718 1789 3773 veluti
1826 3734 1978 3785 seges
2014 3726 2122 3781 est,

540 3810 743 3865 idcirco
786 3827 816 3866 c
881 3825 1075 3867 novem
1142 3811 1612 3866 criminationibus
1665 3826 1694 3863 a
1744 3809 2020 3877 Pamphilo
2067 3808 2120 3861 in

541 3903 799 3973 Apologia
829 3904 1092 3970 collectis,
1134 3913 1325 3973 quarta
1355 3914 1410 3958 et
1437 3915 1585 3959 sexta
1618 3918 1682 3958 eo
1721 3903 1998 3971 pertinere
2034 3916 2124 3954 re-

541 3999 841 4067 perimitur.
892 3995 1226 4067 Theophilus
1272 4010 1510 4066 quoque,
1558 3992 1851 4048 Paschal.l
1885 4011 1899 4047 :
1942 4013 1959 4044 ι
1993 3993 2122 4059 Quae

540 4088 688 4143 enim
724 4088 870 4142 illum
914 4088 1077 4153 ratio,
1123 4089 1320 4158 inquit,
1358 4089 1480 4156 quis
1519 4088 1940 4156 disputationum
1990 4086 2123 4137 ordo

546 4179 817 4247 perduxit,
862 4189 923 4234 ut
958 4180 1228 4249 allegoriae
1263 4180 1468 4234 umbris
1499 4188 1554 4233 et
1594 4178 1764 4232 caSsis
1796 4176 2122 4246 imaginibus

548 4268 949 4338 Scripturarum
976 4270 1187 4325 tolleret
1204 4267 1527 4324 veritatem?
1554 4285 1647 4316 ι-
1666 4265 1989 4318 «Veritatem
2010 4266 2092 4318 his
2110 4292 2123 4304 -

551 4360 725 4426 toriaz,
750 4379 768 4412 ι
807 4361 881 4413 ait
898 4360 1257 4430 Epiphanius,
1282 4362 1439 4429 epist.
1458 4362 1526 4412 ad
1555 4359 1715 4412 lacn.
1739 4355 1976 4419 λεν-θεοί,
2001 4370 2122 4423 cap.

548 4451 620 4518 2,
656 4471 677 4503 ι
706 4452 976 4520 allegoria:
1029 4453 1334 4519 depravatis
1366 4452 1679 4514 mendacio,
1711 4448 1916 4502 inﬁnita
1965 4446 2124 4500 verba

552 4543 915 4612 multiplicat:
941 4562 959 4594 ι
992 4545 1131 4612 quod
1157 4545 1338 4598 eidem
1360 4542 1548 4610 objicit
1580 4542 1709 4595 haer.
1741 4557 1891 4605 inv,
1922 4556 2039 4609 cap.
2068 4539 2121 4603 4,

552 4634 845 4703 adjicitque
873 4635 938 4688 ad
971 4634 1229 4689 falsarum
1259 4635 1571 4701 Opinionum
1616 4632 1925 4701 przesidium
1972 4632 2126 4685 testi-

552 4729 730 4781 monia
769 4728 1129 4796 scriptoribus
1181 4726 1355 4781 sacris
1407 4739 1689 4793 perperam
1743 4723 1918 4776 allicta
1952 4725 2019 4777 ab
2068 4736 2132 4775 co

552 4818 754 4873 afferri.
803 4819 1000 4873 Eadem
1044 4818 1110 4873 de
1152 4833 1316 4872 causa
1364 4817 1509 4871 hunc
1546 4817 1729 4886 culpat
1774 4813 2132 4885 Hieronymus

550 4911 605 4965 iu
651 4912 811 4980 epist.
840 4910 901 4964 61
930 4952 945 4977 ,
989 4910 1058 4963 ad
1095 4909 1435 4975 Pammach.,
1486 4924 1607 4979 cap.
1652 4909 1707 4961 5.
1739 4909 1809 4960 At
1856 4909 1908 4961 in
1954 4920 2132 4975 cap.x

551 5001 811 5065 Danielis,
861 5001 1062 5055 nomini
1097 5000 1349 5070 Origenis
1384 5001 1643 5068 pepercit,
1673 5014 1786 5053 rem
1830 4997 1999 5066 ipsam
2035 5011 2130 5050 co-

549 5093 745 5162 arguit.
794 5093 1110 5160 Conrguunt
1149 5103 1204 5147 et
1244 5092 1473 5147 Basilius
1503 5092 1652 5145 hom.
1679 5090 1711 5145 9
1760 5090 1816 5142 in
1847 5089 2129 5150 "canem,

548 5194 605 5238 et
635 5184 1057 5255 Clirysuslomus
1099 5183 1288 5237 homil.
1319 5184 1384 5237 15
1410 5182 1463 5236 in
1491 5180 1699 5248 Genes.,
1721 5190 1771 5234 el
1799 5178 2129 5247 Augustinus

550 5274 646 5331 lib.
671 5292 768 5329 xm
806 5275 879 5329 De
908 5277 1049 5329 civit.
1081 5276 1197 5341 Dei,
1230 5290 1349 5343 cap.
1371 5275 1461 5335 21,
1487 5285 1541 5327 et
1573 5274 1667 5327 lib.
1699 5288 1793 5325 vin
1833 5270 1905 5324 De
1936 5268 2150 5321 Cenes.’

551 5366 622 5420 ad
663 5368 848 5433 littcr.,
897 5383 1015 5437 cap.
1061 5369 1128 5433 1,
1177 5376 1231 5422 et
1280 5368 1605 5421 Anastasius
1657 5364 1863 5417 Sinaita
1918 5362 2010 5415 lib.
2053 5373 2122 5411 vn

550 5459 787 5527 Anagog.
839 5460 1218 5529 contemplat.,
1285 5469 1340 5511 et
1388 5456 1618 5511 Michael
1681 5454 1876 5525 Glycas
1928 5450 2122 5506 Annal.

552 5557 691 5613 part.
721 5563 794 5612 tv,
840 5558 893 5621 et
922 5548 1141 5604 Nectas
1172 5539 1478 5602 Choniatcs
1513 5548 1564 5601 in
1600 5546 1867 5600 Thesauro
1914 5542 2120 5596 orthod.

626 5640 672 5671 ⁸⁸
707 5642 903 5697 Ezech.
937 5659 1030 5710 xx,
1054 5645 1147 5700 9-5.
1223 5646 1266 5675 ⁸³
1297 5644 1465 5699 Exod.
1504 5660 1542 5710 ι,
1575 5643 1662 5697 17.
1741 5642 1788 5673 ⁷⁰
1820 5639 1953 5695 ibid.
1987 5638 2078 5694 2i.

2215 1999 2368 2047 ram,
2418 1983 2644 2036 alteram
2700 1982 2856 2051 juxta
2903 1981 3269 2047 intellectum;
3319 1980 3500 2049 legem
3547 1994 3657 2049 quae
3695 1989 3766 2033 est

2212 2076 2347 2147 πρὸς
2365 2075 2427 2128 τὸ
2444 2075 2605 2146 ῥητὸν
2628 2113 2641 2137 ,
2666 2074 2732 2127 ab
2770 2073 3053 2129 Ezechiele
3074 2073 3119 2104 ⁸⁸
3164 2072 3423 2140 appellari
3456 2070 3767 2141 δικαιώματα

2212 2171 2270 2223 οὐ
2307 2168 2468 2229 καλὰ,
2497 2169 2590 2221 καὶ
2622 2166 3020 2239 προστάγματα
3050 2165 3111 2218 οὐ
3141 2164 3315 2219 ςιαλά·
3373 2174 3430 2218 at
3460 2165 3624 2233 legem
3665 2179 3766 2238 quae

2212 2271 2296 2315 est
2324 2260 2460 2332 πρὸς
2487 2258 2759 2321 διάνοιαν,
2806 2259 2872 2311 ah
2919 2256 3105 2311 eodem
3157 2256 3413 2326 propheta
3456 2254 3768 2326 δικαιώματα

2214 2352 2357 2405 καλά
2382 2392 2396 2415 ,
2429 2360 2484 2406 et
2538 2350 2938 2420 προστάγματα
2983 2346 3123 2399 καλά
3151 2346 3476 2416 nuncupari.
3520 2347 3652 2401 Idem
3690 2348 3769 2400 ho-

2216 2447 2328 2502 mil.
2382 2445 2415 2500 6
2462 2445 2517 2497 in
2548 2442 2762 2505 Genes.,
2820 2458 2973 2497 num.
3023 2443 3076 2497 5.
3124 2461 3143 2494 ί
3188 2440 3319 2507 Qute
3377 2440 3557 2505 nobis,
3597 2440 3764 2508 inquit,

2214 2536 2499 2591 aulilicatio
2522 2535 2628 2590 erit
2652 2534 2964 2604 legentibus
2993 2533 3269 2587 Abraham
3310 2541 3525 2585 tantum
3573 2531 3771 2599 patriar-

2215 2630 2393 2693 cham,
2441 2642 2546 2681 non
2602 2628 2773 2681 solum
2829 2626 3114 2680 mentitum
3160 2639 3280 2679 esse
3335 2623 3609 2676 Abimelec
3655 2622 3772 2690 regi,

2216 2720 2309 2774 sed
2341 2730 2394 2773 et
2418 2719 2729 2789 pudicitiam
2758 2718 2999 2787 conjugis
3024 2716 3328 2786 prodidisse
3350 2715 3373 2756 ν
3395 2714 3535 2781 Quid
3559 2730 3649 2769 nos
3665 2712 3774 2767 tedi-

2216 2811 2342 2866 ﬁcat
2372 2811 2500 2865 tanti
2537 2811 2865 2881 patriarcha:
2888 2825 3041 2871 uxor,
3070 2810 3114 2863 si
3140 2816 3362 2880 putetur
3387 2806 3775 2861 contaminatio-

2216 2906 2377 2960 nibus
2407 2906 2652 2974 exposita
2696 2918 2794 2973 per
2845 2900 3247 2957 conniventiam
3290 2898 3636 2953 maritalem?
3671 2896 3777 2950 Haec

2215 2995 2382 3051 Judtei
2410 3005 2619 3066 putent,
2645 3005 2699 3050 et
2730 2996 2775 3050 si
2813 2993 2904 3063 qui
2930 3008 3052 3048 cum
3084 2991 3167 3047 eis
3212 3000 3342 3046 sunt
3376 2989 3585 3045 'litterte
3616 2988 3774 3049 amici,

2217 3104 2322 3142 non
2374 3088 2616 3156 spiritus.
2659 3108 2677 3140 ι
2736 3087 2802 3141 Et
2848 3085 3040 3140 homil.
3099 3084 3167 3138 10
3206 3082 3499 3151 sequenti,
3544 3080 3777 3145 numul:

2226 3199 2244 3231 ί
2282 3180 2435 3248 Smpe
2462 3179 2576 3247 jam
2612 3179 2721 3232 dixi
2754 3177 2895 3247 quod
2924 3178 2976 3229 in
3028 3175 3113 3229 his
3147 3189 3253 3228 non
3291 3172 3540 3228 historia
3582 3184 3780 3224 narran-

2224 3282 2331 3333 tur,
2379 3272 2473 3325 sed
2525 3270 2783 3341 mysteria
2833 3275 3217 3323 contexuntur.
3256 3281 3275 3316 ι
3325 3264 3563 3318 llomilia
3611 3260 3780 3315 veroi

2221 3365 2276 3417 in
2298 3362 2499 3427 Ελοά..
2532 3377 2679 3416 num.
2708 3361 2731 3413 1
2767 3378 2779 3414 :
2815 3378 2834 3411 ι
2864 3359 2921 3414 Si
2942 3358 3237 3415 secundum
3264 3356 3514 3411 historiae
3544 3353 3780 3408 narratio-

2224 3471 2346 3509 nem
2385 3452 2729 3522 suscipienda
2759 3460 2946 3506 essent
2970 3464 3089 3519 quae
3139 3447 3347 3516 scripta
3387 3456 3550 3509 sunt,
3593 3444 3781 3498 videtur

2221 3545 2323 3599 hoc
2350 3543 2493 3614 quod
2528 3542 2659 3597 dicit
2688 3541 2970 3610 Scriptura
2996 3579 3011 3604 ,
3044 3539 3170 3608 quia
3217 3555 3323 3592 non
3362 3537 3599 3606 fecerunt
3644 3535 3781 3587 obsta.

2224 3637 2377 3689 tricas
2424 3635 2709 3689 secundum
2744 3633 2883 3703 quod
2922 3638 3240 3701 prwcepcrat
3279 3629 3327 3683 ei
3371 3643 3465 3681 rex
3486 3625 3692 3695 ﬁgurat
3722 3622 3777 3684 ",

2222 3738 2370 3781 stare
2396 3740 2501 3779 non
2532 3739 2729 3794 posse;
2766 3741 2785 3775 ι
2822 3729 2876 3777 et
2924 3721 3083 3792 paulo
3133 3729 3260 3790 post
3304 3737 3321 3775 :
3359 3737 3380 3771 ι
3417 3718 3542 3773 Haec
3588 3712 3778 3769 interim

2222 3828 2442 3888 propter
2468 3832 2562 3872 eos
2592 3817 2683 3885 qui
2713 3814 2874 3869 amici
2897 3824 3022 3869 sunt
3050 3812 3260 3877 litterae,
3288 3820 3347 3866 et
3375 3825 3483 3864 non
3508 3813 3687 3877 putant
3717 3802 3781 3855 le—

2225 3927 2343 3979 gem
2372 3908 2679 3979 spiritalem
2727 3921 2877 3972 esse,
2926 3914 2981 3960 et
3017 3903 3343 3973 spiritaliter
3382 3897 3777 3967 intelligendam.

2225 3999 2332 4054 Sed
2366 4014 2463 4052 nos
2486 3998 2578 4066 qui
2604 3996 2786 4051 omnia
2818 4011 2937 4065 qua:
2957 3995 3159 4064 scripta
3192 4002 3360 4056 sunt,
3414 4005 3519 4044 non
3552 4002 3643 4059 pro
3670 4000 3783 4039 nar-

2226 4091 2535 4145 rationibus
2561 4089 2970 4159 antiquitatum,
3006 4087 3098 4141 sed
3134 4099 3233 4156 pro
3263 4082 3554 4153 disciplina
3576 4090 3629 4135 et
3655 4076 3785 4132 utili-

2226 4189 2339 4235 tate
2382 4190 2571 4235 nostra
2617 4179 2905 4233 didicimus
2951 4179 3188 4247 scripta,
3244 4194 3263 4228 ι
3300 4187 3451 4240 etc.;
3495 4184 3549 4229 et
3590 4170 3783 4229 deinde.

2229 4290 2378 4327 num.
2405 4274 2475 4327 ἓξ
2502 4271 2678 4336 «Quia
2708 4272 2957 4325 timebant
2988 4271 3291 4324 obstetrices
3335 4267 3504 4321 Deum
3525 4307 3540 4330 ,
3570 4265 3785 4334 fecerunt

2228 4364 2324 4417 sibi
2381 4364 2644 4417 domos".
2694 4361 2848 4429 Quod
2879 4363 3079 4415 dictum
3135 4360 3336 4415 nullam
3374 4352 3786 4425 consequentiam

2229 4456 2525 4511 secundum
2593 4454 2829 4508 litteram
2886 4452 3088 4506 habere
3147 4460 3370 4520 potest;
3421 4468 3443 4502 ι
3495 4457 3549 4502 et
3596 4453 3785 4513 postea.

2157 4580 2200 4633 ο
2234 4564 2383 4601 num.
2414 4548 2448 4601 3
2526 4565 2544 4596 ι
2578 4545 2753 4601 Nolite
2782 4554 3002 4615 putare,
3041 4554 3100 4597 ut
3127 4558 3272 4612 smpe
3306 4542 3420 4612 jam
3440 4522 3789 4597 idiximusJe;

2232 4649 2406 4692 terum
2444 4638 2601 4692 vobis
2657 4636 2869 4691 fabulas
2923 4633 3165 4699 recitari,
3220 4635 3318 4688 sed
3364 4631 3543 4687 doceri
3589 4642 3680 4680 vos
3706 4637 3788 4691 per

2231 4729 2366 4793 inec,
2418 4737 2478 4781 ut
2517 4726 2830 4796 agnoscatis
2872 4726 3119 4780 ordinem
3164 4724 3310 4778 vitae.
3368 4741 3389 4776 ι
3441 4717 3668 4803 Humilia
3713 4726 3791 4765 se-

2230 4818 2438 4887 quenti,
2471 4835 2621 4874 num.
2669 4820 2725 4885 2,
2766 4820 2880 4874 haec
2928 4818 3121 4873 scribit
3167 4833 3183 4870 :
3240 4835 3258 4868 ι
3298 4816 3367 4871 Et
3420 4825 3474 4869 tu
3520 4824 3645 4880 ergo
3696 4803 3785 4859 nisi

2229 4912 2545 4967 ascenderis
2575 4914 2642 4967 ad
2683 4922 2919 4968 montem
2944 4912 3060 4976 Dei,
3097 4919 3152 4966 et
3178 4911 3252 4966 ibi
3274 4905 3579 4964 occurreris
3612 4894 3785 4968 Moysi.

2236 5004 2289 5058 id
2319 5016 2421 5069 εει,
2452 5006 2559 5060 nisi
2587 5003 2864 5059 excelsum
2907 5004 3039 5074 legis
3065 5001 3388 5057 ascenderis
3418 5008 3666 5053 sensum,
3697 4985 3787 5039 nisi

2232 5093 2299 5146 ad
2350 5094 2614 5161 spiritalis
2657 5095 3029 5164 intelligentia:
3075 5110 3341 5149 cacumen
3384 5089 3651 5146 evaseris.
3694 5091 3787 5133 non

2231 5197 2316 5238 est
2347 5202 2411 5241 os
2446 5197 2595 5240 tuum
2635 5196 2885 5256 apertum
2928 5201 2958 5240 a
3001 5187 3251 5241 Domino.
3285 5185 3341 5238 Si
3390 5186 3442 5238 in
3468 5178 3651 5235 humili
3685 5171 3790 5223 loco

2233 5276 2433 5332 littera:
2461 5278 2703 5343 steteris,
2736 5288 2791 5331 ct
2815 5278 3057 5333 historiae
3089 5286 3298 5331 textum
3333 5273 3567 5329 Judaicis
3612 5277 3790 5321 narra-

2234 5367 2473 5421 tionibus
2508 5370 2772 5433 innectas,
2808 5384 2915 5422 non
2946 5368 3237 5422 occurristi
3283 5365 3449 5438 Moysi
3481 5365 3526 5415 in
3569 5363 3791 5413 monile!"

2236 5455 2348 5517 Dei,
2376 5471 2474 5510 nec
2504 5473 2566 5511 os
2594 5467 2741 5511 tuum
2778 5459 2996 5525 aperuit
3021 5458 3181 5521 Deus,
3240 5472 3417 5522 neque
3459 5447 3709 5508 instruxit
3747 5448 3798 5490 te

2229 5559 2350 5613 Quae
2371 5555 2625 5616 oporteat
2650 5556 2700 5600 te
2725 5547 2897 5616 loqui.
2933 5567 2951 5599 ι
2988 5546 3222 5602 Humilia
3261 5546 3321 5601 11
3355 5547 3407 5600 in
3439 5545 3627 5599 librant
3652 5545 3799 5589 eum-

627 5753 739 5822 (56)
785 5756 857 5809 De
890 5756 1148 5827 methodo
1192 5772 1353 5825 quam
1386 5758 1451 5812 ad
1494 5755 1926 5823 interpretandas
1972 5751 2285 5822 Scripturas
2317 5754 2416 5809 sibi
2452 5756 2726 5823 propriam
2781 5754 2910 5813 fecit
2957 5753 3235 5827 Origenes,
3284 5756 3402 5811 vide
3428 5750 3801 5809 Prmfationem

555 5833 791 5878 nostram
822 5836 970 5881 tonio
997 5825 1245 5895 Origcnis
1271 5829 1501 5884 secundo
1546 5833 1608 5896 (t.
1633 5827 1749 5893 ΧΗ)
1782 5827 2073 5895 pra-lixam.
