3914 6568
1800 44 1805 45 γ
1818 34 2217 47 ν--ι--η--η--ηι-ιῑι.
2232 28 2553 43 >_._._—'.l.'.—‘_.~——JJI*J‘J._1

234 443 368 506 [065.
1070 436 1641 505 ORIGENIANORUM
1685 442 1810 498 LIB.
1850 440 1915 508 ll,
1954 446 2106 501 CAP.
2150 444 2214 511 ll,
2257 443 2534 514 QUA‘JST.
2569 444 2704 503 Xill.
3337 454 3485 509 1066

227 572 361 635 dem,
393 583 549 624 num.
581 568 640 633 2,
675 569 800 624 talia
831 577 1042 639 quoque
1066 567 1311 623 olfendas
1343 584 1357 620 :
1396 587 1414 619 ς
1447 566 1503 620 Si
1540 568 1662 635 quis
1693 576 1796 632 est,
1829 579 1874 632 Α
1906 566 2175 621 humanas
2205 572 2574 636 supereminet
2603 571 2787 642 leges‘,
2819 579 2874 626 et
2910 584 3035 628 vere
3078 571 3176 627 Dei
3223 570 3307 627 lex
3360 587 3484 629 esse

226 664 309 733 qui
356 662 546 733 legens
601 658 837 733 Mo‘ysem
883 670 1186 715 murmurat
1227 661 1489 714 adversus
1538 674 1697 724 eum,
1742 668 1796 712 et

228 751 463 822 displicet
494 753 545 808 ei
582 752 667 806 lex
698 768 816 820 qua:
850 753 1145 806 secundum
1188 751 1422 805 litteram
1458 750 1657 819 scripta
1686 759 1792 817 est,

227 842 355 912 quod
382 843 434 896 in
472 842 661 897 multis
686 860 788 897 non
824 844 1041 897 videtur
1065 859 1288 898 servare
1324 844 1791 912 consequentiam,

226 934 452 988 ostendit
483 935 535 989 ei
585 934 801 1006 Moyses
863 945 1095 1005 petram,
1126 951 1244 1006 qua:
1281 947 1362 990 est
1403 935 1684 1001 Christus,
1741 946 1793 991 et

225 1024 431 1080 adducit
452 1040 579 1080 eum
598 1028 664 1079 ad
692 1027 880 1094 ipsam.
909 1038 966 1080 ut
991 1026 1114 1081 inde
1150 1028 1297 1081 bibat
1337 1038 1390 1081 et
1418 1030 1623 1083 reﬁciat
1646 1030 1791 1083 sitim

226 1130 386 1169 suam.
411 1133 431 1165 ι
459 1114 693 1170 llomilia
719 1116 751 1167 5
769 1118 825 1170 iit
843 1116 1082 1182 Levitic.,
1108 1134 1255 1173 utnn.
1279 1118 1332 1182 5,
1362 1116 1579 1173 JlldtBOS
1609 1119 1793 1188 inepte

220 1216 266 1261 et
292 1206 563 1262 inutiliter
607 1222 855 1262 servasse
896 1210 971 1262 ait
1005 1219 1332 1278 prmeeptum
1359 1248 1374 1272 ,
1412 1224 1520 1278 quo
1554 1208 1794 1263 immuu.

219 1299 398 1352 durum
438 1307 497 1353 et
527 1298 850 1352 cadaverum
881 1307 1163 1353 contactus
1190 1299 1531 1370 prohibetur,-
1553 1309 1713 1369 a‘tque
1739 1300 1791 1353 id

221 1376 514 1459 allegorice.
537 1390 942 1461 intelligendum
980 1404 1104 1444 csse
1136 1391 1332 1453 tradit,
1366 1391 1508 1460 quod
1531 1392 1665 1446 etin
1699 1392 1794 1446 ho-‘

219 1481 319 1535 mil.
342 1481 372 1534 7
399 1481 455 1534 in
478 1479 721 1545 Levitic.,
772 1497 920 1539 num.
948 1482 983 1535 4
1027 1491 1082 1536 et
1128 1497 1269 1552 seq.,-
1316 1481 1499 1535 multis
1535 1482 1788 1535 ineulrat.

217 1566 476 1628 Praeterea
501 1572 726 1628 homilia
750 1572 940 1626 eadem
973 1571 1026 1635 '5,
1066 1588 1216 1626 num.
1252 1571 1305 1638 8,
1334 1580 1660 1642 praeceptum
1694 1571 1793 1626 Le-

216 1666 348 1719 vitici
395 1679 683 1734 exponens
710 1705 726 1730 ,
759 1665 901 1734 quod
936 1679 1034 1733 pro
1090 1672 1315 1732 peccato
1346 1672 1451 1719 nun
1494 1674 1792 1731 spontaneo

214 1760 429 1811 arietem
472 1754 884 1810 immaculatum
933 1755 1070 1809 siclo
1101 1764 1292 1808 sancto
1326 1764 1567 1823 emptum
1607 1753 1791 1810 oﬁerri

210 1850 387 1917 jubet,
445 1846 751 1903 secundum
809 1845 1045 1901 litteram
1087 1847 1382 1901 absurdum
1438 1846 1490 1901 id
1522 1862 1645 1901 esse
1698 1849 1794 1902 de-

1902 659 2171 715 creditur.
2209 679 2227 711 ι
2276 652 2506 715 llomilia
2564 663 2595 715 6
2642 663 2698 715 in
2750 659 2971 729 Isaiam,
3028 679 3181 717 num;
3213 663 3268 729 4,
3298 662 3477 732 aliqua

1903 751 2105 805 asserit
2150 752 2341 807 haberi
2387 753 2439 806 in
2494 753 2836 822 Evangeliis,
2879 753 3194 824 quzcjuxta
3244 754 3478 808 litteram

1903 841 2039 895 falsa
2065 842 2176 897 sint
2205 852 2262 897 et
2297 844 2608 909 mendacia;
2643 847 2800 915 quale
2833 846 2959 901 illud
2997 846 3304 901 servatoris
3356 861 3481 902 esse

1903 934 2034 990 dicit
2070 951 2083 988 :
2115 934 2173 989 Si
2201 937 2553 999 credideritis,
2593 955 2697 992 non
2719 939 2887 992 solum
2913 946 3030 1008 qua:
3066 956 3158 1007 ego
3184 939 3366 1009 facio,
3390 940 3477 1007 [a—

1901 1019 2088 1083 cielis,
2139 1021 2228 1074 sed
2274 1033 2322 1075 et
2369 1025 2574 1093 majora
2621 1025 2809 1079 horum
2859 1025 3061 1094 facietis
3086 1012 3130 1058 7“
3175 1030 3192 1081 ἑ
3232 1037 3289 1080 at
3320 1026 3477 1096 juxta

1904 1108 2207 1179 spiritalem
2242 1125 2485 1179 sensum,
2524 1112 2726 1181 majora
2771 1114 2971 1169 ChriSli
3020 1116 3277 1184 operibus
3313 1132 3476 1186 opera

1900 1201 2179 1281 apostolos
2206 1203 2476 1270 edidisse;
2508 1203 2783 1259 Christum
2808 1204 3007 1276 quippe
3035 1207 3279 1261 homines
3314 1214 3479 1260 (coro

1900 1292 2183 1362 poraiiter,
2220 1308 2241 1349 ι
2293 1297 2391 1352 hos
2414 1312 2449 1378 «ι
2486 1297 2835 1364 spiritua‘liter
2871 1311 2889 1350 ι
2933 1312 3190 1354 sanasse.-
3238 1299 3408 1355 Tomo
3439 1317 3477 1357 x

1899 1387 1955 1439 in
1976 1384 2161 1450 Joan.,
2190 1405 2337 1444 num.
2364 1390 2419 1454 2,
2458 1392 2745 1444 veritatem
2781 1391 3192 1463 Eva‘ngeliorum
3240 1395 3473 1456 servari,

1899 1493 2196 1549 eorumque
2226 1482 2621 1537 dissonantiam
2652 1483 2784 1538 solvi
2822 1486 3034 1538 nonnisi
3072 1501 3167 1553 per
3193 1495 3476 1556 anagogrn

1898 1584 2063 1639 posse
2099 1572 2318 1637 scribit;
2348 1583 2402 1629 et
2433 1574 2485 1627 in
2513 1573 2680 1631 qun.
2720 1592 2783 1640 ll,
2816 1575 2883 1630 15
2925 1586 2979 1630 et
3008 1592 3149 1645 seq.~,
3188 1590 3341 1632 num‘.
3388 1570 3476 1643 i6,

1901 1655 2135 1721 dubitat,
2177 1673 2433 1713 reverane
2465 1662 2856 1718 nummularios
2889 1674 2943 1718 cl.
2987 1666 3239 1735 propolas
3276 1668 3479 1737 templo

1899 1752 2205 1805 exturbarit
2236 1752 2509 1817 Christus,
2545 1755 2617 1807 uti
2650 1756 2939 1825 EVangelia
2987 1765 3212 1811 narrant
3245 1775 3260 1812 :
3290 1776 3480 1829 quem-

1905 1842 2194 1895 admodum
2247 1844 2527 1899 columbas
2572 1858 2623 1899 et
2661 1858 2900 1902 turtures
2930 1864 3028 1918 pro
3057 1850 3279 1904 Christo
3321 1851 3477 1906 obla-

212 1940 399 2002 cernit,
443 1949 499 1992 et
533 1937 603 1990 ad
654 1937 993 2004 spiritualem
1033 1936 1431 2005 expositionem
1461 1939 1651 1994 trahit.
1682 1937 1794 1995 llo-
1824 1936 1868 1993 B
1901 1940 2005 1995 tos,
2038 1932 2183 1987 aliud
2211 1934 2416 2004 aliquid
2443 1948 2602 2005 quam
2630 1939 2896 2005 volucres,
2946 1952 2963 1991 ι
2995 1940 3237 1996 divinum
3265 1943 3477 1999 scilicet

212 2031 349 2083 milia
383 2030 415 2083 4
450 2030 519 2083 ad
556 2031 872 2083 mandatum
912 2030 976 2081 de
1012 2030 1217 2100 azymis
1239 2070 1254 2093 ,
1287 2045 1405 2099 quae
1432 2031 1678 2100 quisquis
1711 2042 1793 2085 te-

213 2121 411 2191 tigerit,
443 2120 855 2175 sanctiﬁcatum
886 2120 949 2173 iri
990 2119 1072 2174 lex
1105 2120 1301 2184 sancit,
1333 2120 1413 2175 sic
1452 2122 1529 2175 ait
1555 2138 1704 2179 num.
1738 2120 1791 2177 7.

216 2232 233 2264 ι
268 2214 563 2266 Enimvero
604 2209 755 2265 nullo
795 2209 954 2263 modo
988 2209 1071 2263 vel
1099 2210 1174 2263 rei
1212 2218 1433 2276 natura,
1471 2211 1553 2265 Vel
1592 2212 1797 2267 veritas

212 2304 490 2375 religionis
520 2305 627 2359 hoc
653 2302 885 2372 recipit;
919 2314 974 2356 et
1008 2302 1129 2357 ideo
1159 2301 1493 2356 redeundum
1528 2304 1683 2358 nobis
1710 2314 1795 2360 est

209 2400 270 2450 ad
300 2397 687 2467 expositiones
729 2394 1075 2463 evangelicas
1116 2403 1283 2463 atque
1338 2395 1704 2463 apostolicus,
1738 2405 1795 2450 ut

210 2489 286 2542 lex
314 2490 494 2557 possit
545 2486 797 2555 intelligi.
846 2485 959 2540 Nisi
1017 2486 1162 2539 enim
1206 2484 1451 2541 velamen
1505 2486 1796 2541 abstulerit

211 2581 559 2653 Evangelium‘
578 2580 645 2634 de
676 2578 815 2633 facie
846 2576 1039 2647 Moysi,
1072 2591 1175 2631 non
1214 2586 1388 2647 potest
1415 2576 1584 2632 videri
1618 2577 1793 2632 vultus

210 2674 457 2741 eius,nec
494 2686 697 2726 sensus
723 2670 838 2739 ejus
864 2669 1111 2737 intelligi.
1143 2667 1270 2722 Vide
1288 2674 1418 2736 ergo
1451 2668 1791 2739 quomodoiu

210 2768 444 2823 Ecclesia
499 2764 875 2835 apostolorum
937 2762 1188 2830 discipuli
1262 2762 1461 2816 adsunt
1521 2760 1607 2815 his
1670 2776 1791 2830 qua:

206 2856 707 2930 Moyses-scripsit,-
760 2863 815 2909 et
856 2853 1152 2908 defendunt
1184 2867 1271 2918 ea,
1308 2852 1451 2922 quod
1492 2863 1546 2907 et
1577 2852 1792 2920 impleri

209 2961 422 3019 queant,
460 2958 517 3004 et
564 2946 968 3003 rationabiliter
1014 2946 1219 3013 scripta
1272 2954 1400 3000 sunt
1434 2961 1449 2999 :
1479 2943 1792 3000 Judzeorum

210 3058 330 3098 vero
360 3044 625 3097 doctores
655 3080 671 3104 ,
704 3048 759 3094 et
791 3038 1149 3108 impossibilia
1184 3040 1299 3092 hac
1321 3077 1336 3101 ,
1369 3040 1425 3092 et
1455 3037 1795 3091 irrationabi-

210 3136 295 3201 lia,
318 3143 619 3205 sequentes
653 3132 889 3186 litteram
934 3130 1136 3185 faciant
1173 3136 1191 3183 :'
1216 3148 1234 3181 ›
1269 3128 1468 3199 quibus
1491 3127 1795 3183 consimilia

208 3230 471 3284 habentur
515 3222 710 3281 homil.
739 3224 778 3280 9
811 3225 862 3277 in
894 3223 1078 3290 Iosue,
1125 3238 1277 3275 num.
1310 3222 1365 3275 4.
1402 3221 1528 3274 Hice
1572 3221 1793 3288 insuper

208 3328 612 3375 commentatur
643 3317 829 3371 homil.
868 3315 901 3369 5
928 3317 981 3368 iu
1007 3314 1244 3377 Levitid,
1276 3326 1428 3367 num.
1458 3313 1512 3377 l,
1539 3311 1604 3364 ad
1640 3310 1789 3381 Moy-

209 3415 278 3467 sis
313 3423 654 3483 praeceptum
681 3409 747 3464 de
780 3410 953 3464 hostia
1005 3424 1104 3476 pro
1140 3416 1366 3476 peccato
1383 3432 1405 3467 ,ο
1433 3404 1575 3473 quod
1612 3411 1789 3457 exstat

206 3504 425 3561 Levitic.
455 3516 534 3571 vr,
569 3503 644 3560 25
665 3512 719 3558 et
737 3517 853 3569 seq.
880 3518 895 3555 :
925 3518 945 3552 ‹
980 3498 1104 3554 llaec
1136 3498 1316 3554 omnia
1350 3497 1452 3552 nisi
1487 3496 1592 3552 alio
1625 3510 1787 3551 sensu

207 3599 562 3669 accipiamus,
622 3610 785 3666 quam
845 3586 1041 3647 litterae
1093 3601 1273 3645 textus
1323 3590 1598 3655 ostendit,
1647 3589 1790 3644 sicut

208 3705 340 3759 saepe
361 3690 485 3758 jam
513 3689 788 3751 diximus,
811 3700 937 3741 cum
974 3684 1025 3737 in
1062 3682 1307 3737 Ecclesia
1342 3681 1669 3745 recitantur,
1699 3680 1788 3733 ob-

210 3782 476 3836 staculum
531 3778 713 3847 magis
751 3786 806 3830 et
854 3773 1263 3829 subversionem
1295 3770 1619 3827 Chrisﬁame
1664 3768 1789 3824 reli-

209 3873 367 3940 gioni,
395 3887 564 3942 quam
594 3868 959 3923 hortationem
1016 3864 1540 3932 :edilicationemqne
1565 3871 1791 3933 praesta-

210 3968 349 4021 bunt.
390 3985 410 4018 ι
456 3963 625 4018 Addit
656 3960 997 4029 postmodum
1023 3957 1364 4027 Seripturam
1393 3968 1644 4010 constare
1670 3970 1791 4008 cor-

211 4070 353 4126 pore,
385 4057 576 4111 anima
632 4064 688 4108 et
717 4053 948 4121 spiritu;
988 4050 1175 4105 littera
1203 4048 1458 4103 nimirum
1500 4061 1661 4100 sensu
1695 4046 1786 4115 qui

210 4149 338 4204 intra
376 4151 560 4217 ipsam
599 4144 1047 4214 deprehenditur,
1078 4150 1135 4195 et
1182 4140 1371 4193 umbra
1425 4139 1658 4208 quadam
1704 4152 1789 4191 red-

209 4254 316 4293 nnn
360 4237 715 4301 caelestium;
770 4248 967 4303 corpus
1018 4230 1136 4285 usui
1190 4229 1359 4283 fuisse
1417 4228 1484 4282 iis
1542 4226 1631 4297 qui
1691 4242 1788 4280 nos

208 4339 640 4401 praeesserunt,
679 4327 834 4381 nobis
865 4325 1126 4387 animam,
1159 4323 1412 4392 spiritum
1457 4319 1521 4372 iis
1548 4319 1637 4389 qui
1671 4330 1785 4373 cte-

206 4422 383 4479 lestem
429 4422 813 4476 hmreditatem
855 4424 1259 4485 consequentur
1305 4417 1326 4463 ε’
1366 4412 1547 4465 multis
1596 4410 1788 4464 deinde

210 4517 504 4585 interiectis
566 4513 666 4577 ait,
725 4510 984 4566 num.5:
1041 4526 1058 4557 ι
1099 4503 1390 4572 Triplicem
1440 4519 1673 4573 namque
1733 4502 1785 4556 in

208 4608 503 4680 Scripturis
528 4598 1128 4669 divinisintelligentite
1179 4593 1411 4650 inveniri
1452 4609 1595 4663 saepe
1645 4592 1787 4646 dixi-

1897 2023 2188 2091 qniddam,
2226 2036 2279 2081 et
2330 2027 2563 2082 hurnana
2618 2032 3080 2100 contemplatione
3127 2034 3407 2103 augustius
3449 2051 3471 2086 ι

1896 2114 2062 2168 fuisse
2086 2116 2359 2184 coniectat
2387 2119 2573 2172 homil.
2613 2120 2679 2173 14
2712 2120 2768 2173 in
2816 2120 2946 2174 Lac.
2994 2121 3289 2186 Quemdam
3337 2139 3475 2192 pra:-

1899 2215 2043 2261 terca
2072 2206 2188 2275 ejus
2223 2208 2397 2265 locmn
2430 2211 2486 2264 in
2514 2207 2702 2266 Cenes.
2741 2227 2822 2274 Ill,
2854 2213 2943 2278 2i,
2981 2224 3186 2269 catena:
3218 2214 3474 2278 alierum,

1898 2298 1951 2352 in
1993 2313 2099 2367 quo
2130 2308 2414 2370 postquam
2449 2302 2634 2357 multis
2664 2304 2921 2358 disseruit
2957 2306 3023 2360 de
3075 2308 3307 2363 scorteis
3339 2307 3478 2362 tuni-‘

1895 2390 1996 2454 cis,
2036 2392 2107 2445 ita
2137 2393 2356 2447 deruunt
2407 2394 2680 2450 concludit
2724 2411 2741 2450 :
2774 2398 3007 2452 Λεκτέον
3033 2400 3113 2452 ὅτι
3163 2397 3223 2452 οὐ
3265 2399 3346 2452 δεῖ
3375 2413 3473 2452 πεί

1897 2470 2172 2554 ριέχεσοαι
2199 2486 2291 2538 τοῦ
2321 2487 2647 2557 γράμματος
2677 2488 2775 2558 τῆς
2817 2489 2856 2540 Γ
2862 2490 3057 2561 ραφῆς,
3096 2489 3172 2554 ὡς
3202 2490 3435 2562 ἀληθοῦς
3453 2492 3471 2522 ³

1895 2573 1984 2626 τὸν
2015 2564 2071 2627 δὲ
2103 2576 2483 2647 κεκρυμμένον
2530 2576 2800 2651 θησαυρὸν
2838 2580 2894 2634 ὲν
2931 2580 3009 2651 τῷ
3051 2581 3340 2653 γράμματι
3379 2581 3477 2652 ζηδ

1894 2667 2027 2720 τεῖν.
2092 2685 2111 2719 ι
2158 2666 2455 2722 Dicendum
2508 2684 2611 2723 non
2670 2672 3050 2726 adluerendum
3108 2689 3229 2729 esse
3279 2674 3472 2729 littera:

1898 2756 2211 2827 Scripturae,
2261 2759 2414 2827 quasi
2446 2773 2571 2814 vera
2626 2760 2717 2826 sit,
2748 2764 2843 2817 sed
2891 2764 3163 2818 occultum
3195 2764 3247 2818 io
3290 2764 3469 2819 littera

1900 2850 2208 2905 thesaurum
2237 2864 2359 2907 esse
2385 2850 2837 2923 investigandum.
2877 2868 2897 2908 r
2931 2856 3171 2927 Denique
3208 2858 3473 2913 Socrates

1895 2943 2301 3008 quantumlibet
2329 2945 2644 3016 Origeniani
2684 2949 2918 3002 nominis
2952 2951 3247 3015 studiosus,
3283 2952 3360 3006 sic
3393 2961 3473 3005 ta-

1897 3046 2018 3115 men
2051 3034 2242 3087 scribit
2271 3035 2362 3091 lib.
2398 3052 2447 3100 v,
2493 3054 2611 3106 cap.
2640 3039 2713 3092 *21
2750 3055 2764 3092 :
2805 3040 2990 3105 Ὅστις
3027 3028 3359 3114 (Ὡριγὲνης)
3390 3056 3472 3097 σοι

1896 3120 1994 3191 φὺς
2016 3118 2083 3193 ἦν
2115 3123 2450 3194 διδάσκαλος,
2482 3128 2577 3183 καὶ
2612 3130 2843 3184 κατιδὼν
2875 3132 2957 3186 ὅτι
2986 3118 3048 3186 ab
3073 3134 3331 3187 ἀδύνατον
3375 3135 3477 3188 τοῦ

1895 3211 2058 3271 νόμου
2089 3215 2368 3279 Μωῦσέως
2384 3217 2600 3272 ἀσθενεῖ
2625 3220 2757 3291 πρὸς
2779 3220 2839 3274 τὸ
2860 3223 3092 3293 γράμμα
3120 3224 3475 3295 ἀποδοθῆναι,

1817 3294 1859 3351 C
1891 3303 1983 3357 τῢν
2021 3307 2149 3377 περὶ
2186 3306 2281 3359 τοῦ
2310 3307 2503 3379 Πάσχα
2527 3309 2682 3397 λόγον
2707 3312 2786 3374 εἰς
2809 3309 3044 3383 θεωρῑαν
3075 3294 3371 3385 ἀνήγαγεν,
3413 3315 3474 3369 ἓν

1895 3400 2088 3471 Πάσχα
2133 3400 2291 3471 μόνον
2331 3402 2584 3474 ἀληθινὸν
2628 3405 2952 3477 γεγενῆσθαι
3012 3407 3220 3477 λέγων,
3267 3410 3403 3482 ὅπερ
3443 3411 3477 3465 ὁ

1897 3489 2083 3565 Σωτὴρ
2124 3495 2442 3550 ἐπετέλεσεν
2481 3499 2779 3571 ἐνεργήσας
2823 3500 2967 3553 κατὰ
3017 3501 3125 3554 τῶν
3164 3503 3470 3575 ἀντικειμέέ

1895 3590 2000 3635 νων
2049 3584 2332 3656 δυνάμεων
2382 3586 2469 3641 διὰ
2510 3587 2606 3641 τοῦ
2651 3590 3053 3662 προσομιλῆσαι
3106 3592 3184 3665 τῷ
3233 3594 3479 3667 σταυρῷς

1893 3674 2139 3746 τροπαίῳ
2170 3676 2344 3749 τούτῳ
2368 3678 2513 3733 κατὰ·
2528 3678 2621 3732 τοῦ
2660 3679 2907 3734 διαϐόλου
2942 3681 3307 3755 χρησάμενος,
3344 3686 3473 3752 Quae

1898 3765 1978 3819 sic
2020 3766 2413 3836 interpretatur
2455 3768 2796 3838 Epiphanius
2845 3773 3207 3829 scholasticus
3257 3792 3270 3830 :
3314 3786 3338 3827 τ
3371 3775 3471 3842 Qui

1895 3873 2017 3913 cum
2047 3859 2264 3927 sapiens
2295 3868 2440 3914 esset
2476 3862 2734 3929 magister
2758 3902 2773 3926 ,
2809 3872 2864 3916 et
2896 3863 3278 3921 consideraret
3325 3869 3472 3938 quod

1895 3948 2303 4018 impossibilitas
2349 3950 2599 4007 Mosaica:
2636 3952 2768 4023 legis
2817 3954 2885 4007 ad
2927 3954 3162 4012 litteram
3210 3968 3355 4025 esset
3387 3958 3472 4014 in-

1897 4037 2071 4102 ﬁrma.
2106 4041 2372 4097 rationem
2398 4040 2618 4097 Paschae
2640 4045 2706 4097 ad
2750 4045 2967 4099 modum
2996 4049 3471 4119 contemplationis

1894 4132 2095 4195 evexit,
2122 4147 2286 4185 unum
2314 4133 2517 4187 Pascha
2543 4134 2879 4190 solummodo
2900 4148 3089 4192 verum
3120 4140 3236 4194 ﬁeri
3259 4141 3468 4208 dicens,

1899 4222 2042 4291 quod
2086 4221 2339 4278 Salvator
2384 4226 2681 4280 celebravit
2725 4226 2983 4284 adversus
3025 4236 3331 4288 contrarias
3375 4249 3470 4303 po-

1898 4322 2141 4380 testates,
2188 4315 2315 4368 dum
2369 4321 2583 4369 crucem
2617 4318 2958 4385 susciperet,
3009 4328 3063 4374 et
3124 4322 3224 4378 hoc
3269 4332 3477 4394 tropaeo

1894 4413 2140 4460 uteretur
2174 4416 2361 4460 contra
2386 4406 2691 4462 diabolum.
2725 4426 2742 4458 ι
2784 4407 2888 4462 Sed
2923 4410 3176 4477 quoniam
3210 4413 3338 4469 huic
3379 4398 3470 4469 ar.-

1894 4507 2150 4569 gumento
2177 4508 2346 4553 totum
2378 4498 2491 4553 fere
2518 4499 2715 4554 librum
2750 4516 2799 4553 IV
2823 4501 2963 4571 Περὶ
2983 4501 3187 4572 ἀρχῶν
3208 4520 3237 4558 a
3266 4522 3414 4562 num.
3438 4508 3470 4563 8

1898 4604 2067 4660 usque
2097 4590 2161 4643 ad
2199 4607 2348 4646 num.
2397 4591 2489 4653 28,
2551 4596 2915 4659 consecravit,
2963 4608 3229 4652 Summam
3273 4601 3468 4669 capitis

206 4656 597 4763 muslmodum,
635 4656 991 4755 historicuui,
1029 4688 1288 4744 moralem
1333 4697 1389 4741 et
1445 4687 1732 4758 mysticum
1768 4700 1782 4738 :
1820 4656 1862 4711 θ
1896 4681 2077 4751 Ιιιιὶηεν
2107 4683 2248 4750 QUO"
2283 4683 2337 4736 in
2374 4681 2668 4745 Philam-li“
2698 4685 2886 4741 δτίυθθ
2920 4691 3181 4757 scriptum
3213 4691 3463 4761 habetur’

208 4794 339 4847 unde
365 4802 422 4846 et
460 4802 668 4858 corpus
705 4785 882 4839 inesse
904 4784 950 4836 ei
973 4822 987 4844 ,
1024 4788 1079 4835 et
1124 4779 1360 4833 animam
1387 4818 1402 4843 ,
1436 4795 1501 4832 ac
1533 4778 1785 4846 spiritum

210 4884 604 4939 intelleximus.
668 4897 686 4929 ν
742 4875 1159 4944 Apertissiinum
1220 4885 1349 4925 vero
1392 4870 1538 4940 quod
1588 4870 1788 4939 legitur

213 4974 393 5031 bomil.
462 4975 495 5027 7
547 4974 606 5026 in
662 4969 904 5033 Levitic.,
956 4982 1104 5021 tnnn.
1173 4964 1206 5019 5
1239 4978 1253 5016 :
1286 4982 1303 5014 ι
1350 4962 1406 5016 Si
1451 4962 1790 5015 assideamus

212 5064 428 5131 litterae,
463 5073 522 5121 et
556 5062 854 5118 secundum
901 5060 1003 5113 hoc
1041 5057 1119 5110 vel
1166 5055 1306 5124 quod
1352 5051 1586 5115 Iudaeis,
1617 5051 1703 5104 vel
1734 5051 1787 5103 id

212 5161 346 5229 quod
376 5158 539 5227 vulgo
569 5154 807 5216 videtur,
839 5150 1172 5219 accipiamus
1201 5160 1320 5215 qua:
1350 5145 1400 5197 in
1436 5143 1555 5212 lege
1584 5143 1784 5211 scripta

213 5259 353 5313 sunt,
376 5250 647 5304 erubesco
678 5245 860 5297 dicere
899 5251 953 5295 et
985 5238 1230 5295 conﬁteri
1252 5278 1267 5301 ,
1295 5236 1422 5305 quia
1463 5235 1601 5287 tales
1640 5232 1789 5301 leges

213 5341 417 5397 dederit
461 5339 629 5394 Deus.
686 5334 1027 5388 Videbuntur
1089 5329 1232 5382 enim
1291 5324 1461 5393 magis
1509 5322 1788 5391 elegantes

209 5443 266 5489 et
306 5429 659 5487 rationabiles
719 5425 995 5479 hominum
1030 5421 1207 5489 leges,
1240 5416 1385 5470 verbi
1442 5413 1650 5483 gratia,
1703 5412 1787 5465 vel

209 5524 603 5586 Romanorum,
640 5518 723 5573 vel
754 5513 1206 5575 Atheniensium,
1237 5509 1318 5562 vel
1353 5503 1789 5561 Lacedxmonio-

206 5634 348 5673 rum.
390 5616 451 5673 Si
484 5628 617 5669 vero
650 5608 945 5665 secundum
975 5606 1120 5660 hanc
1155 5598 1599 5670 intelligentiam,
1629 5610 1787 5665 quant

205 5710 367 5767 docet
390 5703 659 5769 Ecclesia,
684 5698 983 5772 accipiatur
1006 5695 1101 5750 Dei
1130 5694 1238 5760 lex,
1268 5702 1392 5747 tunc
1414 5688 1577 5759 plane
1602 5701 1789 5745 omnes

389 5904 547 5961 Joan.
584 5912 703 5958 XIV,
750 5893 837 5948 12.

581 5999 854 6057 ΡΑτκοι.
900 5989 1012 6049 Gn.
1062 5985 1258 6048 XV”.

1897 4772 2002 4826 huc
2036 4772 2240 4827 referre
2263 4789 2442 4844 operae
2471 4775 2704 4844 pretium
2744 4790 2866 4832 esse
2904 4778 3073 4832 duco.-
3104 4778 3340 4835 Primum
3370 4783 3468 4853 igi-

1897 4871 1984 4918 tur
2010 4865 2076 4919 ad
2109 4866 2451 4931 allegoricam
2499 4868 2793 4935 Scriptura:
2834 4870 3333 4939 interpretationem
3383 4878 3470 4926 ad-

1895 4957 2238 5020 struendam,
2266 4956 2575 5011 J‘udaeoru‘m
2614 4959 2938 5029 imperitiam
2972 4963 3235 5031 castigat,
3268 4965 3469 5033 quibus

1895 5048 2182 5117 (prominus
2208 5048 2479 5102 Christum
2504 5051 2869 5118 susciperent,
2901 5053 3287 5121 impedimento
3318 5055 3468 5111 fuere

1897 5140 2112 5193 diversa
2136 5140 2432 5209 Scriptura!
2463 5143 2743 5207 vaticinia,
2769 5158 2887 5212 quae
2907 5144 3153 5213 quamvis
3179 5146 3468 5217 allegorice

1898 5230 1963 5283 a‘d
1997 5230 2272 5285 Christum
2312 5232 2669 5300 pertinerent,
2703 5235 2897 5287 eadem
2930 5234 3287 5304 tamen‘juxta
3322 5236 3469 5293 litte-

1897 5330 2012 5373 ram
2040 5320 2386 5389 accipientes.
2421 5321 2472 5375 in
2518 5319 2643 5376 Jesu
2690 5321 2909 5377 minime
2942 5325 3204 5394 completa
3246 5337 3467 5395 putave-

1898 5422 2044 5464 runt.
2075 5412 2238 5464 Addit
2262 5414 2509 5466 eumdem
2545 5413 2841 5482 Scriptura:
2885 5413 3306 5483 interpretanda:
3348 5432 3467 5472 mo-

1900 5503 2023 5557 dum
2059 5484 2488 5569 Valeiitinianos,
2515 5503 2892 5559 Marcionistas
2912 5546 2927 5571 ,
2966 5505 3211 5576 aliosque
3231 5506 3467 5564 haereti-

1898 5606 1991 5646 cos
2034 5592 2373 5662 compulisse’
2421 5603 2479 5649 ut
2538 5595 2819 5665 geminum
2869 5595 3218 5653 admitterent
3273 5599 3467 5662 Deum‘.

1894 5684 2361 5759 juﬂumoalterum
2413 5686 2602 5743 mundi
2639 5686 2886 5758 opiﬁcem
2917 5727 2934 5755 ,
2984 5689 3184 5746 bonum
3240 5691 3467 5750 alterum
