3906 6534
307 389 437 461 106⁸

1147 392 1723 467 οιιιαεΝιΑΝοιιυιι
1765 407 1895 465 LIB.
1933 390 2001 476 tt,
2041 405 2197 464 CAP.
2237 405 2303 470 ll,
2343 403 2620 473 euasit.
2665 388 2802 462 xut.

3431 387 3568 459 toto

306 530 550 602 μνημεῖα
581 519 680 601 τῆς
715 515 774 583 ἒν
821 532 930 597 τοῖς
977 532 1464 607 ἁλληγορουμένοις
1521 535 1662 606 rasa;
1707 534 1881 590 ἀπέλι-

2000 548 2018 582 ι
2055 531 2158 597 Qui
2189 540 2245 585 et
2287 530 2509 586 idoneos
2565 546 2666 586 nos
2715 528 2844 586 fecit
2901 527 3179 607 ministros
3203 505 3336 581 Novi
3366 522 3566 578 Testa-

304 639 428 675 πον.
457 642 476 673 ‹
501 622 600 689 Qui
625 625 1047 693 sectaipsorum
1075 637 1325 682 auctores
1347 628 1513 681 multa
1539 639 1886 682 monumenta

303 713 565 768 doctrina
617 713 668 768 in
715 714 990 785 allegoriis
1035 720 1228 787 posita
1284 718 1639 789 reliquerunt.
1691 739 1710 772 ι
1774 719 1887 776 lloc

302 803 480 873 ipsum
511 805 714 861 clarius
752 804 1033 862 Philonem
1057 807 1142 864 his
1178 811 1358 864 verbis
1390 821 1636 880 repetere
1677 811 1755 865 ait
1789 810 1888 864 ali-

301 896 502 965 quibus
545 896 843 968 interiectis
875 897 1139 953 Eusebius
1176 915 1190 952 :
1243 902 1307 954 Ai
1340 900 1397 953 δὲ
1438 886 1736 984 ,ἐξηγήσεις
1777 901 1886 957 τῶν

301 985 463 1057 ἱερῶν
513 986 862 1060 Γραμμάτων
908 1000 1146 1058 γινονται
1192 991 1376 1055 αὐτοῖς
1412 991 1476 1045 δι’
1513 991 1776 1045 ὑπονοιῶν
1827 993 1886 1045 ἐν

299 1077 673 1151 ἀλληγορίαις.
727 1081 948 1134 Ἅπασα
999 1081 1108 1154 γὰρ
1153 1081 1186 1154 ή
1237 1081 1526 1153 νομοθεσία
1581 1083 1730 1137 δοκεῖ
1773 1081 1884 1149 τοῖς

298 1169 527 1242 ἀνδράσι
550 1169 761 1234 τούτοις
801 1171 1035 1226 ἑοικέναι
1084 1172 1234 1244 ζώῳο
1270 1174 1364 1227 καὶ
1398 1173 1558 1245 σῶμα
1596 1176 1693 1246 μὲν
1736 1175 1881 1246 ἔχειν

297 1261 400 1326 τὰς
435 1262 605 1335 ῥητὰς
649 1261 844 1328 λέξεις,
891 1265 1066 1337 ψυχὴν
1106 1265 1163 1319 δὲ
1193 1255 1281 1321 τὸν
1312 1269 1733 1339 ὲναποκείμενον
1764 1271 1883 1332 ταῖς

298 1355 513 1422 λέξεσιν
549 1355 782 1428 ἀόρατον
807 1355 952 1411 νοῦν.
988 1376 1006 1408 ι
1035 1355 1465 1428 Interprelantur
1492 1372 1668 1414 autem
1698 1376 1884 1416 sacras

297 1450 611 1518 Scripturas
638 1450 863 1519 figurate
906 1465 1002 1520 per
1040 1449 1354 1521 allegorias.
1390 1451 1654 1507 Universa
1682 1453 1883 1522 quippe

299 1541 388 1596 lex
421 1527 552 1595 viris
599 1540 705 1596 illis
745 1541 962 1596 animali
1001 1541 1192 1596 similis
1219 1558 1340 1598 esse
1375 1543 1590 1598 videtur
1627 1561 1640 1598 :
1681 1553 1737 1598 et
1769 1559 1887 1598 cor-

296 1649 402 1704 pus
428 1633 819 1703 quidem-ipsa
848 1649 968 1689 esse
1021 1631 1206 1703 verba,
1255 1635 1496 1689 animant
1542 1644 1720 1690 autem
1763 1651 1884 1692 esse

293 1725 708 1781 delitescentem
749 1735 805 1780 et
851 1712 1121 1782 occultum
1175 1741 1432 1792 sensum,
1476 1728 1568 1797 qui
1613 1725 1881 1798 aspectari

296 1829 408 1870 non
431 1825 625 1884 potest.
664 1834 683 1868 ι
719 1813 889 1883 Quam
919 1815 1332 1871 similitudinem
1369 1806 1637 1888 Origenes
1665 1834 1881 1892 quoque

296 1908 602 1978 usurpavit,
655 1916 714 1962 ut
754 1909 1010 1978 superius
1055 1908 1262 1964 dictum
1301 1919 1402 1965 est.
1438 1899 1632 1982 Itaque
1655 1911 1699 1970 si
1733 1926 1881 1971 stare
1912 1899 1955 1954 Β

291 2001 531 2055 velimus
554 2001 603 2055 id
627 2003 769 2070 quod
797 2002 989 2056 scribit
1023 2003 1089 2056 de
1122 2001 1344 2058 Philone
1380 2002 1606 2064 PhOtius
1636 2009 1757 2064 cod.
1792 2024 1880 2075 cv,

310 2090 402 2156 Ἐξ
427 2085 508 2156 οὗ,
538 2088 722 2164 οἶμαι,
746 2093 840 2147 καὶ
870 2095 978 2158 πᾶς
1004 2094 1033 2146 ὁ
1063 2095 1420 2173 ἁλληγορικὸς
1453 2101 1551 2172 τῆς
1571 2101 1794 2172 Γραιρἧς
1823 2103 1882 2156 ἐν

291 2187 365 2254 τῇ
410 2184 704 2257 Ἐκκλησία
726 2184 893 2255 λόγος
911 2185 1070 2261 ἔσχεν
1099 2195 1274 2264 ἀρχὴν
1298 2194 1601 2264 εἰσριιῆναι.
1637 2211 1658 2245 ι
1690 2193 1767 2248 Ex
1793 2209 1882 2258 eo,

293 2276 516 2346 opinor,
561 2277 744 2336 omnis
793 2277 1082 2352 allegorica
1118 2283 1415 2352 Scriptura:
1457 2284 1882 2354 interpretanda

295 2369 440 2423 ratio
465 2369 518 2427 in
541 2367 839 2452 Ecclesiant
865 2377 1102 2432 irruendi
1131 2377 1318 2432 habuit
1344 2377 1592 2442 initium;
1623 2398 1643 2431 ι
1668 2380 1883 2450 etquod

295 2459 378 2517 ait
405 2456 1133 2530 Bellarininns,Testamenti
1157 2465 1370 2523 Veteris
1409 2467 1721 2540 Scripturas
1757 2468 1886 2526 Phi-

300 2556 483 2611 lonem
507 2557 741 2626 primum
766 2561 1106 2628 exposuisse,
1133 2559 1206 2614 ita
1233 2560 1617 2629 accipiendum
1647 2571 1750 2626 est,
1776 2563 1888 2631 pri-

298 2665 454 2726 mum
481 2665 668 2705 eorum
693 2666 815 2707 esse
845 2651 1146 2715 Philonem,
1173 2667 1404 2723 quorum
1425 2653 1795 2722 expositiones
1828 2655 1883 2709 in

297 2740 712 2797 Testamentum
746 2742 912 2798 Vetus
957 2743 1023 2796 ad
1069 2743 1210 2798 hanc
1241 2751 1455 2798 atatem
1499 2756 1886 2812 pervenerunt.

296 2835 435 2889 Cum
465 2835 678 2891 veteres
710 2836 1468 2906 ergotherapeutamajorutn
1488 2853 1710 2892 suorum
1734 2839 1889 2893 insti-

1993 624 2308 685 menti,non
2333 621 2550 690 littera,
2590 622 2684 678 sed
2719 622 2944 692 Spiritus
2979 639 2992 674 :
3029 605 3208 675 littera
3257 616 3401 671 enim
3427 613 3572 668 occi-

1989 715 2086 780 dit,
2144 715 2366 784 spiritus
2416 726 2597 770 autem
2649 713 2930 768 virilicat:
2972 731 2992 764 ι
3024 720 3080 766 et
3132 711 3342 780 reliquo
3393 706 3572 776 Capite

1987 822 2053 860 ac
2105 807 2352 876 sequenti
2381 847 2396 874 ,
2451 822 2520 861 ex
2575 821 2682 876 quo
2717 804 2846 860 illud
2895 804 3178 876 pracipne,
3215 799 3516 872 usurpabat
3554 817 3568 854 :

1993 916 2012 948 ι
2057 897 2332 953 llabemus
2371 907 2550 952 autem
2589 899 2905 953 thesaurum
2937 897 3098 950 istum
3130 896 3185 950 itt
3213 896 3356 951 vasis
3386 894 3570 950 fictili-

1986 989 2090 1045 bus
2132 989 2177 1022 ⁷⁹
2214 1006 2228 1043 :
2278 1009 2297 1042 ι
2341 990 2524 1044 ethoc
2571 994 2735 1044 etlam
2771 989 2938 1066 eCol.
2967 1004 3030 1053 ει,
3067 988 3150 1053 l6,
3186 988 3296 1043 l7:
3340 1006 3358 1039 ‹
3399 987 3570 1043 Nemo

1987 1097 2116 1153 ergo
2160 1097 2258 1136 vos
2285 1081 2499 1152 judicet
2535 1082 2587 1135 in
2618 1081 2741 1137 cibo
2779 1091 2870 1158 aut
2908 1082 2960 1158 in
2992 1091 3144 1150 potu,
3192 1090 3286 1136 aut
3319 1083 3371 1135 in
3419 1090 3571 1150 parte

1986 1176 2089 1230 diei
2115 1216 2131 1240 ,
2179 1185 2273 1229 aut
2305 1175 2638 1240 neontenia,
2676 1185 2772 1228 aut
2824 1157 3184 1229 Sabbatordm
3225 1189 3240 1228 :
3276 1189 3399 1242 qua
3445 1183 3572 1228 sunt

1986 1268 2178 1322 umbra
2207 1255 2537 1332 futurorum,
2564 1283 2764 1337 corpus
2804 1275 2986 1322 autem
3026 1267 3252 1330 Christi,
3283 1285 3302 1318 ι
3341 1265 3571 1335 aliisque

1985 1359 2190 1426 multis,
2217 1374 2338 1428 qua
2378 1343 2469 1414 lib.
2507 1375 2559 1412 tv
2616 1359 2690 1414 De
2743 1361 2948 1428 princip
2980 1400 2994 1425 ,
3036 1373 3153 1426 cap.
3189 1358 3244 1424 2,
3283 1359 3451 1412 etlib.
3516 1372 3570 1411 tv

1985 1451 2157 1530 contr.
2190 1449 2352 1516 Cela,
2380 1467 2532 1530 num.
2564 1451 2659 1518 44,
2705 1452 3024 1529 recitantur.
3057 1450 3326 1505 Nonnulla
3351 1463 3569 1530 quoque

1985 1525 2248 1611 Joannes,
2283 1528 2542 1600 nonnulla
2574 1546 2738 1602 etiam
2763 1527 3014 1601 Christus
3043 1545 3298 1620 Domitius
3319 1547 3383 1599 ad
3432 1527 3570 1599 alle-

1985 1651 2190 1705 gortant
2245 1638 2508 1691 trahenda
2563 1639 2790 1693 docuit:
2829 1636 3028 1707 quibus
3082 1637 3345 1706 exemplis
3392 1637 3564 1691 fretus

1985 1727 2246 1798 Origenes
2274 1730 2329 1787 iu
2359 1719 2652 1810 allegorias
2673 1738 2886 1804 poterat
2917 1744 3236 1793 excurrere.
3268 1729 3312 1786 si
3340 1728 3563 1785 modum

1990 1821 2272 1880 tenuisset.
2321 1824 2392 1878 At
2433 1824 2635 1881 Celsus
2667 1825 2934 1894 ejusmodi
2984 1825 3459 1894 interpretationes
3512 1823 3566 1878 in

1985 1917 2313 1973 calumniam
2352 1919 2775 1985 trahebat,~cum
2807 1919 3013 1974 diceret
3037 1917 3203 1971 multa
3231 1919 3282 1970 in
3313 1917 3564 1986 Scriptu-

1987 2011 2062 2066 ris
2112 2010 2301 2066 haberi
2331 2011 2605 2067 honestati
2650 2027 2862 2067 morum
2910 2025 3102 2081 parum
3151 2019 3568 2072 consentanea,

1986 2101 2163 2172 iisque
2207 2102 2588 2174 allegoriarum
2637 2112 2956 2174 pratextum
2995 2118 3025 2158 a
3074 2100 3280 2158 Judais
3321 2112 3379 2157 et
3408 2102 3571 2158 Chri»

1985 2193 2183 2249 sti‘anis
2232 2194 2482 2249 consulto
2518 2195 2762 2258 obtendi,
2793 2211 2916 2250 cum
2965 2210 3180 2251 omnem
3238 2204 3418 2250 tamen
3448 2195 3573 2250 alle~

1988 2286 2192 2355 goriam
2225 2299 2565 2358 respuerent,
2593 2303 2656 2343 ac
2680 2303 2842 2342 mera
2868 2296 3052 2343 esSent
3073 2287 3291 2343 fabula.
3325 2287 3573 2358 Respon-

1989 2378 2080 2432 det
2113 2378 2376 2449 Origenes
2405 2379 2457 2434 in
2492 2395 2610 2434 eam
2643 2382 2995 2445 sententiam,
3016 2381 3276 2450 quasdam
3312 2381 3577 2436 historias‘

1989 2467 2306 2524 historicum
2333 2470 2622 2540 complecti
2656 2485 2900 2535 sensum,
2935 2473 3198 2540 quasdam
3236 2471 3417 2526 dedita
3438 2479 3580 2538 ope;

1989 2575 2057 2614 ra
2084 2563 2151 2615 ad
2183 2561 2233 2616 id
2258 2575 2380 2616 esse
2410 2562 2664 2630 scriptas,
2705 2573 2762 2616 ut
2790 2561 3075 2633 allegorice
3108 2563 3532 2632 interpretentur
3551 2579 3572 2618 τ

1989 2652 2074 2706 cui
2122 2652 2305 2707 multis
2355 2652 2651 2722 Scriptura
2691 2652 2825 2708 locis
2874 2654 3032 2709 [idem
3068 2652 3220 2709 facit.
3258 2653 3396 2708 Tum
3440 2654 3569 2725 quia

1989 2743 2269 2812 adiecerat
2310 2744 2500 2800 Celsus
2527 2746 2870 2815 conscriptas
2913 2746 2968 2799 in
2995 2746 3163 2802 libros
3216 2761 3402 2802 sacros
3431 2746 3567 2802 alle-

1988 2837 2170 2906 gorias
2197 2845 2384 2907 turpes
2429 2852 2550 2892 esse
2575 2846 2629 2892 et
2665 2837 2950 2902 absurdus,
2984 2838 3164 2892 hocin
3195 2837 3445 2895 Philonis
3484 2839 3570 2894 vel

299 2937 416 2982 tuta
432 2930 821 2998 persequentes
836 2919 1182 3000 Scripturanr
1209 2930 1517 3001 allegoricis
1551 2931 1888 3000 explanatio—
1985 2927 2280 2983 Aristobuli
2309 2931 2732 2984 commentarios
2758 2928 2967 2999 jactum
3012 2931 3324 2999 suspicatur
3367 2930 3564 3000 Orige's

301 3021 462 3074 nibus
483 3021 844 3088 illustrarent,
870 3025 1011 3080 hanc
1034 3022 1102 3076 ab
1123 3022 1228 3077 illis
1248 3024 1698 3078 consuetudinem
1724 3037 1883 3078 acce-
1988 3035 2084 3075 nes
2103 3020 2172 3074 ab
2201 3021 2412 3090 impuro
2437 3021 2680 3090 sepbista
2709 3048 2735 3086 ,-
2755 3021 3008 3091 quamvis
3042 3029 3208 3075 multa
3238 3023 3362 3076 inde
3390 3023 3574 3078 Graci‘

299 3114 445 3178 pisse
471 3113 751 3170 Philonem
782 3115 954 3183 ipsum
983 3114 1271 3171 verisimile
1286 3126 1392 3182 est,
1419 3114 1572 3183 cujus
1600 3114 1885 3171 luculenta
1986 3110 2290 3182 philosophi
2334 3127 2462 3168 suos
2509 3111 2562 3166 in
2610 3124 2741 3167 usus
2785 3113 3160 3182 excerpserint
3194 3132 3208 3168 :
3243 3112 3568 3170 Numenium

299 3208 358 3260 in
383 3204 717 3285 Scripturatu
743 3206 1009 3277 allegoria
1038 3215 1349 3276 supersunt.
1371 3205 1714 3262 Arietobulus
1741 3222 1881 3277 quo-

1987 3216 2205 3270 quoque
2230 3201 2652 3273 Pythagoreum,
2675 3203 2944 3274 πολλαχοῦ
2973 3203 3082 3258 τῶν
3117 3207 3569 3277 συγγραμμάτων

295 3311 409 3364 que
435 3295 652 3352 Judaus
686 3295 910 3353 Philone
937 3299 1200 3352 vetustior
1230 3299 1644 3354 commentariis
1683 3299 1798 3354 suis
1826 3299 1880 3355 in

296 3387 727 3442 l’entateuchum
754 3386 974 3459 Moysis,
1003 3387 1628 3456 allegoriasinseruerat.
1653 3391 1721 3444 At
1751 3388 1885 3446 Por-

296 3479 530 3549 phyrius
575 3481 714 3548 apud
744 3482 993 3534 eumdem
1061 3479 1352 3535 Eusebium
1403 3481 1498 3535 lib.
1546 3496 1603 3536 vt-
1649 3480 1880 3549 Histor.,

294 3586 421 3640 cap.
459 3570 549 3637 l9,
573 3568 740 3626 refert
764 3571 1053 3643 Origeuem
1084 3587 1149 3627 ex
1176 3572 1392 3627 assidua
1422 3572 1684 3629 librorum
1720 3573 1882 3630 Cha-

297 3647 542 3718 remoui's
577 3663 790 3729 Stoici,
839 3673 894 3718 et
939 3663 1163 3719 Cornuti
1209 3665 1572 3732 tractatione,
1624 3667 1880 3722 haustum

296 3754 445 3808 hunc
501 3740 883 3825 allegoriarum
941 3756 1158 3810 modum
1193 3757 1258 3811 ad
1316 3754 1633 3826 Scripturas
1689 3771 1878 3813 sacras

297 3848 665 3902 transtulisse.
701 3847 810 3902 Cur
839 3863 942 3903 non
970 3859 1026 3902 et
1058 3861 1124 3903 eo
1156 3849 1444 3918 impulsum
1473 3851 1648 3904 dicam
1679 3848 1882 3904 Metro-

294 3937 416 3992 dori
473 3921 822 4010 Lampsaceni
860 3941 1145 4009 exemplo,
1175 3955 1332 4009 quem
1381 3951 1569 3997 narrat
1617 3941 1880 3998 Tatianus

296 4041 481 4084 totum
506 4030 796 4100 Homerum
822 4031 874 4086 in
904 4031 1187 4100 allegorias
1216 4036 1464 4099 traxisse,
1493 4043 1550 4089 et
1576 4032 1880 4088 Heraclidis

291 4122 507 4178 Pontici
535 4124 946 4192 llomericarum
965 4125 1348 4195 allegoriarum
1367 4126 1690 4196 scriptoris?
1716 4124 1884 4194 Equi-

292 4217 422 4272 dent
477 4227 673 4286 praeter
725 4220 1005 4288 superiora
1051 4220 1280 4277 Paulum
1335 4220 1607 4288 praclpue
1659 4217 1879 4286 Origeni

292 4320 576 4364 auctorem
607 4309 773 4366 fuisse
795 4327 1013 4374 censeo,
1043 4326 1141 4367 cur
1166 4311 1489 4380 allegoricae
1512 4309 1882 4380 expositiones

294 4404 654 4459 seet'aretur-:
694 4405 742 4459 is
788 4419 1022 4472 namque
1060 4404 1113 4458 in
1154 4403 1392 4473 Epistola
1434 4401 1500 4456 ad
1533 4401 1758 4457 Galatas
1785 4417 1884 4472 per

293 4493 622 4564 allegoriam
659 4495 800 4550 dicta
820 4495 1027 4560 sciscit,
1055 4510 1178 4564 qua
1208 4497 1262 4550 in
1293 4495 1580 4565 Scriptura
1605 4495 1672 4550 de
1695 4493 1892 4549 lsaaco

1984 3295 2146 3348 αὑτοῦ
2182 3295 2526 3366 ὲκτιθέμενον
2580 3297 2649 3350 τὰ
2677 3297 2954 3360 Μωῦσέως
2981 3297 3076 3350 καὶ
3097 3297 3206 3351 τῶν
3252 3299 3568 3370 προφητῶν,

1984 3388 2078 3442 καὶ
2102 3387 2202 3440 οὐκ
2233 3386 2512 3450 ἀπιθάνως
2534 3386 2676 3442 αὐτὰ
2719 3387 3175 3459 τροπολογοῦντα.
3231 3389 3408 3458 Atque
3455 3392 3571 3446 hac

1983 3479 2310 3534 Adamantio
2356 3480 2424 3533 ad
2483 3481 2948 3549 interpretandant
2995 3481 3285 3552 allegorice
3317 3481 3569 3553 Scriptu-

1983 3586 2098 3624 ram
2132 3571 2392 3626 alluxisse
2421 3571 2594 3626 facem
2629 3573 2862 3642 reperio.
2895 3572 3012 3640 Quo
3061 3590 3184 3629 eum
3224 3575 3389 3630 etiam
3435 3590 3564 3645 per-

1983 3664 2120 3731 pulit
2150 3663 2378 3732 prabita
2408 3679 2438 3717 a
2472 3663 2749 3721 Marcione
2782 3667 2997 3721 occasio
3024 3704 3040 3730 ,
3085 3667 3348 3738 pestifero
3397 3667 3572 3723 hare-b

1985 3755 2114 3819 tico,
2137 3756 2354 3824 quicum
2373 3759 2650 3826 perpetuis
2683 3757 3099 3813 velitationibus
3115 3759 3567 3814 conﬂictabatur:

1984 3847 2032 3902 is
2063 3847 2209 3901 enim
2233 3862 2370 3902 eum
2401 3848 2689 3918 allegorias
2718 3864 2747 3903 a
2795 3848 3097 3918 Scriptura:
3131 3851 3570 3920 expositionibus

1983 3939 2203 4008 penitus
2231 3939 2572 4004 excluderet,
2609 3940 3096 4010 ejus'oppugnandi
3134 3942 3316 3994 studio
3344 3951 3569 3996 contra-t'

1984 4031 2064 4084 ria
2095 4030 2276 4085 omnia
2307 4041 2530 4086 secutus
2563 4043 2670 4094 est,
2703 4032 3084 4102 allegoriisque
3114 4034 3364 4087 consulto
3389 4033 3571 4088 indul-

1982 4122 2253 4188 sit.~Quod
2285 4130 2339 4176 et
2367 4123 2632 4179 adversus
2669 4124 2866 4179 littera
2912 4133 3211 4180 sectatores
3237 4123 3439 4179 laetum
3493 4127 3573 4181 alr

1983 4227 2050 4268 eo
2079 4213 2355 4284 conjicere
2382 4213 2509 4269 licet
2533 4230 2601 4270 ex
2633 4215 2699 4270 iis
2723 4230 2847 4284 qua
2884 4215 3108 4271 hontilia
3148 4217 3321 4281 l4,-in
3347 4217 3567 4276 Levitis;

1983 4306 2098 4375 ipse
2124 4306 2474 4375 conscripsit.

2054 4395 2143 4450 IV.
2172 4398 2286 4468 (58)
2304 4397 2557 4451 Attamen
2583 4399 2901 4454 accuratius
2923 4398 3126 4470 scripta
3151 4400 3270 4471 ejus
3296 4401 3575 4457 evolventi

1984 4489 2152 4544 multa
2183 4500 2510 4553 occurrent,
2530 4491 2580 4544 iu
2622 4491 2820 4560 quibus
2840 4506 2994 4546 suam
3021 4492 3217 4548 littera
3245 4493 3577 4564 dignitatem'

290 4595 353 4640 et
380 4585 626 4649 lsntaele,
670 4585 771 4639 hoc
800 4601 866 4638 ex
893 4585 1086 4640 ancilla
1121 4599 1276 4652 nato,
1309 4585 1399 4640 illo
1437 4601 1467 4640 e
1496 4585 1692 4648 libera,
1722 4598 1876 4639 com-
1908 4586 1953 4640 D
1984 4589 2184 4643 servat,
2221 4591 2277 4635 et
2316 4582 2382 4636 de
2425 4598 2487 4636 ea
2513 4598 2668 4652 aqua
2701 4600 2762 4639 ac
2797 4594 2947 4638 recta
2980 4585 3206 4649 scribit;
3243 4586 3568 4641 historicum

293 4690 692 4734 memorantur.
713 4677 841 4735 Inde
857 4679 1117 4748 Origenes
1146 4679 1250 4733 lib.
1271 4693 1324 4732 tv
1341 4689 1506 4733 contr.
1537 4677 1701 4742 (ἔρισι,
1725 4692 1878 4732 nutu.

287 4770 363 4824 «Η
414 4787 427 4824 :
469 4769 708 4840 Νύμφας
761 4787 818 4824 τε
861 4770 956 4824 καὶ
996 4768 1384 4845 θεραπαινίδας
1445 4769 1744 4837 ἀνάγεσθαι
1778 4770 1877 4822 ἐπὶ

290 4863 653 4932 τροπολογίαν
686 4863 970 4933 οὐχήμεῖς
995 4861 1340 4932 διδάθχομεν,
1389 4861 1501 4914 ἀλλ’
1532 4860 1738 4914 ἄνωθεν
1768 4861 1879 4914 ἀπὸ

293 4951 476 5021 σοφῶν
517 4951 932 5023 παρειλήφαμεν
952 4967 965 4981 ·
999 4945 1072 5006 ὧν
1105 4946 1185 5015 εἷς
1217 4968 1302 5016 τις
1346 4950 1554 5021 ἔφασκε
1598 4951 1880 5022 διεγείρων

288 5045 385 5098 τὸν
406 5045 792 5116 ἁκροάτηνὸπὶ
815 5042 1167 5114 τροπολογίας
1186 5060 1200 5073 ·
1228 5042 1428 5110 Λέγετέ
1468 5059 1577 5112 μοι,
1606 5041 1655 5094 οἱ
1674 5039 1772 5094 τὸν
1796 5040 1882 5092 νό-

293 5153 397 5208 μον
429 5135 916 5206 ἀναγινώσκοντες.
967 5135 1059 5188 τὸν
1090 5136 1254 5204 νόμον
1291 5133 1392 5187 οὐκ
1437 5131 1701 5196 ἀκούετε-ς
1756 5147 1876 5200 qua

291 5230 460 5284 verba
496 5231 764 5286 habentur
781 5229 900 5284 Gal.
937 5243 1012 5293 tv,
1039 5226 1134 5282 21.
1165 5226 1351 5294 Itaque
1379 5225 1660 5278 arcessitis
1682 5239 1714 5278 e
1738 5222 1876 5276 Pau-

293 5323 351 5378 lo
380 5324 708 5379 testimoniis
727 5321 1017 5392 allegorias
1048 5335 1174 5376 suas
1204 5318 1346 5373 tueri
1365 5325 1725 5372 consueverat
1753 5313 1878 5370 Ori-

287 5432 498 5490 genes;
546 5416 692 5470 velut
743 5415 834 5468 illo
887 5412 1041 5468 Pauli
1074 5426 1105 5468 e
1151 5409 1171 5466 ι
1213 5411 1341 5465 Cor.
1370 5425 1427 5474 x',
1455 5409 1530 5478 4.:
1561 5426 1579 5458 ι
1610 5406 1878 5462 Btbebant

286 5520 477 5565 autem
529 5509 596 5563 de
644 5506 869 5576 spiritali
905 5513 1278 5572 consequente
1331 5515 1424 5556 eos
1474 5512 1659 5569 petra;
1720 5509 1872 5568 petra

288 5612 474 5656 autem
509 5609 628 5654 erat
672 5599 962 5654 Christus:
1007 5614 1033 5649 ν
1083 5604 1140 5653 et
1183 5595 1292 5650 isto
1337 5609 1395 5663 θ,
1424 5592 1468 5646 ιι
1505 5592 1638 5647 Cor.
1682 5607 1765 5658 ιιι,
1798 5593 1830 5647 6
1857 5607 1886 5644 :-

349 5716 410 5748 '"
438 5714 484 5768 ll
516 5713 640 5769 Cor.
662 5729 735 5778 tv,
763 5713 849 5768 7.‘

365 5829 479 5900 (38)
544 5833 786 5883 Attamen
824 5827 1145 5903 accuratius
1195 5825 1390 5903 scripta
1443 5823 1584 5903 ejus.
1615 5819 1868 5903 evolventi

290 5895 470 5956 multa
491 5909 784 5966 occurrent,
817 5901 872 5977 iit
901 5901 1085 5976 quibus
1117 5913 1282 5973 suum
1313 5898 1521 5974 .tittera'
1553 5895 1868 5962 dignitatem

1987 4672 2040 4726 in
2071 4672 2656 4742 aliquibns‘adntittens
2679 4689 2939 4736 sensum‘.
2965 4676 3311 4746 allegoricu‘m
3338 4678 3388 4730 in
3431 4679 3570 4746 plu-"

1987 4765 2157 4830 ribus,
2194 4766 2246 4819 in
2282 4767 2465 4820 multis
2488 4777 2795 4837 utrumque.
2823 4767 2960 4834 Quid
2986 4769 3237 4823 usitatius
3260 4770 3336 4822 illi
3363 4769 3428 4822 ad
3458 4779 3572 4836 ρο-Δ

1985 4857 2168 4925 pulum
2203 4859 2504 4926 peroranti,
2544 4874 2704 4928 quam
2751 4860 2993 4932 mystica
3017 4860 3347 4927 expositioni
3399 4860 3575 4912 inter-‘

1987 4947 2343 5016 pretationem
2363 4949 2556 5003 littera
2568 4951 2733 5003 veluti
2753 4949 3165 5003 fundamentum
3181 4951 3530 5005 substernere
3543 4945 3580 5005 ἐ’

1990 5036 2220 5091 llomilia
2257 5039 2471 5106 quidem
2511 5041 2689 5108 priore
2717 5041 2772 5093 in
2801 5037 3063 5104 Genesim,
3095 5056 3244 5093 num.
3282 5041 3344 5094 li
3391 5051 3443 5096 et
3478 5043 3564 5108 15,

1987 5144 2206 5184 versum
2237 5130 2308 5184 2-7
2363 5141 2418 5185 et
2457 5130 2551 5193 28,
2580 5131 2740 5200 primi
2770 5133 2968 5202 capitis
3003 5131 3335 5196 edisserens,
3369 5134 3437 5187 ab
3469 5141 3578 5189 εἰ(

1986 5223 2301 5291 planatione
2331 5223 2522 5279 littera
2553 5225 2865 5292 auspicatus
2889 5225 2958 5280 ad
2991 5224 3323 5295 allegoriam
3345 5227 3562 5280 transit.

1984 5313 2218 5368 llomilia
2246 5318 2492 5384 sequenti
2531 5333 2680 5370 num.
2719 5317 2772 5382 lc,
2802 5319 2963 5370 verba
2994 5316 3239 5372 facturus
3264 5317 3330 5372 de
3360 5317 3577 5373 fabrica

1984 5399 2124 5462 arca
2155 5405 2390 5463 Noetica
2415 5447 2430 5473 ,
2478 5427 2497 5460 ι
2534 5407 2714 5464 Primo
2743 5410 2984 5464 omnium
3009 5449 3024 5474 ,
3061 5409 3255 5477 inquit,
3286 5410 3583 5464 vldeamus'

1986 5515 2105 5567 qua
2147 5501 2213 5556 de
2256 5514 2319 5556 ea
2350 5500 2648 5556 secundum
2697 5499 2934 5555 litteram
2963 5500 3297 5566 referuntur,
3324 5511 3379 5556 et
3413 5509 3573 5572 qua-'

1986 5591 2190 5647 stiones
2231 5601 2597 5663 proponetttes
2635 5606 2757 5662 qua
2799 5589 2958 5660 obiici
3011 5606 3041 5645 a
3091 5589 3340 5661 pluribus
3366 5589 3582 5658 solent;

1981 5830 2176 5944 servautl,
2208 5829 2313 5948 ego.
2351 5819 2506 5896 νίιιι,
2529 5820 2908 5879 Pralationem
2942 5816 3082 5877 tomi
3115 5821 3286 5880 nest'ri
3312 5808 3578 5888 secundi:

1981 5903 2111 5946 M’llC
2170 5908 2201 5946 0
2277 5911 2307 5945 δ’

1973 5903 2201 5946 amento
2238 5903 2307 5946 δέ’
