3914 6524
392 450 523 505 1071

1658 440 1717 494 P.
1762 439 2076 495 DAMELIS
2116 440 2348 497 llUETll

3491 443 3629 498 1072

385 571 549 625 etiam
579 567 942 625 absolutiones
966 581 1154 623 earum
1189 579 1256 620 ex
1284 564 1368 619 his
1396 578 1516 634 qua:
1558 563 1715 619 nobis
1763 572 1890 617 sunt
1922 579 1949 615 a
1982 570 2028 625 Α
2058 571 2114 616 ιιι
2149 564 2447 632 Scriptum
2477 561 2544 617 de
2583 561 2649 617 iis
2678 561 2957 617 continent
2977 600 2996 625 ,
3025 558 3365 617 observanda
3409 571 3557 618 sunt.
3600 582 3620 615 ι

386 659 682 727 majoribus
701 658 914 720 tradita,
938 655 1315 726 requiramus;
1350 664 1407 710 ut
1434 670 1558 710 cum
1585 654 1953 725 hujuscemodi

384 748 735 804 fundamenta
755 748 1050 818 jecerimus
1073 786 1090 813 ,
1123 748 1192 802 ab
1226 748 1472 802 historia:
1502 756 1653 802 textu
1682 747 1957 817 possimus

385 840 678 895 ascendere
700 840 766 893 ad
788 839 1048 908 spiritalis
1075 838 1445 909 intelligentia:
1486 838 1777 909 mysticum
1799 848 1856 894 et
1879 837 1957 890 al-

385 929 680 1000 legoricum
711 945 928 986 sensum
948 970 965 995 ,
992 938 1049 985 et
1074 930 1119 985 si
1144 931 1273 1000 quid
1302 930 1356 986 in
1393 931 1474 986 eis
1496 946 1757 987 arcanum
1788 929 1957 986 conti-

385 1031 564 1085 netur,
593 1023 830 1091 aperire.
868 1041 887 1074 ›
919 1019 1153 1076 Homilia
1190 1020 1222 1074 7
1264 1022 1320 1075 in
1369 1020 1557 1076 Cenes.
1590 1020 1658 1075 de
1690 1021 1877 1076 lsaaco
1903 1028 1957 1076 et

385 1111 609 1167 lsmaele
642 1126 828 1182 agens,
880 1112 1196 1182 Apostolum
1245 1121 1437 1166 narrat
1477 1112 1767 1183 allegorice
1796 1113 1957 1166 inter-

384 1203 697 1271 pretandam
726 1217 911 1256 eorum
934 1203 1208 1257 historiam
1230 1202 1540 1268 censuisse;
1573 1212 1685 1257 tum
1705 1203 1782 1257 ait
1802 1218 1952 1257 num.

382 1294 417 1346 2
448 1312 461 1347 :
500 1313 519 1344 (
548 1293 685 1359 Quid
714 1308 841 1361 ergo
868 1294 892 1346 2
936 1293 1085 1348 Isaac
1122 1308 1228 1347 non
1256 1301 1337 1347 est
1384 1293 1679 1348 secundum
1733 1308 1953 1348 carnem

384 1387 590 1440 natus?
629 1384 741 1439 Non
778 1400 899 1440 eum
940 1385 1149 1455 peperit
1182 1385 1363 1439 Sara?
1400 1384 1516 1439 Non
1551 1394 1633 1439 est
1667 1385 1955 1439 circumci—

384 1494 474 1531 sus
504 1477 528 1531 ?
570 1477 681 1531 Hoc
721 1478 893 1546 ipsum
919 1476 1060 1545 quod
1089 1477 1305 1531 ludebat
1333 1490 1455 1531 cum
1486 1475 1735 1541 lsmacle,
1763 1491 1870 1530 non
1901 1475 1957 1529 in

385 1584 548 1622 carne
597 1567 863 1622 ludebat?
898 1567 1010 1621 Hoc
1036 1575 1118 1621 est
1145 1568 1289 1621 enim
1335 1566 1479 1636 quod
1511 1566 1755 1620 mirabile
1790 1574 1873 1621 est
1900 1564 1954 1618 in

382 1658 623 1728 Apostoli
653 1673 840 1724 sensu,
870 1658 1012 1729 quod
1041 1659 1107 1714 de
1140 1658 1343 1727 quibus
1377 1671 1484 1712 non
1514 1666 1693 1727 potest
1721 1654 1958 1713 dubitari

382 1750 509 1819 quin
544 1750 834 1805 secundum
866 1765 1084 1805 carnem
1116 1758 1263 1815 gesta
1311 1749 1463 1814 sint,
1516 1750 1632 1803 hatc
1674 1748 1764 1803 ille
1823 1747 1959 1802 dicit

381 1858 503 1897 esse
526 1842 812 1912 allegorica
848 1850 947 1895 :ut
987 1856 1083 1895 nos
1112 1841 1242 1909 quid
1286 1838 1590 1894 faciendum
1628 1840 1699 1893 sit
1748 1839 1800 1892 in
1848 1853 1955 1893 cae-

384 1933 516 1986 teris
544 1932 875 1995 noverimus,
900 1930 1032 1985 etin
1071 1930 1154 1983 his
1196 1929 1458 1993 maxime,
1497 1928 1547 1981 in
1585 1927 1783 1995 quibus
1818 1925 1953 1980 nihil
1984 1904 2030 1959 Β

382 2024 564 2077 divina
593 2023 709 2093 lege
734 2024 953 2091 dignum
984 2020 1241 2075 historica
1269 2020 1484 2073 videtur
1534 2019 1781 2072 indicare
1828 2032 1955 2071 nar-

384 2117 542 2170 ratio.
580 2133 600 2167 »
634 2114 865 2169 llomilia
902 2113 968 2167 14
998 2114 1055 2166 in
1099 2112 1264 2165 Leuit.
1291 2125 1442 2165 num.
1475 2109 1511 2163 2
1538 2125 1553 2163 :
1580 2127 1598 2161 ι
1638 2108 1771 2163 Cum
1807 2106 1957 2161 Scri-

384 2215 576 2275 pturas
615 2204 737 2274 quis
773 2202 927 2274 legit,
961 2213 1015 2256 et
1043 2201 1274 2255 litteram
1310 2200 1526 2269 quidem
1568 2197 1835 2266 sequitur,
1871 2194 1958 2249 in-

385 2294 655 2350 tellectum
703 2301 882 2349 autem
920 2294 1167 2364 repudiat
1195 2290 1496 2362 spiritalem
1525 2328 1540 2355 ,
1584 2288 1674 2344 hic
1725 2297 1955 2341 matrem

384 2385 599 2453 quidem
630 2381 926 2437 lsraelitam
964 2383 1156 2444 habet,
1201 2382 1253 2435 id
1292 2388 1377 2435 est
1420 2378 1694 2442 litteram;
1736 2388 1954 2430 sensum

386 2490 533 2540 vero,
564 2475 686 2544 quia
721 2473 1018 2542 spiritalem
1050 2488 1155 2527 non
1199 2472 1445 2542 sequitur
1470 2509 1486 2535 ,
1516 2469 1612 2524 sed
1637 2467 1907 2523 carnalem
1937 2505 1953 2531 ,

385 2567 471 2621 isti
501 2577 585 2621 est
614 2566 901 2637 Egyptius
924 2575 1118 2635 pater:
1165 2582 1185 2617 ι
1224 2574 1277 2618 et
1307 2578 1431 2616 mox
1467 2582 1479 2616 :
1517 2579 1537 2613 ε
1573 2559 1680 2615 Nos
1717 2574 1845 2613 vero
1863 2557 1954 2629 qui

384 2674 450 2711 ex
489 2666 717 2727 utroque
761 2672 961 2727 genere
996 2656 1256 2711 Israelita:
1283 2668 1493 2717 sumus,
1528 2662 1584 2707 et
1608 2652 1870 2716 litteram,
1902 2660 1957 2705 et

386 2748 634 2817 spiritum
663 2749 714 2802 in
745 2748 1047 2817 Scripturis
1077 2746 1279 2803 sanctis
1311 2744 1674 2801 defendimus.
1713 2762 1732 2795 ι
1766 2742 1955 2797 Totam

386 2855 522 2896 vero
554 2841 607 2894 in
643 2841 762 2908 ejus
813 2841 891 2895 rei
950 2839 1275 2893 tractatione
1325 2836 1602 2892 homiliatn
1658 2834 1954 2898 contrivit,

386 2948 505 3003 quae
536 2933 823 2987 undecima
842 2940 922 2986 est
950 2930 1003 2985 in
1032 2929 1192 2985 Num.
1222 2929 1313 2983 ubi
1345 2929 1412 2982 de
1435 2926 1795 2997 primitiarum
1815 2924 1958 2979 oblao

388 3025 533 3079 tione
565 3023 846 3093 disputans
878 3040 892 3078 :
928 3041 946 3074 ι
990 3021 1140 3077 lianc
1160 3037 1291 3090 ergo
1315 3020 1510 3091 legem,
1545 3037 1565 3071 ι
1594 3020 1765 3088 inquit
1802 3033 1953 3072 num.

388 3116 442 3176 i.
484 3133 502 3166 ι
547 3114 824 3170 observari
861 3115 1024 3168 etiam
1074 3113 1372 3167 secundum
1404 3111 1639 3167 litteram
1664 3151 1680 3177 ,
1731 3110 1874 3165 sicut
1902 3117 1956 3164 et

385 3206 488 3259 alia
520 3205 773 3261 nonnulla
804 3245 819 3269 ,
854 3203 1215 3259 necessarium
1242 3212 1392 3271 puto.
1435 3221 1456 3253 ι
1490 3200 1683 3256 Postea
1724 3201 1804 3255 sic
1837 3199 1953 3254 ait:

392 3314 410 3347 ι
446 3297 580 3352 Sunt
609 3294 699 3365 qui
740 3295 815 3349 ita
843 3295 1057 3358 dicant,
1093 3292 1218 3362 quia
1274 3291 1317 3346 si
1370 3291 1573 3361 aliquid
1608 3288 1829 3345 omnino
1857 3288 1955 3343 ob-

386 3389 710 3442 servandum
740 3394 821 3440 est
855 3384 1152 3440 secundum
1189 3384 1444 3450 litteram,
1479 3398 1577 3436 cur
1603 3396 1707 3435 non
1735 3389 1793 3435 et
1819 3395 1954 3435 cun-

384 3490 468 3536 cta
501 3479 826 3535 serventur?
865 3477 921 3533 Si
950 3493 1077 3533 vero
1101 3477 1168 3530 ad
1199 3475 1495 3545 spiritalem
1521 3472 1950 3543 intelligentiam,

384 3588 502 3641 qua:
529 3573 615 3627 lex
646 3572 924 3635 continet,
958 3568 1239 3623 referenda
1275 3579 1425 3633 sunt,
1451 3565 1586 3621 nihil
1621 3566 1839 3620 omnino
1868 3579 1955 3618 se-

384 3665 618 3718 cundum
648 3663 886 3717 litteram
915 3700 931 3726 ,
979 3660 1076 3714 sed
1112 3658 1431 3729 spiritaliter
1457 3658 1656 3712 debent
1698 3656 1957 3711 universa

385 3756 637 3811 discerni.
672 3754 782 3810 Nos
812 3764 994 3808 autem
1033 3754 1315 3822 utriusque
1362 3749 1683 3806 assertionis
1715 3747 1950 3803 insolen-

385 3848 516 3900 tiam
570 3854 929 3914 tetnperantes
960 3884 975 3910 ,
1024 3843 1199 3914 qualis
1242 3841 1426 3912 regula
1471 3841 1523 3897 in
1577 3838 1949 3909 hujuscemodi

384 3937 516 4007 ivgis
544 3937 888 3991 sermonibus
918 3936 1257 3991 observanda
1298 3934 1390 3999 sit,
1429 3948 1496 3989 ex
1524 3933 1847 3989 auctoritate
1870 3931 1952 3987 di-

383 4029 629 4081 riuarum
653 4025 1061 4097 Scripturarum
1093 4024 1340 4096 proferre
1374 4025 1721 4080 tentabimus.
1755 4041 1775 4076 ι
1814 4021 1951 4079 Tum

384 4114 571 4167 haberi
605 4113 738 4168 dicit
774 4113 825 4168 in
856 4112 1134 4183 Scriptura
1168 4112 1350 4184 leges,
1381 4114 1660 4179 mandata,
1688 4112 1952 4182 iustiﬁca-

384 4206 580 4269 tiones,
606 4215 896 4275 prsecepta,
928 4204 1237 4259 testimonia
1273 4215 1328 4259 et
1354 4202 1579 4273 judicia,
1619 4219 1651 4258 a
1697 4218 1756 4260 se
1808 4204 1953 4259 invi-

383 4313 498 4352 cem
523 4298 751 4351 discreta
777 4309 832 4351 ct
855 4298 1088 4360 diversa,
1122 4311 1241 4365 quae
1273 4296 1587 4366 neutiquam
1615 4296 1951 4366 permiscen-

383 4390 446 4442 da
476 4397 528 4441 ct
557 4386 931 4441 confundenda
965 4386 1075 4439 sint
1100 4426 1116 4452 ,
1147 4386 1275 4440 licet
1317 4386 1432 4440 hinc
1478 4386 1661 4440 omnia
1698 4400 1948 4440 nonnun-

384 4495 540 4550 quam
575 4482 736 4536 unico
770 4480 904 4551 legis
932 4480 1149 4533 nomine
1195 4478 1569 4548 signiﬁcentur
1606 4479 1827 4548 :_legem
1864 4495 1949 4534 er-

381 4587 446 4640 go
469 4609 485 4635 ,
512 4570 665 4641 juxta
695 4568 1007 4640 Apostolum
1033 4611 1049 4635 ,
1086 4568 1331 4623 umbram
1386 4569 1591 4623 habere
1639 4569 1944 4624 Iuturerum

382 4663 706 4718 bonorum“
757 4662 965 4732 reliqua
989 4676 1093 4715 non
1125 4662 1252 4715 item
1288 4677 1303 4714 :
1337 4679 1355 4712 ι
1391 4659 1517 4715 llaec
1544 4675 1671 4731 ergo
1706 4661 1943 4730 singula,

382 4768 498 4823 quae
528 4768 866 4823 nequaquam
900 4753 1114 4821 penitus
1154 4751 1449 4807 secundum
1490 4750 1729 4805 litteram
1760 4754 1949 4807 obser-

381 4841 552 4896 Vanda
577 4841 708 4907 dicit
737 4839 1046 4910 Apostolus,
1075 4839 1255 4893 omnia
1278 4838 1391 4894 fere
1416 4838 1555 4909 apud
1584 4837 1818 4910 Moysetn
1845 4843 1944 4897 sub

381 4930 513 5001 legis
542 4931 697 4986 titulo
722 4930 993 4999 designari
1024 4948 1037 4984 :
1068 4949 1086 4982 ι
1111 4945 1230 4999 qua:
1254 4938 1431 4985 autem
1463 4928 1700 4984 mandati
1729 4932 1945 4987 nomine

380 5032 683 5088 censentur,
714 5037 839 5092 puta
871 5023 1060 5077 isthzec
1088 5040 1102 5076 :
1135 5040 1153 5072 ι
1181 5021 1299 5076 Non
1328 5022 1561 5087 occides,
1584 5039 1689 5078 non
1735 5025 1945 5079 adulte-

379 5117 514 5169 rium
534 5115 716 5180 facies,
735 5130 841 5169 non
871 5113 1135 5170 furaberis
1156 5114 1223 5179 υ,
1250 5133 1269 5167 ι
1304 5124 1358 5170 et
1387 5116 1590 5188 reliqua
1617 5115 1943 5186 huiusmodi,

379 5206 669 5260 secundum
698 5205 933 5260 litteram
972 5220 1091 5261 esse
1141 5206 1512 5273 observanda;
1568 5222 1691 5263 nam
1749 5227 1768 5261 ε
1807 5210 1946 5276 Quid

305 5348 314 5357 .
379 5313 509 5366 opus
538 5305 623 5352 est
654 5297 707 5352 in
738 5296 1051 5369 allegoriam
1078 5312 1340 5366 quaerere,
1368 5313 1489 5353 cum
1517 5298 1744 5355 asdificet
1772 5300 1942 5354 etiam

379 5386 599 5442 littera?
630 5406 649 5440 ι
690 5387 812 5442 inde
853 5386 932 5440 sic
972 5387 1246 5442 concludit
1305 5405 1320 5442 :
1375 5405 1393 5438 ι
1435 5388 1785 5445 Ostendimus
1814 5402 1945 5457 ergo

377 5495 495 5535 esse
514 5480 761 5551 quaedam
790 5494 907 5549 quas
956 5479 1177 5534 omnino
1226 5494 1331 5532 non
1380 5488 1508 5532 sunt
1557 5480 1823 5532 servanda
1853 5493 1945 5533 se-

375 5573 611 5627 cundum
643 5572 879 5625 litteram
926 5570 1077 5640 legis,
1108 5580 1163 5625 et
1187 5584 1308 5624 esse
1334 5570 1718 5639 quaedamque
1743 5569 1945 5639 allego-

369 5664 471 5746 ria:
499 5664 711 5732 penitus
733 5663 1022 5717 immutare
1046 5675 1150 5715 non
1175 5661 1353 5727 dcbot,
1388 5661 1486 5716 sed
1511 5662 1843 5728 omnimodo,
1868 5663 1941 5717 ita

448 5863 493 5894 '°
525 5861 691 5917 Hebr.
730 5881 782 5931 ε,
820 5866 868 5919 1.
961 5866 1002 5898 ⁸⁸
1036 5867 1189 5920 Rorn.
1218 5883 1336 5931 xiii,
1372 5866 1424 5921 9.
1504 5866 1547 5898 ”
1575 5866 1773 5921 chcs.
1800 5883 1862 5933 tt,
1888 5866 1977 5920 ει.

2057 653 2306 708 Ostendit
2329 651 2673 721 postmodum
2697 651 2875 721 aliqua
2921 654 3215 707 secundum
3247 652 3485 707 litteram
3514 668 3630 709 ser—

2057 745 2232 798 vanda
2267 758 2411 808 esse,
2459 753 2514 799 et
2556 743 2904 820 allegoricum
2932 752 3111 798 tamen
3144 758 3361 799 sensum
3388 745 3629 816 comple-

2058 835 2153 901 cti,
2174 834 2320 891 velut
2359 835 2488 889 illud
2519 852 2534 888 :
2581 852 2601 886 σ
2632 833 2863 905 Propter
2897 835 3001 891 hoc
3048 834 3313 905 relinquet
3337 834 3508 891 homo
3536 851 3629 908 pa-

2058 939 2196 983 trem
2223 937 2278 982 et
2300 936 2553 994 matrem,
2591 935 2646 981 et
2686 926 2984 982 adhaerebit
3028 927 3183 982 uxori
3212 943 3356 993 sum,
3387 937 3443 983 et
3469 937 3632 984 erunt

2056 1018 2164 1073 duo
2216 1019 2269 1072 in
2310 1032 2475 1073 carne
2524 1031 2629 1072 una
2652 1017 2722 1081 ",
2760 1034 2779 1069 ι
2818 1017 2965 1086 quod
3012 1017 3166 1088 juxta
3212 1015 3533 1087 Apostolum
3576 1027 3633 1074 et

2056 1108 2316 1181 mysteria
2355 1108 2617 1173 continet,
2652 1117 2708 1164 et
2734 1107 3029 1164 secundum
3059 1108 3295 1162 litteram
3330 1107 3631 1162 observan-

2056 1198 2185 1253 dum
2214 1206 2322 1253 est.
2356 1197 2412 1251 ln
2460 1197 2563 1252 hoc
2611 1199 2776 1252 etiam
2827 1212 2995 1253 censu
3041 1211 3103 1251 ea
3148 1197 3382 1253 collocat
3416 1213 3538 1268 quae
3565 1198 3631 1252 de

2057 1289 2280 1345 lsmaele
2304 1300 2357 1344 et
2376 1290 2560 1344 lsaaco
2587 1289 2638 1343 in
2663 1289 2959 1359 Scripturis
2988 1288 3182 1344 tradita
3214 1288 3282 1343 ad
3312 1289 3630 1357 allegoriam

2057 1379 2259 1435 Paulus
2287 1379 2493 1444 retulit,
2538 1388 2594 1433 et
2625 1393 2745 1448 quae
2784 1381 2850 1433 de
2893 1379 3148 1447 primitiis
3170 1377 3466 1433 oﬂ'erendis
3503 1370 3630 1433 s'an-

2056 1468 2295 1530 ciuntur.
2374 1469 2658 1542 Subjungit
2710 1470 2941 1540 denique
2994 1486 3009 1524 :
3074 1488 3094 1524 σ
3161 1469 3513 1527 Ostendimus
3549 1471 3629 1540 (ut

2056 1564 2267 1633 opinor)
2296 1562 2622 1616 auctoritate
2652 1559 2951 1631 Scriptura:
2980 1560 3197 1626 divinae,
3233 1576 3299 1616 ex
3326 1560 3394 1616 iis
3424 1575 3548 1630 quas
3574 1559 3628 1613 in

2056 1653 2174 1724 lege
2197 1653 2395 1722 scripta
2429 1661 2579 1716 sunt,
2606 1650 2785 1721 aliqua
2812 1652 3029 1721 penitus
3059 1650 3372 1720 refugienda
3405 1667 3549 1717 esse,
3571 1661 3628 1707 et

2056 1742 2292 1797 cavenda
2333 1755 2401 1795 ne
2431 1741 2727 1796 secundum
2778 1741 3015 1796 litteram
3055 1743 3125 1797 ab
3164 1742 3443 1814 Evangelii
3473 1743 3633 1800 disci-

2058 1833 2198 1903 pulis
2254 1832 2660 1898 observentur;
2702 1833 2947 1901 quaedam
3005 1846 3130 1887 vero
3180 1834 3493 1890 omnimode
3520 1876 3537 1902 ,
3571 1845 3630 1890 ut

2056 1925 2253 1995 scripta
2277 1933 2422 1990 sunt,
2446 1923 2736 1978 obtinenda
2758 1924 2779 1987 ς’
2824 1921 2929 1976 alia
2960 1932 3141 1977 autem
3168 1923 3374 1979 habere
3409 1925 3628 1997 quidem

2054 2016 2347 2072 secundum
2378 2014 2621 2069 litteram
2656 2014 2945 2069 veritatem
2974 2013 3055 2069 sui
3084 2055 3102 2083 ,
3155 2014 3399 2084 recipere
3451 2025 3633 2071 tamen

2054 2106 2262 2161 utiliter
2304 2114 2358 2159 et
2391 2104 2705 2160 necessario
2738 2106 2902 2159 etiam
2936 2104 3289 2176 allegoricum
3323 2119 3569 2162 sensum.
3604 2127 3623 2160 ι

2054 2197 2231 2266 Atque
2260 2210 2448 2251 eorum
2502 2195 2889 2250 discretionem
2950 2196 3182 2265 sapienti
3216 2195 3626 2266 Scripturarutn

2057 2288 2342 2356 interpreti
2376 2286 2662 2356 pertnittit.
2699 2286 2922 2340 Constat
2966 2297 3113 2343 certe
3168 2287 3447 2357 plerisque
3499 2288 3627 2344 locis

2055 2391 2276 2431 sensum
2310 2386 2601 2445 utrumque
2641 2375 2928 2430 admittere
2952 2375 3180 2431 Codices
3216 2392 3428 2442 sacros,
3465 2387 3524 2433 ut
3554 2389 3628 2433 te—

2063 2466 2161 2522 stis
2214 2475 2298 2521 est
2355 2465 2469 2536 ipse
2522 2463 2722 2518 Paulus
2768 2460 2792 2516 )
2838 2463 2963 2518 Cor.
2995 2465 3207 2530 x,i,et
3243 2463 3633 2531 Galat.tv,‘u,

2056 2568 2267 2613 constat
2293 2567 2349 2612 et
2374 2557 2528 2621 illud,
2560 2554 2730 2610 solam
2758 2556 2811 2608 itt
2853 2554 3127 2609 nonnullis
3170 2554 3487 2625 allegoriam
3513 2570 3627 2610 esse

2057 2649 2463 2721 requirendam;
2488 2647 2749 2717 quidquid
2774 2659 2961 2702 contra
2993 2648 3292 2702 obtendant
3319 2647 3625 2705 scholastici

2055 2749 2300 2815 quidam;
2331 2746 2477 2801 velut
2529 2748 2618 2800 ubi
2660 2745 2728 2800 de
2774 2755 3071 2816 spontanee
3106 2747 3191 2802 sui
3227 2746 3398 2816 ipsius
3428 2760 3631 2804 castra-

2058 2838 2203 2892 tioue
2239 2838 2489 2893 Chrisws
2545 2837 2785 2907 loquitur
2821 2854 2835 2892 :
2875 2850 3038 2908 atque
3083 2840 3135 2893 in
3173 2839 3297 2895 istis
3325 2855 3517 2895 verum
3549 2852 3629 2896 est

2056 2930 2199 2999 quod
2229 2930 2307 2983 ait
2340 2928 2703 2999 Hieronymus
2735 2928 2956 2999 Apoiug.
3003 2945 3018 2983 ι
3054 2932 3108 2983 in
3147 2930 3353 3000 Iiuﬁn.,
3404 2946 3525 3002 cap.
3572 2931 3628 2988 6.

2062 3039 2082 3074 ι
2117 3021 2340 3089 Quando
2365 3021 2485 3077 dico
2516 3020 2781 3090 tropicam
2830 3022 3245 3091 intelligentiam
3273 3061 3295 3090 ,
3333 3025 3504 3080 doceo
3531 3040 3621 3081 ve-

2056 3130 2172 3170 rum
2206 3129 2310 3169 non
2351 3128 2471 3169 esse
2515 3116 2659 3184 quod
2694 3113 2915 3179 dicitur,
2969 3116 3062 3168 sed
3118 3114 3396 3185 allegoria:
3448 3115 3635 3171 nubilo

2057 3208 2368 3276 ﬁguratum.
2410 3224 2429 3258 ι
2458 3206 2577 3260 Non
2621 3206 2786 3260 alium
2820 3217 3003 3261 autem
3042 3205 3166 3261 aliis
3195 3207 3379 3262 inesse
3408 3224 3632 3264 sensum

2059 3314 2217 3368 quant
2246 3298 2562 3354 historicum
2592 3309 2814 3353 censent
2843 3298 3029 3368 aliqui.
3052 3298 3122 3352 At
3153 3298 3419 3370 Origenes
3449 3300 3628 3355 etiam-

2056 3392 2101 3445 si
2136 3391 2278 3446 hunc
2300 3389 2638 3446 solummodo
2668 3390 2721 3444 in
2769 3389 3039 3459 aliquibus
3061 3390 3456 3459 requirendum
3512 3405 3629 3446 esse

2054 3499 2273 3540 sensum
2304 3491 2475 3553 putet,
2521 3497 2591 3537 ne
2620 3484 2737 3536 lucc
2763 3482 2978 3551 quidem
3013 3491 3190 3538 tamen
3231 3484 3512 3554 mysteriis
3536 3498 3631 3538 va-

2053 3593 2177 3632 care
2204 3579 2516 3644 existimat;
2554 3577 2713 3648 hujus
2747 3579 2891 3632 enim
2938 3577 3069 3631 illud
3102 3579 3516 3647 pronuntiatum
3544 3585 3623 3632 est

2056 3670 2242 3725 homil.
2278 3672 2302 3725 1
2354 3672 2408 3724 in
2437 3668 2638 3736 Exod.,
2672 3685 2820 3725 num.
2860 3672 2916 3724 4.
2955 3689 2979 3722 «ο
3016 3670 3128 3741 Ego
3188 3671 3427 3726 credens
3454 3669 3634 3726 verbis

2057 3760 2266 3815 Domini
2298 3762 2401 3817 mei
2451 3758 2578 3816 Jesu
2611 3760 2838 3825 Christi,
2880 3760 2934 3815 in
2984 3760 3099 3831 lege
3128 3769 3185 3815 et
3212 3761 3498 3831 prophetis
3523 3761 3631 3816 iota-

2053 3850 2270 3921 quidem
2307 3867 2512 3916 unum,
2556 3859 2652 3905 aut
2696 3866 2863 3905 unum
2914 3851 3122 3921 apicem
3174 3866 3283 3905 non
3350 3860 3486 3921 puto
3514 3865 3635 3907 esse

2052 3942 2324 4013 mysteriis
2350 3955 2598 4008 vacuum,
2630 3954 2730 3997 nec
2766 3952 2896 4011 puto
2930 3942 3135 4012 aliquid
3163 3944 3356 3997 horum
3392 3943 3630 3998 transire

2050 4048 2231 4107 posse,
2261 4031 2434 4088 donec
2455 4033 2636 4088 omnia
2662 4032 2813 4088 ﬁant.
2852 4050 2877 4087 ι
2906 4031 3060 4090 Unde
3091 4033 3188 4088 lib.
3247 4050 3302 4089 tv
3349 4034 3491 4103 Περὶ
3524 4033 3625 4105 ἀρε

2051 4123 2196 4195 χῶν,
2250 4138 2399 4177 num.
2451 4121 2522 4177 26
2592 4130 2648 4177 et
2675 4120 2770 4190 27,
2823 4122 3084 4193 pleraque
3134 4122 3437 4193 Scriptura:
3465 4138 3625 4180 sacra:

2054 4215 2316 4286 mysteria
2342 4213 2651 4269 hominibus
2674 4213 2994 4283 lgnorabilia
3012 4230 3131 4270 esse
3152 4215 3317 4270 fatur.
3352 4213 3629 4285 Perpauca

2050 4306 2267 4375 quidem
2296 4344 2311 4370 ,
2346 4306 2443 4361 sed
2485 4307 2552 4359 ad
2585 4307 2919 4375 purgandum
2952 4307 3239 4377 Origeuem
3275 4308 3414 4363 satis
3467 4322 3630 4379 appo~

2049 4395 2151 4449 sita
2205 4395 2427 4463 protulit
2472 4395 2739 4465 Apologia:
2787 4407 2978 4450 auctor
3019 4412 3050 4451 e
3095 4397 3190 4455 lib.
3233 4413 3278 4453 tt
3333 4401 3477 4469 Περὶ
3536 4399 3630 4467 dp-

2050 4482 2204 4554 χῶν,
2223 4501 2343 4555 cap.
2368 4484 2424 4547 2,
2464 4501 2656 4555 magna
2690 4501 2754 4540 ex
2782 4496 2941 4557 parte
2984 4493 3175 4556 petita,
3205 4488 3259 4542 in
3296 4490 3499 4558 quibus
3526 4489 3623 4545 Ve-

2053 4577 2187 4630 teris
2215 4575 2543 4630 Testamenti
2580 4576 2860 4643 historias,
2893 4593 2998 4632 non
3029 4578 3293 4647 tictitias,
3332 4582 3429 4636 sed
3475 4595 3625 4636 veras

2054 4682 2176 4722 esse
2199 4667 2479 4734 praedicat,
2509 4675 2566 4721 et
2592 4670 2661 4724 ab
2685 4669 2752 4724 iis
2782 4672 3094 4725 necessario
3123 4671 3515 4739 admittendas,
3536 4672 3622 4743 qui

2052 4759 2281 4815 salutem
2334 4756 2556 4827 adipisci
2613 4761 2860 4830 cupiunt.
2911 4761 3052 4829 Quid
3108 4764 3253 4831 quod
3307 4764 3629 4820 historicen

2051 4863 2213 4918 saepe,
2242 4849 2620 4920 mysticam,et
2654 4851 2910 4906 moralem
2934 4853 2985 4906 in
3019 4851 3302 4922 Scriptura
3334 4856 3626 4926 expositio-

2052 4955 2173 4993 nent
2204 4941 2467 5005 rimatur;
2504 4942 2650 4996 velut
2685 4943 2874 4998 homil.
2907 4943 2974 4997 17
3023 4944 3078 4997 in
3122 4942 3319 4999 Germ.
3350 4945 3630 5001 disserens

2052 5031 2119 5085 de
2150 5032 2615 5088 benedictionibus
2656 5034 3131 5104 patriarcharum:
3168 5052 3187 5086 ι
3229 5033 3366 5101 Qua:
3406 5051 3515 5101 res,
3540 5036 3622 5090 in-

2051 5124 2167 5193 quit
2190 5140 2337 5178 num.
2372 5125 2427 5191 l,
2457 5126 2613 5180 nobis
2641 5127 2967 5196 tripartitam
3005 5125 3090 5198 (ut
3117 5127 3170 5180 in
3214 5127 3343 5182 aliis
3371 5127 3629 5188 fecimus)

2052 5214 2443 5282 explanationis
2483 5216 2764 5271 materiam
2796 5218 3019 5287 subjicit
3041 5260 3057 5286 ,
3085 5219 3159 5273 ita
3193 5229 3251 5273 ut
3286 5219 3619 5275 benedictio-

2049 5322 2149 5361 ncs
2178 5306 2423 5363 historia:
2471 5309 2646 5364 locum
2691 5321 2929 5377 servent,
2958 5311 3247 5383 prophetia
3276 5326 3419 5368 vero
3438 5313 3625 5385 mysti-

2053 5414 2174 5453 cum
2221 5410 2387 5471 atque
2430 5400 2822 5471 dogtnaticum,
2867 5420 3077 5460 morum
3122 5404 3409 5474 correptio.
3435 5414 3493 5460 et
3531 5405 3623 5459 ob-

2044 5486 2284 5557 jurgatio
2312 5490 2573 5545 moralem
2599 5491 2798 5561 dirigat
2824 5492 3023 5564 stylum
3052 5512 3065 5548 :
3104 5512 3131 5545 ν
3155 5502 3323 5563 atque
3358 5490 3628 5561 triplicem-

2053 5575 2189 5629 hanc
2217 5578 2652 5645 explanationem
2683 5581 2737 5635 in
2770 5581 2976 5652 reliqua
3010 5582 3234 5637 homilia
3260 5579 3625 5652 persequiturr

2052 5664 2180 5731 Qua:
2211 5667 2428 5737 quidem
2476 5669 2530 5724 in
2563 5669 2813 5739 Origenis
2864 5674 3091 5741 gratiam
3126 5672 3196 5728 ab
3240 5667 3616 5742 interpretibus
