3914 6528
290 430 420 485 1078

1123 433 1701 492 ORICENIANORUM
1740 437 1869 494 LIB.
1911 440 1977 505 ll,
2017 443 2171 499 CAP.
2214 444 2279 510 ll,
2320 444 2599 512 QUIEST.
2632 445 2773 502 XIV.

3384 452 3523 509 1074

287 544 504 600 conllcta
540 552 599 598 et
628 542 949 615 interpolata
997 561 1066 602 ne
1115 562 1345 604 causere
1376 568 1390 604 :
1425 565 1551 606 ecce
1582 553 1730 607 enim
1758 553 1852 608 tibi
1883 556 1931 616 Α
1960 567 2074 609 rem
2104 556 2156 610 in
2191 558 2473 628 propatulo
2492 559 2815 630 positarn,et
2832 561 3070 616 omnium
3095 562 3268 619 oculis
3285 564 3523 638 obviam,

290 637 430 693 illum
458 644 609 691 tomo
626 653 697 692 xv
712 640 766 691 in
790 638 1002 704 ΜαιιΙι..
1033 656 1184 697 num.
1224 642 1316 709 15,
1350 659 1473 715 pag.
1505 645 1631 713 672,
1654 647 1854 704 dictum

290 728 384 784 hoc
408 727 611 782 Christi
645 746 661 784 :
701 745 723 781 ‹
764 727 820 783 Si
855 730 936 785 vis
969 730 1240 800 perfectus
1280 747 1440 799 esse,
1479 737 1647 801 vade,
1683 738 1858 793 vende

289 834 400 891 qua:
443 817 641 883 babes,
682 830 740 876 et
772 820 838 875 da
867 820 1194 891 pauperibus
1233 822 1300 888 ⁸³,
1340 843 1359 878 ι
1404 825 1470 879 ad
1518 825 1853 897 allegoriam,

288 919 455 978 spreta
521 909 705 966 littera
775 911 1015 967 converti
1062 924 1331 969 vetantem
1358 918 1387 983 ,'
1432 927 1487 970 et
1523 931 1591 971 ne
1634 917 1758 986 quis
1804 918 1855 973 id

288 1008 542 1055 attentare
601 1001 830 1072 audeatj,
868 1002 1112 1059 historiis
1149 1004 1490 1060 ethnicorum
1534 1006 1854 1077 quibusdam

289 1090 701 1147 absterrentem.

351 1179 413 1235 V.
447 1179 560 1250 (39)
582 1177 681 1236 liis
711 1181 1106 1237 animadversis
1140 1180 1319 1239 facilis
1344 1191 1426 1238 est
1454 1184 1567 1254 jam
1598 1185 1859 1256 dijudica-

286 1270 377 1333 tio,
409 1284 640 1339 aequane
671 1287 903 1328 censura
932 1273 1219 1343 Origenem
1238 1276 1519 1331 vexaverit
1542 1275 1857 1335 Eustathius

288 1362 682 1429 Antiochenus,
722 1364 813 1435 qui
843 1366 1109 1422 acerrime
1130 1382 1241 1437 prae
1272 1366 1496 1436 reliquis
1525 1369 1696 1440 ipsius
1727 1372 1857 1427 alle-

274 1454 456 1522 gorias
500 1453 810 1512 insectatus
859 1465 943 1514 est
990 1459 1043 1513 in
1096 1458 1446 1531 Diagnostico
1482 1462 1549 1517 de
1576 1462 1857 1535 Engastri-

287 1548 481 1620 mytbo.
517 1548 600 1605 Ac
628 1550 865 1622 primum
896 1552 951 1607 id
972 1554 1240 1623 queritur,
1260 1569 1384 1610 eum
1418 1564 1615 1612 castera
1651 1557 1859 1634 allegq.

284 1640 374 1695 riis
402 1640 605 1712 alioqui
649 1651 966 1714 pervertere
1008 1644 1271 1713 solitum,
1298 1648 1430 1705 deos
1464 1648 1585 1704 illos
1616 1662 1755 1718 quos
1790 1654 1856 1706 de

281 1740 422 1786 terra
471 1735 836 1789 ascendentes
867 1735 1051 1791 videre
1103 1752 1165 1793 se
1214 1737 1366 1793 Sauli
1417 1740 1630 1797 dicebat
1668 1740 1859 1814 Pytho-

284 1822 420 1877 nissa
469 1822 491 1878 Ι
554 1824 702 1896 Reg.
740 1842 933 1892 xxviii,
983 1829 1093 1894 15,
1127 1829 1196 1885 ad
1246 1830 1481 1887 litteram
1517 1835 1851 1905 exposuisse.

282 1913 527 1971 Profecto
572 1916 643 1972 de
697 1917 788 1972 illa
839 1917 1114 1977 Samuelis
1160 1923 1479 1979 evocatione
1515 1924 1655 1979 idem
1707 1926 1851 1996 quod

280 2003 538 2077 Origenes
563 2009 780 2079 plurimi
814 2011 1188 2081 tradiderunt,
1235 2023 1294 2069 ut
1322 2016 1566 2073 dicemus
1597 2018 1757 2075 infra.
1791 2020 1849 2075 lu

283 2108 546 2155 eoautem
598 2104 743 2170 quod
778 2102 1027 2173 angelum
1073 2104 1234 2161 simul
1267 2121 1392 2162 cum
1419 2107 1512 2164 illo
1544 2112 1852 2168 ascendisse

280 2202 424 2248 ratus
453 2202 563 2259 est,
604 2196 900 2252 multorum
934 2213 1149 2269 quoque
1172 2197 1398 2269 juvatur
1435 2201 1727 2275 suﬂragiis,
1758 2206 1852 2276 qui

278 2284 489 2353 angelos
520 2284 922 2359 ψυχοπομποὺς
955 2291 1248 2346 animabus
1272 2292 1569 2365 adjungunt
1592 2334 1610 2359 ,
1663 2311 1852 2366 quem-

278 2377 561 2433 admodum
605 2382 861 2451 superius
911 2385 1269 2443 ostendimus.
1317 2385 1530 2441 Nullam
1583 2403 1714 2459 ergo
1766 2392 1851 2447 sui

278 2470 529 2540 carpendi
561 2484 753 2527 ansam
786 2473 875 2529 hic
898 2475 1120 2532 obtulit.
1147 2477 1425 2534 Diliicilior
1453 2479 1569 2548 ejus
1598 2480 1738 2537 foret
1765 2482 1855 2536 de-

281 2560 485 2630 fensio,
528 2564 574 2619 si
605 2564 659 2619 id
693 2563 1016 2635 objecisset,
1050 2568 1194 2638 quod
1219 2584 1249 2625 a
1282 2570 1467 2625 multis
1497 2571 1662 2641 objici
1690 2573 1849 2642 solet,

276 2654 450 2709 omnia
490 2670 617 2712 eum
665 2656 783 2714 fere
823 2659 876 2714 in
911 2661 1263 2731 allegoricum
1313 2664 1545 2720 traxisse
1590 2680 1807 2722 sensum
1835 2706 1851 2732 ,

281 2755 636 2817 praeterquam
662 2749 797 2805 illud
820 2749 1199 2824 Sospitatoris,
1233 2770 1342 2825 quo
1373 2754 1737 2812 voluntariam
1769 2758 1853 2815 sui

282 2836 459 2906 ipsius,
499 2841 743 2898 caelestis
787 2844 935 2915 regni
969 2844 1337 2915 consequendi
1370 2861 1558 2915 causa,
1584 2850 1853 2906 exsectio-

280 2944 394 2984 nem
438 2932 826 3001 commendat,
871 2943 928 2991 et
968 2934 1100 2991 illud
1138 2951 1245 3006 quo
1275 2938 1493 2993 unicam
1528 2941 1851 2998 servandam

284 3024 544 3092 tunicam,
568 3024 873 3093 abjicienda
908 3026 1299 3095 calceamenta,
1332 3030 1384 3084 in
1408 3030 1708 3086 crastinum
1732 3046 1856 3088 neu-

286 3113 486 3184 tiquam
535 3118 987 3188 prospiciendum
1021 3134 1141 3176 esse
1178 3122 1287 3187 ait;
1330 3137 1451 3193 quas
1501 3122 1850 3193 allegoricam

1955 650 2382 705 commentitiam
2409 664 2533 707 esse
2562 667 2627 707 ac
2672 652 2913 708 lictitiam
2944 652 3328 712 atiirmaverit?
3353 658 3525 716 lsaaci

1954 748 2222 809 praeterea
2246 751 2300 797 et
2330 741 2589 799 Rebeccae
2616 759 2703 800 res
2735 755 2912 815 gestas
2936 747 3255 805 immutasse
3277 764 3399 805 eum
3436 766 3523 806 re-

1956 827 2081 882 fert.
2110 830 2271 887 Certe
2300 832 2515 889 homilia
2540 835 2606 891 10
2631 836 2683 889 in
2710 834 2920 903 Genes.,
2938 854 3098 909 quam
3126 840 3214 897 hic
3242 843 3525 913 designas-

1958 933 2017 973 se
2045 920 2261 976 videtur
2302 923 2618 982 Eustathius
2641 966 2657 992 ,
2690 928 2742 982 id
2776 930 2940 985 habet
2965 932 3257 998 Origenes,
3289 949 3439 988 num.
3469 934 3526 989 4.

1961 1029 1982 1065 t
2017 1010 2172 1082 δαέρα
2196 1012 2307 1083 jam
2354 1016 2463 1071 dixi
2511 1018 2653 1088 quod
2684 1019 2737 1074 in
2770 1020 2853 1076 bis
2881 1037 2987 1077 non
3021 1022 3265 1079 historiae
3298 1039 3525 1079 narran-

1959 1113 2070 1169 tur,
2092 1105 2185 1160 sed
2206 1108 2463 1178 mysteria
2496 1119 2899 1167 contexuntur:
2938 1131 2957 1165 ι
2995 1115 3137 1183 quod
3161 1116 3231 1169 ita
3268 1115 3527 1185 intelligo,

1958 1197 2169 1249 narrari
2199 1195 2457 1253 historias
2481 1199 2697 1270 quidem
2717 1240 2733 1267 ,
2757 1202 2851 1257 sed
2881 1217 2987 1257 non
3014 1214 3121 1258 tam
3149 1204 3201 1259 id
3228 1207 3337 1276 agi,
3362 1221 3526 1276 quam

1959 1286 2215 1357 mysteria
2264 1288 2483 1344 contexi
2520 1304 2685 1345 :cum
2727 1301 2782 1347 et
2827 1292 3015 1347 homil.
3053 1294 3159 1361 15,
3211 1296 3362 1354 num.
3393 1297 3445 1361 1,
3472 1297 3529 1350 iu

1957 1374 2145 1431 Cenes.
2187 1377 2524 1449 Scripturam
2561 1391 2813 1447 asserat,
2858 1399 2963 1441 non
3000 1393 3207 1440 tantum
3253 1386 3531 1441 historicis

1957 1467 2164 1523 servire
2212 1469 2652 1537 narrationibus,
2704 1482 2963 1542 quantum
2997 1475 3161 1530 rebus
3193 1484 3248 1530 et
3279 1476 3531 1531 sensibus

1960 1559 2226 1628 mysticis.
2264 1558 2358 1615 Sin
2393 1575 2551 1616 secus
2582 1564 2773 1629 sensit,
2796 1563 3066 1619 Eustathii
3092 1564 3368 1635 querelam
3406 1580 3531 1636 pro-

1957 1648 2047 1703 bo.
2086 1647 2301 1705 Dictum
2333 1651 2461 1707 illud
2490 1669 2703 1724 quoque
2736 1656 2803 1711 de
2841 1656 2907 1711 iis
2945 1656 3129 1722 velim,
3159 1672 3279 1728 qua:
3309 1666 3532 1728 peccata

1959 1738 2114 1794 abeo
2147 1740 2293 1795 circa
2331 1739 2451 1798 Jobi
2497 1744 2781 1799 historiam
2814 1746 2956 1802 idem
3005 1747 3100 1801 ait.
3129 1746 3377 1816 Iniquum
3402 1762 3534 1802 vero

1961 1843 2182 1899 prorsus
2213 1841 2269 1885 et
2292 1833 2533 1903 ineptum
2566 1844 2654 1890 est
2680 1836 2823 1905 quod
2869 1836 3121 1908 subjicit,
3155 1852 3436 1908 perperam
3465 1839 3534 1895 ab

1886 1893 1929 1955 Β
1957 1893 2190 1996 Crigene
2222 1893 2488 1980 Lazarum
2509 1966 2524 1991 ,
2559 1893 2716 1995 quem
2744 1893 3533 1998 propter'virtutem'Christus

1953 2016 2246 2089 diligebat,
2284 2017 2340 2074 in
2373 2018 2645 2076 hominem
2674 2020 2914 2089 peccatis
2958 2020 3294 2075 laborantem
3331 2034 3532 2092 anago-

1954 2107 2071 2179 gica
2098 2109 2549 2180 interpretatione
2576 2109 2742 2167 fuisse
2770 2120 3058 2166 mutatum.
3075 2110 3334 2167 Consulat
3359 2110 3531 2166 lector

1957 2209 2163 2256 tomum
2214 2217 2427 2257 xxxvm
2454 2203 2507 2256 in
2529 2201 2715 2269 Joan.,
2744 2218 2893 2258 nunt.
2923 2203 2956 2259 6
2978 2244 2994 2269 ,
3041 2203 3326 2274 Origenem
3369 2203 3528 2274 culpa

1956 2294 2252 2349 immunem
2288 2295 2587 2365 comperiet
2617 2314 2633 2351 :
2667 2311 2791 2350 nam
2822 2309 3108 2367 postquam
3137 2295 3329 2350 Lazari
3363 2296 3529 2350 histo-

1956 2385 2113 2451 riam,
2141 2386 2299 2456 juxta
2331 2384 2596 2449 litteram,
2632 2384 2750 2440 fuse
2777 2385 3087 2452 explicavit,
3129 2386 3232 2440 hac
3263 2393 3528 2452 praeterea

1956 2471 2207 2527 homines
2251 2472 2455 2540 signari
2488 2472 2655 2537 addit,
2693 2472 2786 2541 qui
2816 2473 3059 2542 peccatis
3085 2473 3366 2539 admissis,
3393 2472 3528 2526 ami—

1953 2562 2081 2617 citia
2108 2578 2229 2617 cum
2258 2561 2385 2618 Jesu
2416 2563 2567 2632 prius
2591 2572 2896 2630 contracta,
2924 2565 3015 2633 qui
3052 2564 3247 2619 anima:
3273 2565 3384 2619 vita
3415 2575 3521 2629 est,

1953 2653 2246 2720 excidunt,
2282 2663 2337 2710 et
2365 2654 2519 2710 novis
2566 2669 2782 2710 rursum
2818 2656 3004 2725 gratia:
3050 2656 3266 2711 auxiliis
3308 2656 3529 2712 excitati

1953 2745 2199 2800 eamdem
2234 2755 2579 2815 recuperant.
2612 2746 2769 2801 Aliud
2798 2755 2882 2802 est
2914 2758 3095 2803 autem
3124 2748 3375 2803 laborare
3403 2762 3530 2818 pec-

1953 2838 2113 2904 catis,
2148 2837 2293 2893 aliud
2342 2839 2580 2895 hominis
2627 2841 2865 2910 peccatis
2901 2838 3197 2896 laborantis
3233 2840 3526 2911 imaginem

1953 2949 2183 3005 gerere;
2217 2941 2552 3003 postremum
2600 2932 2705 2987 hoc
2738 2931 2949 2986 Lazaro
2986 2933 3177 2987 tribuit
3218 2932 3483 3002 Origenes
3507 2975 3524 3001 ,

1954 3025 2108 3095 prius
2126 3040 2257 3080 vero
2284 3024 2532 3080 minime.
2558 3024 2696 3090 Quid
2724 3026 2792 3079 ad
2815 3025 3093 3093 sequentia
3119 3038 3281 3093 porro
3313 3039 3529 3095 respon-

1955 3116 2113 3169 deam
2154 3129 2261 3168 non
2292 3113 2506 3179 habeo,
2545 3115 2599 3169 in
2640 3115 2836 3184 quibus
2865 3114 3212 3171 insimulatur
3254 3116 3527 3173 Adaman-

283 3219 453 3264 tamen
486 3211 994 3280 interpretationem
1044 3212 1279 3267 maxime
1327 3214 1569 3269 omnium
1605 3214 1850 3285 postula-
1878 3236 1923 3299 ο
1958 3208 2064 3261 tius
2091 3244 2108 3272 ,
2160 3207 2304 3277 quod
2354 3215 2544 3261 contra
2588 3206 2869 3276 Evangelii
2898 3206 3278 3261 auctoritatem
3313 3205 3528 3263 Iudaeos

280 3299 422 3355 bant.
445 3300 702 3356 Attamen
737 3302 1059 3357 temerarius
1087 3302 1343 3373 juvenilis
1366 3304 1545 3359 anatis
1574 3305 1727 3361 calor
1757 3319 1853 3361 ex-

280 3392 538 3448 cusationi
587 3402 717 3460 est,
771 3409 880 3465 quo
933 3395 1151 3466 vigente
1204 3396 1333 3451 talia
1386 3399 1712 3466 attentavit;
1755 3400 1853 3454 sed

279 3484 665 3553 prodeuntibus
689 3488 850 3544 annis
880 3496 1118 3544 mutasse
1161 3490 1448 3545 consilium
1481 3492 1534 3546 id
1565 3492 1697 3547 mihi
1730 3507 1853 3561 per-

280 3574 482 3641 suadet,
510 3578 656 3646 quod
692 3587 1048 3648 spontaneam
1087 3580 1482 3635 castrationem
1510 3581 1854 3637 damnaverit

281 3673 402 3721 tom.
437 3682 508 3722 xv
530 3670 585 3722 in
623 3667 848 3733 Matth.,
872 3685 1023 3724 num.
1046 3670 1102 3737 2,
1134 3687 1261 3742 pag.
1297 3670 1422 3740 655,
1454 3673 1662 3729 utalibi
1700 3689 1728 3727 a
1763 3690 1857 3729 no-

280 3754 355 3809 bis
378 3757 726 3813 observatum
757 3766 859 3815 est.
890 3756 1136 3813 Alterum
1186 3760 1239 3815 id
1291 3759 1599 3831 expostulat
1652 3761 1853 3815 Eusta-

281 3847 448 3913 thius,
495 3850 641 3920 quod
677 3850 989 3920 paradisum
1023 3860 1337 3907 terrestrem
1367 3892 1383 3918 ,
1434 3861 1489 3906 et
1537 3852 1854 3908 fructiferas

279 3942 507 4007 paradisi
560 3943 793 3999 arbores
830 3944 1123 4016 allegorica
1158 3944 1504 4015 expositione
1527 3945 1850 4001 aboleverit.

280 4028 384 4088 Hoc
414 4033 589 4103 ipsum
623 4034 741 4090 fere
786 4036 1062 4092 criminati
1096 4046 1267 4106 sunt,
1299 4045 1570 4108 quotquot
1596 4037 1854 4109 allegori-

279 4138 364 4179 cas
413 4127 586 4194 ipsius
635 4129 1119 4197 interpretationes
1175 4130 1467 4186 damnasse
1516 4131 1847 4189 notavimus.

274 4217 340 4271 At
376 4221 750 4288 patrocinatur
796 4220 950 4276 Philo
991 4220 1230 4290 Iudaeus,
1261 4237 1294 4278 e
1332 4219 1486 4290 cujus
1524 4223 1681 4280 libris
1709 4226 1854 4295 napi

276 4312 685 4380 κοσμοποιίας,
715 4321 772 4367 et
796 4314 1027 4385 Allegor.
1067 4313 1170 4383 leg.
1204 4316 1257 4379 1,
1294 4329 1449 4370 suam
1484 4315 1551 4369 de
1598 4318 1853 4385 paradiso

275 4402 592 4457 sententiam
629 4414 910 4461 mutuatus
958 4414 1063 4462 est.
1112 4404 1307 4460 Futilis
1354 4415 1437 4461 est
1468 4422 1704 4477 sequens
1746 4409 1853 4463 Eu-

277 4492 455 4549 stathii
494 4477 770 4550 cavillatio
814 4496 870 4550 in
899 4496 1164 4553 vocabulo
1219 4494 1410 4568 μῦθος,
1463 4515 1574 4570 quo
1606 4500 1851 4570 paradisi

278 4585 555 4641 historiam
622 4585 889 4657 Origenes
946 4586 1278 4658 appellavit,
1332 4604 1457 4643 cum
1511 4590 1850 4660 grammatici
1885 4585 1929 4639 Ι)

278 4679 443 4734 sciant
471 4678 647 4749 μύθου
682 4682 904 4736 nomine
935 4696 1024 4737 res
1053 4696 1271 4751 quoque
1302 4698 1433 4739 vere
1467 4694 1650 4755 gestas
1680 4685 1851 4756 signi-

276 4765 440 4834 ﬁcari,
494 4770 956 4840 quemadmodum
986 4772 1340 4830 historiarum
1383 4777 1603 4832 nomine
1655 4776 1852 4834 fabulae

275 4874 484 4929 quoque
534 4877 929 4934 nonnunquam
962 4865 1359 4938 intelliguntur.
1390 4866 1716 4937 Propertius
1753 4871 1849 4926 lib.

277 4966 346 5019 tv,
371 4953 529 5016 Eleg.
564 4956 590 5009 1
624 4974 641 5010 :
681 4954 956 5010 Hactenus
986 4957 1255 5025 historia,
1279 4974 1405 5015 cum
1436 4960 1614 5028 Troiae
1642 4961 1854 5019 fabulas

277 5041 459 5101 fuisset
477 5055 827 5117 persecutus.
850 5047 1036 5125 Pergit
1069 5052 1333 5120 conqueri
1356 5051 1679 5109 Eustathius
1705 5058 1852 5124 quod

276 5131 499 5193 eﬂossos
534 5137 605 5193 ab
630 5138 948 5195 Abrahamo
974 5152 1164 5211 puteos
1196 5143 1250 5197 in
1281 5142 1604 5214 allegoriam
1632 5144 1851 5201 deriva~

280 5226 432 5292 verit,
467 5228 563 5297 qui
588 5243 691 5284 sua
734 5239 916 5285 tamen
945 5240 1105 5287 etate
1141 5240 1486 5302 supererant.
1532 5230 1729 5287 Verum
1766 5234 1852 5288 vel

281 5316 398 5372 illud
424 5330 764 5390 postremum
807 5320 1054 5393 iniquam
1092 5323 1213 5393 ejus
1240 5324 1677 5378 criminationem
1712 5326 1847 5381 satis

281 5409 499 5480 refellit,
552 5428 686 5467 nam
738 5410 959 5486 Origeni
989 5415 1085 5485 qui
1121 5425 1202 5471 tot
1249 5416 1307 5472 in
1354 5416 1539 5472 Iudaea
1590 5422 1852 5488 transegit

279 5517 439 5558 annos
460 5544 476 5567 ,
509 5505 683 5574 ignoti
729 5520 852 5562 esse
896 5522 1004 5563 non
1037 5517 1331 5577 potuerunt
1359 5508 1412 5563 hi
1445 5509 1591 5578 putei
1614 5518 1850 5573 ;~tamue

279 5606 397 5650 vero
431 5597 663 5667 projecti
718 5597 893 5667 ipsum
947 5600 1171 5670 pudoris
1221 5600 1391 5657 fuisse
1441 5601 1759 5665 credemus,
1791 5612 1849 5655 ut

374 5714 421 5746 ⁸⁸
449 5715 642 5771 Matth.
673 5730 789 5783 xxx,
811 5716 899 5772 2|.

341 5809 450 5873 (39)
485 5810 590 5866 His
631 5813 1011 5885 animadversis
1049 5814 1225 5882 facilis
1263 5823 1339 5869 est
1361 5815 1476 5885 jam
1510 5815 1845 5884 dijudicalio,

275 5894 485 5951 (ignaue
513 5898 743 5936 censura
784 5882 1061 5954 Origenem
1109 5882 1373 5941 vexaverit
1399 5882 1709 5941 Eustathius
1741 5887 1847 5940 An-

1954 3300 2234 3372 negaverit
2266 3299 2474 3371 lapides
2506 3300 2558 3354 iu
2596 3299 2869 3356 Christum
2907 3299 3186 3369 iaciendos
3217 3300 3527 3366 sustulisse,

1954 3406 2179 3462 remque
2210 3392 2276 3446 ad
2312 3390 2666 3462 tropologiam
2716 3390 3010 3446 detorserit
3038 3408 3053 3446 :
3084 3407 3209 3445 nam
3260 3399 3531 3448 vetustate

1953 3482 2255 3538 imminutis
2287 3481 2709 3539 Commentariis
2740 3483 2797 3537 in
2831 3480 3116 3548 Joannem,
3145 3498 3272 3552 pars
3323 3483 3414 3538 illa
3444 3484 3529 3536 in-

1955 3575 2192 3642 tercidit,
2225 3575 2280 3630 in
2319 3590 2427 3645 qua
2457 3575 2571 3630 haec
2602 3574 2883 3646 Evangelii
2910 3576 3151 3630 narratio
3181 3574 3528 3646 explanatur.

1954 3668 2234 3735 Quomodo
2287 3682 2422 3737 ergo
2450 3667 2516 3722 ab
2551 3665 2786 3738 Origene
2827 3675 3049 3737 accepta
3095 3667 3208 3731 sit,
3263 3667 3529 3721 incertum

1952 3770 2054 3817 est.
2088 3762 2329 3832 Denique
2359 3776 2502 3830 aegre
2531 3761 2809 3817 Eustathio
2847 3769 2934 3815 est
2957 3799 2973 3825 ,
3009 3760 3149 3827 quod
3199 3757 3531 3828 argumentis

1953 3868 2020 3909 ex
2054 3854 2334 3910 nominum
2377 3852 2831 3920 interpretatione
2865 3851 3050 3921 petitis
3074 3889 3089 3914 ,
3139 3850 3192 3903 in
3244 3849 3533 3921 allegorias

1951 3944 2311 4000 Adamantius
2353 3957 2739 4013 nonnunquam
2786 3951 3087 4007 excurrat,
3135 3956 3261 3996 cum
3294 3942 3401 3999 duo
3431 3957 3532 3997 sa:-

1953 4035 2178 4107 pissime
2218 4035 2464 4090 homines
2514 4034 2758 4090 moribus
2806 4042 2864 4089 et
2891 4037 3105 4088 ratione
3141 4034 3265 4092 vita:
3312 4036 3533 4103 penitus

1954 4127 2234 4183 discordes
2272 4127 2413 4182 idem
2456 4136 2636 4182 tamen
2686 4140 2883 4181 nomen
2924 4134 3133 4196 gerant.
3166 4124 3237 4179 At
3269 4140 3374 4179 non
3418 4134 3530 4179 tam

1950 4218 2080 4274 inde
2105 4219 2393 4289 allegorias
2412 4217 2701 4288 Origenem
2734 4230 3015 4272 arcessere
3035 4230 3222 4270 verum
3246 4225 3531 4285 est,quam

1953 4312 2171 4367 aliunde
2198 4312 2399 4383 petitas
2437 4310 2539 4365 hoc
2587 4309 2808 4382 insuper
2838 4317 3162 4380 argumento
3192 4348 3207 4374 ,
3238 4317 3533 4379 quantum-

1955 4408 2037 4462 vis
2059 4405 2164 4462 levi
2191 4405 2536 4462 conﬁrmare.

2488 4517 2813 4586 QUIESTIO
2854 4515 2971 4572 XIV

2239 4625 2688 4673 ougs'rwscuus
2714 4624 2944 4672 Αιιρυοτ
2972 4623 3120 4671 QUASI
3151 4623 3252 4661 run

2452 4697 2703 4737 δΑΤυιιυι
2733 4695 3032 4737 ςουιιιειλ.

1954 4795 1998 4850 l.
2040 4796 2312 4863 Quaeritur
2340 4794 2583 4870 Origenis
2607 4796 2872 4870 sententia
2900 4795 2963 4846 de
2994 4791 3196 4870 ligandi
3221 4786 3528 4870 et‘solvcndi

2025 4859 2313 4936 potestate
2354 4859 2716 4936 sacerdotibus
2799 4859 3064 4936 concessa.
3091 4859 3186 4936 ‘ll.
3236 4859 3530 4936 Excutit-nr

2030 4930 2261 5000 eiusdem
2281 4934 2345 4987 de
2368 4933 2706 4986 Euclmrislia
2738 4936 2938 5002 opinio.
2970 4932 3051 4983 Ill.
3078 4930 3331 5002 Quiritum
3363 4930 3528 4993 ipsius

2034 4997 2099 5057 de
2130 5005 2471 5077 matrimonio
2500 5004 2748 5077 dogmata
2770 4997 3048 5077 natantur.
3204 4997 3391 5077 Utrum
3418 5012 3532 5077 nia-

2030 5075 2161 5143 gicis
2194 5073 2397 5143 artibus
2442 5063 2667 5140 faverit,
2701 5074 3005 5143 exploratur
3036 5084 3055 5122 .'
3102 5067 3249 5143 V_._et
3303 5069 3366 5118 de
3421 5063 3531 5143 [ξη-

2030 5137 2374 5212 ῇαειτὶηιῃιΙιο
2403 5137 2530 5212 quid
2568 5144 2847 5212 statuerit;
2878 5140 2962 5193 Vl.
3000 5139 3183 5208 ecquid
3214 5141 3277 5191 de
3311 5137 3529 5189 menda-

2026 5210 2107 5267 cio
2133 5252 2149 5279 ,
2188 5210 2299 5267 VII.
2328 5220 2377 5265 et
2403 5210 2467 5265 de
2494 5210 2871 5280 jurejurando.

2027 5327 2069 5380 l.
2108 5325 2446 5379 Postremum
2475 5326 2615 5379 hanc
2641 5323 2991 5393 quaestionem
3020 5319 3225 5389 aperiet
3253 5317 3431 5371 brevis
3464 5317 3530 5371 de

1958 5420 2297 5471 sacerdotum
2330 5424 2601 5484 potestate
2625 5453 2641 5477 ,
2689 5413 2838 5480 juxta
2878 5409 3130 5479 Origeuis
3179 5404 3525 5468 sententiam,

1956 5508 2266 5577 disputatio.
2312 5508 2358 5560 Is
2400 5516 2543 5559 tonio
2607 5519 2679 5556 xu
2716 5505 2771 5555 in
2820 5501 3036 5568 Mutila,
3076 5516 3222 5553 num.
3276 5496 3363 5559 M,
3405 5511 3528 5563 pag.

1960 5600 2086 5664 531,
2119 5600 2314 5653 scribit
2347 5606 2668 5669 potestatem
2707 5595 2941 5650 clavium
2984 5593 3189 5648 habere
3217 5589 3526 5660 episcopos,

1960 5812 2251 5871 iiocheuus,
2291 5817 2394 5860 etc.
2425 5805 2557 5862 Vide
2591 5804 2787 5861 iterum
2837 5799 3215 5859 Praefationem
3266 5792 3396 5854 tomi
3442 5809 3517 5849 se-

1958 5881 2140 5949 cundi,
2167 5878 2393 5935 articulo
2420 5878 2475 5931 ὃ.
2715 5921 2727 5937 ,
3086 5910 3107 5919 ,-
