3906 6524
399 429 550 488 1οἳ5·

1659 424 1720 487 P.
1758 425 2066 482 DANIELlS
2105 423 2354 483 HUETII.

3507 421 3641 477 {076

399 561 454 607 et
487 565 605 621 qua!
640 549 707 605 ab
735 548 865 619 ipsis
894 548 979 604 vel
1012 549 1176 621 ligata
1213 549 1297 606 vei
1330 549 1502 605 soluta
1534 557 1662 604 sunt
1689 551 1742 603 in
1777 548 1964 611 terris,

2076 543 2396 612 Εὑαγγελίου
2422 540 2591 610 λέγει,
2625 538 2763 612 πρὸς
2793 539 3002 592 ἐκεῖνον
3023 536 3114 590 τὸν
3148 535 3354 608 Πέτρον
3371 552 3386 565 ⁸
3409 534 3485 600 ὡς
3507 536 3561 589 δὲ
3581 536 3641 591 τὺ

399 643 561 713 ligata
588 655 710 696 esse
742 651 798 696 et
833 641 1007 696 soluta
1035 643 1088 695 in
1118 641 1277 708 coelo,
1302 643 1345 697 si
1375 642 1533 696 modo
1565 640 1709 695 Petri
1737 640 1965 695 virtutes

397 732 760 786 aemulentur:
814 731 896 785 sin
948 741 1290 800 peccatorum
1348 731 1578 786 vinculis
1634 730 1833 802 alligati
1882 739 1965 784 te-

399 834 657 886 neantur,
694 821 896 875 frustra
928 835 1020 876 eos
1051 821 1218 891 ligare
1251 831 1307 876 et
1347 821 1574 876 solvere.
1603 821 1756 886 Quod
1780 820 1823 874 si
1855 835 1970 875 meo

398 913 673 968 ritis‘licet
703 928 766 967 ac
807 915 1014 982 pietate
1060 913 1346 968 inferiores
1390 913 1567 978 Petro,
1615 912 1967 966 nihilominus

395 1008 619 1078 ligatum
662 1005 727 1058 iri
775 1013 1000 1074 sperent
1045 1005 1097 1058 in
1146 1004 1309 1069 coelo,
1359 1015 1414 1058 et
1463 1003 1718 1070 solutum,
1763 1002 1966 1070 quaein

397 1098 560 1153 terris
607 1082 897 1167 ligaverint
941 1104 994 1150 et
1028 1095 1322 1160 solverint;
1358 1095 1654 1163 legitimum
1694 1109 1788 1149 eos
1817 1093 1967 1148 Scri-

396 1199 679 1259 pturarum
713 1189 962 1258 ignorare
993 1203 1233 1252 sensum,
1280 1197 1333 1242 et
1363 1187 1617 1256 superbia
1668 1193 1968 1240 excmcatos

397 1296 537 1337 esse.
575 1280 631 1334 in
669 1281 810 1334 hunc
853 1280 1028 1333 locum
1077 1289 1307 1333 annotat
1353 1277 1539 1332 Sixtus
1570 1277 1829 1333 Senensis
1869 1277 1963 1346 lib.

396 1388 449 1428 γι
482 1390 570 1430 an.
619 1373 708 1435 70,
741 1371 978 1426 alludere
1009 1370 1292 1440 Origenem
1331 1371 1396 1424 ad
1437 1384 1679 1424 errorem
1721 1369 1788 1423 ab
1825 1367 1966 1422 lius-

400 1463 521 1517 sitis
575 1465 914 1532 postmodum
972 1471 1386 1532 propugnatum,
1429 1461 1522 1529 qui
1571 1474 1720 1529 papa:
1758 1467 1813 1513 et
1849 1459 1966 1527 epi-

399 1569 686 1624 scoporum
712 1561 1034 1625 potestatein
1071 1568 1134 1607 ex
1169 1569 1378 1607 morum
1416 1553 1707 1608 sanctitate
1735 1553 1970 1620 pendere

395 1647 683 1720 volebant,
726 1658 783 1702 ut
815 1649 1247 1718 quotiescunque
1296 1644 1570 1715 peccando
1603 1643 1794 1699 ﬁerent
1823 1645 1967 1699 Petri

398 1738 710 1808 dissimiles,
738 1755 843 1792 una
874 1729 1195 1811 potestatem
1230 1737 1398 1806 ipsius
1427 1737 1742 1805 amitterent
1770 1755 1784 1804 ;
1817 1737 1968 1798 dam-

398 1840 695 1903 natumque
728 1832 867 1886 hunc
895 1847 1013 1886 esse
1045 1846 1072 1884 a
1109 1830 1426 1884 Tridentina
1455 1831 1680 1898 synodo,
1711 1845 1845 1885 sess.
1875 1831 1960 1890 14.

2068 635 2292 706 Πνεῦμα
2320 632 2484 687 αὐτοῦ
2533 632 2794 694 διδάσκει,
2830 630 2966 699 πρὸς
2995 629 3174 683 πάντα
3211 629 3302 681 τὸν
3352 630 3642 699 γενόμενον

2066 729 2247 791 ὁποῖος
2278 728 2306 780 ὁ
2331 725 2536 796 Πέτρος
2564 726 2788 788 ἐκεῖνος.
2822 721 3128 778 Ostendunt
3159 723 3296 776 idem
3326 731 3379 776 et
3417 737 3644 789 sequen-

2069 820 2163 884 tia,
2204 820 2258 872 in
2293 816 2491 886 quibus
2522 825 2709 884 portas
2753 813 2912 867 inferi
2952 827 3072 867 esse
3115 822 3373 883 peccata,
3409 811 3645 865 haereses

2065 923 2190 964 esse
2231 911 2521 975 daemones,
2572 921 2738 976 regna
2774 904 3039 960 ctelorum
3069 905 3299 959 virtutes
3332 919 3456 958 esse
3493 903 3644 958 dicit.

2066 999 2257 1054 Priore
2290 1007 2492 1065 autem,
2527 1011 2689 1068 quem
2724 996 3084 1061 laudavimus,
3112 997 3246 1060 loco,
3285 996 3410 1050 licet
3444 995 3646 1063 ligandi

2067 1099 2120 1147 et
2157 1089 2394 1159 solvendi
2439 1097 2756 1159 potestatem
2823 1088 3076 1150 omnibus
3121 1088 3350 1152 tribuat,
3411 1086 3648 1158 quicun-

2068 1197 2174 1255 que
2212 1189 2296 1236 ter
2351 1187 2642 1250 peccantes
2695 1178 3092 1255 corripuerint;
3150 1178 3410 1248 peculiari
3465 1188 3646 1232 tamen

2068 1253 2252 1340 modo,
2281 1281 2334 1328 et
2369 1271 2596 1342 pleniori
2639 1253 2936 1340 potestate,
2973 1284 3037 1323 ac
3081 1269 3279 1338 potiori
3321 1271 3444 1339 jure
3488 1269 3650 1324 Petro

2069 1367 2120 1421 id
2152 1379 2472 1421 concessum
2502 1363 2671 1418 fuisse
2692 1348 2824 1430 vult,
2852 1378 2976 1418 cum
3008 1362 3061 1415 in
3088 1377 3195 1416 uno
3216 1363 3479 1415 duntaxat
3510 1363 3650 1416 cutio

2068 1457 2283 1512 solvere
2317 1456 2440 1510 illos
2476 1463 2528 1509 et
2558 1455 2726 1524 ligare
2757 1469 2915 1525 posse
2947 1452 3196 1521 afﬁrmet,
3222 1453 3436 1510 Petrum
3466 1465 3656 1508 autem

2069 1548 2122 1602 in
2161 1547 2437 1601 erunibus.
2467 1545 2626 1598 Adde
2659 1546 2876 1598 easdem
2913 1545 3050 1614 apud
3093 1544 3284 1599 Patres
3310 1561 3450 1615 smpe
3497 1546 3650 1600 locu-

2067 1638 2243 1692 tiones
2283 1650 2600 1698 occurrere,
2639 1649 2758 1704 quae
2786 1637 2850 1689 ad
2881 1646 3082 1690 rectam
3117 1635 3297 1690 itidem
3325 1637 3654 1706 interpreta-

2070 1731 2267 1785 tionem
2302 1729 2616 1783 revocanda:
2649 1737 2796 1781 sunt.
2844 1727 3076 1783 lrenteus
3134 1728 3229 1782 lib.
3291 1745 3364 1792 IV,
3400 1745 3532 1798 cap.
3563 1729 3651 1796 20,

2076 1843 2092 1876 ι
2137 1822 2339 1880 Omnes
2359 1823 2489 1892 justi
2517 1823 2909 1877 sacerdotalem
2937 1818 3137 1878 habent
3165 1825 3432 1877 ordinem.
3467 1844 3490 1876 ι
3523 1823 3656 1878 Ter-

397 1901 520 1975 can.
564 1920 654 1983 10,
686 1921 771 1974 his
799 1921 1013 1974 verbis:
1071 1939 1089 1971 ι
1130 1920 1184 1973 Si
1224 1920 1342 1988 quis
1394 1909 1606 1973 dixerit
1655 1922 1965 1976 sacerdotes
1998 1901 2041 1956 Β
2074 1915 2326 1969 tullianus
2380 1915 2469 1970 lih.
2528 1913 2603 1966 De
2679 1915 3043 1967 exhortatione
3078 1917 3366 1980 castitatis,
3411 1932 3543 1985 cap.
3602 1917 3652 1992 7,

399 2013 491 2082 qui
529 2013 582 2066 in
629 2023 855 2081 peccato
890 2011 1104 2075 mortali
1144 2021 1292 2076 sunt,
1333 2022 1656 2088 potestatem
1688 2012 1886 2081 ligandi
1913 2023 1968 2067 et

397 2092 640 2158 solvendi
680 2120 782 2159 non
838 2105 973 2158 habe
992 2119 1070 2173 re,
1104 2103 1388 2157 anathema
1441 2115 1578 2159 eSIo.
1635 2123 1654 2157 ι
1689 2106 1970 2160 Assentior

399 2196 578 2260 Sixto,
625 2205 678 2250 et
706 2211 936 2265 peccare
964 2197 1053 2251 aio
1083 2196 1396 2267 Origenem,
1433 2207 1594 2267 atque
1624 2198 1763 2252 hanc
1795 2199 1964 2252 videri

397 2289 648 2361 amplecti
692 2290 961 2354 haeresim,
1005 2291 1058 2344 in
1089 2306 1191 2360 qua
1237 2292 1428 2346 deinde
1459 2292 1656 2346 versati
1708 2301 1830 2347 sunt
1861 2292 1968 2345 Do-

399 2383 635 2454 natistae,
668 2397 788 2437 cum
821 2397 849 2435 a
881 2385 1221 2440 sacerdotum
1252 2385 1536 2440 sanctitate
1560 2383 1813 2439 Ecclesia:
1871 2398 1968 2452 po-

396 2478 648 2542 tesLatem
679 2477 1103 2546 suspenderunt.
1162 2476 1416 2531 Attamen
1468 2478 1806 2529 commodam
1853 2477 1968 2533 haec

397 2573 628 2634 possunt
677 2565 1184 2635 interpretationem
1231 2567 1542 2621 admittere.
1594 2565 1839 2630 Frustra,
1882 2566 1967 2618 in-

399 2639 541 2723 quit,
575 2655 772 2726 ligandi
816 2658 902 2711 vel
943 2657 1185 2712 solvendi
1221 2665 1542 2727 potestatem
1575 2656 1676 2712 sibi
1711 2667 1967 2728 arrogant

398 2745 662 2814 episcOpi,
699 2761 818 2815 qua:
869 2746 1034 2801 Petro
1069 2747 1340 2816 praecipue
1395 2761 1652 2818 concessa
1706 2755 1810 2811 est,
1865 2747 1966 2801 nisi

399 2834 588 2888 eadem
621 2850 724 2904 qua
759 2835 951 2889 Petrus
1001 2835 1288 2890 sanctitate
1327 2845 1381 2890 et
1409 2837 1666 2907 aequitate
1699 2834 1964 2890 ﬂoreant:

400 2926 502 2980 hoc
538 2934 642 2987 est,
687 2925 787 2979 nisi
821 2926 1063 2980 eamdem
1104 2941 1264 2996 quam
1313 2925 1504 2982 Petrus
1550 2927 1861 2996 aequitatem
1913 2925 1965 2980 in

400 3015 657 3088 solvendo
692 3025 745 3069 et
776 3015 996 3083 ligando
1028 3017 1341 3071 adhibeant.
1373 3017 1506 3072 Cum
1537 3006 1668 3093 ergo
1697 3027 1807 3073 tam
1841 3033 1968 3072 san-

398 3117 485 3178 cte
520 3106 642 3174 jur'e
691 3123 788 3162 suo
836 3108 1031 3162 Petrus
1075 3117 1336 3172 uteretur,
1385 3117 1443 3162 ut
1478 3123 1570 3164 eos
1620 3117 1829 3182 tantum
1861 3109 1970 3161 cri-

399 3199 636 3261 minibus
665 3198 920 3264 solveret,
956 3198 1048 3268 qui
1097 3198 1151 3251 id
1197 3199 1512 3267 paeuitentia
1550 3213 1647 3258 sua
1687 3207 1741 3254 et
1771 3200 1969 3269 pietate

401 3299 585 3361 essent
615 3290 915 3361 promeriti,
953 3290 1096 3345 solos
1140 3290 1337 3344 noxios
1371 3289 1603 3360 ligaret;
1638 3292 1682 3346 si
1717 3291 1841 3362 quis
1867 3292 1975 3362 epi-

400 3377 797 3452 scopus’Petro
825 3383 1109 3448 dissimilis
1159 3390 1431 3460 potestate
1481 3382 1710 3438 abutens
1741 3371 1835 3438 Sua
1893 3385 1974 3438 in-

402 3482 586 3526 sontes
639 3471 908 3541 ligaverit,
949 3472 1200 3541 indignos
1231 3471 1470 3538 solverit,
1525 3486 1630 3526 non
1666 3471 1891 3542 perinde
1921 3473 1972 3526 in

402 3564 544 3620 malo
597 3580 656 3618 se
711 3579 798 3616 res
852 3551 1094 3617 habebit.
1149 3562 1405 3618 Subsidio
1455 3570 1539 3618 est
1573 3563 1792 3634 Origeni
1831 3564 1974 3618 istud

403 3653 717 3726 Hieronymi
765 3656 858 3711 lib.
895 3671 954 3710 ιιι
1019 3655 1074 3708 in
1114 3653 1306 3707 Matth.
1347 3670 1457 3718 xvr,
1492 3656 1580 3711 19.
1623 3673 1643 3706 ι
1680 3654 1848 3712 Istum
1896 3655 1976 3709 lo-

403 3762 529 3816 cum
567 3740 801 3818 cpiscOpi
847 3757 902 3802 et
931 3745 1233 3819 presbyteri
1282 3760 1387 3800 non
1443 3747 1827 3815 intelligentes,
1879 3747 1977 3802 ali-

405 3839 533 3906 quid
563 3838 666 3892 sibi
715 3839 780 3893 de
818 3837 1214 3892 Pharisaeorum
1246 3847 1529 3893 assumunt
1573 3841 1884 3911 supercilio,
1917 3851 1976 3894 ιιι

403 3922 488 3985 vel
519 3932 775 3986 damnent
806 3933 1142 3996 innocentes,
1186 3932 1270 3986 vel
1307 3931 1520 3986 solvere
1562 3945 1622 3986 se
1670 3933 1979 3986 noxios‘ar-

399 4023 695 4087 hitrentur,
725 4039 846 4079 cum
878 4025 1017 4094 apud
1054 4024 1219 4091 Deum
1275 4037 1378 4076 non
1413 4023 1682 4078 sententia
1717 4025 1974 4078 sacerdo-

403 4125 539 4179 tum,
589 4117 685 4180 sed
735 4105 949 4187 reorum
1003 4115 1114 4170 vita
1161 4125 1459 4184 quaeratur.
1504 4134 1523 4168 ι
1572 4113 1774 4171 Noxios
1826 4116 1974 4176 dicit,

403 4205 495 4272 qui
527 4207 686 4262 noxis
714 4207 983 4277 impliciti,
1021 4206 1162 4259 nulla
1196 4206 1464 4260 scelerum
1497 4207 1832 4274 paenitudine
1866 4217 1978 4259 tan-

404 4285 632 4364 guntur:
666 4285 863 4364 alioqui
899 4310 1056 4349 nemo
1087 4295 1221 4349 solvi
1256 4304 1432 4363 potest
1468 4297 1566 4350 nisi
1613 4297 1830 4350 noxius.

473 4386 684 4441 Asserit
722 4396 979 4454 praeterea
1023 4385 1283 4452 Origenes
1326 4396 1472 4441 tomo
1530 4402 1629 4441 xm
1671 4387 1724 4441 in
1759 4385 1973 4451 Matt/1.,

405 4493 555 4532 num.
603 4478 693 4540 51,
744 4494 869 4548 pag.
908 4478 1034 4542 615,
1082 4478 1283 4547 ligandi
1335 4488 1390 4532 et
1439 4478 1680 4533 solvendi
1731 4488 1976 4549 potesta-

2081 2024 2100 2055 ‹
2143 2003 2331 2058 Nonne
2365 2014 2419 2057 et
2456 2004 2574 2057 laici
2613 2005 2925 2058 sacerdotes
2954 2006 3180 2059 sumus?
3213 2003 3490 2075 Scriptum
3539 2019 3652 2063 est:

2078 2097 2315 2168 Regnum
2353 2113 2556 2167 quoque
2611 2113 2736 2161 nos,
2785 2108 2831 2150 et
2883 2099 3180 2152 sacerdOtes
3226 2098 3361 2163 Deo,
3406 2111 3452 2153 et
3500 2098 3655 2152 Patri

2073 2205 2170 2242 suo
2200 2189 2340 2257 fecit.
2374 2207 2392 2240 ›
2423 2188 2718 2258 Gregorius
2777 2187 3051 2258 Nyssenus
3074 2188 3167 2246 lib.
3200 2189 3277 2243 De
3299 2191 3658 2257 perfectione:

2074 2280 2172 2333 Διὰ
2199 2280 2390 2333 τούτου
2431 2281 2525 2335 καὶ⁵
2554 2281 2663 2333 τῶν
2699 2279 2959 2334 τοιούτων
2997 2281 3171 2354 πέτρα
3207 2283 3302 2335 καὶ
3333 2285 3505 2354 ἡμεῖς
3543 2285 3659 2336 ἐτό-

2078 2371 2236 2444 μεΘα,
2277 2371 2618 2443 μιμούμενοι,
2672 2371 2856 2436 καθώς
2901 2375 3012 2426 ἐστι
3044 2374 3285 2438 δυνατὸν,
3322 2376 3381 2427 ὲν
3421 2378 3490 2445 τῇ
3534 2393 3658 2446 τρε-

2074 2467 2182 2534 πτῇ
2209 2463 2368 2532 φύσει
2397 2463 2457 2516 τὸ
2491 2463 2758 2535 ἄτρεπτον
2799 2465 2892 2517 καὶ
2937 2465 3288 2535 ἀμετάθετον.
3320 2483 3339 2517 ‹
3386 2465 3494 2519 Per
3553 2469 3661 2521 hac

2074 2564 2129 2609 et
2168 2556 2250 2608 his
2277 2555 2470 2608 similia
2506 2571 2602 2610 nos
2636 2571 2853 2626 quoque
2895 2569 3044 2626 petra
3097 2559 3322 2621 erimus,
3354 2558 3657 2618 imitantes.

2074 2646 2253 2715 quoad
2297 2644 2412 2711 ejus
2461 2646 2574 2700 ﬁeri
2622 2656 2821 2716 potest,
2864 2648 2919 2702 in
2969 2648 3215 2702 mutabili
3257 2657 3472 2713 natura,
3517 2652 3660 2718 quod

2074 2749 2330 2791 constans
2364 2746 2418 2791 et
2453 2739 2794 2793 immutabile
2825 2748 2931 2794 est.
2971 2758 2990 2791 ι
3013 2740 3334 2794 Ambrosius
3357 2740 3658 2795 Comment.

2073 2826 2128 2879 in
2163 2825 2292 2880 Luc.
2326 2841 2379 2879 ιι(
2417 2845 2431 2880 :
2465 2845 2484 2878 ι
2515 2827 2618 2894 Qui
2658 2841 2874 2882 carnem
2921 2830 3132 2893 vicerit,
3157 2828 3419 2889 Ecclesia:
3463 2829 3661 2884 funda.

2073 2928 2314 2974 mentum
2349 2930 2452 2980 est,
2486 2928 2542 2972 et
2569 2919 2616 2972 si
2648 2922 2852 2989 :equari
2885 2919 3046 2975 Petro
3077 2936 3181 2974 non
3217 2930 3419 2990 potest,
3455 2920 3658 2974 imitari

2075 3023 2279 3082 peteSt:
2303 3030 2322 3064 ι
2347 3012 2578 3066 deinde:
2617 3031 2641 3064 ιι
2663 3011 2854 3081 Magna
2888 3021 3067 3067 autem
3103 3013 3306 3068 Christi
3331 3017 3538 3084 gratia,
3573 3015 3658 3084 qui

2073 3104 2252 3158 omnia
2302 3118 2468 3172 prope
2492 3092 2751 3158 vocabula
2787 3119 2882 3158 sua
2907 3105 3339 3176 discipulis,ipsis
3366 3109 3596 3162 donavit
3636 3126 3654 3162 τ

2078 3197 2189 3267 Ego
2221 3212 2357 3263 sum,
2388 3197 2580 3266 inquit,
2602 3198 2696 3252 lux
2723 3200 2906 3252 mundi
2935 3199 3092 3264 ³⁵·⁸⁵;
3125 3212 3180 3253 et
3222 3200 3273 3254 id
3305 3209 3512 3263 tamen,
3554 3217 3658 3271 quo

2077 3291 2192 3361 ipse
2242 3291 2538 3361 gloriatur,
2586 3292 2866 3359 discipulis
2913 3307 3110 3346 nomen
3148 3291 3389 3356 indulsit,
3431 3292 3657 3348 dicens:

2084 3381 2186 3436 Vos
2216 3384 2342 3437 estis
2371 3383 2464 3436 lux
2507 3381 2803 3434 mundi":
2843 3379 2954 3449 Ego
2993 3399 3108 3434 sum
3153 3383 3305 3451 panis
3360 3384 3512 3436 vicus
3555 3385 3643 3447 '7;

2075 3485 2129 3530 et
2161 3491 2174 3527 :
2205 3473 2319 3528 Nos
2347 3491 2525 3529 omnes
2553 3491 2689 3528 unus
2722 3475 2872 3542 panis
2911 3491 3091 3526 sumus
3120 3475 3166 3508 ⁸⁸
3199 3493 3213 3528 :
3252 3473 3363 3544 Ego
3392 3492 3514 3529 sum
3547 3476 3661 3530 citi:

2076 3581 2198 3619 vera
2223 3564 2290 3636 ‘19)
2318 3585 2330 3628 ;
2363 3573 2416 3618 et
2457 3563 2548 3618 tibi
2579 3563 2749 3618 dicit:
2782 3561 3027 3617 Plantavi
3059 3573 3108 3618 te
3138 3564 3287 3617 vitem
3329 3565 3658 3633 fructuosam

2077 3673 2278 3711 onmem
2313 3673 2488 3712 veram
2514 3657 2581 3709 θ’.
2612 3655 2774 3710 Petra
2806 3664 2889 3708 est
2915 3655 3166 3709 Christus
3217 3655 3493 3725 (bibebant
3521 3658 3657 3708 enim

2078 3751 2141 3804 de
2174 3749 2401 3828 spiritali
2435 3759 2678 3819 sequente
2715 3759 2907 3818 petra;
2944 3756 3094 3816 petra
3131 3755 3305 3800 autem
3343 3756 3461 3800 erat
3500 3746 3658 3801 Chri-

2076 3851 2188 3892 stus
2219 3838 2324 3910 “)2
2359 3839 2521 3892 etiam
2541 3837 2806 3906 discipulo
2837 3849 2934 3890 suo
2964 3832 3119 3900 hujus
3153 3831 3398 3887 vocabuli
3427 3834 3656 3900 gratiam

2079 3947 2184 3984 nou
2221 3929 2460 3999 negavit,
2501 3938 2560 3983 ut
2595 3939 2650 3983 et
2699 3927 2817 3997 ipse
2855 3927 2926 3981 sit
2956 3924 3172 3991 Petrus,
3207 3924 3350 3994 quod
3389 3925 3459 3979 de
3508 3935 3658 3992 petra

2080 4024 2276 4077 habeat
2333 4020 2663 4077 soliditatem
2724 4017 3079 4082 constantize,
3140 4017 3260 4071 ﬁdei
3315 4015 3657 4069 ﬁrmitatem.

2082 4116 2303 4170 Enitere
2335 4130 2463 4184 ergo
2499 4123 2558 4168 ut
2591 4122 2646 4168 et
2685 4123 2739 4166 tu
2768 4122 2918 4182 petra
2959 4113 3054 4167 sis.
3090 4130 3108 4165 ι
3149 4108 3514 4177 Augustinus,
3568 4108 3655 4162 lib.

2073 4223 2116 4272 ,ιι
2176 4205 2378 4271 ρηιωι.
2403 4221 2609 4274 euang.,
2658 4220 2780 4273 cap.
2809 4204 2903 4268 40,
2939 4222 2958 4258 ι
3003 4201 3376 4257 Sacerdotium
3409 4214 3544 4256 vero
3567 4197 3659 4252 Je-

2078 4298 2316 4352 da-orutn
2351 4310 2511 4349 nemo
2547 4293 2661 4350 fere
2708 4293 2946 4348 ﬁdelium
2986 4293 3198 4348 dubitat
3234 4291 3461 4360 ﬁguram
3497 4288 3662 4343 fuisse

2076 4387 2366 4442 sacerdotii
2404 4385 2636 4456 regalis,
2684 4384 2826 4454 quod
2873 4392 2959 4437 est
3006 4385 3058 4436 in
3091 4381 3356 4444 Ecclesia,
3389 4394 3504 4449 quo
3537 4392 3662 4432 coa-

2077 4488 2372 4536 secrantur
2428 4491 2617 4533 omnes
2670 4475 3011 4544 pertinentes
3059 4475 3125 4527 ad
3185 4487 3385 4540 corpus
3437 4469 3653 4531 Christi,

404 4577 513 4623 tem
543 4568 796 4622 omnibus
823 4585 850 4622 a
886 4569 1105 4637 Christo
1139 4570 1308 4626 fuisse
1357 4584 1696 4636 concessam,
1747 4571 1976 4640 quicun-
2005 4595 2050 4650 ι)
2079 4570 2275 4626 summi
2309 4577 2365 4628 et
2393 4568 2504 4623 veri
2536 4566 2795 4650 principis
2828 4565 3198 4621 sacerdotum.
3239 4562 3376 4618 Nam
3424 4575 3569 4616 nunc
3607 4569 3657 4614 et

402 4674 508 4727 que
537 4659 726 4713 noxios
762 4669 843 4712 ter
890 4661 1362 4729 reprehenderint.
1392 4661 1466 4714 ita
1518 4669 1664 4714 tonio
1690 4676 1789 4724 xit,
1821 4677 1968 4715 nunt.

402 4749 493 4815 10,
527 4765 649 4818 pag.
697 4749 822 4814 524,
870 4764 1084 4811 omnem
1135 4751 1335 4808 Christi
1392 4751 1712 4822 discipulum
1764 4761 1970 4821 petram

401 4857 523 4913 esse
562 4845 637 4896 ait
678 4858 838 4912 super
889 4859 1048 4914 quam
1101 4845 1340 4909 Ecclesia
1393 4845 1594 4901 Christi
1639 4846 1967 4913 aediﬁcatur;

402 4935 524 4999 cmli
554 4921 1026 5006 claves’perlectis
1051 4937 1354 5013 quibusque
1396 4937 1590 5010 tribui;
1619 4948 1673 4992 et
1713 4953 1967 5007 quzccun-

401 5041 507 5095 que
541 5027 756 5086 tandem
801 5028 963 5086 Petro
997 5030 1266 5099 pollicitus
1316 5039 1403 5085 est
1453 5013 1703 5090 Christus
1750 5033 1972 5100 adeptu-

400 5132 544 5183 rum,
580 5119 829 5189 quisquis
855 5119 1017 5174 Petro
1047 5121 1277 5174 similem
1319 5136 1378 5175 se
1405 5121 1737 5191 praestiterit,
1773 5121 1968 5174 Verum

402 5210 700 5277 posteriora
739 5209 853 5265 haec
884 5211 1177 5280 allegorice
1206 5210 1346 5264 dicta
1377 5227 1518 5274 esse,
1556 5227 1660 5264 non
1702 5212 1971 5281 dogmati-

399 5315 485 5363 ce,
539 5301 666 5356 illud
711 5301 916 5356 evincit
959 5302 1103 5369 quod
1151 5300 1466 5360 subestin
1495 5319 1579 5364 τις
1620 5301 1768 5369 λέγει
1817 5300 1976 5353 τοῦτο

355 5455 359 5462 η
401 5394 496 5465 (Σὺ
531 5392 629 5465 εἷο
655 5396 889 5466 Χριστὸς
913 5399 941 5450 ὁ
966 5397 1098 5461 Υἱὸς
1128 5397 1224 5451 τοῦ
1253 5394 1390 5450 Θεοῦ
1437 5394 1532 5448 τοῦ
1568 5393 1807 5466 ζῶντος)
1837 5393 1975 5466 πρὸς

400 5485 561 5538 αὐτὸν
611 5486 934 5559 (Χριστὸν),
991 5489 1052 5542 οὐ
1079 5475 1298 5559 ’σαρκὸς
1347 5488 1442 5539 καὶ
1495 5487 1724 5557 αἵματος
1768 5487 1977 5540 ἀποκα-

399 5575 680 5645 λυψάντων
724 5578 895 5649 αὐτῷ,
931 5579 1070 5633 ἀλλὰ
1101 5577 1195 5632 τοῦ
1220 5581 1278 5631 ἐν
1300 5583 1412 5642 τοῖς
1446 5579 1695 5649 οὐρανοῖς
1739 5580 1965 5650 Πατρὸς.

399 5665 648 5735 τεύξεται
688 5669 798 5723 τῶν
848 5671 1173 5743 εἰρημένων,
1219 5670 1294 5734 ὡς
1352 5671 1450 5741 μὲν
1507 5669 1567 5722 τὸ
1604 5668 1836 5741 γράμμα
1883 5670 1978 5726 τοῦ

471 5783 594 5872 θξζυ
619 5785 773 5872 ιρίηι.
810 5803 925 5861 vui,
961 5789 1054 5872 12..
1121 5787 1411 5872 "nbitILlll-
1454 5803 1504 5849 ν,
1542 5787 1632 5872 “‘1
1704 5789 1747 5820 ⁸⁷
1779 5789 1933 5862 10‘"!-

2085 5789 2179 5861 41.
2257 5788 2349 5857 ⁸⁸1
2386 5789 2511 5856 Cor.
2569 5804 2621 5866 χ,
2667 5789 2729 5859 17
2826 5789 2871 5822 ⁸¹
2903 5788 3167 5872 J.oan.xv,
3211 5786 3257 5839 l.

405 5871 465 5922 tt,
493 5856 582 5910 Ἦ.
661 5859 704 5889 ⁹¹
735 5863 753 5911 l
785 5858 916 5927 pur.
948 5877 1002 5923 χ,
1029 5859 1084 5928 4.
1161 5860 1206 5907 ’ἓ
1243 5857 1259 5924 l
1306 5859 1452 5928 i‘clr.
1496 5874 1553 5927 It,
1602 5860 1655 5920 9o

2079 4677 2270 4719 omnes
2310 4647 2632 4728 unguntur,
2688 4661 2834 4732 Quod
2895 4671 3022 4716 tunc
3073 4658 3293 4726 regibus
3347 4665 3562 4709 tantum
3606 4662 3658 4705 et

2076 4753 2452 4808 sacerdotibus
2505 4755 2690 4808 ﬁebat.
2749 4753 2812 4807 Et
2844 4753 2986 4821 quod
3039 4751 3114 4804 ait
3158 4749 3347 4802 Petrus
3386 4748 3457 4801 ad
3504 4743 3656 4798 Chri-

2077 4847 2314 4902 stianum
2365 4847 2623 4916 pepulum
2681 4843 2971 4900 scribens:
3020 4839 3213 4912 Regule
3266 4840 3656 4898 sacerdotiut;

2083 4949 2380 5007 utrumque
2415 4953 2611 4993 nomen
2664 4937 2738 4991 illi
2773 4934 2971 5006 populo
3009 4931 3304 4988 convenire
3342 4929 3653 4988 declaravit,

2077 5043 2185 5097 quo
2238 5027 2327 5082 illa
2367 5028 2551 5082 unctio
2596 5027 2927 5096 pertinebat.
2974 5040 2997 5078 ι
3057 5021 3285 5092 Ligandi
3337 5035 3558 5090 quoque
3603 5026 3656 5071 et

2079 5119 2326 5175 solvendi
2362 5128 2686 5188 potestatem
2724 5133 2914 5174 eorum
2945 5115 3209 5180 omnium,
3249 5113 3340 5183 qui
3370 5119 3653 5183 peccantas

2078 5212 2279 5268 fratres
2309 5211 2785 5282 objurgationibus
2819 5212 3115 5274 incessunt,
3162 5219 3512 5261 communem
3539 5216 3652 5257 este

2081 5303 2267 5357 volunt
2320 5304 2660 5374 Augustinus
2704 5305 2771 5357 de
2814 5303 2985 5356 verbo
3036 5299 3273 5362 Domini,
3326 5296 3515 5351 homil.
3566 5308 3650 5356 xv,

2083 5394 2523 5466 Theophylactus
2550 5398 2605 5448 in
2649 5394 2844 5451 Matth.
2893 5408 3050 5457 xvnt,
3105 5391 3194 5456 18,
3233 5399 3289 5445 et
3335 5389 3652 5443 Anastasius

2081 5483 2320 5540 Nicenus
2351 5494 2544 5554 quaest.
2573 5485 2664 5540 6i.

2156 5577 2218 5632 ll.
2255 5576 2462 5644 Magnis
2491 5594 2622 5634 vero
2649 5589 2704 5634 et
2735 5580 2980 5649 repetitis
3013 5575 3401 5634 controversiis
3431 5583 3651 5630 vexatas

2083 5681 2166 5726 est
2223 5670 2312 5724 ille
2361 5669 2614 5741 Origenis
2659 5671 2727 5726 de
2763 5669 3104 5727 Eucharistia
3150 5668 3323 5734 locus,
3359 5680 3519 5736 quem
3565 5663 3638 5718 hit

3359 5781 3406 5816 οο
3452 5777 3621 5845 Iure!!!
