3914 6528
190 403 309 455 1077

1029 402 1606 462 CRIGENIANORUM
1644 404 1777 462 LIB.
1818 403 1881 471 ii,
1920 405 2071 461 CAP.
2113 404 2178 471 ll,
2219 403 2499 472 ρυΑεεΤ.
2537 403 2679 459 XIV.

3311 406 3447 460 £078

190 537 320 585 tomo
350 541 405 582 ιρι
445 527 503 582 in
540 527 763 595 Matth.,
798 543 947 585 cum.
982 527 1069 595 14,
1102 544 1226 599 pag.
1258 529 1393 597 498,
1428 530 1768 586 exhibemus.
1798 531 1847 587 Λ
1872 528 2066 585 fuisset
2091 537 2382 595 nacturus,
2409 527 2457 585 si
2483 525 2822 597 sumpsisset.
2849 527 3085 582 Materia
3110 536 3289 585 autem
3323 542 3452 581 con-

192 621 399 675 Snmma
432 621 586 678 iliius
631 622 752 678 hinc
780 631 900 677 est:
943 620 1244 688 Quemdatn
1291 621 1484 690 objicit
1535 620 1638 674 sibi
1681 621 1765 676 di-

190 724 409 778 centem,
447 728 576 768 cum
622 713 779 782 juxta
817 714 1016 768 Christi
1057 714 1491 783 pronuntiatum,
1527 713 1670 782 quod
1713 712 1764 767 in

189 821 243 861 os
278 806 476 871 intrat,
514 806 798 862 hominem
849 822 955 862 non
1011 807 1280 877 inquinet,
1320 808 1395 861 ita
1423 806 1567 877 quod
1610 805 1664 860 in
1704 821 1767 861 os

191 898 378 963 intrat,
440 896 727 952 hominem
768 907 1018 953 sanctum
1051 914 1156 953 non
1186 898 1423 965 eﬂicere,
1454 898 1582 954 licet
1609 911 1767 953 secus

191 989 249 1044 de
289 1003 428 1059 pane
473 988 683 1047 Christi
728 989 1092 1061 simpliciores
1143 994 1406 1046 sentiant.
1455 990 1767 1062 ReSpoudet

191 1082 468 1153 Origenes,
492 1084 956 1154 Quemadmodum
990 1099 1097 1138 non
1129 1082 1283 1139 cibus
1311 1083 1559 1138 edentem
1592 1083 1767 1151 inqui-

193 1183 294 1237 nat.
327 1177 424 1231 sed
451 1177 575 1247 ejus
605 1178 936 1234 conscientia
968 1179 1060 1247 qui
1090 1194 1211 1234 cum
1238 1178 1578 1234 dubitatione
1614 1190 1768 1231 com-

195 1270 329 1336 edit;
370 1279 427 1325 et
477 1272 932 1340 quemadmodum
982 1271 1197 1342 impuro
1243 1272 1450 1326 homini
1506 1267 1766 1324 mundum

195 1361 315 1417 nihil
351 1370 461 1429 est,
493 1378 603 1419 non
631 1378 695 1418 ex
724 1377 808 1430 se,
841 1366 935 1420 sed
978 1373 1202 1436 propter
1240 1363 1436 1434 impuri
1481 1361 1642 1431 hujus
1673 1362 1769 1413 ho-

199 1456 345 1510 minis
376 1457 820 1526 immunditiam;
865 1459 939 1513 ita
972 1460 1117 1529 quod
1153 1473 1249 1526 per
1276 1457 1500 1513 verbum
1550 1454 1666 1522 Dei,
1714 1463 1769 1509 et

197 1564 399 1619 precem
434 1561 819 1607 consecratum
872 1560 976 1619 est,
1012 1566 1119 1607 non
1169 1565 1243 1607 ex
1288 1564 1349 1605 se
1393 1549 1767 1604 comedentem

197 1641 396 1698 edicere
425 1653 703 1710 sanctum,
754 1643 998 1711 alioquin
1040 1653 1097 1697 et
1138 1643 1187 1697 ei
1236 1642 1327 1711 qui
1377 1640 1613 1710 peccatis
1662 1638 1772 1708 pol-

198 1734 330 1790 lutus
362 1735 624 1801 comedit,
658 1736 1011 1791 sanctitatem
1045 1735 1371 1791 collaturum
1406 1752 1421 1801 ;
1474 1732 1569 1788 sed
1599 1747 1664 1785 ex
1703 1745 1769 1786 eo

197 1833 304 1879 tum
334 1826 763 1882 emolumentum
808 1826 950 1896 capi,
995 1841 1117 1881 cum
1170 1840 1305 1895 pura
1342 1832 1521 1879 mente
1583 1832 1640 1879 et
1682 1822 1765 1876 in-

198 1921 337 1982 aegra
369 1915 711 1970 conscientia
760 1882 1065 1986 accipitur:
1119 1882 1296 1985 neque
1343 1914 1668 1968 abstinendo
1705 1913 1773 1967 ab
1804 1882 1847 1936 Β

199 2001 291 2057 hoc
340 2018 482 2073 pane
525 2004 612 2058 vel
660 2005 909 2060 eumdem
951 2007 1311 2070 comedendo,
1354 2019 1422 2059 cx
1462 2005 1563 2059 hac
1607 2004 1775 2059 absti-

200 2098 373 2153 nentia
405 2097 494 2152 vel
537 2114 657 2164 esu,
708 2100 851 2155 bono
885 2099 1069 2168 aliquo
1118 2114 1219 2155 nos
1259 2098 1505 2153 fraudari
1552 2098 1636 2153 vel
1686 2113 1777 2152 au-

200 2190 326 2259 geri,
369 2190 467 2245 sed
508 2192 586 2245 ita
620 2192 891 2247 duntaxat
928 2193 971 2247 si
1006 2191 1091 2246 vel
1120 2207 1350 2259 nequam
1388 2192 1469 2246 vel
1502 2190 1654 2260 probi
1702 2191 1776 2245 si-

200 2296 328 2347 mus,
368 2282 587 2337 dicente
632 2283 803 2338 Paulo
846 2285 868 2337 l
904 2283 1031 2340 Cor.
1059 2299 1179 2349 vttt,
1215 2284 1249 2339 8
1282 2301 1297 2337 :
1333 2281 1519 2353 Neque
1561 2286 1701 2337 enim
1728 2284 1775 2337 si

198 2374 712 2440 mnducavcrimus,
741 2375 1175 2442 abundabimus;
1211 2392 1373 2446 neque
1401 2377 1447 2430 si
1480 2392 1584 2429 non
1624 2393 1776 2429 man-

199 2463 584 2530 ducavcrimus,
610 2463 935 2532 deﬁciamus.
960 2464 1250 2537 Subjungit
1278 2475 1565 2536 praeterea,
1588 2480 1777 2535 quem~

201 2548 478 2610 admodum
508 2556 567 2611 in
597 2566 848 2613 ventrem
872 2556 1201 2625 demittitur,
1229 2558 1370 2625 quod
1407 2558 1575 2612 intrat
1606 2558 1658 2613 in
1691 2573 1773 2624 os,

200 2661 259 2701 ac
289 2646 491 2703 deinde
535 2645 759 2715 ejicitur
793 2648 846 2702 in
880 2662 1201 2713 secessum;
1248 2648 1320 2703 ita
1364 2665 1555 2718 panem
1592 2665 1779 2705 conse-

200 2748 422 2806 cratum,
456 2739 761 2796 secundum
793 2740 847 2795 id
874 2740 1019 2809 quod
1051 2741 1278 2795 materia
1298 2752 1618 2797 concretum
1651 2742 1777 2799 huic

202 2829 367 2897 inest,
419 2832 471 2886 in
528 2840 782 2887 ventrem
826 2832 1065 2897 demitti,
1102 2842 1158 2889 et
1193 2833 1313 2902 ejici
1365 2835 1418 2888 in
1464 2850 1776 2901 secessum,

203 2921 287 2976 sed
320 2936 416 2992 per
448 2923 821 2989 precationem
851 2939 973 2993 quae
1009 2923 1087 2979 illi
1139 2924 1391 2989 accessit,
1413 2925 1599 2979 utilem
1626 2941 1779 2980 com-

202 3014 369 3069 edenti
419 3013 562 3070 eﬂici
610 3029 710 3085 pro
775 3015 893 3083 ejus
943 3015 1066 3071 lidei
1121 3016 1407 3085 portione;
1467 3032 1566 3073 nec
1622 3018 1778 3087 panis

206 3107 503 3175 materiam,
538 3107 635 3162 sed
667 3107 935 3177 prolatum
968 3123 1139 3178 super
1176 3123 1241 3163 eo
1275 3124 1607 3175 sermonem,
1650 3126 1775 3165 eum

1868 632 2022 678 stans
2050 622 2140 677 illa
2180 622 2339 692 panis
2368 636 2515 692 pars,
2555 636 2718 692 quam
2770 621 2825 676 in
2874 635 3152 677 secessum
3196 620 3318 689 ejici
3351 621 3449 686 ait,

1866 732 1932 772 ea
1990 724 2114 770 sunt
2163 715 2468 769 accidentia
2523 714 2766 769 materiae
2824 713 2983 783 panis
3022 714 3341 769 inhaerentia
3395 724 3453 767 et

1867 809 1983 879 ejus
2012 810 2257 880 propria,
2292 823 2413 878 qua:
2443 817 2697 876 corrupta
2728 822 2757 861 a
2804 806 3106 871 stomacho,
3149 815 3204 860 et
3251 806 3304 860 in
3349 820 3451 859 no-

1867 916 1989 956 vam
2018 915 2284 956 conversa
2314 900 2701 963 substantiam,
2727 899 2808 953 vel
2840 897 2895 951 in
2926 914 3202 953 secessum
3230 897 3449 960 abeunt,

1868 994 1956 1049 vel
1982 993 2208 1049 humani
2241 993 2489 1063 corporis
2520 992 2751 1047 formam
2786 990 3038 1046 induunt.
3070 990 3448 1045 Precationem

1870 1101 2000 1141 vero
2032 1086 2202 1155 illam,
2240 1100 2361 1155 quae
2413 1100 2607 1156 panem
2646 1083 3057 1140 comedentibus
3103 1083 3288 1137 utilem
3336 1080 3449 1135 elli-

1869 1181 1966 1247 cit,
1998 1188 2051 1236 et
2090 1193 2395 1235 sermonem
2431 1193 2595 1248 super
2624 1193 2762 1248 pane
2811 1176 3106 1247 prolatum,
3139 1175 3267 1243 quid
3302 1174 3451 1229 aliud

1868 1288 1990 1329 esse
2022 1271 2223 1339 dicam,
2257 1287 2423 1343 quam
2452 1271 2677 1342 mystica
2713 1269 2801 1324 illa
2836 1269 3023 1333 verba,
3071 1267 3269 1337 quibus
3297 1267 3452 1337 panis

1871 1371 2262 1429 consecratur,
2312 1372 2368 1418 et
2414 1378 2535 1433 quae
2575 1361 2742 1433 εὐχήν
2794 1376 2860 1417 ac
2893 1361 3181 1431 mysticam
3230 1374 3451 1429 precem

1871 1456 2118 1511 nonnulli
2163 1456 2355 1512 Patres
2402 1454 2710 1526 appellant?
2765 1454 2891 1524 quia
2939 1452 3333 1524 precationem,
3384 1452 3452 1508 li-

1872 1559 1960 1605 cet
2012 1564 2119 1604 non
2168 1564 2513 1620 expressam,
2567 1549 2869 1613 involvunt,
2926 1563 3030 1617 qua
3089 1547 3255 1601 Deum
3300 1555 3454 1613 rogat

1872 1643 2128 1699 sacerdos
2157 1653 2219 1697 ut
2256 1643 2483 1713 prolatis
2530 1658 2561 1697 a
2593 1657 2650 1697 se
2682 1640 2927 1712 mysticis
2957 1640 3139 1693 verbis
3187 1639 3329 1693 idem
3373 1637 3455 1692 ei-

1873 1728 2041 1795 liciat,
2094 1731 2237 1800 quod
2279 1730 2459 1786 ell‘ecit
2510 1730 2661 1795 olim,
2701 1745 2823 1784 cum
2878 1729 3069 1785 eadem
3102 1729 3216 1799 ipse
3244 1727 3453 1798 profer-

1875 1830 1980 1879 ret.
2016 1822 2195 1893 Atque
2246 1836 2340 1893 per
2387 1823 2505 1878 hinc
2541 1838 2665 1877 cum
2713 1823 2870 1891 panis
2912 1822 2965 1876 in
3019 1837 3217 1891 corpus
3248 1819 3454 1876 Christi

1878 1913 2148 1969 eﬂiciatur
2206 1915 2512 1979 conversio,
2568 1914 2944 1968 comedentem
3005 1913 3305 1967 accidentia
3362 1912 3453 1966 illa

1878 2005 2100 2060 minime
2139 2004 2352 2075 juvant,
2398 2006 2494 2061 sed
2535 2020 2634 2077 per
2672 2006 2898 2077 mystica
2944 2005 3034 2059 illa
3076 2005 3240 2059 verba
3272 2005 3351 2069 lit,
3399 2013 3458 2057 ut

1876 2111 1972 2153 esu
2020 2097 2268 2167 corporis
2304 2096 2507 2153 Christi
2543 2097 2883 2167 adjuvemur.
2940 2092 3195 2167 Iypicnm
3226 2096 3459 2165 denique

1876 2202 1931 2247 et
1963 2191 2320 2263 symbolicum
2364 2208 2562 2263 corpus
2603 2191 2860 2260 appellat,
2893 2191 2980 2247 vel
3009 2192 3152 2262 quod
3200 2189 3301 2244 sub
3330 2204 3457 2258 spe-

1877 2282 1965 2337 cie
1996 2292 2050 2337 et
2096 2283 2455 2340 similitudine
2500 2284 2658 2354 panis
2691 2283 3023 2347 delitescat;
3065 2292 3121 2336 et
3159 2298 3284 2336 cum
3334 2294 3459 2335 cor-

1878 2392 1981 2446 pus
2019 2376 2219 2431 Christi
2253 2377 2427 2446 reipsa
2462 2376 2555 2441 sit,
2587 2387 2712 2446 typo
2761 2386 2817 2431 et
2860 2374 3108 2448 symbolo
3139 2373 3293 2443 panis
3339 2385 3461 2426 esse

1880 2467 2160 2524 videatur:
2213 2468 2357 2539 quod
2411 2468 2553 2523 idem
2601 2477 2686 2524 est
2739 2482 2803 2522 ac
2860 2468 2905 2522 si
2949 2463 3347 2521 sacramentale
3374 2463 3460 2517 di-

1877 2559 2073 2625 xisset,
2106 2560 2232 2629 quia
2281 2575 2388 2614 non
2440 2560 2644 2614 nudum
2696 2558 2903 2615 Christi
2949 2557 3313 2628 contingimus
3339 2570 3464 2610 cor-

1877 2668 2003 2723 pus,
2044 2652 2137 2707 sed
2172 2651 2273 2707 sub
2308 2651 2572 2723 symbolis
2606 2652 2934 2707 involutum.
2982 2649 3328 2719 Quapropter
3372 2648 3466 2703 bo-

1879 2746 2027 2801 milia
2072 2746 2103 2800 7
2138 2747 2190 2800 in
2228 2744 2421 2810 Leuit,
2456 2760 2606 2800 num.
2661 2743 2718 2808 5,
2775 2743 2855 2798 sic
2919 2741 3139 2797 disserit
3191 2740 3467 2794 Adaman-

1879 2839 1986 2894 tius
2013 2860 2025 2894 :
2062 2857 2082 2891 ι
2129 2838 2223 2893 Bst
2250 2846 2301 2893 et
2331 2838 2385 2892 in
2418 2837 2569 2892 Novo
2602 2834 2952 2890 Testamento
2981 2833 3185 2897 littera,
3214 2848 3335 2902 qua
3372 2846 3468 2887 oc-

1879 2929 2023 2984 cidat
2057 2944 2207 2993 eum,
2240 2929 2331 2998 qui
2390 2943 2498 2983 non
2553 2926 2871 2997 spiritaliter
2915 2940 3036 2996 qua:
3079 2925 3337 2980 dicuntur
3363 2924 3463 2977 ad-

1878 3023 2128 3077 verterit.
2166 3023 2223 3078 Si
2260 3022 2407 3077 enim
2446 3020 2748 3077 secundum
2801 3019 3038 3075 litteram
3072 3016 3323 3085 sequaris
3357 3015 3463 3070 hoc

1881 3116 2057 3185 ipsum
2086 3115 2229 3185 quod
2257 3114 2459 3169 dictum
2487 3121 2572 3169 est
2605 3113 2650 3144 9³
2677 3128 2692 3165 :
2735 3110 2857 3165 Nisi
2873 3108 3317 3164 manducaveritis
3338 3122 3463 3159 car-

198 3198 400 3268 iuvare,
435 3199 531 3269 qui
581 3213 688 3253 non
737 3199 958 3270 indigne
1004 3198 1179 3270 ipsum
1228 3200 1489 3255 comedit.
1530 3200 1776 3272 Denique
1804 3220 1850 3283 ο
1883 3224 2001 3262 nent
2044 3224 2235 3274 meam,
2273 3216 2323 3261 et
2370 3206 2601 3260 biberitis
2645 3204 2955 3274 sanguinem
3001 3217 3175 3255 meum
3200 3218 3220 3267 ;
3268 3199 3463 3254 occidit

208 3306 385 3361 panem
419 3291 596 3357 illum,
646 3291 884 3362 typicum
932 3301 989 3347 et
1036 3290 1398 3360 symbolicum
1436 3306 1634 3362 corpus
1680 3308 1773 3363 ap-

209 3382 378 3449 pellat.
427 3381 657 3450 Reliqua
703 3381 772 3436 ad
810 3397 975 3438 esum
1026 3382 1273 3451 corporis
1308 3382 1511 3438 Christi
1553 3383 1775 3453 spirita-

210 3472 303 3528 lem
345 3474 654 3543 pertinent,
710 3488 820 3528 non
870 3475 1317 3530 sacramentalem
1360 3484 1420 3531 ut
1468 3477 1772 3544 superiora,

212 3574 383 3619 contra
433 3580 597 3634 quam
643 3564 899 3634 opinatus
942 3575 1025 3621 est
1067 3564 1387 3621 Vincentius
1430 3566 1778 3622 Bellovacen-

214 3654 298 3719 sis,
329 3654 541 3725 Specul.
582 3655 897 3721 doctrinal.,
950 3656 1049 3711 lib.
1094 3671 1251 3723 xvul,
1299 3671 1415 3727 cap.
1454 3657 1546 3723 45,
1590 3657 1779 3728 Orige-

214 3762 320 3802 nem
355 3749 455 3803 hac
497 3749 567 3804 de
614 3762 783 3803 causa
826 3748 1102 3804 immerito
1134 3749 1428 3820 castigans.
1470 3749 1668 3805 Facilis
1696 3758 1780 3805 est

216 3838 305 3895 loci
334 3840 490 3910 hujus
511 3842 669 3910 juxta
696 3838 949 3895 Ecclesiae
980 3840 1282 3895 doctrinam
1312 3841 1614 3909 expositio:
1652 3858 1778 3896 nam

218 3941 271 3988 ut
294 3948 355 3987 ex
391 3932 645 4002 corporis
686 3931 891 3987 Christi
919 3946 1017 3987 esu
1045 3931 1420 4002 adjumentum
1447 3935 1573 4003 quis
1599 3935 1780 4002 capiat

220 4040 311 4081 non
334 4041 456 4083 esus
483 4026 602 4095 ipse
629 4023 850 4091 sutlicit,
882 4024 977 4081 sed
1008 4024 1220 4093 integra
1249 4034 1510 4096 praeterea
1544 4035 1599 4083 et
1639 4028 1782 4083 inta-

221 4118 403 4172 minata
459 4132 620 4173 mens
688 4116 1023 4185 requiritur,
1070 4115 1310 4185 alioquin
1352 4115 1622 4186 judicium
1676 4118 1777 4173 sibi

220 4218 493 4272 manducat
547 4226 605 4270 et
652 4214 817 4278 bibit,
856 4214 948 4284 qui
1004 4215 1162 4269 noxis
1205 4214 1442 4282 pollutus
1476 4215 1544 4270 ad
1592 4215 1781 4270 altaris

222 4314 605 4361 sacramentum
649 4303 879 4358 accedit.
941 4304 1127 4374 Itaque
1175 4318 1280 4358 non
1310 4318 1380 4357 ex
1426 4317 1486 4359 se
1515 4303 1690 4359 solum
1726 4313 1783 4359 et

221 4397 525 4469 simpliciter
554 4398 740 4453 edenti
791 4397 1138 4454 sanctitatem
1173 4397 1408 4464 confert,
1453 4399 1552 4455 sed
1587 4400 1694 4468 ita,
1735 4402 1783 4457 si

222 4489 282 4545 ab
307 4490 496 4546 edente
529 4500 681 4563 certa
727 4488 861 4544 ﬁdes
908 4498 963 4544 et
999 4504 1168 4559 purus
1210 4490 1425 4547 animus
1480 4491 1781 4547 adhibean-

1881 3299 1996 3353 haec
2027 3297 2229 3352 littera.
2266 3315 2284 3350 ι
2320 3295 2652 3367 Spiritaliter
2682 3295 2798 3350 haec
2839 3292 3072 3361 intelligi
3115 3292 3289 3359 jubet,
3336 3289 3465 3359 quia

1881 3386 2358 3443 sacramentaliter
2385 3399 2611 3441 carnem
2654 3398 2809 3438 suam
2863 3382 3181 3438 manducari
3234 3391 3291 3436 et
3336 3396 3467 3436 san-

1883 3478 2101 3547 guinem
2149 3491 2305 3532 suum
2336 3476 2447 3531 bibi
2478 3476 2655 3531 sancit
2699 3475 2973 3538 Christus,
3018 3487 3126 3527 non
3155 3486 3265 3542 quo
3303 3471 3465 3527 modo

1883 3581 2081 3622 carnes
2118 3565 2254 3622 alias
2300 3567 2553 3622 dentibus
2598 3565 3051 3621 comminuitnus.
3088 3562 3199 3619 Nec
3232 3576 3466 3631 respon-

1885 3658 2056 3713 sionis
2115 3658 2275 3729 hujus
2339 3661 2505 3714 robur
2553 3658 2802 3730 infringit
2865 3656 3180 3713 Edmundus
3230 3652 3471 3711 Alberti-

1888 3766 1991 3806 nus
2041 3751 2181 3822 (40),
2227 3766 2350 3805 cum
2386 3751 2463 3806 ait
2513 3767 2715 3821 negare
2760 3750 2869 3806 illic
2922 3750 3209 3820 Origenem
3253 3746 3467 3803 comedi

1888 3858 2109 3898 carnem
2142 3842 2344 3898 Christi
2375 3844 2671 3899 secundum
2699 3844 2973 3909 litteram;
3001 3841 3249 3911 quisquis
3286 3848 3467 3894 autem

1888 3936 2126 3991 comedit
2158 3936 2361 3992 Christi
2403 3952 2623 3991 carnem
2645 3978 2660 4002 ,
2702 3936 2831 3992 licet
2864 3950 2969 3991 non
3003 3934 3056 3989 in
3096 3934 3315 4004 propria
3345 3947 3473 4001 spe—

1889 4029 1974 4083 cie
2003 4037 2060 4083 et
2108 4029 2280 4098 ﬁgura
2321 4030 2593 4091 comedat,
2642 4028 2842 4083 Christi
2898 4037 3078 4081 tamen
3124 4039 3343 4079 carnem
3383 4038 3471 4078 se-

1889 4119 2124 4175 cundum
2163 4120 2398 4175 litteram
2440 4120 2748 4175 comedere.
2798 4119 3014 4175 lnlicior
3054 4117 3197 4174 enim
3246 4130 3469 4170 carnem

1888 4212 2093 4267 Christi
2128 4226 2252 4267 eum
2289 4212 2579 4267 comedere
2630 4213 2927 4267 secundum
2967 4211 3241 4274 litteram,
3284 4209 3375 4277 qui
3408 4206 3471 4260 ιι-

1892 4304 1996 4358 lam
2030 4317 2137 4358 non
2178 4303 2232 4357 in
2264 4307 2483 4372 propria
2524 4303 2707 4371 specie
2738 4312 2792 4357 et
2826 4305 2997 4371 ﬁgura
3031 4300 3268 4355 comedit
3290 4318 3307 4354 :
3328 4296 3468 4353 'nam

1890 4394 2176 4451 comedere
2221 4394 2519 4449 secundum
2554 4393 2791 4447 litteram
2815 4431 2830 4458 ,
2866 4391 2995 4447 illud
3033 4403 3141 4460 est,
3181 4390 3257 4445 ita
3286 4403 3473 4445 come-

1892 4490 2043 4553 dere,
2084 4487 2359 4559 quomodo
2400 4486 2677 4543 esculenta
2726 4488 3012 4542 comedere
3062 4484 3470 4548 consuevimus,

223 4588 315 4634 tur.
345 4579 608 4635 Similiter
633 4580 798 4634 homo
830 4579 936 4635 hoc
980 4579 1265 4635 abstinens
1308 4591 1674 4649 sacramento,
1702 4581 1786 4638 vel
1813 4584 1864 4644 ι)
1891 4580 2149 4635 nimirum
2195 4580 2277 4635 ori
2334 4580 2544 4637 inserta
2608 4580 2861 4636 dentibus
2904 4577 3241 4648 permolere,
3289 4576 3473 4646 lingua

221 4672 349 4743 quod
392 4671 631 4727 nomium
656 4669 760 4725 sibi
789 4670 865 4736 sit
882 4670 1018 4727 satis
1042 4671 1324 4740 probatus,
1358 4672 1442 4727 vel
1471 4673 1614 4744 quod
1653 4689 1785 4729 non-

222 4763 333 4817 dum
348 4764 551 4835 justam
571 4762 1069 4832 attigeritaztatem,
1088 4762 1176 4818 vel
1205 4762 1310 4817 alia
1334 4765 1529 4834 quavis
1547 4765 1783 4837 legitima

223 4854 282 4907 de
295 4870 471 4921 causa,
495 4854 886 4909 detrimentum
915 4867 983 4909 ex
1004 4854 1109 4910 hac
1140 4856 1464 4911 abstinentia
1480 4872 1583 4911 non
1600 4858 1744 4928 capit
1766 4876 1782 4927 ;

225 4944 320 5001 imo
366 4962 464 5003 nec
505 4946 653 5002 bouo
698 4944 883 5015 aliquo
937 4946 1063 5002 inde
1104 4947 1311 5019 privari
1361 4950 1441 5004 ait
1486 4948 1784 5020 Origenes;

226 5040 353 5107 quod
391 5040 466 5095 ita
517 5038 803 5110 intelligo:
849 5053 974 5094 cum
1010 5039 1174 5095 homo
1221 5040 1465 5095 nondum
1512 5041 1615 5095 sibi
1650 5042 1789 5098 satis

224 5132 486 5199 probatus,
516 5132 603 5186 vel
637 5130 869 5200 alicujus
897 5131 1148 5188 criminis
1188 5132 1292 5187 sibi
1335 5132 1613 5199 conscius,
1642 5133 1688 5186 si
1719 5133 1788 5188 ad

228 5220 395 5305 altaris
432 5234 842 5282 sacramentum
887 5225 1144 5291 accedat,
1185 5222 1451 5295 judicium
1496 5224 1599 5280 sibi
1635 5240 1791 5279 man-

222 5313 372 5375 .ducet
409 5327 465 5374 et
505 5318 683 5383 bibat,
728 5328 895 5388 atque
932 5332 1002 5373 ex
1033 5316 1138 5372 hoc
1166 5331 1269 5372 esu
1300 5325 1358 5371 et
1386 5325 1516 5385 potu
1554 5326 1788 5373 mortem

232 5408 405 5465 anima:
454 5425 568 5466 suae
624 5411 969 5475 consciscat,
1017 5410 1216 5464 nedum
1263 5407 1501 5463 fructum
1549 5408 1786 5479 aliquem

218 5499 343 5559 'inde
385 5506 669 5577 percipiat,
698 5506 949 5576 sequitur
977 5514 1035 5559 ut
1076 5504 1121 5560 si
1149 5504 1266 5559 haec
1306 5502 1666 5559 reformidans
1702 5518 1792 5559 sa-

233 5608 493 5653 cramento
521 5599 816 5664 abstineat,
845 5598 988 5653 bono
1015 5597 1199 5667 aliquo
1230 5610 1335 5651 non
1370 5595 1637 5666 privetur,
1665 5596 1792 5651 dum

236 5696 327 5737 non
370 5688 531 5743 sumit
584 5703 786 5758 corpus
832 5687 1075 5754 Christi;
1138 5702 1261 5742 cum
1324 5685 1522 5741 malum
1580 5694 1787 5741 tantum

295 5776 339 5810 ’³
370 5775 527 5835 Joan.
555 5795 634 5846 vt,
667 5779 759 5835 51.

1894 4687 2137 4738 versare,
2166 4672 2349 4742 palato
2377 4673 2693 4745 degustare,
2734 4671 2859 4743 gula
2889 4672 3134 4739 sorbere,
3171 4670 3226 4724 in
3270 4668 3476 4724 ventri-

1892 4763 2075 4819 culum
2097 4763 2338 4820 demissa
2360 4778 2728 4833 concoquere,
2766 4763 3037 4820 intestinis
3062 4768 3289 4831 excepta
3327 4774 3361 4813 a
3393 4757 3479 4811 ia:-

1893 4858 2048 4913 cihus
2079 4871 2404 4924 secernere,
2449 4866 2502 4911 et
2543 4856 2596 4910 in
2641 4856 2889 4925 corporis
2927 4854 3244 4910 alimentum
3285 4850 3475 4905 ἀίειτὶς.

1894 4951 2085 5007 buere.
2121 4948 2235 5005 Hac
2277 4951 2489 5004 ratione
2533 4965 2657 5004 cum
2685 4947 2892 5011 Christi
2939 4960 3068 5003 caro
3100 4942 3412 5012 neutiquam
3443 4957 3476 4996 a

1897 5041 2055 5096 nobis
2087 5040 2440 5105 eomedatur,
2491 5053 2598 5095 non
2646 5038 2952 5097 comeditur
2994 5036 3237 5106 profecto
3283 5048 3480 5089 secun-

1896 5133 2024 5188 dum
2068 5132 2326 5198 litteram,
2356 5132 2451 5187 sed
2483 5130 2976 5187 sacramentaliter.
3006 5126 3105 5182 Vel
3144 5124 3479 5182 eucharisti-

1895 5240 2022 5282 cum
2064 5238 2259 5294 panem
2308 5232 2537 5278 eatenus
2583 5219 2817 5292 appellat
2854 5219 3120 5289 Origenes
3151 5231 3350 5293 corpus
3401 5226 3483 5286 ty-

1895 5318 2077 5389 picum
2112 5324 2167 5370 et
2196 5314 2575 5385 symbolicum,
2617 5328 2724 5368 non
2768 5318 3042 5381 quatenus
3075 5309 3320 5364 absentis
3357 5320 3479 5360 cor.

1898 5409 2044 5479 poris
2069 5407 2271 5463 Christi
2298 5416 2458 5477 typus
2483 5414 2569 5462 est
2590 5415 2645 5461 et
2675 5404 3006 5475 symbolum.
3040 5399 3185 5472 quod
3226 5398 3341 5453 vult
3369 5398 3482 5452 Ed-

1901 5503 2130 5557 mundus
2154 5499 2488 5567 Albertinus,
2520 5498 2722 5569 aliique
2745 5511 2869 5552 cum
2898 5509 2963 5550 eo
2995 5491 3347 5553 heterodoxi:
3383 5492 3479 5546 sed

1899 5606 2206 5666 quatenus,
2239 5609 2364 5649 cum
2409 5593 2586 5663 reipsa
2628 5591 2702 5648 sit
2745 5605 2944 5661 corpus
2988 5587 3212 5654 Christi,
3244 5584 3477 5640 aliarum

1903 5702 2084 5742 rerum
2118 5695 2278 5757 typus
2305 5696 2388 5742 est
2413 5696 2469 5742 et
2500 5685 2824 5758 symbolum,
2851 5691 2981 5754 puta
3008 5681 3092 5739 sui
3121 5678 3291 5750 ipsius
3321 5687 3481 5734 extra

299 5866 405 5943 (ιο)
436 5871 671 5944 Alhert.,
706 5870 782 5930 De
805 5889 1031 5931 sacram.
1061 5872 1300 5931 Euchar.
1333 5871 1521 5947 iib._|l,
1544 5872 1597 5930 in
1619 5871 1807 5930 Exant.
1846 5869 2053 5933 testim.
2076 5868 2320 5939 Origen.,
2353 5883 2471 5941 cap.
2510 5869 2533 5926 l
