3914 6518
409 392 541 449 1079

1668 388 1729 441 Ρ.
1768 387 2083 442 υΑΝιΕιιιδ
2119 388 2354 456 liUE'l'll

3532 398 3663 462 1086

408 541 847 598 sacramentum,
881 541 939 586 ut
962 531 1065 587 fuit
1096 532 1224 587 olim
1257 535 1309 586 in
1347 546 1530 598 cruce,
1561 511 1701 589 etut
1729 544 1979 590 estnunc
2011 519 2055 578 Α
2085 518 2227 585 φιοά
2268 517 2570 576 Jerusalem
2615 519 2859 588 inferior.
2892 533 3108 579 lcfl'ena
3146 524 3428 593 nimirum.
3472 538 3664 581 παθη

406 623 458 677 in
492 623 666 689 cmlo;
705 624 784 677 vel
812 624 1229 678 resurrectionis
1257 635 1476 692 nostrae,
1518 624 1673 693 juxta
1700 626 1974 683 Niczenum

406 716 730 779 concilium;
788 714 869 769 vel
906 731 926 767 ι
967 713 1128 769 unius
1167 715 1308 769 illius
1359 715 1624 785 corporis,
1676 717 1832 785 cujus
1864 718 1979 788 ipse

404 804 734 873 (Salvator)
775 814 940 874 caput
984 804 1235 871 exsistit,
1290 806 1484 875 cuique
1534 823 1672 877 nos,
1722 818 1977 881 tanquam

404 898 668 959 membra,
700 897 1001 951 arctissima
1034 896 1179 959 ﬁdei,
1212 899 1321 965 spei
1356 908 1411 953 et
1451 899 1736 957 charitatis
1776 918 1979 957 conne-

404 986 565 1041 xionc
603 989 856 1042 astrictos
888 1002 1006 1043 esse
1057 988 1250 1054 voluit,
1284 1008 1303 1041 ι
1326 990 1482 1059 juxta
1506 991 1854 1048 Tridentinos
1878 993 1980 1049 Pa.—

405 1088 552 1145 tres;
587 1078 668 1132 vel
721 1078 842 1133 ﬁdei
897 1088 951 1134 et
1004 1082 1418 1149 promissionis.
1466 1082 1617 1151 juxta
1648 1084 1977 1141 Clementem

404 1166 854 1222 Alexandrinum.
918 1168 1146 1224 Penitus
1201 1171 1529 1224 continuant
1587 1172 1977 1240 expositionem

402 1256 563 1311 istam
618 1258 821 1313 similes
866 1260 1167 1315 locutiones
1202 1259 1489 1329 Origenis,
1547 1262 1600 1315 in
1651 1263 1848 1331 quibus
1894 1277 1980 1316 res

402 1349 649 1418 quasdam
684 1349 994 1420 symbolicce
1036 1352 1398 1421 appellantur,
1450 1352 1535 1408 vel
1574 1353 1870 1424 symbolice
1902 1364 1981 1408 ta.

403 1441 482 1495 les
543 1441 745 1496 talesve
780 1458 901 1495 esse
931 1442 1221 1506 dicuntur;
1273 1460 1378 1496 non
1408 1445 1551 1513 quod
1586 1458 1773 1499 revera
1804 1445 1941 1500 tales
1963 1486 1978 1512 ,

404 1532 606 1588 talesve
635 1549 739 1588 non
784 1533 927 1598 sint;
979 1534 1070 1587 sed
1130 1536 1269 1600 quod
1305 1551 1425 1589 cum
1479 1534 1610 1589 tales
1655 1536 1852 1590 talesve
1897 1551 1982 1589 re—

403 1641 529 1681 vera
566 1626 693 1691 sint,
727 1626 951 1680 aliarum
988 1636 1164 1681 tamen
1212 1644 1392 1681 rerum
1427 1629 1671 1697 symhola
1706 1630 1835 1683 sint.
1892 1628 1982 1684 Sic

407 1727 554 1772 tomo
581 1734 730 1773 χχιιι
786 1721 840 1774 in
874 1718 1061 1784 Joan.,
1105 1737 1252 1773 num.
1295 1720 1394 1785 l5,
1431 1719 1693 1776 Joannem
1728 1722 1802 1776 ait
1836 1736 1983 1793 sym-

405 1813 581 1865 bolice
632 1812 947 1866 recubuisse
986 1810 1040 1865 in
1089 1813 1209 1866 sinu
1253 1813 1498 1867 Christi:
1543 1829 1649 1869 non
1703 1814 1843 1883 quod
1892 1829 1982 1868 re-

2084 609 2389 666 Jerusalem
2434 629 2538 667 non
2585 624 2769 678 esset;
2816 615 2908 669 sed
2962 616 3103 685 quod
3158 618 3349 671 umbra
3408 627 3559 673 esset
3612 627 3661 672 et

2086 705 2389 774 symbolum
2443 721 2691 776 supernae
2719 707 3043 764 Jerusalem.
3092 710 3214 765 Pari
3279 714 3444 767 modo
3481 713 3664 782 igitur,

2086 811 2208 849 cum
2242 812 2439 867 corpus
2481 798 2681 855 Christi
2733 802 2972 871 appellat
3026 804 3381 873 symbolicum
3425 813 3480 859 et
3524 808 3664 875 typi-

2086 901 2229 951 cnm,
2270 904 2377 943 non
2411 889 2523 945 illic
2571 907 2758 945 revera
2796 893 2986 947 adesse
3018 904 3179 964 negat
3206 895 3413 950 Christi
3442 911 3666 964 corpus,

2086 980 2181 1034 sed
2232 995 2475 1050 priesens
2510 981 2621 1036 illic
2652 983 2858 1041 Christi
2898 1000 3094 1052 corpus
3148 986 3451 1057 symbolum
3491 995 3549 1041 et
3583 996 3665 1058 ty-

2088 1084 2214 1140 pum
2248 1085 2369 1126 esse
2399 1072 2511 1128 vult
2545 1090 2725 1128 rerum
2775 1075 3029 1139 aliarum,
3077 1091 3266 1133 earum
3305 1093 3502 1147 nempe
3536 1092 3666 1148 quas

2089 1166 2659 1228 commemoravimus,
2692 1175 2818 1235 puta
2851 1168 2934 1223 sui
2975 1167 3141 1235 ipsius
3167 1179 3323 1224 extra
3354 1184 3665 1223 sacramen-

2087 1261 2221 1307 tum.
2263 1253 2317 1307 ld
2351 1257 2494 1325 quod
2525 1259 2657 1311 satis
2703 1258 2903 1311 indicat
2940 1258 3222 1329 Origenes,
3254 1276 3379 1313 cum
3422 1261 3667 1328 proxime

2086 1345 2365 1414 subiungit
2407 1367 2420 1401 :
2458 1346 2637 1408 Πολλὰ
2666 1348 2709 1400 δ’
2740 1348 2805 1403 ἂν
2834 1350 2926 1405 καὶ
2956 1350 3085 1421 περὶ
3116 1351 3280 1403 αὑτοῦ
3319 1351 3539 1420 λέγοιτο
3575 1352 3669 1404 τοῦ

2085 1436 2278 1505 Λόγου,
2312 1438 2371 1501 ὃς
2395 1437 2582 1509 γέγονε
2607 1438 2744 1510 σὰρξ
2774 1441 2868 1493 καὶ
2899 1440 3125 1513 ἀληθινὴ
3166 1441 3369 1512 βρῶσις
3401 1459 3414 1473 ·
3453 1461 3471 1495 ε
3509 1442 3668 1497 Multa

2089 1539 2270 1583 autem
2300 1531 2364 1583 de
2398 1531 2517 1597 ipso
2548 1532 2724 1586 Verbo
2755 1532 2859 1587 dici
2889 1534 3117 1601 possint,
3145 1536 3288 1604 quod
3318 1552 3445 1588 caro
3468 1536 3668 1603 factum

2087 1629 2185 1685 est,
2221 1638 2469 1690 vetusque
2500 1624 2644 1677 cibus
2673 1623 2739 1689 ⁸⁵,
2779 1642 2798 1676 ι
2834 1634 2965 1690 etc.,
3014 1625 3066 1678 in
3096 1628 3294 1694 quibus
3335 1628 3563 1680 disserit
3607 1627 3669 1681 de

2088 1712 2289 1767 Christi
2349 1730 2578 1784 corpore
2622 1726 2776 1771 extra
2830 1727 3254 1773 sacramentum.
3320 1718 3478 1771 Nulla
3532 1719 3669 1784 hac,

2088 1819 2247 1873 quam
2280 1805 2491 1868 dmnus,
2537 1808 2717 1875 aptior
2760 1807 2847 1862 vel
2890 1808 3111 1863 solidior
3143 1810 3444 1877 excogitari
3496 1820 3669 1877 potest

405 1916 537 1957 vera
568 1902 622 1958 in
650 1903 770 1958 sinu
806 1902 1007 1958 Christi
1049 1918 1154 1962 non
1190 1905 1524 1969 recubuerit,
1570 1907 1661 1962 sed
1706 1907 1849 1974 quod
1892 1919 1979 1959 re-
2014 1884 2055 1937 Β
2085 1895 2187 1950 1οοί
2236 1896 2392 1965 hujus
2446 1898 2680 1960 solutio,
2745 1909 2935 1967 utpote
2992 1915 3112 1969 qua:
3165 1916 3232 1955 ex
3287 1900 3670 1954 consimilibus

402 1993 619 2055 cubitus
662 1994 753 2050 illc
805 1995 1109 2066 symbolum
1159 2004 1302 2051 esset
1344 1997 1600 2066 propensi
1657 1997 1881 2053 allectus
1929 2007 1984 2051 et

403 2098 593 2151 prome
620 2083 740 2139 fidei
778 2102 938 2153 quant
972 2101 1100 2155 erga
1141 2087 1414 2142 Christum
1456 2088 1677 2157 gerebat
1717 2087 1979 2143 Joannes.

404 2173 677 2231 Similiter
717 2187 863 2232 tomo
901 2180 1092 2233 eodem
1138 2196 1287 2234 num.
1326 2181 1415 2244 l6,
1449 2181 1526 2235 ait
1557 2181 1854 2252 symbolice
1888 2199 1984 2236 no-

402 2273 546 2323 ctem
590 2267 793 2336 fuisse,
839 2286 962 2329 cum
1006 2271 1190 2328 Jesum
1240 2274 1554 2342 proditurus
1599 2271 1769 2336 Judas
1804 2276 1978 2343 exiit;

404 2373 511 2413 non
539 2360 680 2430 quod
713 2377 900 2418 revera
935 2379 1039 2419 nox
1070 2380 1174 2419 non
1204 2375 1370 2431 esset,
1398 2364 1637 2421 Joannes
1659 2368 1855 2437 quippe
1887 2382 1984 2422 no-

403 2459 550 2506 ctem
585 2453 755 2510 fuisse
787 2455 999 2522 scribit,
1038 2473 1160 2527 cap.
1200 2473 1318 2521 xui,
1369 2474 1513 2516 vers.
1562 2460 1654 2526 50,
1698 2460 1789 2515 sed
1837 2464 1980 2530 quod

402 2557 511 2598 nox
544 2543 633 2598 illa
669 2546 972 2617 symbolum
1005 2561 1149 2602 esset
1190 2550 1367 2605 noctis
1412 2551 1638 2607 alterius
1682 2566 1799 2619 qua:
1833 2549 1984 2607 Judat

404 2635 588 2699 animo
631 2635 943 2692 incubabat.
973 2640 1111 2706 Quin
1147 2641 1311 2696 etiam
1369 2651 1501 2697 tom.
1533 2657 1623 2695 le
1671 2642 1725 2697 in
1765 2642 1980 2713 Matth.,

403 2741 555 2783 num.
587 2728 678 2794 22,
713 2746 837 2800 pag.
870 2731 993 2795 646,
1027 2732 1250 2788 Paulum
1274 2733 1505 2801 jussisse
1540 2735 1643 2798 ait,
1689 2744 1746 2789 ut
1774 2736 1983 2805 episco-

401 2834 525 2890 pus,
560 2822 840 2891 presbyter
900 2833 954 2877 et
1009 2825 1290 2891 diaconus,
1339 2842 1479 2894 quos
1526 2825 1767 2896 symbola
1818 2826 1984 2881 fuisse

400 2910 514 2964 vult
558 2926 811 2966 verarum
872 2928 1087 2979 rerum,
1130 2916 1428 2985 symbolice
1471 2916 1779 2985 monogami
1833 2916 1979 2982 sint;

402 3015 510 3062 non
542 3004 687 3072 quod
723 3020 915 3059 revera
950 3021 1304 3079 monogamos
1340 3022 1446 3062 non
1483 3022 1608 3063 esse
1646 3007 1802 3071 velit,
1847 3008 1983 3061 tales

401 3092 548 3149 enim
574 3107 698 3148 esse
741 3094 945 3150 debere
976 3096 1109 3150 satis
1145 3097 1246 3150 hoc
1291 3097 1411 3153 loco
1452 3098 1649 3161 docet,
1697 3099 1791 3152 sed
1837 3098 1981 3169 quod

2085 1989 2367 2056 scriptoris
2395 1989 2638 2057 ejusdem
2670 1991 2997 2045 testimoniis
3025 1993 3190 2060 petita
3219 1993 3313 2057 sit,
3341 2002 3399 2046 et
3429 2003 3667 2047 mentem

2086 2081 2254 2150 ipsius
2284 2082 2576 2135 manilesto
2621 2083 2877 2137 declaret.
2929 2081 3151 2139 Frustra
3194 2085 3361 2153 igitur
3395 2100 3464 2139 ex
3512 2098 3668 2153 supe-

2087 2174 2320 2229 rioribus
2364 2174 2669 2229 Adamantii
2714 2175 2782 2229 de
2838 2175 3177 2230 Eucharistia
3236 2176 3423 2239 verbis
3475 2177 3667 2246 przrsie

2085 2265 2232 2319 dium
2269 2280 2450 2320 causa:
2483 2281 2595 2319 sua:
2628 2281 2908 2322 arcessere
2948 2268 3125 2322 conati
3168 2278 3298 2322 sunt
3339 2269 3498 2321 multi
3545 2278 3671 2321 temo

2086 2372 2277 2426 porum
2313 2358 2543 2413 istorum
2582 2359 2921 2414 heterodoxi.
2959 2360 3182 2420 Frustra
3228 2375 3451 2430 quoque
3493 2360 3669 2416 locutu

2084 2451 2152 2505 ab
2180 2450 2454 2505 haereticis
2482 2452 2838 2520 depravatum
2880 2452 3187 2518 suspicatus
3224 2463 3311 2507 est
3354 2452 3546 2507 Sixtus
3575 2452 3673 2507 δερ

2084 2543 2265 2597 nensis
2287 2541 2538 2604 Bibliolh.
2564 2544 2657 2597 lib.
2684 2559 2759 2607 vt,
2794 2553 2979 2597 annot.
2999 2543 3089 2597 66.
3110 2542 3332 2598 Frustra
3353 2544 3424 2598 ab
3442 2544 3672 2598 Erasmo

2085 2632 2380 2702 interprete
2426 2644 2743 2704 corruptum
2776 2633 3068 2701 conjectati
3112 2646 3240 2689 sunt
3282 2634 3672 2691 Genebrardus

2088 2737 2143 2781 et
2172 2725 2503 2791 Perronius;
2538 2741 2660 2785 cum
2693 2727 3053 2796 integritatem
3097 2727 3198 2781 loci
3232 2743 3398 2780 manu
3438 2728 3673 2797 scripto-

2088 2833 2203 2871 rum
2238 2819 2484 2872 codicum
2529 2818 2850 2873 Grabcorutn
2889 2833 3186 2873 consensus
3217 2829 3411 2889 aperte
3457 2821 3669 2889 probet.

2156 2910 2361 2965 Pneter
2398 2911 2505 2965 dno
2547 2910 2635 2966 illa
2682 2910 2933 2982 Origenis
2981 2912 3294 2971 testimonia
3322 2954 3336 2976 ,
3381 2914 3582 2981 quibus
3607 2913 3673 2968 de

2087 3003 2449 3059 Eucharisﬁze
2499 3013 2846 3058 sacramento
2896 3018 3177 3073 perperam
3229 3006 3475 3059 sensisse
3524 3004 3673 3058 visus

2083 3105 2203 3156 est,
2266 3093 2368 3146 alia
2429 3103 2664 3163 quatuor
2716 3097 2931 3163 generis
2980 3097 3225 3162 ejusdem
3276 3095 3440 3149 all'crt
3484 3095 3673 3149 Petrus

406 3188 745 3257 monogamia
792 3187 880 3242 illa
932 3190 1238 3260 symbolum
1288 3191 1362 3246 si;
1414 3191 1698 3247 munditiei
1757 3192 1979 3259 animm,
2009 3219 2052 3277 ο
2086 3184 2289 3254 Martyr
2324 3184 2375 3237 in
2415 3184 2553 3237 libro
2591 3194 2771 3239 contra
2817 3183 3197 3277 Cardinerum,
3257 3186 3404 3277 unde
3446 3202 3669 3277 causam

401 3289 562 3346 quam
594 3280 735 3333 tueri
776 3281 997 3345 debent,
1041 3283 1131 3351 qui
1180 3297 1335 3337 sacra
1383 3282 1791 3339 administrant.
1834 3282 1980 3338 Idem

401 3375 662 3437 praeterea
706 3379 835 3424 tom.
874 3387 962 3426 xvi
1007 3373 1061 3427 in
1114 3368 1334 3437 Matth,
1376 3388 1527 3427 num.
1570 3374 1625 3439 3,
1678 3388 1801 3443 pag.
1843 3375 1937 3428 7H
1964 3416 1979 3440 ,

401 3472 672 3512 summum
714 3458 1022 3515 Judzeorum
1073 3465 1441 3528 sacerdotem,
1483 3464 1843 3531 symbolicum
1887 3482 1983 3535 ap-

401 3546 599 3618 peilat;
643 3564 749 3604 non
783 3552 926 3618 quod
969 3555 1225 3607 sacerdos
1258 3569 1445 3609 revera
1488 3571 1595 3610 non
1634 3565 1818 3621 esset;
1859 3557 1981 3627 quis

401 3638 547 3694 enim
586 3639 691 3693 hoc
744 3642 954 3709 neget?
1005 3646 1099 3697 sed
1140 3644 1282 3713 quod
1327 3644 1636 3715 symbolum
1681 3656 1824 3701 esset
1864 3648 1979 3701 veri

401 3730 705 3791 sacerdotis
748 3731 973 3787 Christi.
1036 3731 1237 3789 Ibidem
1287 3734 1555 3789 sacriﬁcia
1595 3734 1846 3791 Mosaicze
1904 3736 1982 3791 le-

401 3817 505 3888 gis,
538 3819 842 3890 symbolica
882 3821 1158 3890 appellat:
1208 3837 1313 3878 non
1354 3826 1499 3893 quod
1540 3840 1731 3880 revera
1772 3827 1975 3881 sacrili-

401 3910 484 3969 cia
516 3926 620 3966 non
661 3923 844 3968 essent
870 3953 885 3978 ,
932 3915 1027 3969 sed
1077 3916 1219 3985 quod
1260 3917 1504 3988 symbols
1549 3929 1733 3974 essent
1777 3919 1984 3973 sacriﬁ-

402 4003 609 4059 ciorum
664 4018 785 4073 quzn
840 4005 973 4061 ﬁunt
1030 4023 1127 4077 pro
1190 4008 1449 4079 peccatis.
1509 4011 1673 4064 Addit
1727 4010 1978 4075 demum,

402 4108 525 4155 cum
569 4096 821 4164 subjugi,
865 4111 1097 4166 corpore
1147 4115 1341 4169 nempe
1391 4117 1511 4167 suo,
1548 4111 1759 4156 vectum
1792 4102 1978 4161 Jesum

402 4187 617 4255 excepit
668 4203 795 4242 vera
852 4187 1193 4255 Jerusalem,
1245 4207 1478 4262 superna
1544 4194 1790 4261 scilicet,
1853 4204 1980 4248 tunc

401 4275 720 4345 dissipatam
752 4277 921 4333 fuisse
958 4277 1287 4345 Jerusalem,
1319 4297 1438 4350 quae
1474 4282 1665 4342 umbra
1712 4292 1834 4336 cst:
1874 4299 1984 4336 utn-

402 4365 562 4430 bram
595 4368 805 4434 dicens,
845 4385 947 4438 pro
992 4385 1058 4425 eo
1088 4372 1231 4440 quod
1271 4374 1570 4443 symbolum
1599 4376 1843 4437 dixerat:
1877 4390 1983 4429 non

509 4482 559 4515 ”
588 4480 815 4548 Joanu,
859 4484 958 4549 ll;
992 4502 1069 4553 vt,
1099 4485 1188 4540 51.
1264 4486 1310 4518 ⁸⁸
1354 4486 1510 4541 Joan.
1551 4503 1624 4551 vi,
1666 4488 1753 4551 (ει,

2089 3290 2241 3331 suam
2292 3290 2403 3329 non
2468 3289 2657 3343 parum
2715 3274 3027 3328 conlirmari
3079 3284 3254 3344 putat.
3309 3275 3473 3329 Prior
3524 3276 3673 3331 locus

2089 3370 2439 3438 deprompttts
2474 3378 2559 3422 est
2603 3383 2669 3423 ex
2720 3366 2908 3421 bomil.
2942 3367 3010 3421 16
3050 3369 3105 3423 in
3156 3367 3346 3432 Nam"
3393 3385 3548 3426 num.
3586 3368 3619 3424 9
3652 3385 3668 3424 :

2095 3476 2113 3510 ι
2152 3458 2350 3515 Bibere
2398 3458 2635 3511 dicimur
2678 3457 3004 3526 sanguinem
3046 3455 3285 3521 Christi,
3345 3473 3456 3511 non
3498 3458 3670 3515 solum

2088 3559 2557 3604 sacramentorum
2599 3548 2727 3612 ritu,
2764 3548 2857 3602 sed
2882 3554 2937 3601 et
2966 3561 3089 3600 cum
3120 3561 3412 3607 sermones
3437 3548 3559 3618 ejus
3587 3563 3673 3603 re-

2086 3640 2337 3710 cipimus,
2376 3639 2428 3693 in
2461 3638 2660 3708 quibus
2707 3639 2815 3695 vita
2850 3637 3125 3701 consistit,
3158 3638 3301 3691 sicut
3345 3647 3402 3692 et
3438 3639 3557 3707 ipse
3591 3639 3673 3692 di-

2085 3730 2194 3785 cit:
2235 3729 2404 3784 Verba
2434 3745 2550 3799 qua:
2573 3728 2777 3782 locum:
2809 3744 2946 3794 sum,
2982 3728 3199 3798 spiritus
3215 3739 3263 3783 et
3291 3730 3401 3783 vita
3432 3740 3509 3785 est
3533 3731 3599 3785 “.
3640 3749 3659 3783 ι

2085 3823 2157 3877 At
2191 3820 2478 3875 manifeste
2525 3819 2661 3875 facit
2702 3820 2833 3874 illud
2866 3834 2963 3887 pro
2992 3820 3263 3875 catholica
3298 3837 3492 3886 causa,
3544 3838 3664 3875 nam

2087 3911 2539 3969 sacramentalem
2569 3912 2852 3980 sanguinis
2878 3910 3081 3969 Christi
3111 3912 3447 3981 potationem
3476 3915 3544 3967 ab
3566 3913 3668 3968 alia

2086 4007 2343 4071 secernit,
2377 4020 2487 4074 qua
2533 4006 2758 4059 verbum
2808 4002 3007 4058 Christi
3072 4004 3298 4057 auribus
3355 4012 3412 4058 et
3450 4014 3667 4067 mente,

2087 4098 2315 4169 Spiritali
2340 4098 2575 4167 quodam
2612 4096 2771 4151 modo
2804 4095 3025 4157 bibitur.
3077 4096 3191 4166 (41)
3221 4094 3334 4151 Nec
3372 4096 3498 4166 plus
3530 4096 3670 4150 valet

2087 4204 2185 4258 pro
2218 4187 2657 4243 adversariorum
2698 4189 2943 4255 partibus
2974 4187 3203 4241 alterum
3238 4186 3343 4241 hoc
3379 4201 3413 4241 e
3446 4196 3666 4247 tractat.

2089 4282 2160 4337 55
2188 4282 2243 4336 in
2278 4279 2490 4344 Matth.,
2518 4295 2668 4334 num.
2696 4279 2788 4343 85,
2814 4294 2936 4348 pag.
2967 4278 3089 4338 898.
3135 4296 3154 4328 ι
3188 4279 3350 4332 Panis
3375 4279 3481 4335 iste
3513 4293 3669 4351 quem

2091 4372 2233 4427 Deus
2279 4371 2504 4428 verbum
2548 4386 2745 4441 corpus
2784 4386 2940 4431 suum
2998 4385 3119 4425 esse
3173 4369 3399 4436 fatetur,
3443 4372 3669 4426 verbutu

476 4602 586 4675 (ιιι)
638 4601 750 4659 Nec
796 4602 913 4669 plus
952 4604 1116 4675 valet“
1140 4619 1234 4664 pro
1254 4604 1701 4675 adversariorum
1741 4604 1981 4671 partibus
2012 4606 2056 4661 D
2088 4617 2227 4675 cum;
2248 4600 2323 4654 ait
2348 4617 2369 4675 ;_
2399 4617 2418 4652 ι
2440 4597 2558 4654 Non
2585 4597 2753 4675 __enim
2786 4612 2974 4667 panem
3002 4594 3151 4650 illum
3196 4595 3470 4675 visibilem
3509 4611 3668 4675 quem

401 4672 627 4734 alierum
645 4676 740 4727 hoc
763 4690 789 4731 ε
812 4682 1024 4726 tractat.
1049 4672 1119 4727 55
1168 4675 1221 4726 in
1253 4673 1444 4737 Matth.
1476 4672 1667 4728 «Panis
1692 4674 1795 4739 iste
1820 4689 1979 4741 quem

406 4745 547 4801 Deus
586 4744 839 4809 Verbum,
872 4762 889 4794 ι
934 4752 1040 4797 etc.
1073 4742 1186 4796 Non
1219 4744 1390 4810 magis
1423 4742 1603 4796 favent
1632 4743 1982 4798 heterodoxis

404 4829 526 4883 quae
588 4825 711 4883 post
770 4816 883 4868 haec
949 4814 1113 4869 verba
1169 4813 1657 4881 man‘nscriptorum
1690 4882 1697 4883 ί
1732 4814 1980 4869 codicum

405 4882 727 4939 auctoritate
782 4885 832 4936 in
882 4894 1085 4936 textum
1147 4882 1483 4937 restituimus
1533 4899 1546 4935 :
1595 4902 1614 4935 ι
1644 4882 1771 4937 Non
1837 4884 1981 4935 enim

406 4969 597 5022 panem
648 4953 794 5007 illum
841 4952 1103 5007 visibilem
1155 4967 1315 5020 quem
1365 4955 1583 5007 tenebat
1635 4955 1687 5007 in
1731 4954 1982 5022 manibus

404 5021 601 5095 Corpus
648 5039 804 5076 suum
843 5022 1055 5095 dicebat
1101 5022 1243 5076 Deus
1277 5022 1564 5095 Verbum,
1609 5021 1980 5095 sed_Verbum

406 5095 459 5149 in
485 5093 647 5167 cujus
660 5096 943 5167 mysterio
956 5094 1132 5167 fuerat
1164 5093 1319 5167 panis
1356 5093 1444 5146 ille
1475 5093 1825 5167 frangentibus.
1872 5093 1982 5147 Nec

406 5175 587 5231 potum
617 5164 764 5217 illum
792 5164 1055 5232 visibilem
1088 5163 1406 5232 sanguinem
1439 5180 1593 5222 sumn
1626 5163 1980 5232 dicebat,rsed

408 5227 642 5289 Verbum
672 5234 722 5303 in
760 5227 1216 5303 cujusﬂnysterio‘
1251 5244 1406 5301 potus
1451 5234 1539 5287 ille
1587 5232 1763 5287 fuerat
1805 5231 1981 5286 ell'un-

406 5306 630 5358 dendus.
672 5302 804 5356 Nam
832 5302 1037 5372 corpus
1069 5304 1160 5356 Dei
1198 5303 1381 5371 Verbi,
1424 5313 1517 5357 aut
1561 5304 1781 5369 sanguis
1805 5343 1820 5367 ,
1852 5303 1982 5369 quid

405 5375 550 5429 aliud
584 5390 703 5428 esse
729 5369 1063 5441 potestfui'si
1095 5374 1317 5426 verbum
1351 5369 1495 5441 quod
1526 5374 1747 5441 nutrit,
1776 5383 1831 5424 et
1860 5388 1983 5425 vere

405 5445 530 5501 bunt
560 5444 705 5513 quod
731 5440 966 5498 lectilicat
1004 5444 1138 5507 cor?
1168 5463 1185 5494 ι
1238 5440 1379 5495 Tria
1405 5444 1546 5495 enim
1593 5444 1681 5496 hic
1722 5440 1982 5513 Origenes

406 5530 528 5568 cum
561 5512 834 5568 veteribus
855 5514 1176 5581 quibusdam
1210 5513 1260 5564 in
1292 5513 1629 5566 Eucharistia
1664 5512 1978 5579 distinguit:

408 5598 601 5651 nempe
624 5586 860 5651 speciem
899 5593 1176 5635 externam
1213 5583 1460 5634 sensibus
1496 5583 1793 5647 subjectam
1821 5599 1835 5647 ;
1862 5582 1985 5633 sub-

408 5655 663 5707 Slallliallt
726 5655 869 5706 intus
923 5653 1216 5714 latentem,
1276 5662 1331 5702 et
1397 5652 1512 5706 solo
1563 5652 1682 5709 tidei
1738 5653 1981 5703 contuitu

404 5723 823 5789 aspectabilem;
871 5733 926 5774 et
983 5722 1265 5791 mysticam
1316 5723 1602 5787 quamdam
1662 5719 1984 5774 sacramenti

404 5791 885 5860 signiﬁcationem.
928 5791 1009 5845 Ad
1048 5800 1254 5861 partem
1306 5799 1582 5842 externam
1618 5791 1791 5845 oculis
1819 5804 1985 5861 appa-

407 5869 613 5920 reutetu
676 5871 731 5914 et
771 5860 973 5915 Christi
1014 5860 1261 5913 manibus
1302 5868 1692 5915 contrectatam
1745 5860 1985 5930 respicit,

2088 4673 2308 4729 tenebat
2357 4671 2411 4723 in
2454 4670 2721 4733 manibus,
2786 4682 2985 4735 corpus
3042 4680 3199 4718 suum
3254 4669 3475 4721 dicebat
3535 4674 3671 4722 Deus

2092 4741 2346 4795 Verbum.
2370 4777 2386 4792 .
2413 4775 2429 4793 .
2447 4775 2463 4792 .
2490 4738 2601 4791 Nec
2632 4747 2813 4804 potum
2841 4737 2988 4791 illum
3016 4735 3307 4802 visibilem,
3345 4738 3665 4805 sanguinem

2087 4825 2245 4865 suum
2290 4809 2570 4867 dicebat.»
2630 4806 2998 4867 Substantiam
3055 4807 3157 4859 sub
3212 4818 3443 4869 externa
3491 4810 3668 4875 spei-ie

2088 4882 2343 4934 latentem
2396 4889 2583 4946 aperte
2636 4876 2884 4945 designat
2939 4886 3048 4929 tum
3096 4875 3666 4946 hishprtecedentihus

2087 4948 2311 5009 verbis:
2344 4967 2362 5000 ι
2394 4944 2551 5002 Panis
2599 4946 2704 5001 iste
2750 4944 2912 5015 quem
2974 4946 3116 5000 Deus
3178 4944 3418 4999 Verbum
3473 4962 3665 5013 corpus

2089 5034 2245 5075 suum
2274 5033 2395 5073 esse
2420 5017 2712 5072 fatetur....
2745 5025 2800 5069 et
2827 5025 2985 5085 potus
3017 5016 3118 5069 iste
3157 5029 3319 5084 quem
3358 5016 3506 5071 Deus
3539 5016 3683 5070 Verr

2084 5090 2212 5144 bum
2275 5089 2590 5158 sanguinem
2643 5102 2801 5158 suum
2847 5086 3143 5158 fatetur_:_t
3184 5097 3298 5158 tum
3351 5087 3439 5140 bis
3484 5088 3667 5158 subse-

2083 5160 2299 5228 quentis
2348 5152 2560 5211 articuli
2596 5174 2609 5210 :
2648 5175 2666 5208 t
2693 5156 2757 5209 Et
2786 5158 3022 5228 ostendit
3054 5152 3279 5228 (Jesus)
3313 5156 3536 5224 quando
3578 5173 3666 5210 eos

2109 5225 2422 5297 discipulos)
2452 5228 2551 5285 hoc
2572 5241 2707 5297 pane
2733 5227 2923 5297 nutrit,
2950 5225 3225 5297 proprium
3248 5240 3372 5297 esse
3401 5241 3662 5296 corpus...

2131 5295 2287 5352 einde
2314 5300 2544 5352 docehat
2578 5296 2873 5362 diSCipUll)S
2898 5333 2913 5357 ,
2961 5295 3147 5363 qui....
3197 5295 3666 5349 manducaverant

2087 5385 2285 5437 corpus
2337 5367 2515 5429 Verbi,
2546 5383 2567 5418 ι
2631 5378 2739 5418 etc.
2791 5366 3030 5432 Denique
3082 5366 3147 5417 de
3182 5366 3661 5437 Amysticaisacra-

2088 5435 2255 5493 tuenti
2292 5437 2711 5505 signiﬁcatione
2736 5450 2833 5502 per
2880 5445 3047 5495 totum
3092 5435 3384 5505 articulum
3428 5436 3660 5497 disserit,

2086 5511 2248 5565 verba
2290 5503 3031 5582 insutu-tionis.Eucharistite
3073 5504 3368 5582 allegorice
3398 5504 3664 5582 interpre-

2087 5579 2249 5634 tando
2276 5579 2341 5630 de
2372 5575 2547 5634 Verbo
2572 5574 2663 5626 Dei
2689 5617 2701 5637 ,
2737 5576 2881 5641 quod
2914 5575 3089 5627 instar
3118 5574 3402 5639 cuiusdam
3435 5578 3589 5641 panis
3612 5584 3664 5627 et

2088 5658 2249 5716 potus
2280 5646 2519 5716 cmlestis
2550 5662 2569 5696 ς
2596 5641 2767 5716 nutrit
2797 5653 2854 5697 et
2877 5645 3134 5716 ltetilicat,
3170 5653 3319 5712 potat
3348 5655 3406 5697 et
3436 5646 3664 5697 inebriat

2089 5712 2346 5785 praeclare
2398 5714 2979 5785 corda_b_ibentium.r
3032 5712 3279 5785 Sanctus
3331 5715 3664 5781 Augustinus

2089 5781 2342 5841 sermone
2365 5784 2490 5847 272,
2531 5783 2597 5835 ad
2635 5781 2898 5844 Infantes,
2940 5784 3141 5837 eodem
3174 5784 3289 5837 fere
3335 5786 3514 5846 modo,
3561 5799 3666 5851 quo

2093 5857 2182 5914 hic
2214 5856 2496 5927 Origenes,
2516 5854 2815 5908 disseritde
2835 5855 3021 5915 altaris
3049 5865 3396 5911 sacramento
3426 5867 3441 5908 :
3471 5870 3489 5905 α
3513 5850 3666 5919 Quid
