3914 6530
225 434 337 493 l08l

1052 436 1626 498 OlthENlANORUM
1667 442 1798 503 LIB.
1838 444 1906 511 ιι,
1949 445 2101 501 CAP.
2146 448 2212 513 ll,
2256 446 2533 514 QUEST.
2571 446 2711 503 XIV.

3328 426 3473 503 ιιιιιίΔ
3509 508 3530 533 κ

222 557 291 603 est
333 548 684 603 nutritorium
716 549 1043 617 animarum,
1080 551 1313 607 Verbum
1342 553 1410 609 de
1453 555 1567 610 Deo
1594 556 1773 611 Verbo
1804 565 1851 618 Α
1876 558 2136 614 edocuit:
2164 560 2259 615 sed
2296 569 2353 614 tu
2387 559 2477 629 qui
2499 561 2565 613 ad
2604 558 2878 615 Christum
2913 559 3132 629 venisti,
3156 563 3485 637 pontiﬁcem

221 639 538 712 procedens,
576 650 633 693 et
665 641 823 710 panis
866 642 931 695 de
989 656 1129 711 pane
1182 642 1422 709 cmlesti,
1461 662 1481 694 ι
1514 654 1648 710 etc.,
1698 646 1785 701 cui

219 730 505 785 consimilia
543 732 783 799 reperire
813 739 895 785 est
924 732 1111 786 homil.
1146 731 1176 784 7
1221 734 1275 788 in
1309 732 1501 796 Levit.,
1548 752 1696 791 num.
1727 737 1783 803 5,

220 824 275 877 ab
320 821 636 877 Hermanno
678 823 847 878 Bodio
898 824 951 877 in
999 824 1350 880 Colleclaneis
1394 827 1659 883 adversus
1694 844 1787 884 ca-

221 910 460 965 tholicam
499 912 805 966 doctrinam
850 922 1141 982 usurpata:
1193 930 1316 968 nam
1356 916 1399 970 si
1437 916 1592 987 juxta
1642 919 1787 975 litte-

222 1019 317 1057 ram
376 1003 429 1057 id
471 1005 804 1058 sumendum
856 1014 1145 1074 putamus,
1199 1019 1259 1062 ut
1306 1012 1628 1066 sumendum
1672 1014 1786 1068 vnit

222 1099 429 1161 martyr,
470 1092 745 1157 quomodo
786 1094 941 1162 panis
994 1094 1083 1148 ille
1132 1096 1223 1165 qui
1272 1101 1512 1153 cmnanti
1563 1100 1783 1157 Christo

215 1182 408 1235 oblatus
467 1189 592 1242 est,
660 1181 861 1236 fractus
935 1192 991 1237 et
1053 1185 1335 1253 discipulis
1422 1189 1780 1254 distributus,

214 1284 470 1340 quemque
518 1286 677 1325 suum
723 1286 845 1326 esse
886 1289 1085 1344 corpus
1120 1276 1259 1330 dixit
1318 1279 1591 1344 Christus,
1649 1282 1781 1336 nihil

214 1361 338 1415 aliud
390 1370 478 1415 est
534 1377 739 1431 quant.
790 1365 997 1417 verbum
1045 1369 1340 1421 animarum
1396 1372 1780 1438 nutritorium,

214 1452 334 1516 quod
357 1454 638 1506 contendit
665 1453 902 1507 Bodiusi
932 1456 1215 1521 Quomodo
1242 1458 1395 1525 panis
1441 1458 1550 1525 ille,
1588 1476 1783 1515 secun-

213 1543 320 1596 dum
357 1543 409 1595 id
432 1545 578 1612 quod
614 1559 679 1596 ex
709 1546 935 1599 materia
976 1557 1295 1601 concretum
1340 1548 1521 1614 habet,
1560 1551 1610 1604 in
1649 1566 1779 1606 Ven-

213 1644 330 1687 trem
367 1634 502 1699 abit,
540 1643 596 1688 et
636 1635 689 1688 in
740 1651 1014 1691 secessum
1057 1636 1292 1704 ejicitur,
1338 1651 1396 1692 ut
1427 1656 1495 1695 ex
1527 1641 1779 1710 Origenis

214 1732 341 1776 torno
392 1738 447 1776 ιι
497 1724 553 1778 in
597 1724 818 1791 Hall/L,
866 1741 1017 1783 num.
1068 1726 1157 1791 ﬂ,
1193 1728 1458 1795 objecisse
1488 1730 1775 1802 Martyrem

212 1832 354 1886 supra
382 1818 716 1883 natavimus,
751 1819 794 1874 si
824 1818 977 1888 panis
1004 1820 1093 1875 ille
1123 1836 1143 1872 t
1172 1821 1408 1876 Verbum
1454 1832 1538 1878 est
1565 1827 1771 1879 anima-

1888 664 2105 714 verum,
2140 649 2232 717 qui
2260 651 2524 718 sanguine
2549 664 2649 704 suo
2675 649 2841 711 Deum
2869 650 2963 704 tibi
2999 652 3289 722 propitium
3313 652 3457 719 fecit,
3522 648 3525 655 ’

1884 748 1940 796 et
1993 739 2367 795 reconciliavit
2413 750 2464 794 te
2515 742 2688 806 Patri,
2738 757 2844 797 non
2880 743 3088 799 laureas
3118 745 3170 798 in
3201 745 3462 815 sanguine

1883 831 2092 893 carnis,
2119 833 2211 885 sed
2235 833 2385 887 disce
2412 833 2596 901 potius
2640 835 2963 903 sanguinem
3002 834 3188 899 Verbi,
3233 845 3287 890 et
3334 836 3459 890 audi

1883 920 2057 991 ipsum
2084 922 2178 975 tibi
2218 922 2507 989 dicentem,
2551 924 2674 993 quia
2705 924 2787 977 hic
2826 926 3041 993 sanguis
3073 942 3217 980 meus
3237 935 3334 990 est,
3366 926 3458 995 qui

1879 1028 1975 1080 pro
2022 1014 2160 1067 vobis
2199 1014 2495 1083 e/Tundetur
2530 1015 2587 1068 in
2609 1015 2960 1083 remissionem
2979 1016 3393 1080 peccatorum".
3429 1034 3450 1068 ι

1885 1102 2081 1171 Agitur
2118 1102 2223 1157 hoc
2264 1103 2380 1158 loco
2415 1105 2481 1160 de
2516 1104 2798 1159 sacriﬁciis
2828 1103 3096 1171 Mosaicis,
3136 1120 3257 1175 qua:
3288 1106 3456 1175 ﬁgura

1882 1202 2039 1247 erant
2068 1194 2261 1249 mortis
2290 1195 2490 1250 Christi
2527 1195 2779 1251 :idcirco
2828 1211 2931 1250 non
2975 1197 3283 1251 haerendum
3319 1199 3457 1253 scri—

1879 1282 1962 1337 bit
1999 1284 2265 1354 Origenes
2291 1287 2342 1341 in
2372 1287 2629 1357 sanguine
2655 1287 2855 1352 carnis,
2893 1288 2994 1341 hoc
3038 1288 3200 1342 estin
3239 1289 3454 1343 sacriﬁ-

1881 1377 1982 1431 ciis
2004 1378 2333 1434 Testantenti
2374 1378 2603 1445 Veteris,
2626 1381 2716 1434 sed
2753 1389 2985 1434 mentem
3026 1381 3092 1434 ad
3139 1382 3453 1450 sanguinem

1881 1466 2107 1535 Christi,
2149 1479 2205 1524 et
2238 1471 2569 1525 sacriﬁcium
2609 1487 2760 1526 novae
2804 1472 2936 1542 legis
2963 1486 3083 1527 esse
3120 1472 3453 1542 erigendam.

1881 1559 2015 1625 Quis
2041 1561 2127 1615 hic
2161 1563 2485 1617 cavillationi
2528 1564 2719 1618 locus?

1950 1652 2232 1722 Sumptum
2258 1669 2287 1706 e
2312 1654 2447 1708 libro
2470 1672 2565 1709 vttt
2589 1667 2769 1710 contra
2791 1654 2929 1711 Cels.
2960 1672 3109 1711 nttm.
3137 1657 3228 1720 33,
3247 1666 3455 1725 postre-

1878 1762 2023 1799 mum
2052 1746 2303 1814 Origenis
2349 1749 2711 1811 testimonium
2752 1749 2832 1804 sic
2859 1764 2917 1804 se
2959 1750 3153 1805 habet:
3184 1750 3369 1819 Ἡμεῖς
3396 1749 3454 1803 δὲ

1877 1834 1954 1904 τῷ
1982 1835 2075 1888 τοῦ
2107 1837 2307 1899 παντὸς
2334 1836 2659 1909 Δημιουργῷ
2695 1838 3158 1910 εὐχαριστοῦντες,
3188 1839 3282 1891 καὶ
3328 1840 3455 1903 τοὺς

212 1925 313 1963 rum
346 1911 697 1964 nutritorium
719 1912 742 1965 ?
762 1931 780 1963 ι
804 1910 966 1966 Certe
995 1921 1104 1967 tota
1125 1913 1238 1969 haec
1267 1912 1517 1984 Origeuis
1544 1916 1610 1972 de
1632 1935 1762 1988 pauc

1879 1930 1997 1996 μετ’
2049 1928 2399 1999 εὐχαριστίας
2450 1930 2545 1983 καὶ
2590 1931 2755 2002 εὐχῆς
2812 1931 2913 2001 τῆς
2962 1932 3053 1985 ἐπὶ
3095 1934 3208 1994 τοῖς
3254 1930 3455 1985 δοθεῖσι

211 2000 289 2053 illo
344 2002 654 2055 dissertatio
720 2011 936 2058 tractat.
983 2003 1052 2060 55
1118 2005 1173 2059 in
1231 2005 1426 2065 Matth.
1478 2008 1766 2078 allegorica

208 2101 297 2157 est,
343 2090 453 2147 Nec
505 2093 735 2148 validius
795 2104 897 2159 est,
930 2097 1075 2167 quod
1118 2095 1245 2150 him:
1288 2098 1488 2167 colligit
1541 2109 1763 2170 martyr,

208 2197 386 2250 corpus
403 2184 608 2238 Christi
628 2200 748 2239 esse
778 2202 990 2253 panem,
1018 2203 1142 2242 cum
1160 2190 1441 2259 scripserit
1461 2187 1720 2258 Origenes
1748 2208 1762 2244 :

212 2275 405 2336 «Panis
438 2276 563 2337 isne.
591 2294 751 2345 quem
788 2278 927 2337 Deus
961 2278 1196 2334 Verbum
1226 2296 1423 2350 corpus
1453 2297 1607 2336 suum
1646 2297 1767 2338 esse

212 2365 411 2421 fatetur.
447 2386 466 2419 ι
494 2368 662 2423 Panis
714 2370 859 2423 enim
912 2369 1110 2425 dicitur
1144 2384 1342 2439 corpus
1374 2371 1599 2438 Christi,
1638 2375 1764 2443 quia

208 2460 345 2528 panis
375 2460 509 2527 fuit,
542 2471 600 2516 et
626 2477 769 2515 nunc
813 2476 1033 2531 quoque
1055 2476 1179 2516 eum
1209 2477 1407 2533 corpus
1432 2462 1635 2522 Christi
1658 2474 1761 2532 est,

207 2552 345 2620 panis
387 2553 625 2620 speciem
664 2555 823 2623 gerit.
870 2552 1007 2611 llinc
1049 2554 1351 2625 appellatur
1399 2558 1561 2618 etiam
1602 2558 1765 2631 ἄρτος

209 2644 565 2714 ἁγιαζόμενος,
634 2657 689 2699 et
741 2656 1084 2700 consecratus
1125 2648 1318 2723 panis,
1372 2648 1475 2703 hoc
1538 2658 1656 2715 est,
1708 2658 1766 2705 ut

208 2734 276 2788 sic
324 2734 530 2805 loquar,
597 2737 757 2806 panis
820 2736 1361 2793 transsubstantiatus
1449 2738 1502 2799 in
1566 2754 1764 2810 corpus

205 2825 404 2886 Christi.

268 2920 613 2989 Apertissima
656 2936 783 2975 vero
814 2922 918 2976 ioci
963 2922 1106 2976 tertii
1138 2922 1430 2989 sententia,
1463 2933 1521 2977 ut
1553 2925 1756 2980 frustra

204 3024 311 3063 eam
340 3027 592 3081 perversa
618 3014 979 3082 explicatione
1006 3029 1359 3082 corrumpere
1391 3014 1599 3084 Martyr
1629 3031 1761 3069 con-

208 3106 383 3161 tundat.
416 3104 564 3160 Talis
598 3106 687 3160 ille
714 3118 795 3160 est
827 3106 1009 3161 ltomil.
1038 3107 1071 3162 9
1116 3107 1171 3160 in
1226 3106 1413 3167 Leuit"
1446 3124 1598 3161 num.
1634 3107 1699 3161 10
1744 3125 1757 3162 :

212 3212 228 3247 ι
256 3195 390 3251 ltitus
423 3199 643 3266 quidem
668 3200 807 3266 apud
825 3209 1032 3253 veteres
1046 3199 1442 3269 pr0pitiationis
1471 3215 1568 3268 pro
1596 3200 1762 3255 homi-

1875 2019 2319 2089 προσαγομὲνους
2368 2020 2565 2090 ἄρτους
2594 2023 2867 2094 ἐσθίομεν,
2926 2024 3085 2094 σῶμα
3129 2023 3454 2092 γενομένους

1872 2107 1960 2162 διὰ
1984 2109 2082 2181 τὴν
2112 2110 2277 2181 εὐχὴν
2304 2112 2455 2179 ἅγιόν
2486 2130 2557 2177 τι,
2586 2116 2678 2167 καὶ
2706 2114 2930 2185 ἁγιάζον
2961 2117 3084 2178 τοὺς
3125 2115 3242 2186 μεθ’
3270 2113 3453 2183 ὐγιοῦς

1874 2201 2186 2273 προθέσεως
2223 2205 2371 2274 αὐτῷ
2416 2206 2749 2276 χρωμένους.
2789 2226 2807 2259 ι
2848 2206 2955 2261 Nos
2989 2223 3118 2262 vero
3152 2208 3241 2277 qui
3298 2207 3453 2273 hujus

1874 2293 2254 2348 universitatis
2280 2293 2562 2348 Conditori
2595 2296 2798 2365 gratias
2828 2296 3061 2365 agimus,
3113 2311 3233 2350 cum
3279 2296 3455 2363 preci-

1872 2382 1974 2437 bus
2010 2391 2066 2437 et
2100 2383 2403 2450 gratiarum
2432 2384 2649 2439 actione
2681 2386 2898 2441 oblatos
2923 2387 3133 2442 edimus
3170 2401 3337 2455 panes
3356 2387 3449 2455 qui

1875 2484 2095 2544 propter
2128 2474 2432 2529 orationem
2472 2474 2607 2529 ﬁunt
2648 2490 2846 2545 corpus
2885 2476 3153 2545 quoddam
3202 2487 3449 2530 sanctum

1871 2566 2017 2634 quod
2066 2580 2201 2620 sano
2261 2568 2540 2634 proposito
2596 2568 3052 2621 manducantibus
3108 2566 3449 2621 sanctitatem

1872 2658 2122 2727 largitur.
2149 2677 2170 2712 ι
2203 2658 2416 2713 Celsum
2450 2658 2645 2712 refellit
2684 2659 2973 2727 Origenes,
3004 2658 3095 2728 qui
3140 2659 3301 2712 rebus
3330 2657 3450 2710 uni-

1871 2750 2048 2806 versis
2082 2750 2369 2819 praefectos
2400 2765 2519 2803 esse
2569 2751 2841 2805 dattnones
2888 2736 3137 2813 censens,
3191 2762 3450 2815 quzecuno

1869 2855 1979 2910 que
2006 2842 2075 2894 ad
2109 2839 2308 2893 victum
2345 2850 2663 2909 comparant
2703 2839 2974 2902 homines,
3007 2851 3340 2906 quaecunque
3363 2833 3449 2890 vel

1868 2933 2078 2987 edendo
2120 2933 2202 2988 vel
2252 2932 2485 2987 bibendo
2534 2940 2892 2996 consumunt,
2961 2929 3177 2999 fruges,
3226 2930 3443 2991 vinum.

1870 3023 2069 3079 baccas
2100 3023 2383 3088 arborum,
2418 3038 2613 3091 aquam
2645 3061 2661 3087 ,
2698 3032 2753 3075 et
2782 3022 2955 3090 ipsum
2988 3034 3203 3089 quoque
3238 3032 3443 3082 aerem,

1871 3129 1901 3168 a
1929 3114 2263 3172 damonibus
2307 3114 2556 3180 accipere
2584 3113 2951 3166 arbitrabatur
2980 3127 2994 3176 ;
3046 3110 3343 3177 multisque
3390 3109 3443 3162 itt

1870 3206 2206 3257 contrariam
2243 3205 2492 3258 adductis
2526 3204 2848 3257 sententiam
2876 3243 2893 3269 ,
2923 3202 3199 3257 concludit
3225 3202 3440 3257 tandem

206 3287 342 3341 nibus
381 3290 471 3359 qni
533 3290 697 3344 liebat
740 3291 805 3344 ad
862 3290 1064 3358 Deum,
1104 3290 1339 3362 qualiter
1392 3292 1763 3348 celebraretur
1789 3274 1831 3332 (ἶ
1868 3292 2223 3350 Adamantius
2266 3308 2433 3363 panes
2470 3294 2562 3362 qui
2610 3294 2764 3348 nobis
2809 3294 2875 3347 ad
2919 3295 3071 3348 esum
3115 3291 3438 3358 oﬂ’eruntur,

267 3428 306 3462 "
336 3429 523 3486 Matth.
554 3447 703 3495 xxvi,
736 3430 827 3486 9.8.

209 3570 397 3643 videtis,
430 3570 628 3643 inquit,
670 3571 823 3636 panis
853 3579 931 3626 est
955 3580 1010 3627 et
1042 3572 1204 3639 calix,
1239 3574 1381 3643 quod
1421 3574 1572 3627 vobis
1595 3574 1757 3629 etiant

208 3642 325 3693 oculi
372 3640 538 3695 vestri
599 3644 948 3703 renuntiant;
981 3645 1123 3711 quod
1172 3640 1350 3697 autem
1398 3646 1529 3697 ﬁdes
1578 3654 1756 3698 vestra

209 3711 415 3782 postulat
439 3712 775 3782 instruenda,
810 3714 963 3778 panis
1002 3724 1084 3766 est
1115 3728 1310 3782 corpus
1357 3713 1583 3773 Christi.
1613 3714 1754 3769 calix

210 3781 400 3849 sanguis
432 3780 659 3843 Christi,
703 3780 946 3851 Breviter
990 3780 1223 3851 quidem
1260 3784 1360 3839 hoc
1408 3783 1607 3837 dictum
1651 3794 1753 3847 est,

210 3852 330 3913 quod
365 3852 484 3903 ﬁdei
530 3851 669 3902 forte
715 3850 943 3904 suﬁiciat
976 3870 990 3906 ι
1021 3854 1117 3905 sed
1163 3853 1295 3905 ﬁdes
1345 3854 1753 3909 instructionem

210 3920 475 3973 desiderat.
528 3918 669 3972 Dicit
697 3920 839 3974 enim
879 3920 1144 3990 Pmpheta
1182 3941 1195 3979 :
1232 3921 1357 3976 Nisi
1393 3924 1752 3989 credideritis,

210 4004 301 4061 non,
324 3990 711 4061 intelligetis..,.
741 3990 922 4061 Potest
949 3993 1091 4045 cnim
1122 3992 1173 4045 iit
1218 3994 1403 4047 animo
1431 3992 1748 4061 cujusquam

210 4060 436 4131 cogitatio
465 4060 585 4131 talis
623 4060 1231 4131 suboriri....quomodo
1256 4073 1338 4115 est
1367 4065 1518 4131 panis
1560 4060 1757 4130 corpus

208 4127 339 4192 eius?
360 4140 413 4200 et
442 4129 607 4200 calix,
631 4130 730 4200 _vel
768 4132 906 4197 quod
953 4133 1113 4185 habet
1153 4132 1314 4195 calix,
1357 4127 1628 4200 quomodo
1659 4127 1748 4185 est

206 4199 403 4269 sanguis
433 4198 588 4266 ejus?
630 4197 763 4262 Ista,
816 4200 1030 4261 fratres,
1085 4201 1208 4255 ideo
1262 4197 1515 4256 dicuntur
1561 4206 1749 4255 sacra-

209 4268 385 4340 menta,
427 4268 550 4336 quia
596 4271 645 4322 itt
675 4270 754 4323 eis
784 4269 924 4340 aliud
964 4272 1194 4336 videtur,
1226 4272 1367 4325 aliud
1414 4271 1746 4340 intelligitur.

208 4336 337 4411 Quod
378 4340 612 4411 videtur,
668 4339 903 4411 speciem
965 4340 1126 4394 habet
1194 4342 1526 4411 corporalem
1562 4336 1749 4407 z'quo‘d

210 4407 785 4488 ituelligitur,‘fructum
822 4407 1341 4488 habet‘spiritalem.
1371 4411 1579 4488 corpus
1620 4425 1751 4481 ergo

205 4476 383 4548 Christi
419 4478 463 4532 si
496 4478 575 4548 vis
620 4478 937 4545 intelligere,
980 4476 1289 4548 Apostolum
1320 4481 1443 4534 audi
1481 4476 1747 4533 dicente'nt

208 4546 429 4618 ﬁdelibus
462 4563 478 4601 :
519 4545 621 4618 Vos
646 4559 830 4618 autem
855 4552 975 4603 estis
1004 4545 1193 4618 corpus
1220 4550 1415 4611 Christi
1443 4560 1491 4602 et
1520 4551 1750 4604 membra

208 4615 250 4683 (Ι
273 4617 387 4671 Cor.
422 4634 521 4683 ιιι,
556 4616 683 4687 27).
714 4617 771 4671 Si
798 4636 928 4684 ergo
964 4604 1053 4672 ves
1074 4604 1204 4673 estis
1230 4604 1425 4689 corpus
1461 4620 1661 4673 Christi
1702 4629 1757 4674 et
1787 4604 1830 4657 Ῑ)

207 4689 447 4751 membra,
504 4688 821 4756 mysterium
872 4699 1109 4742 vestrum
1151 4690 1202 4742 in
1253 4688 1436 4744 mensa
1478 4689 1758 4747 Dominica

205 4758 418 4823 positum
459 4768 588 4810 est:
626 4759 942 4826 mysterium
985 4768 1222 4812 vestrum
1273 4760 1537 4829 accipitis.
1581 4761 1663 4814 Ad
1707 4762 1757 4814 id

204 4830 326 4897 quod
346 4829 499 4891 estis,
530 4830 699 4880 Amen
732 4828 1099 4897 reSpondetis,
1131 4838 1183 4882 et
1218 4828 1589 4896 respondendo
1621 4834 1753 4883 sub-

205 4896 439 4967 scribitis.
476 4898 648 4953 Audis
700 4896 873 4966 enim}.
904 4913 1121 4967 corpus
1164 4899 1399 4967 Christi;
1440 4910 1493 4952 et
1535 4915 1756 4967 respon-

204 4964 304 5026 des,
330 4967 522 5021 Amen.
579 4964 1053 5037 listo‘mctnbrum
1103 4970 1347 5037 corporis
1387 4964 1635 5029 'ChriSIi,
1700 4978 1759 5022 ut

205 5045 372 5088 verum
395 5037 475 5109 sit
498 5052 677 5089 antett.
710 5033 889 5109 Quare
923 5052 1053 5105 ergo
1082 5038 1135 5090 in
1170 5033 1347 5109 pane?
1380 5038 1536 5109 Nihil
1575 5040 1663 5092 hic
1689 5040 1757 5092 de

206 5115 372 5175 nostro
398 5104 692 5158 aﬁ'eramus
724 5104 742 5159 ε’
772 5104 942 5173 ipsum
990 5104 1307 5175 Apostolutn
1339 5108 1631 5161 identidem
1660 5124 1757 5160 au-

206 5172 418 5245 ibamus,
462 5176 552 5244 qui
606 5191 729 5226 cum
782 5172 849 5226 de
895 5176 996 5228 isto
1035 5172 1377 5230 sacramento
1425 5177 1753 5245 loqueretur,

204 5251 304 5295 ait:
338 5242 491 5297 Unus
524 5246 702 5311 panis,
728 5260 889 5296 imum
916 5262 1102 5310 corpus
1146 5246 1296 5299 mulli
1327 5242 1507 5301 sumus
1538 5244 1589 5311 tl
1628 5248 1752 5302 Cor.

205 5323 252 5371 ι.
294 5314 350 5365 17
377 5315 430 5383 );
480 5314 791 5383 ittteiligite
829 5323 885 5366 et
927 5318 1187 5382 gaudete;
1250 5318 1462 5381 unitas,
1522 5318 1752 5383 veritas,

204 5381 389 5447 pietas,
432 5381 692 5437 charitas'.
752 5381 899 5437 Unus
931 5381 1083 5451 panis
1119 5404 1131 5441 :
1168 5384 1289 5452 quis
1338 5396 1421 5439 est
1473 5387 1574 5438 iste
1616 5381 1753 5441 unus

204 5454 385 5522 panis?
414 5452 591 5515 Unum
618 5468 814 5520 corpus
846 5456 1017 5505 tnulti.
1052 5455 1291 5507 Recolite
1318 5456 1439 5522 quia
1473 5454 1624 5522 panis
1647 5472 1752 5508 non

204 5519 265 5589 sil
289 5522 350 5576 de
386 5538 495 5576 uno
522 5519 725 5589 grano,
747 5524 839 5574 sed
870 5524 936 5576 de
982 5524 1183 5581 multis.
1213 5519 1439 5589 Quando
1473 5519 1753 5578 exorciza.

200 5587 405 5657 bantini,
433 5587 588 5660 quasi
638 5592 999 5649 molebamini.
1046 5587 1270 5659 Quando
1316 5595 1565 5661 baptizati
1597 5597 1750 5657 estis,

199 5662 340 5727 quasi
362 5663 639 5729 conspersi
665 5663 817 5732 estis.
837 5664 1077 5732 Qttando
1097 5662 1339 5731 Spiritus
1370 5663 1544 5717 sancti
1574 5664 1749 5732 ignem

200 5733 493 5802 accepistis,
522 5730 676 5799 quasi
712 5731 861 5802 cocti
878 5735 1029 5785 estis.
1062 5730 1248 5785 Estote
1274 5733 1416 5802 quod
1454 5730 1668 5797 videtis,
1698 5742 1752 5787 et

200 5800 412 5870 accipite
446 5802 589 5869 quod
629 5800 782 5870 emis.
825 5799 933 5855 Hoc
960 5802 1245 5869 Apostolus
1290 5799 1356 5857 de
1390 5818 1526 5870 pane
1573 5804 1746 5857 dixit:

200 5862 323 5931 lani
346 5872 411 5931 de
434 5862 608 5933 calice
641 5869 769 5943 quid
803 5862 1253 5945 intelligereunts,
1286 5862 1445 5933 etiam
1491 5888 1596 5934 non
1663 5873 1749 5932 tli-

1867 3582 2035 3639 ctum,
2062 3572 2196 3627 satis
2220 3572 2474 3627 ostendit.
2506 3566 2653 3626 Sicut
2679 3565 2833 3627 ’cuim
2867 3577 2923 3626 ut
2958 3566 3027 3627 sit
3060 3565 3271 3641 species
3304 3564 3437 3625 visi-

1865 3644 1989 3698 bilis
2042 3644 2218 3711 panis,
2272 3644 2437 3698 multa
2481 3658 2648 3710 grana
2681 3642 2731 3695 in
2784 3659 2943 3695 unum
2986 3654 3438 3710 conSperguntur,

1867 3723 2122 3781 tanquam
2154 3714 2280 3766 illud
2317 3714 2431 3782 ﬁat,
2462 3714 2603 3782 quod
2651 3713 2716 3767 de
2759 3713 3004 3767 ﬁdelibus
3039 3714 3112 3766 ait
3153 3713 3436 3780 Scriptura

1864 3794 2050 3838 sancta
2102 3799 2118 3836 :
2167 3781 2298 3840 Erat
2353 3781 2866 3847 illis'anima'una,
2925 3794 2974 3837 et
3019 3798 3110 3836 cor
3172 3798 3333 3835 unum
3379 3783 3438 3835 in

1862 3852 2032 3923 Deum
2059 3854 2217 3923 (Act.
2251 3866 2324 3916 tv,
2358 3852 2503 3923 52)_:
2550 3854 2627 3906 sic
2666 3861 2720 3906 et
2741 3853 2808 3905 de
2837 3854 2981 3905 vino.
3015 3852 3251 3913 Fratres,
3286 3867 3437 3905 reco-

1859 3922 1953 3976 lite
1973 3920 2115 3975 unde
2137 3924 2194 3975 iit
2224 3923 2427 3975 vinum.
2447 3920 2624 3974 Grana
2651 3922 2816 3973 multa
2842 3923 3077 3988 pendent
3097 3923 3164 3975 ad
3195 3923 3431 3983 botrum,

1858 3992 1952 4044 sed
1980 3992 2155 4060 liquor
2188 4006 2481 4058 granorum
2523 3991 2574 4043 in
2608 3992 2815 4043 unitate
2858 3992 3227 4044 confunditur.
3276 3989 3349 4041 Ita
3377 4002 3433 4043 et

1859 4060 2122 4114 Dominus
2156 4061 2400 4114 Christus
2434 4074 2529 4111 nos
2557 4061 2916 4129 signiﬁcavit,
2968 4076 3063 4113 nos
3104 4066 3169 4112 ad
3210 4074 3268 4112 se
3308 4071 3432 4125 per-

1859 4132 2037 4185 tinere
2078 4132 2287 4195 voluit;
2332 4130 2647 4201 mysterium
2695 4131 2844 4201 pacis
2873 4140 2925 4183 et
2964 4131 3187 4183 unitatis
3232 4138 3432 4201 nostra:

1859 4201 1912 4254 in
1948 4216 2044 4253 sua
2090 4217 2276 4255 mensa
2324 4197 2722 4253 consecravit.»
2775 4197 2887 4255 Hoc
2933 4210 3137 4251 tantum
3175 4198 3433 4253 diﬁ‘erunt

1855 4270 2192 4338 Augustinus
2248 4280 2301 4324 et
2350 4267 2636 4337 Origenes,
2691 4272 2832 4338 quod
2894 4269 3030 4324 alter
3071 4271 3427 4339 sytnhoiicant

1859 4342 2099 4409 mysterii
2150 4340 2506 4394 Encharistici
2555 4339 3004 4407 signiﬁcationem
3043 4343 3109 4391 ad
3165 4340 3427 4397 unitatem

1862 4410 2096 4464 ﬁdelium
2123 4411 2174 4463 itt
2204 4425 2310 4463 uno
2342 4411 2639 4479 eodemque
2667 4411 2870 4463 Christi
2902 4423 3129 4479 corpore
3173 4412 3429 4479 mystico,

1860 4479 1999 4536 alter
2026 4495 2151 4533 vero
2176 4481 2242 4533 ad
2264 4479 2482 4532 verbum
2515 4477 2606 4531 Dei
2651 4480 2915 4533 dellectat.
2975 4477 3427 4547 Uterque‘ipsam

1860 4551 2183 4603 sacramenti
2237 4562 2483 4602 naturam
2530 4548 2774 4603 lidelibus
2812 4552 2944 4604 satis
2990 4560 3170 4602 notant
3208 4547 3423 4602 nonnisi

1860 4618 2053 4692 leviter
2074 4630 2133 4692 et
2162 4620 2314 4692 quasi
2348 4621 2397 4672 in
2441 4619 2666 4673 transitu
2711 4620 3144 4692 attingit,_t_mice
3188 4626 3427 4692 attentus

1861 4691 1945 4761 ad
1976 4687 2238 4761 mysticas
2280 4692 2520 4744 rationes
2572 4691 2909 4757 aperiendas.
2965 4688 3058 4748 llis
3108 4687 3424 4761 prmitiissis,

1860 4760 1989 4828 quid
2013 4758 2080 4814 ad
2105 4776 2322 4815 causam
2349 4775 2505 4812 suam
2537 4762 2965 4816 conﬁrmandam
2997 4774 3062 4813 ex
3099 4758 3200 4814 hac
3227 4758 3425 4827 Orige-

1859 4830 1946 4885 nis
1978 4830 2231 4900 allegoria
2274 4844 2464 4900 eruere
2504 4841 2704 4896 queant
2750 4830 3061 4891 heterodoxi
3094 4844 3197 4883 non
3249 4829 3421 4900 video.

1860 4900 1919 4953 Si
1940 4895 2203 4954 enim'hic
2232 4895 2553 4953 excludatur
2597 4900 2823 4964 quilibet
2855 4914 3045 4951 sensus
3072 4909 3267 4965 pra'ter
3299 4895 3426 4946 alle-

1858 4970 2125 5037 goricum,
2160 4968 2463 5025 excluditur
2489 4969 2730 5035 profecto
2770 4966 3421 5037 Calviniauustlejgura,

1860 5032 2006 5112 iypo,
2058 5040 2262 5112 virtute
2286 5046 2340 5091 et
2369 5032 2607 5094 ellicacia
2640 5039 2882 5112 corporis
2919 5035 3144 5090 Christi.
3176 5032 3421 5112 ’βινεξο

1858 5100 2001 5161 ιιἸῖιιέ
2040 5107 2360 5176 supponitur
2406 5121 2635 5171 sensus,
2686 5100 2871 5176 utique
2935 5120 3126 5158 sensus
3161 5100 3421 5176 Alitteralis

1857 5173 2278 5237 Catholicorum,
2311 5190 2469 5243 quem
2514 5178 2649 5229 satis
2672 5173 2817 5230 clare
2848 5176 3100 5243 exprimit
3146 5173 3419 5243 Adaman-

1858 5248 1967 5298 tius
2010 5246 2189 5300 verbis
2224 5242 2384 5298 tnodo
2433 5245 2650 5309 citatis;
2705 5260 2810 5298 non
2844 5259 3034 5298 sensus
3077 5242 3419 5296 (lalviniano—

1858 5331 2003 5389 rum,
2060 5313 2215 5381 cujus
2268 5315 2339 5369 ibi
2382 5329 2449 5368 ne
2500 5316 3050 5389 ntinitnumquidetn
3112 5311 3417 5389 vestigium.

1854 5387 2030 5445 Alium
2064 5401 2221 5454 porro
2249 5398 2464 5454 sensum
2511 5393 2708 5454 pra-ter
2748 5382 3089 5453 allegoricum
3123 5385 3191 5454 de
3239 5382 3418 5454 γει*ὴο

1856 5456 1952 5509 Dei
2005 5451 2288 5523 agnovisse
2346 5451 2629 5522 Origeitem
2680 5451 2957 5521 liquet'ex
3006 5451 3317 5523 ltOliill.Li6
3364 5452 3416 5523 in

1856 5523 2023 5579 Nam.
2044 5520 2080 5574 ἰ
2101 5524 2289 5577 Bibere
2319 5520 2570 5587 dicimur,
2605 5520 2772 5590 inquit
2798 5564 2814 5588 ,
2847 5524 3159 5589 sanguinem
3194 5520 3416 5585 Christi,

1855 5610 1961 5648 non
1996 5594 2167 5648 solum
2198 5605 2663 5647 sacramentorum
2714 5594 2842 5655 ritu,
2869 5595 2963 5647 sed
2990 5604 3194 5646 etcum
3219 5607 3420 5645 sermo.

1854 5678 1951 5719 nes
1984 5664 2102 5731 ejus
2133 5664 2443 5733 recipimus,
2471 5664 2521 5717 in
2547 5665 2743 5733 quibus
2781 5664 2888 5716 vita
2913 5664 3162 5716 consistit
3196 5662 3336 5717 sicut
3356 5673 3420 5733 et

1855 5734 1970 5801 ipse
2001 5735 2129 5802 dicit
2163 5752 2175 5786 :
2221 5732 2388 5802 Verba
2417 5750 2534 5800 qua:
2564 5732 2767 5788 locutus
2806 5749 2941 5798 sum,
2972 5734 3191 5802 spiritus
3224 5741 3276 5788 et
3316 5732 3419 5787 vita

1851 5799 1967 5857 sunt
2000 5799 2190 5872 (quit.
2222 5819 2294 5869 \‘I,
2321 5799 2435 5871 (id).
2468 5822 2487 5857 ι
