3914 6524
453 436 478 491 1
489 439 593 494 083

1721 421 1787 478 P.
1826 412 2147 476 DANIELIS
2184 407 2422 466 HUETH
3561 451 3566 455 .

3575 387 3713 442 108‘

453 550 798 604 Christ-ianos
832 545 1169 602 damonihus
1213 548 1467 612 acceptos
1509 553 1615 593 non
1664 538 1908 600 referre,
1949 533 2040 588 sed
2069 536 2116 592 Α
2145 527 2226 580 da:
2253 539 2381 580 vero
2420 524 2487 577 ad
2530 516 3068 612 condemnationem;
3097 511 3194 612 "ita
3229 517 3290 564 ut
3327 515 3452 578 post
3493 503 3712 612 ulfulam

455 643 566 697 Dee
592 657 770 696 renum
791 637 1085 704 conditori,
1112 650 1313 706 eosque
1339 650 1462 689 cum
1491 632 1786 703 gratiarum
1819 629 2032 684 actione

453 733 728 801 recipere;
792 745 856 784 ac
911 743 1008 798 per
1061 728 1427 798 precationem
1501 739 1698 794 corpus
1763 721 2032 792 quoddam

452 809 703 878 'sanctum
734 823 887 891 ipsos
919 819 1077 884 ciiici,
1111 831 1330 874 sanctos
1361 818 1600 873 efﬁciens
1629 815 1937 886 quicunque
1967 827 2034 866 eo

451 929 576 968 cum
601 926 738 966 sano
766 913 1043 982 preposito
1077 921 1325 966 utuntur.
1373 911 1454 964 Ad
1489 908 1885 964 Eucharistiam
1927 904 2031 958 mi-

452 1007 600 1060 nime
627 1003 740 1058 haec
775 1003 1028 1057 videntur
1060 1003 1353 1072 pertinere.
1381 1001 1535 1068 Quod
1577 1010 1632 1055 et
1677 1000 1792 1068 ipse
1830 997 2032 1052 fatetur

452 1095 788 1151 Albertinus.
835 1095 988 1163 Quod
1035 1095 1080 1150 si
1128 1094 1254 1164 quis
1285 1101 1468 1149 tamen
1515 1090 1873 1154 contradicat,
1926 1102 2031 1142 non

455 1185 725 1238 assentiar
772 1184 952 1248 modo,
992 1184 1086 1237 sed
1127 1181 1380 1236 Ecclesia:
1412 1181 1573 1235 etiam
1605 1180 1906 1234 doctrinam
1949 1177 2034 1232 his

454 1275 768 1329 conﬁrmari
796 1274 1114 1344 perlendam
1137 1291 1152 1335 ;
1184 1288 1354 1342 panes
1376 1273 1580 1342 quippe
1611 1271 1687 1325 ait
1709 1285 1811 1341 per
1839 1284 2034 1335 preca-

453 1368 681 1432 tionem,
731 1383 832 1438 per
859 1367 1088 1438 mystica
1127 1367 1382 1421 nimirum
1429 1365 1628 1430 verba,
1657 1380 1856 1434 corpus
1897 1362 2034 1419 eﬂici

449 1470 727 1524 sanctum,
766 1468 821 1514 et
844 1468 1066 1514 sanctos
1097 1457 1352 1521 cﬂiciens,
1383 1459 1474 1528 qui
1507 1473 1630 1512 cum
1676 1472 1810 1514 sano
1839 1471 2036 1527 propo-

454 1551 561 1604 sito
590 1566 658 1606 eo
691 1559 957 1618 utuntur;
983 1564 1178 1620 corpus
1203 1548 1451 1604 vide!icet
1483 1547 1710 1603 Christi.

529 1641 1222 1713 Martyrisuccenturiatus
1252 1621 1433 1711 prodit
1467 1642 1517 1694 in
1559 1655 1796 1710 pugnam
1840 1638 2037 1693 Mlier-

456 1734 602 1790 tinus
661 1734 735 1788 De
786 1744 1106 1793 sacrament.
1167 1734 1401 1789 Euchar.
1461 1733 1556 1787 lib.
1614 1747 1680 1796 ll,
1741 1730 1794 1785 in
1839 1731 2032 1786 Exam.

456 1828 660 1882 restim.
705 1825 927 1896 Origen.
977 1827 1320 1896 recoctisque
1364 1825 1571 1894 aliquot
1617 1823 1940 1878 testimoniis
1969 1837 2034 1877 ex

451 1915 690 1985 Origene
733 1917 846 1982 jant
889 1925 1017 1970 ante
1065 1930 1094 1968 a
1136 1915 1376 1986 Martyre
1411 1913 1765 1984 depromptis,
1800 1923 2038 1982 quatuor

458 2006 696 2062 indidem
742 2007 907 2075 petita
943 2008 1010 2061 de
1037 2021 1136 2060 suo
1165 2006 1338 2070 addit,
1386 2005 1448 2058 ad
1493 2005 1752 2058 trutinam
1796 2013 2036 2058 nostram

461 2098 787 2151 revocanda.
853 2096 1012 2150 Prius
1064 2097 1298 2150 habetur
1356 2105 1488 2150 tom.
1540 2109 1688 2148 xxxtt
1746 2094 1801 2148 in
1848 2092 2036 2160 Joan.,

456 2203 612 2242 num.
641 2188 727 2252 16,
760 2187 849 2241 ubi
887 2186 955 2242 de
991 2186 1156 2242 oll'ula
1183 2184 1334 2241 Judm
1372 2201 1402 2240 a
1430 2185 1557 2242 Jesu
1593 2195 1839 2257 porrecta
1869 2187 2040 2242 disse-

455 2294 609 2344 rens,
638 2279 745 2332 vim
780 2280 827 2332 ei
854 2279 1144 2349 quamdatn
1189 2294 1253 2334 ac
1287 2279 1543 2333 virtutem
1581 2295 1610 2332 a
1643 2277 1864 2334 Christo
1900 2278 2040 2332 indi-

457 2379 569 2423 tam
613 2367 779 2425 fuisse
814 2371 949 2436 vult,
1003 2385 1126 2439 qua:
1179 2369 1332 2425 Judaa
1382 2371 1530 2426 utilis
1581 2386 1702 2426 esse
1753 2373 2036 2441 potuisset,

454 2462 564 2517 nisi
590 2461 771 2517 oﬂ'ula:
799 2464 1168 2532 praevertisset
1190 2460 1443 2527 Satanas,
1470 2471 1525 2518 et
1550 2477 1618 2517 ne
1655 2463 1892 2518 benelica
1923 2462 2040 2531 cjus

456 2553 511 2608 vi
550 2553 821 2609 frueretur
851 2555 1120 2623 proditor,
1152 2563 1420 2623 occupato
1467 2554 1637 2624 ipsius
1674 2554 1840 2609 corde
1868 2554 2039 2624 impe-

457 2647 702 2701 divisset.
741 2646 880 2700 Tum
923 2647 974 2700 id
1004 2646 1218 2715 gemino
1255 2647 1488 2701 illustrat
1515 2645 1815 2714 exemplo,
1856 2647 2040 2716 priore

459 2738 703 2807 corporis
728 2750 782 2793 et
807 2738 1091 2808 sanguinis
1116 2738 1343 2803 Christi,
1385 2753 1506 2808 qua:
1546 2751 1643 2807 pro
1678 2737 1793 2806 ejus
1839 2737 2040 2808 pietate

457 2829 544 2884 vel
583 2830 821 2898 nequitia
874 2833 968 2899 qui
1020 2831 1284 2900 suscipit,
1337 2831 1487 2886 utilia
1541 2839 1670 2886 sunt
1711 2829 1796 2886 vel
1846 2831 2037 2896 noxia;

460 2921 635 2976 altero
688 2921 842 2992 panis
891 2921 1037 2976 illius
1083 2922 1391 2978 communis
1423 2937 1530 2992 quo
1571 2923 1790 2988 alimur,
1841 2925 2042 2993 quique

459 3028 560 3083 pro
583 3013 920 3068 comedentis
941 3014 1128 3069 habitu
1157 3015 1239 3069 vel
1263 3014 1554 3069 sanitatem
1584 3013 1795 3070 confert
1817 3029 1882 3070 ac
1902 3015 2045 3085 vigo-

461 3121 600 3171 rem,
641 3106 686 3159 si
719 3106 915 3159 valenti
957 3121 1222 3174 corpore;
1261 3106 1344 3161 vel
1389 3106 1670 3171 morbum,
1711 3108 1754 3161 si
1784 3107 2041 3173 febricu-

2133 614 2510 685 ingrederetur
2539 613 2592 668 in
2619 611 2766 666 illum
2797 609 3047 665 Satanas.
3091 602 3357 658 Caeterum
3397 596 3718 653 considere-

2135 716 2223 763 tur
2253 707 2342 761 ltic
2363 705 2517 774 panis
2547 714 2603 760 et
2633 704 2732 759 hoc
2759 703 3013 772 poculum
3042 711 3073 750 a
3102 689 3526 764 simplicioribus
3561 687 3714 758 juxta

2133 798 2561 854 communionem
2619 790 3034 862 intelligentiam
3091 789 3157 842 de
3210 781 3606 845 Eucharistia,
3664 778 3716 833 id

2130 901 2240 955 est,
2265 889 2332 944 de
2359 887 2654 960 gratiarum
2687 885 2904 940 actione
2936 900 2952 938 :
2987 892 3044 936 at
3074 878 3166 950 qui
3199 876 3362 932 altius
3389 874 3513 928 haec
3553 871 3714 926 intel-

2134 981 2303 1050 ligere
2348 977 2657 1041 didicerint,
2715 973 3061 1030 considerent
3122 969 3226 1024 hoc
3290 967 3500 1022 dictum
3553 963 3718 1020 fuisse

2129 1075 2280 1144 juxta
2326 1071 2647 1129 divinioretn
2683 1066 3104 1138 promissionem
3139 1062 3302 1117 etiam
3342 1059 3413 1114 de
3445 1057 3632 1126 Λόγῳ,
3666 1066 3722 1110 et

2137 1164 2318 1222 Verbo
2365 1164 2616 1220 veritatis
2648 1160 2966 1216 alimentum
3002 1155 3222 1210 uberius
3251 1159 3572 1222 praestante,
3604 1159 3722 1201 tan-

2130 1273 2298 1328 quam
2331 1259 2378 1312 si
2404 1255 2650 1326 exemplo
2686 1253 2925 1308 dicerem
2955 1261 3170 1320 panem,
3218 1245 3363 1315 quod
3407 1242 3478 1297 ad
3524 1254 3724 1307 corpus

2135 1350 2351 1416 attinet,
2397 1347 2714 1402 alimentum
2744 1343 3078 1399 uberrimum
3107 1346 3454 1409 praestantem
3474 1373 3493 1402 ,
3529 1332 3720 1392 febrim

2135 1442 2434 1511 subjectam
2486 1452 2719 1510 augere,
2771 1450 2923 1491 cum'
2957 1443 3146 1490 contra
3200 1432 3401 1487 bonam
3471 1432 3725 1499 corporis

2135 1535 2509 1592 habitudinem
2559 1531 2626 1586 ad
2687 1531 2976 1586 sanitatem
3031 1525 3321 1581 reducat.»
3377 1521 3458 1576 Ex
3507 1521 3597 1575 bis
3647 1521 3726 1576 sic

2135 1627 2492 1683 ratiocinatur
2566 1622 2881 1678 Albertinus
2941 1641 2955 1677 :
3015 1616 3186 1674 Oﬂ‘nla
3244 1614 3399 1669 Juda:
3467 1622 3724 1681 porrecta

2131 1720 2373 1790 ejusdem
2406 1726 2523 1772 erat
2547 1716 2760 1787 generis
2800 1729 2864 1768 ac
2903 1710 3303 1767 cucharisticus
3358 1708 3544 1777 panis,
3572 1706 3725 1775 juxta

2138 1813 2422 1881 Origenem
2445 1828 2460 1866 :
2482 1809 2711 1880 ιι’ωμίον
2739 1805 2999 1878 ὁμογενὲς
3030 1800 3099 1876 ἦν
3129 1803 3209 1874 τῷ
3235 1801 3444 1855 δοθέντι
3486 1799 3586 1853 καὶ
3615 1797 3727 1861 τοῖς

2141 1903 2494 1964 ἀποστόλοις·
2551 1901 2699 1970 atqui
2752 1897 2916 1954 oﬂula
2970 1897 3061 1952 illa
3123 1910 3308 1950 merus
3363 1892 3468 1946 fuit
3528 1891 3725 1959 panis:

2141 2012 2322 2052 merus
2382 1995 2546 2066 igitur
2583 2003 2638 2048 et
2674 1991 2784 2047 ille.
2828 1989 3165 2044 Attendisset
3208 2002 3339 2042 vero
3382 1984 3606 2040 subtilis
3641 1981 3729 2036 ille

2139 2091 2442 2160 disputator
2482 2101 2602 2155 quae
2655 2085 2707 2140 in
2760 2081 3065 2152 exemplum
3118 2088 3498 2140 assumuntur,
3561 2077 3615 2130 in
3663 2089 3728 2130 eo

2141 2181 2338 2236 debere
2374 2177 2666 2234 convenire
2714 2174 2869 2243 cujus
2912 2188 3074 2228 causa
3109 2171 3416 2227 instituitur
3446 2181 3730 2238 compara-

2139 2273 2238 2337 tio,
2271 2272 2580 2339 discrepare
2607 2281 2770 2337 posse
2811 2269 2864 2320 ln
2905 2264 3029 2319 aliis
3050 2304 3066 2328 ,
3118 2264 3224 2319 hoc
3248 2271 3337 2318 est
3369 2259 3575 2331 partim
3612 2271 3730 2312 esse

2139 2361 2401 2433 ὁμογενῆ,
2439 2359 2636 2430 partim
2687 2355 2979 2428 ἑτερογενῆ
3004 2372 3017 2386 ο
3047 2353 3138 2408 hic
3179 2363 3358 2407 autem
3399 2347 3618 2404 institui
3663 2349 3729 2400 ab

2147 2453 2382 2526 Origene
2425 2450 2890 2520 comparationem
2933 2446 3114 2502 otfula:
3152 2442 3310 2499 Juda‘.
3360 2441 3564 2498 oblata:
3608 2454 3727 2494 cum

2143 2562 2281 2620 pane
2305 2545 2692 2609 eucharistico,
2726 2557 2832 2598 non
2873 2543 2939 2595 ad
2979 2538 3358 2608 explicandam
3398 2535 3560 2606 panis
3583 2532 3730 2588 Iuda:

2143 2639 2376 2711 porrecti
2423 2647 2698 2701 naturam,
2734 2634 2829 2690 sed
2879 2635 2945 2688 ad
2991 2629 3382 2687 declarandum
3423 2627 3546 2697 ejus
3601 2624 3732 2681 elic-

2143 2743 2316 2796 ctum,
2354 2745 2419 2784 ac
2447 2730 2554 2782 vim
2579 2727 2801 2799 juvandi
2838 2725 2924 2780 vel
2949 2721 3174 2778 nocendi
3222 2737 3320 2792 pro
3341 2720 3612 2776 sumentis
3639 2719 3734 2773 ha—

2143 2825 2258 2880 bitu
2289 2842 2304 2877 :
2340 2832 2500 2891 atque
2533 2822 2604 2875 ita
2645 2834 2766 2874 esse
2811 2816 3070 2888 ὁμογενῆ,
3100 2813 3276 2885 quoad
3315 2812 3466 2866 illam
3498 2810 3734 2864 elﬁcien-

2146 2921 2300 2983 tiam,
2346 2917 2414 2972 de
2465 2929 2570 2985 qua
2614 2914 2714 2968 hoc
2744 2911 2862 2966 loco
2904 2909 3201 2979 qureritur;
3253 2904 3554 2976 ἑτερογενῆ
3609 2917 3737 2956 vero

2144 3011 2320 3082 quoad
2363 3015 2645 3070 naturam,
2694 3003 2760 3057 de
2795 3017 2900 3072 qua
2957 2999 3100 3054 nulla
3153 2997 3368 3067 penitus
3420 2996 3511 3049 hic
3556 2993 3736 3048 habita

2146 3112 2231 3158 est
2247 3099 2554 3170 disputatio.
2575 3093 2814 3150 Fimbria
2834 3093 3001 3146 vestis
3021 3088 3225 3144 Christi
3249 3102 3370 3157 quae
3398 3087 3456 3140 αἱ
3466 3083 3736 3164 μορῤοῦ-

457 3196 576 3251 loso
618 3212 681 3250 ac
717 3196 933 3250 infirmo
975 3208 1237 3267 exceptus
1272 3200 1362 3253 sit.
1409 3199 1587 3252 Locus
1634 3201 1705 3252 ita
1743 3209 2038 3270 conceptus
2071 3233 2114 3291 ο
2148 3211 2248 3249 σαν
2299 3189 2533 3252 sanavit.
2588 3201 2656 3242 εἰ
2707 3192 2960 3240 comam"
3018 3180 3161 3236 sacri
3216 3179 3470 3248 ⁰⁰¹ῬΟΓῙ³
3528 3176 3733 3231 Curis“

616 3289 656 3291 ,Α
701 3285 712 3291 -
805 3287 825 3291 ..
965 3289 972 3291 Α
1067 3290 1072 3291 ,
2187 3286 2199 3291 -
2543 3289 2552 3291 4
2761 3284 2776 3291 -
2839 3273 2960 3291 ’.σιμ
2989 3288 3017 3291 _-
3061 3280 3116 3291 --Α
3155 3269 3306 3291 Ακαι-
3354 3285 3378 3291 _
3420 3267 3543 3291 I----
3594 3266 3733 3291 1...ι...

459 3295 542 3340 est
574 3306 588 3342 :
615 3285 726 3341 Καὶ
769 3287 912 3342 οὕτω
957 3289 1002 3343 δ’
1049 3290 1115 3344 ἂν
1166 3293 1268 3344 οὐκ
1316 3291 1594 3355 ἀπιθάνως
1631 3292 1710 3356 είς
1741 3291 1834 3345 τὸν
1880 3291 2046 3347 τόπον

457 3377 688 3448 λέγοιτο,
712 3379 861 3433 ὥσπε
869 3399 900 3448 ρ
921 3385 952 3435 ὀ
974 3382 1232 3448 ἀναξίως
1253 3382 1474 3438 ἐσθίων
1487 3382 1594 3436 τὸν
1607 3381 1788 3450 ἄρτον
1809 3383 1915 3438 τοῦ
1935 3388 2050 3439 Κυ-

454 3468 613 3541 ρίου,
634 3470 673 3537 ἣ
695 3471 886 3522 πίνων
911 3471 1096 3525 αὑτοῦ
1119 3469 1185 3523 τὸ
1221 3470 1529 3538 ποτήριον,
1553 3474 1640 3538 εις
1663 3471 1840 3539 κρῖμα
1862 3469 2050 3523 ἐσθίει

462 3560 560 3614 καὶ
581 3560 762 3621 πίνει,
785 3559 889 3630 τῆς
923 3562 1050 3631 μιᾶς
1075 3563 1132 3614 ἐν
1149 3561 1226 3632 τῷ
1249 3563 1399 3633 ἄρτῳ
1418 3563 1724 3633 κρείττονος
1744 3561 2048 3632 δυνάμεως,

459 3655 558 3714 καὶ
598 3655 656 3708 ὲν
684 3653 761 3724 τῷ
792 3655 1058 3725 ποτηρίῳ,
1091 3655 1426 3727 ὑποκειμένῃ
1462 3657 1558 3725 μὲν
1600 3656 1837 3709 διαθέσει
1867 3656 2050 3728 κρείτ-

461 3763 597 3809 τονι,
623 3749 705 3800 ὲνε
715 3747 1055 3820 ργαζομένης
1074 3747 1134 3800 τὸ
1157 3747 1362 3818 βέλτιον
1382 3765 1394 3777 ·
1415 3748 1616 3819 χείρονι
1638 3749 1695 3806 δὲ
1720 3747 2054 3819 ἐμποιούσης

461 3837 526 3890 τὸ
549 3841 722 3909 κρῖμα
745 3856 758 3870 ⁸
794 3839 936 3892 οὕτω
963 3839 1024 3892 τὸ
1057 3839 1164 3892 ἀπὸ
1189 3839 1284 3892 τοῦ
1321 3839 1497 3910 Ἰησοῦ
1531 3839 1742 3910 ψωμίον
1789 3838 2052 3909 ὁμογενὲς

463 3925 532 4001 ἦν
577 3929 655 4000 τῷ
695 3930 900 3985 δοθέντι
945 3931 1038 3989 καὶ
1080 3933 1194 3994 τοῖς
1241 3931 1447 3994 λοιποῖς
1497 3931 1818 3995 ἀποστόλοις
1848 3932 1904 3982 ὲν
1936 3929 2048 4000 τῷ·

465 4017 708 4082 Λάϐετε,
742 4019 977 4090 φάγετε,
1001 4019 1116 4075 ἀλλ’
1140 4019 1368 4081 ἐκείνοις
1405 4021 1502 4092 μὲν
1535 4023 1616 4086 είς
1652 4021 1945 4092 σωτηρίαν,
1975 4020 2054 4092 τῷ

462 4109 524 4161 δὲ
568 4109 740 4181 Ἰούδᾳ
781 4113 862 4175 εἰς
899 4115 1095 4183 κρῖμα,
1129 4113 1206 4175 ὡς
1245 4112 1386 4166 κατὰ
1425 4113 1486 4166 τὸ
1517 4113 1732 4184 ψωμίον
1773 4111 2054 4186 εἰσεληλυ-

465 4201 617 4256 Θέναι
651 4205 730 4268 είς
762 4205 923 4258 αὑτὸν
958 4205 1048 4258 τὸν
1077 4207 1342 4259 Σατανᾶν.
1373 4205 1619 4265 Νοείσθω
1639 4205 1740 4258 δὲὸ
1766 4207 1930 4280 ἄρτος
1961 4207 2057 4266 καὶ

463 4295 528 4353 τὸ
561 4300 818 4369 ποτήριον
853 4302 964 4362 τοῖς
1007 4299 1106 4369 μὲν
1140 4299 1530 4370 ἁπλουστέροις
1571 4299 1713 4353 κατὰ
1754 4298 1853 4370 τὴν
1882 4317 2057 4353 κοινο-

465 4389 634 4458 τέραν
669 4389 916 4462 περὶτῆς
947 4391 1311 4462 Εὑχαριστίας
1347 4391 1606 4461 ὲκδοχήνο
1641 4393 1754 4454 τοῖς
1790 4391 1848 4445 δὲ
1888 4391 2058 4461 βαθύ-

465 4491 627 4548 τερον
655 4479 873 4533 ἀκούειν
905 4480 1269 4552 μεμαθηκόσι,
1315 4481 1455 4538 κατὰ
1490 4480 1586 4552 τὴν
1620 4480 1916 4551 Θειοτέραν,
1964 4481 2058 4534 καὶ

2150 3286 2406 3340 virtutem
2431 3284 2801 3341 contraxerat,
2838 3273 3024 3328 itidem
3060 3280 3121 3326 ut
3149 3269 3310 3325 oﬂula
3352 3285 3382 3322 a
3411 3267 3544 3324 Jesu
3581 3266 3737 3322 Judaa

2149 3384 2420 3446 porrecta.
2459 3368 2712 3426 Fimbriae
2734 3373 3038 3428 contactus,
3081 3377 3181 3434 pro
3225 3359 3500 3431 tangentis
3541 3359 3737 3430 pietate

2151 3467 2236 3522 vel
2278 3463 2550 3535 nequitia,
2587 3459 2732 3516 utilis
2768 3472 2889 3514 esse
2922 3463 3166 3527 poterat,
3215 3455 3303 3508 vel
3344 3452 3564 3506 noxius.
3614 3447 3735 3504 Pari

2150 3573 2282 3629 ergo
2315 3557 2437 3625 jure
2459 3552 2687 3609 ﬁmbriae
2715 3557 3024 3605 contactum
3043 3561 3164 3602 cum
3197 3544 3358 3614 panis
3384 3537 3738 3598 eucharistici

2152 3669 2246 3709 esu
2275 3662 2594 3720 comparare
2617 3645 2884 3716 Origenes
2909 3640 3083 3710 potuit
3107 3655 3122 3704 ;
3149 3644 3381 3705 utraque
3411 3634 3560 3688 enim
3590 3631 3642 3685 in
3673 3644 3739 3683 eo

2152 3742 2572 3804 conveniebant,
2603 3737 2744 3808 quod
2776 3749 2875 3804 pro
2906 3731 3177 3800 tangentis
3210 3737 3264 3782 et
3293 3726 3512 3782 edentis
3551 3723 3737 3778 habitu

2153 3835 2387 3893 salubris
2413 3832 2497 3887 vel
2527 3832 2784 3885 damnosa
2817 3839 2938 3880 esse
2967 3830 3253 3893 poterant;
3298 3819 3352 3872 in
3378 3817 3505 3871 aliis
3531 3816 3736 3868 discre-

2156 3922 2376 3994 pabant.
2407 3918 2466 3973 Id
2497 3918 2541 3972 si
2571 3917 2809 3978 fecisset,
2839 3921 3072 3980 utraque
3093 3925 3226 3964 sane
3259 3909 3446 3962 dicere
3480 3903 3741 3975 potuisset

2155 4013 2419 4087 ὁμογενῆ,
2468 4023 2662 4078 nempe
2705 4005 2882 4077 quoad
2927 4002 3071 4093 illam
3114 4002 3223 4054 vim
3263 4009 3320 4054 et
3358 3995 3737 4058 eﬂicientiam;

2157 4085 2266 4163 non
2305 4101 2484 4175 quoad
2533 4109 2806 4156 naturam.
2853 4085 3001 4151 idem
3047 4093 3200 4148 dicas
3235 4091 3302 4146 de
3336 4088 3500 4144 offula
3536 4085 3739 4141 eucha-

2158 4199 2345 4255 ristico
2372 4194 2496 4266 pani
2534 4190 2856 4247 assimilata.
2901 4185 3115 4254 Alioqui
3159 4199 3285 4239 cum
3331 4181 3553 4238 ollulam
3587 4177 3745 4234 Iudae

2157 4300 2463 4363 porrectam
2499 4286 2623 4357 pani
2657 4283 2731 4340 illi
2768 4299 2876 4355 quo
2913 4283 3080 4335 vitam
3114 4277 3485 4340 sustinemus,
3512 4270 3743 4328 similem

2157 4399 2280 4442 esse
2313 4383 2452 4438 dixit
2493 4379 2779 4448 Origenes,
2810 4376 2915 4429 hoc
2949 4381 3035 4428 est
3058 4369 3320 4442 ὁμογενῆ,
3370 4368 3427 4422 in
3457 4381 3522 4420 eo
3551 4375 3750 4430 nempe

2160 4476 2301 4546 quod
2329 4484 2388 4528 ut
2411 4473 2498 4526 illa
2524 4472 2716 4526 animae
2735 4505 2751 4532 ,
2781 4467 2862 4522 sic
2892 4465 2982 4521 ille
3021 4461 3235 4532 corpori
3267 4475 3367 4531 pro
3412 4454 3744 4514 comedentis

469 4572 601 4643 περὶ
627 4570 722 4624 τοῦ
756 4574 1026 4644 τροφίμου
1066 4575 1165 4645 τῆς
1205 4573 1463 4644 ἀληθείας
1491 4551 1662 4642 Λὸγου
1686 4574 2044 4642 ἐπαγγελίαν·

2165 4567 2353 4626 habitu
2395 4564 2560 4619 robur
2591 4558 2885 4616 conciliare
2917 4564 3116 4625 potest,
3150 4553 3230 4608 vel
3279 4551 3567 4613 morbum;
3611 4558 3744 4600 con-

460 4663 548 4725 ὼς
579 4663 628 4714 εἰ
651 4664 710 4715 ὲν
736 4664 1136 4734 παραδείγματι
1162 4664 1371 4732 ἔλεγον,
1398 4665 1478 4716 ὃτι
1511 4665 1604 4716 καὶ
1631 4665 1660 4716 ὁ
1682 4664 1822 4716 κατὰ
1851 4663 1912 4716 τὸ
1945 4680 2051 4717 σω-

475 4754 704 4824 ματικὸν
744 4755 1157 4828 τροφιμώτατος
1197 4756 1361 4827 ἄρτος
1405 4755 1638 4832 πυρετὸν
1689 4755 1787 4826 μὲν
1831 4755 2054 4808 ὑποκεί-

475 4865 634 4922 μενον
688 4846 878 4913 αὔξει,
936 4852 1016 4913 εὶς
1065 4849 1250 4918 ὑγείαν
1312 4849 1369 4907 δὲ
1427 4850 1522 4921 τὴν
1577 4847 1788 4914 εὐεξίαν
1839 4848 2050 4916 ἀνάγει.

478 4959 498 4991 ι
526 4939 757 4995 Proinde
779 4940 922 4994 haud
968 4940 1261 4995 absurdum
1296 4942 1347 4994 in
1385 4941 1636 5008 praesenti
1689 4940 1809 4995 loco
1843 4939 2054 4994 dicere-

475 5041 582 5096 tur,
631 5033 773 5102 quod
823 5043 902 5094 ut.
925 5034 1015 5104 qui
1048 5033 1265 5104 indigne
1302 5049 1489 5102 panem
1533 5031 1745 5085 Domini
1799 5031 2053 5097 comedit,

473 5124 553 5176 rei
611 5124 825 5177 calicem
885 5126 1002 5195 ejus
1051 5125 1213 5190 bibit,
1269 5125 1325 5182 in
1359 5125 1629 5196 judicium
1678 5125 1961 5180 manduca!
2005 5133 2058 5178 et

473 5214 602 5268 bibit
631 5215 714 5280 "';
747 5216 799 5269 in
826 5230 965 5285 pane
999 5225 1055 5272 et
1101 5216 1273 5272 calice
1318 5231 1421 5270 una
1455 5218 1657 5270 virtute
1695 5212 2057 5284 praestantiori

474 5315 737 5374 operante
761 5305 962 5360 bonum
989 5307 1040 5360 in
1066 5306 1208 5360 bono
1229 5305 1768 5367 aliectu'constituto,
1786 5305 1841 5358 in
1864 5302 2054 5358 ail‘ectu

478 5411 609 5450 vero
655 5396 796 5452 malo
827 5407 1088 5468 Operante
1130 5400 1673 5465 condemnationem;
1723 5399 1802 5453 sic
1837 5395 2056 5452 oﬂ‘ulam

477 5505 508 5542 a
534 5489 660 5544 Jesu
687 5491 868 5543 datam
900 5491 1144 5560 ejusdem
1173 5491 1387 5562 generis
1412 5489 1580 5546 fuisse
1606 5505 1730 5546 cum
1755 5503 1819 5545 ea
1838 5529 1854 5554 ,
1893 5502 2056 5558 quam

477 5579 634 5638 Jesus
680 5581 827 5636 dedit
856 5582 1067 5639 caeteris
1113 5583 1396 5652 apostolis,
1449 5583 1577 5636 dum
1623 5582 1874 5636 diceret:
1905 5579 2059 5633 Acci-

480 5673 608 5738 uite,
643 5673 896 5734 comedite
929 5672 1014 5740 ⁹⁸;
1047 5675 1139 5731 sed
1177 5675 1284 5731 illis
1315 5674 1533 5745 quidem
1577 5672 1646 5729 ad
1680 5673 1930 5743 salutem,
1964 5669 2058 5729 Ju-

556 5872 600 5906 ⁹⁷
644 5870 817 5928 ιευτ.
849 5889 925 5941 xt,
949 5873 1042 5928 ‘29.
1117 5873 1162 5904 ’⁸
1195 5871 1384 5928 Matth.
1417 5887 1564 5938 uti,
1599 5871 1690 5928 ‘26.

2162 4662 2378 4714 cludam
2403 4658 2590 4726 utique
2614 4654 2804 4710 eadem
2828 4652 3028 4706 virtute
3053 4646 3255 4718 poilere
3286 4657 3483 4714 panem
3501 4646 3744 4695 nostrum

2163 4769 2272 4822 quo
2306 4750 2599 4814 vescimur,
2632 4763 2697 4801 ac
2722 4745 2944 4801 oﬂulam
2976 4740 3144 4804 illam,
3173 4737 3259 4792 cui
3283 4734 3604 4806 peculiarem
3629 4729 3744 4782 vim

2164 4821 2415 4899 contactu
2453 4857 2551 4897 suo
2578 4839 2830 4895 Christus
2865 4833 3061 4890 indidit
3093 4848 3108 4887 :
3140 4831 3286 4901 quod
3320 4835 3408 4884 est
3431 4821 3746 4880 absurdum.

2163 4935 2302 5003 Quid
2345 4935 2390 4988 si
2427 4941 2684 5002 prteterea
2716 4926 2934 4983 oll'ulam
2963 4924 3108 4980 illaut
3148 4921 3318 4976 fuisse
3349 4932 3538 4988 panem
3570 4913 3744 4983 ipsum

2163 5001 2587 5080 eucharisticum
2647 5017 2803 5073 Juda:
2846 5024 3161 5086 porrectum
3219 5009 3512 5078 Origenem
3555 5001 3749 5058 existi—

2164 5132 2343 5172 masse
2393 5112 2673 5168 dicamus?
2727 5109 2976 5165 Profecto
3035 5107 3183 5189 lectis
3245 5103 3349 5157 iste
3415 5095 3747 5155 contrarium

2165 5212 2295 5266 nihii
2361 5210 2524 5264 habet
2577 5205 2704 5262 huic
2765 5187 3313 5268 sententiafquam
3380 5203 3436 5249 et
3509 5187 3751 5260 Cyrillus

2163 5302 2218 5356 in
2243 5301 2405 5356 Joan.
2447 5313 2524 5362 v1,
2555 5307 2606 5351 et
2639 5293 2964 5350 Anastasius
2991 5288 3202 5344 Sinaita
3238 5283 3396 5341 Orat.
3443 5282 3514 5336 De
3547 5277 3751 5348 δεικαπὶ

2163 5389 2397 5459 amplexi
2461 5395 2609 5443 sunt.
2652 5385 2707 5440 Id
2743 5385 2788 5439 si
2849 5382 2956 5447 sit,
3001 5379 3162 5450 plane
3208 5376 3497 5448 ὁμογενεῖς
3540 5368 3756 5423 iuerint

2166 5479 2568 5537 cucharisticus
2639 5477 2795 5549 panis
2849 5484 2905 5530 et
2957 5470 3120 5529 offula
3166 5468 3323 5524 Judae
3372 5470 3637 5538 porrecta,
3691 5467 3756 5514 et

2163 5572 2343 5645 quoad
2377 5569 2718 5627 eﬂicientiam
2739 5607 2754 5633 ,
2788 5577 2843 5622 et
2872 5562 3047 5636 quoad
3081 5569 3362 5616 naturam.

2235 5667 2428 5725 Parem
2469 5663 2860 5737 propemodum
2909 5653 3288 5713 adhibebimus
3327 5643 3757 5719 explicationem
