3914 6528
143 449 261 508 1085

972 447 1542 505 ORIGENIANORUM
1582 445 1709 505 LIB.
1751 449 1817 514 11,
1857 446 2010 505 CAP.
2051 448 2113 514 11,
2154 447 2434 516 ΟυίΕΞΤ.
2474 447 2618 503 XIV.

3232 441 3373 498 toso
3457 517 3461 521 ,

146 564 231 619 loci
255 560 483 616 alterius
499 576 567 618 ex
598 561 783 618 homil.
806 563 838 617 7
861 564 913 618 in
940 561 1125 627 Levil.,
1153 565 1500 633 num.l,quo
1525 566 1699 632 agitur
1727 570 1771 627 Α
1806 565 1974 619 fuisse
2016 566 2195 619 vinum
2247 581 2353 635 quo
2401 563 2649 619 Christus
2692 560 2953 616 abstinuit
3000 577 3050 615 in
3100 568 3375 630 postrema

141 656 195 709 de
230 664 501 723 pmcepto
525 656 752 722 Aaroni,
778 665 832 711 et
866 655 1238 710 sacerdotibus
1279 656 1498 721 tradito,
1534 671 1600 710 ne
1629 657 1695 708 ad

142 746 291 797 altare
326 746 611 799 accessuri
657 748 839 800 vinum
885 746 1148 804 biberent.
1198 748 1463 813 Quoniam
1517 756 1697 800 autem

140 837 213 890 lex
235 845 313 890 est
340 839 539 890 umhra
590 839 888 893 futurorum
927 838 1186 894 bonorum
1204 839 1274 903 ”,
1296 840 1423 907 quid
1456 839 1557 892 hac
1585 838 1699 908 lege

142 928 461 999 signiﬁcetur
510 939 872 999 perscrutans
926 928 1194 999 Origenes
1233 930 1506 984 Christum
1556 931 1700 984 hunc

142 1036 244 1075 esse
284 1018 610 1073 Pontiﬁcem
644 1020 855 1075 censuit
887 1060 902 1085 ,
945 1024 1255 1075 sacerdotes
1294 1020 1600 1090 apostolos,
1646 1029 1702 1076 et

142 1113 393 1174 Christum
435 1112 659 1180 quidem
696 1127 817 1166 cum
867 1112 931 1165 ad
984 1113 1184 1177 altare,
1234 1128 1455 1168 crucem
1508 1127 1700 1182 nempe

142 1213 264 1259 esset
293 1217 654 1267 accessurus,
698 1204 750 1255 in
783 1217 1031 1271 suprema
1066 1218 1221 1257 caena
1250 1204 1434 1258 vinum
1481 1205 1696 1274 quidem

144 1310 231 1348 non
271 1293 482 1348 bibisse
510 1295 752 1363 putavit,
782 1294 866 1347 his
894 1294 1143 1348 inductus
1174 1294 1354 1349 verbis
1386 1294 1549 1349 Marci
1583 1310 1695 1359 xlv,

138 1384 199 1440 25
225 1403 237 1439 :
261 1386 421 1438 Amen
457 1387 578 1438 dico
606 1385 768 1449 vobis,
822 1385 943 1457 quia
970 1386 1083 1455 jam
1133 1404 1237 1440 non
1287 1388 1459 1440 bibam
1507 1390 1570 1440 de
1601 1389 1697 1441 hoc

142 1480 369 1549 genimine
402 1478 555 1541 vitis,
589 1494 749 1547 usque
771 1479 824 1531 in
846 1480 981 1531 diem
1013 1479 1184 1543 illum,
1210 1495 1329 1532 cum
1358 1480 1491 1533 illud
1524 1482 1696 1534 bibam

142 1586 304 1623 novum
343 1570 396 1623 in
430 1585 595 1638 regno
624 1567 801 1623 Patris
831 1571 929 1623 mei
966 1588 984 1624 ε
1016 1572 1288 1640 apostolos
1334 1588 1459 1627 vero
1484 1573 1690 1630 bibisse

143 1664 322 1727 vinum,
339 1663 471 1729 quia
495 1663 735 1716 nondum
754 1663 819 1714 ad
842 1662 1011 1717 altare
1032 1664 1211 1717 crucis
1227 1673 1381 1717 erant
1399 1666 1693 1720 accessuri.

143 1756 204 1809 En
229 1758 314 1809 tibi
340 1758 459 1825 ipsa
480 1758 648 1810 verba
675 1774 688 1810 :
713 1754 1033 1811 «Videamus
1054 1758 1322 1826 quomodo
1342 1758 1393 1812 id
1416 1773 1541 1812 vero
1562 1758 1695 1813 Pon-

142 1847 250 1901 tillci
274 1847 497 1901 Christo
528 1847 757 1902 Domino
779 1859 966 1903 nostro
984 1889 999 1913 ,
1022 1858 1076 1902 et
1098 1849 1469 1903 sacerdotibus
1491 1850 1609 1918 ejus
1635 1866 1697 1905 ac

1801 672 1975 720 cinna,
2020 658 2146 711 vino
2188 658 2331 727 quod
2376 670 2497 711 cum
2542 655 2843 724 publicanis
2895 662 2951 708 et
2997 653 3372 723 peccatoribus

1802 748 1957 802 bibit.
1989 747 2312 818 Respondeo
2342 749 2474 803 satis
2505 747 2669 801 fuisse
2715 746 2955 817 Origeni,
2988 754 3134 800 recte
3164 744 3373 798 institui

1801 854 1958 907 posse
1988 842 2445 908 comparationem
2464 838 2648 892 vinum
2669 839 2809 894 inter
2830 838 3085 903 Aaronis,
3108 847 3163 893 et
3189 838 3375 891 vinum

1800 945 1829 983 a
1863 931 2081 985 Christo
2108 934 2222 987 sive
2249 940 2467 1002 epotum
2500 933 2553 986 in
2578 932 2701 986 vita:
2731 933 2960 986 decursu
2986 946 3108 986 cum
3136 930 3379 1001 publica-

1801 1022 1885 1077 nis
1923 1031 1979 1076 et
2008 1024 2411 1093 peccatoribus,
2446 1024 2561 1080 sive
2594 1040 2697 1079 non
2730 1034 2940 1094 potum,
2974 1022 3067 1077 sed
3100 1022 3378 1093 discipulis

1805 1113 2061 1167 traditum
2094 1114 2146 1168 in
2180 1114 2368 1168 ultima
2399 1128 2575 1170 omna.
2614 1114 2747 1169 Nam
2783 1115 3031 1185 quamvis
3065 1115 3168 1168 hoc
3195 1114 3378 1182 specie

1801 1211 2012 1258 tantum
2047 1213 2191 1260 esset
2237 1207 2444 1271 vinum,
2482 1221 2671 1262 revera
2703 1215 2849 1262 esset
2876 1206 3077 1260 Christi
3118 1205 3375 1274 sanguis;

1805 1294 1934 1350 illud
1961 1311 2092 1351 vero
2120 1306 2175 1352 et
2203 1298 2387 1368 specie
2417 1307 2473 1353 et
2495 1312 2557 1354 re
2588 1299 2770 1353 vinum
2800 1306 2964 1362 esset,
2998 1311 3102 1351 non
3127 1297 3181 1351 in
3212 1310 3277 1350 eo
3303 1298 3379 1351 sic

1801 1386 2161 1443 militudinem
2188 1390 2461 1459 quaesivit,
2490 1389 2574 1445 vel
2605 1404 2846 1459 quaerere
2881 1390 3068 1444 debuit
3092 1390 3375 1460 Origenes,

1800 1479 1942 1549 quod
1974 1490 2285 1551 utrumque,
2316 1483 2501 1535 vinum
2528 1489 2673 1536 esset
2702 1480 2785 1534 vel
2818 1495 2896 1545 re,
2930 1480 3012 1534 vel
3044 1483 3246 1550 specie,
3278 1480 3375 1535 sed

1802 1571 1856 1625 in
1884 1587 1949 1627 eo
1983 1576 2126 1643 quod
2159 1573 2250 1626 illo
2282 1588 2602 1628 accessurus
2630 1572 2696 1626 ad
2723 1571 2893 1627 altare
2920 1572 3168 1626 Christus
3207 1572 3378 1626 absti-

1802 1664 2001 1729 nuerit,
2027 1663 2156 1717 illud
2182 1679 2285 1718 non
2310 1679 2629 1719 accessurus
2655 1666 2721 1719 ad
2743 1665 2914 1718 altare
2942 1664 3167 1718 biberit:
3192 1679 3380 1733 quem-

1798 1756 2085 1809 admodum
2115 1753 2326 1809 Veteris
2344 1754 2676 1809 Testamenti
2704 1756 2829 1809 vino
2864 1756 3211 1810 abstinebant
3240 1772 3379 1826 pun-

1803 1846 1978 1903 tillces
2012 1856 2067 1901 et
2095 1848 2403 1902 sacerdOtes
2431 1846 2704 1902 accessuri
2736 1847 2803 1899 ad
2837 1845 3031 1909 altare,
3077 1847 3216 1902 idem
3250 1862 3380 1902 vero

142 1939 261 2001 ﬁliis,
281 1940 485 1993 nostris
506 1955 639 1995 vero
657 1940 911 2011 apostolis
933 1940 1196 2009 possimus
1213 1942 1697 2008 aptare,etc.Qute-
1803 1956 1907 1996 non
1938 1940 2210 1995 accessuri
2243 1939 2309 1993 ad
2345 1939 2516 1993 altare
2546 1940 2823 1995 bibebant.

143 2037 283 2087 rimus
314 2049 446 2104 ergo
487 2036 761 2104 quomodo
798 2036 1055 2091 Dominus
1098 2045 1151 2090 et
1196 2036 1443 2090 Salvator
1487 2048 1693 2104 noster,

140 2130 213 2196 qui
233 2138 306 2180 est
327 2142 495 2181 verus
528 2126 801 2194 Pontifex,
827 2143 949 2181 cum
978 2128 1258 2197 discipulis
1286 2128 1419 2190 suis,
1452 2128 1541 2197 qui
1575 2137 1701 2183 sunt

140 2204 232 2271 veri
268 2218 583 2272 sacerdotes
614 2258 629 2282 ,
671 2228 962 2287 antequam
994 2219 1215 2272 accedat
1264 2219 1327 2271 ad
1360 2221 1533 2272 altare
1565 2219 1697 2289 iDei,

142 2304 264 2359 bibat
282 2309 508 2373 vinum;
540 2324 665 2360 cum
689 2321 818 2363 vero
840 2308 1099 2362 accedere
1121 2307 1366 2376 cmperit,
1399 2323 1504 2362 non
1532 2307 1697 2362 bibat.

143 2401 347 2457 Venerat
376 2404 431 2456 in
463 2404 613 2457 hunc
647 2404 904 2457 mundum
941 2402 1212 2469 Salvator,
1247 2412 1301 2454 ut
1334 2417 1429 2470 pro
1460 2402 1700 2467 peccatis

143 2496 311 2549 nostris
349 2510 582 2549 carnem
631 2510 783 2549 suam
818 2494 1040 2550 oll‘erret
1093 2492 1329 2548 hostiam
1377 2494 1504 2548 Deo.
1549 2492 1700 2548 Hanc

140 2584 423 2656 priusquam
457 2584 703 2649 oﬂ‘erret,
736 2586 877 2639 inter
909 2585 1371 2654 dispensationum
1408 2601 1587 2640 moras
1616 2586 1700 2639 vi-

139 2692 245 2730 num
280 2678 498 2733 bibebat
543 2696 558 2732 :
600 2678 838 2748 denique
883 2679 1169 2733 dicebatur
1203 2678 1363 2731 homo
1410 2693 1599 2741 vorax,
1645 2688 1701 2732 et

140 2769 229 2822 vini
256 2779 496 2838 potator,
525 2770 739 2824 amicus
768 2769 1177 2839 publicanorum
1205 2779 1259 2823 et
1282 2778 1628 2840 peccatorum
1655 2769 1695 2824 ⁸.

138 2855 220 2912 Ubi
251 2875 373 2914 vero
406 2872 629 2930 tempus
666 2861 882 2915 advenit
923 2862 1103 2916 crucis
1132 2876 1265 2926 sure,
1294 2871 1349 2915 et
1380 2876 1701 2916 accessurus

139 2958 234 3001 erat
269 2952 330 3002 ad
371 2949 556 3004 altare
598 2951 688 3004 ubi
731 2949 1035 3004 immolaret
1072 2950 1301 3003 hostiam
1350 2950 1531 3004 carnis
1570 2963 1700 3012 suae,

138 3041 408 3108 Accipiens,
442 3041 648 3109 inquit,
698 3041 933 3106 calicem,
965 3039 1223 3094 benedixit
1264 3048 1311 3093 et
1359 3040 1500 3092 dedit
1534 3041 1698 3094 disci-

137 3132 253 3195 pulis
299 3135 433 3198 suis,
475 3132 660 3185 dicens
695 3148 711 3185 :
747 3130 978 3200 Accipite
1008 3141 1055 3185 et
1096 3130 1251 3184 bibite
1282 3147 1347 3184 ea:
1368 3132 1463 3184 hoc
1483 3134 1529 3187 ⁸.
1566 3130 1696 3198 Vos,

1872 2032 2056 2086 Tenue
2102 2045 2232 2085 vero
2277 2039 2331 2085 et
2374 2029 2649 2083 inﬁrmum
2685 2030 2831 2084 tertii
2868 2030 2970 2086 loci
3000 2030 3184 2095 robur,
3216 2045 3380 2100 quem

1801 2139 1831 2178 e
1872 2123 2101 2194 Prologo
2150 2125 2204 2177 in
2258 2121 2534 2176 Canticum
2579 2122 2782 2191 profert
2833 2122 3166 2177 Albertinus.
3217 2121 3275 2177 lu
3318 2137 3383 2177 eo

1804 2218 2037 2272 hominis
2095 2217 2409 2282 exterioris,
2466 2215 2714 2284 corporis
2777 2215 3033 2270 nimirum
3103 2217 3378 2286 proprium

1801 2310 2087 2380 quemdam
2128 2323 2248 2363 esse
2282 2308 2460 2363 cibum
2496 2305 2691 2361 scribit
2722 2305 3007 2378 Origenes,
3055 2321 3379 2378 corporeum

1802 2402 2009 2455 scilicet
2059 2409 2113 2455 et
2156 2411 2430 2455 terrenum
2478 2416 2493 2453 :
2544 2400 2825 2454 interioris
2865 2415 2996 2456 vero
3044 2400 3279 2455 hominis
3324 2412 3381 2456 et

1803 2490 2100 2559 spiritualis
2148 2493 2424 2561 pr0prium
2476 2505 2691 2560 quoque
2745 2504 2866 2545 esse
2911 2492 3130 2553 cibum;
3187 2508 3381 2561 panem

1806 2596 2001 2650 nempe
2031 2582 2207 2634 vivum
2240 2581 2331 2650 qui
2376 2581 2442 2634 de
2475 2580 2615 2633 caelo
2646 2580 2949 2635 descendit.
2994 2580 3100 2636 Sed
3142 2583 3254 2650 ipsa
3291 2599 3382 2636 re-

1803 2683 2047 2741 petamus
2074 2674 2239 2727 verba
2270 2687 2390 2742 quae
2411 2680 2627 2727 exstant
2652 2686 2772 2741 pag.
2809 2671 2916 2726 28:
2946 2690 2965 2723 ι
3001 2674 3093 2729 Est
3128 2676 3388 2727 materia-

1804 2764 1869 2818 lis
1899 2765 2056 2831 hujus
2090 2766 2349 2829 hominis,
2384 2764 2475 2833 qui
2505 2772 2560 2817 et
2584 2766 2825 2818 exterior
2856 2764 3179 2835 appellatur,
3202 2765 3381 2829 cibus,

1802 2864 2067 2926 potusque
2096 2865 2305 2909 natura:
2326 2871 2436 2909 sua:
2459 2864 2720 2923 cognatus
2737 2870 3032 2925 corporeus
3050 2857 3152 2911 iste
3174 2856 3386 2911 scilicet

1803 2958 1857 3001 et
1906 2958 2176 3002 terrenus.
2230 2948 2491 3001 Similiter
2530 2958 2709 3001 autem
2751 2957 2807 3001 et
2846 2948 3108 3018 spiritalis
3147 2949 3384 3004 hominis

1806 3038 1996 3108 ipsius,
2034 3038 2125 3106 qui
2175 3048 2230 3092 et
2274 3038 2505 3094 interior
2545 3040 2766 3102 dicitur,
2804 3047 2887 3093 est
2920 3040 3171 3108 proprius
3207 3039 3383 3105 cibus,

1804 3132 1862 3176 ut
1893 3122 2046 3190 panis
2078 3122 2163 3175 ille
2200 3122 2354 3176 vivus
2390 3124 2479 3191 qui
2514 3123 2583 3177 de
2622 3124 2762 3178 cwlo
2795 3122 3143 3177 descendit‘.
3191 3123 3297 3177 Sed
3334 3135 3387 3180 et

136 3222 303 3293 inquit,
346 3225 539 3289 bibite,
576 3225 669 3293 qui
703 3224 863 3278 modo
898 3225 1170 3279 accessuri
1214 3239 1318 3277 non
1346 3224 1479 3279 estis
1512 3225 1579 3278 ad
1613 3227 1692 3277 al-

1806 3225 1965 3282 p0tus
2014 3213 2102 3267 ille
2139 3222 2219 3267 est
2265 3228 2331 3267 ex
2380 3214 2469 3268 illa
2498 3230 2640 3283 aqua
2685 3228 2848 3283 quam
2900 3213 3168 3283 promittit
3200 3213 3381 3277 Jesus,

138 3327 247 3375 tare.
286 3317 406 3385 Ipse
433 3325 618 3371 autem
652 3328 905 3385 tanquam
939 3330 1262 3371 accessurus
1292 3317 1357 3370 ad
1391 3316 1582 3381 altare,
1616 3316 1698 3370 di-

136 3409 197 3460 cit
219 3407 277 3461 de
300 3424 402 3463 se:
432 3408 604 3461 Amen
633 3409 752 3461 dico
783 3408 946 3474 vobis,
979 3408 1102 3477 quia
1132 3422 1233 3459 non
1257 3406 1427 3459 bibam
1457 3406 1521 3459 de
1545 3421 1699 3474 gene—

140 3501 313 3554 ratione
360 3503 478 3554 vitis
528 3501 716 3568 hujus,
752 3516 1015 3570 usquequo
1061 3500 1233 3552 bibam
1265 3498 1399 3551 illud
1437 3500 1699 3553 vobiscum

138 3608 296 3644 norum
330 3593 386 3646 in
408 3609 572 3662 regno
597 3592 775 3645 Putris
814 3592 1006 3646 mei'.)
1049 3591 1185 3646 Hinc
1219 3593 1529 3648 Albertinus
1562 3592 1697 3645 eﬂici

140 3694 267 3751 putat
304 3685 512 3738 Christi
570 3682 866 3752 discipulos
913 3698 1121 3737 merum
1169 3684 1352 3737 vinum
1404 3684 1457 3737 in
1513 3682 1702 3736 ultima

140 3790 270 3829 uena
319 3777 549 3840 bibisse,
587 3776 1040 3844 quemadmodum
1093 3776 1273 3829 Aaron
1308 3785 1361 3831 et
1391 3777 1703 3830 sacerdotes

142 3868 197 3919 ad
222 3867 386 3922 altare
410 3885 518 3923 non
547 3867 824 3922 accessuri
850 3882 1053 3920 merum
1077 3868 1258 3921 vinum
1283 3867 1568 3932 bibebant;
1604 3881 1702 3920 nec

140 3974 314 4029 capere
344 3977 400 4015 se
434 3961 571 4015 dicit
607 3961 734 4027 quid
761 3970 948 4016 contra
975 3975 1248 4029 opponere
1274 3960 1564 4029 possimus.
1596 3957 1703 4014 Re-

140 4054 355 4119 spondeo
381 4069 517 4108 vero
541 4052 859 4122 Origenem,
885 4066 1006 4105 cum
1033 4052 1364 4105 existimavit.
1389 4060 1543 4105 vetus
1571 4049 1701 4103 illud

141 4140 345 4197 Leritici
383 4153 742 4214 praeceptum,
784 4156 891 4212 quo
934 4142 1175 4212 pontifici
1224 4152 1280 4196 et
1327 4140 1701 4195 sacerdotibus

144 4236 200 4287 ad
230 4236 395 4290 altare
438 4236 748 4289 accessuris
799 4235 922 4288 vino
966 4234 1413 4296 interdicebatur,
1454 4232 1703 4285 umbram

140 4340 307 4380 eorum
346 4327 516 4382 fuisse
557 4343 678 4396 qua:
708 4327 923 4381 Christo
962 4335 1016 4381 et
1049 4324 1306 4394 apostolis
1331 4324 1697 4392 contigerunt,

142 4421 339 4487 quando
381 4422 472 4475 ille
507 4422 577 4473 ad
616 4419 786 4472 altare
814 4418 992 4473 crucis
1024 4430 1344 4471 accessurus
1374 4416 1503 4470 vino
1534 4415 1701 4469 absti-

144 4513 266 4577 nuit,
296 4512 350 4566 hi
379 4526 512 4565 vero
549 4511 788 4564 nondum
820 4510 886 4562 ad
914 4508 1095 4563 crucis
1123 4505 1291 4559 altare
1319 4504 1585 4560 accessuri
1625 4504 1703 4558 vi-

1805 3306 2031 3361 dicens:
2072 3306 2388 3374 Quicunque
2433 3308 2620 3360 biberit
2664 3323 2728 3360 ea:
2770 3312 2869 3361 hac
2909 3323 3049 3375 aqua
3094 3324 3253 3377 quam
3290 3326 3383 3378 ego

1804 3400 1872 3452 do
1902 3400 1971 3463 ei,
2008 3414 2113 3451 non
2149 3399 2288 3452 sitiet
2314 3400 2368 3452 in
2399 3412 2653 3451 internum
2681 3400 2723 3453 ⁸.
2770 3399 2862 3453 Sic
2893 3414 3021 3468 ergo
3068 3415 3163 3470 per
3201 3403 3383 3456 omnia

1805 3489 2102 3545 similitudo
2125 3490 2342 3559 quidem
2367 3488 2751 3545 vocabulorum
2778 3491 3071 3545 secundum
3096 3500 3386 3561 utrumque

1804 3580 2074 3634 hominem
2110 3580 2359 3650 ponitur;
2387 3596 2566 3633 rerum
2600 3594 2728 3633 vero
2759 3582 3062 3652 proprietas
3092 3580 3383 3650 unicuique

1800 3670 2035 3726 discreta
2065 3682 2337 3737 versatur,
2370 3680 2427 3725 et
2467 3673 2803 3741 corruptibili
2834 3673 3210 3742 corruptibilia
3243 3689 3384 3743 pra:-

1804 3763 2040 3831 bentur;
2092 3763 2490 3835 incorruptihiIi
2538 3780 2668 3820 vero
2712 3765 3144 3834 incorruptibilia
3189 3780 3388 3833 propo-

1806 3865 2025 3909 nuntur.
2052 3856 2203 3913 Unde
2222 3858 2427 3913 accidit
2443 3868 2500 3912 ut
2520 3859 2877 3928 simpliciores
2898 3858 3114 3926 quidam
3141 3857 3387 3910 nescien—

1807 3954 1886 3999 tes
1913 3946 2245 4016 distinguere
2270 3962 2333 4001 ac
2356 3962 2639 4003 secernere
2663 3963 2784 4018 qua:
2808 3948 2919 4002 sint
2958 3961 3080 4015 qua:
3136 3946 3188 4000 in
3231 3946 3384 3999 Scri-

1808 4037 1981 4107 pturis
2035 4038 2233 4093 divinis
2270 4039 2518 4094 interiori
2550 4039 2773 4103 homini,
2809 4053 2929 4107 quae
2961 4053 3090 4091 vero
3129 4038 3384 4095 exteriori

1803 4131 2105 4199 deputanda
2153 4131 2283 4196 sint,
2338 4130 2721 4187 vocabulorum
2767 4129 3209 4184 similitudinibus
3261 4128 3384 4183 falsi

1804 4222 1869 4275 ad
1916 4222 2124 4290 ineptas
2166 4224 2426 4290 quasdam
2459 4222 2666 4276 fabulas
2713 4234 2769 4276 et
2798 4222 3052 4290 ligtnenta
3101 4222 3281 4274 inania
3325 4235 3385 4274 se

1804 4314 2156 4379 contulerint,
2189 4326 2247 4368 ut
2275 4316 2438 4370 etiam
2468 4327 2587 4384 post
2615 4316 3066 4369 resurrectionem
3099 4316 3236 4369 cibis
3262 4328 3386 4368 cor-

1805 4406 2079 4475 poralibus
2111 4407 2367 4461 utendum
2399 4407 2704 4473 crederent,
2733 4415 3026 4476 potumque
3059 4406 3381 4461 sumendum

1806 4513 1912 4553 non
1957 4497 2129 4551 solum
2162 4513 2229 4552 ex
2263 4498 2352 4551 illa
2384 4498 2491 4551 vite
2528 4514 2653 4552 vera
2705 4508 2759 4552 et
2810 4499 3023 4552 vivente
3062 4498 3116 4552 in
3165 4497 3384 4561 saecula,

142 4617 254 4658 nutu
283 4605 556 4669 biberunt,
586 4603 639 4656 id
664 4602 763 4655 sibi
787 4601 1036 4663 voluisse,
1065 4599 1243 4652 vinum
1268 4597 1500 4651 Aaronis
1534 4607 1589 4651 et
1617 4610 1706 4651 sa-
1736 4593 1781 4648 Ι)
1812 4603 1997 4643 verum
2030 4597 2086 4643 et
2112 4603 2181 4643 ex
2212 4588 2295 4642 his
2326 4588 2521 4642 vitibus
2537 4600 2589 4642 et
2611 4587 2875 4643 fructibus
2907 4588 3058 4655 ligni.
3097 4607 3117 4641 ι
3148 4587 3385 4642 Tantum

144 4701 399 4753 cerdotum
446 4701 501 4753 in
557 4712 625 4750 eo
666 4694 899 4765 ὁμογενῆ
946 4694 1112 4747 fuisse
1162 4690 1530 4746 encharistico
1575 4689 1703 4744 vino

144 4791 323 4847 Christi
372 4804 426 4848 et
470 4787 869 4862 apostolorum,
912 4786 1059 4855 quod
1103 4795 1333 4853 utroque
1364 4782 1707 4837 abstinerent

144 4888 225 4952 qui
268 4882 542 4948 accessuri
586 4888 742 4936 erant
773 4881 839 4932 ad
875 4879 1069 4941 altare,
1112 4877 1180 4931 ab
1213 4879 1280 4931 iis
1313 4892 1443 4931 vero
1473 4877 1561 4947 qui
1600 4891 1705 4930 non

143 4987 303 5031 essent
326 4974 611 5032 accessuri
643 4973 711 5026 ad
736 4972 905 5026 altare
934 4983 1223 5039 utrumque
1253 4972 1564 5035 biberetur;
1598 4983 1705 5036 qua

145 5071 202 5121 de
238 5085 285 5124 re
321 5070 538 5125 scilicet
583 5066 688 5119 hoc
732 5064 849 5118 loco
894 5064 1203 5133 agebatur:
1258 5062 1311 5115 in
1364 5061 1489 5114 aliis
1524 5068 1704 5113 autem

146 5159 290 5216 fuisse
313 5158 635 5243 ἑτερογενῆ,
659 5172 721 5210 ac
754 5156 807 5210 in
838 5170 903 5208 eo
934 5154 1201 5223 praecipue
1224 5152 1367 5221 quod
1396 5149 1625 5204 Aarouis
1651 5155 1707 5201 et

145 5240 492 5309 sacerdotum
531 5242 745 5315 vinum,
794 5262 998 5300 merum
1039 5254 1183 5300 esset
1227 5244 1455 5307 vinum;
1504 5240 1705 5293 Christi

144 5357 257 5400 vero
282 5356 335 5401 et
359 5342 783 5412 discipulorum,
814 5338 991 5407 specie
1018 5338 1299 5389 duntaxat.
1330 5332 1553 5401 Urgebit
1580 5345 1707 5383 vero

145 5434 317 5505 aliquis
349 5410 543 5490 dicens
590 5430 739 5485 nulla
773 5429 861 5485 hic
902 5436 1027 5481 nota
1063 5424 1319 5494 distingui
1358 5423 1539 5475 vinum
1573 5410 1754 5474 illud“

142 5530 269 5595 quod
300 5545 417 5583 cum
448 5523 760 5596 publicanis
788 5532 842 5575 et
871 5518 1245 5589 peccatoribus
1296 5512 1514 5570 bibebat
1545 5511 1708 5566 Chri-

143 5628 267 5683 stus,
297 5621 363 5682 ab
394 5634 461 5674 eo
493 5618 626 5669 vino
657 5626 765 5682 quo
807 5611 858 5665 in
880 5610 1067 5663 ultima
1106 5620 1261 5661 creua
1295 5601 1576 5663 abstinuit,
1611 5600 1706 5654 sed

144 5720 413 5782 utrumque
444 5707 651 5781 opponi
695 5705 825 5761 vino
870 5701 1126 5765 Aaronis,
1160 5713 1224 5756 ac
1265 5694 1491 5768 proinde
1529 5691 1706 5748 sitniie

206 5833 242 5861 ”
271 5834 429 5889 llebr.
462 5851 516 5899 x,
553 5833 604 5886 1.
717 5832 730 5861 ¹
775 5828 959 5885 Matth.
1001 5841 1078 5891 xl,
1113 5824 1199 5881 l9.

146 5938 215 5993 tv,
260 5928 341 5995 l§.

1279 5822 1293 5861 ⁸
1324 5820 1511 5885 Matth.
1543 5833 1687 5881 xxt't,
1715 5816 1807 5881 23:
1854 5814 1872 5846 ³
1901 5813 2068 5878 Marc.
2108 5829 2221 5881 xlv,
2258 5812 2349 5875 25.

1812 4682 1964 4736 abest
1998 4692 2055 4736 ut
2094 4684 2219 4737 hinc
2256 4682 2455 4751 aliquid
2484 4698 2580 4753 pro
2609 4698 2707 4738 sua
2740 4698 2902 4737 causa
2935 4683 3191 4753 colligere
3218 4686 3388 4753 possit

1810 4772 2148 4839 Albcrtinus,
2180 4783 2238 4828 ut
2266 4774 2349 4829 vel
2381 4774 2547 4844 ipsius
2572 4773 2815 4843 opinioni
2843 4775 3176 4827 contrarium
3205 4775 3257 4828 id
3294 4789 3388 4840 po-

1814 4864 1920 4918 tius
1951 4875 2004 4919 et
2033 4865 2403 4919 adversarium
2444 4866 2549 4929 sit;
2583 4864 2665 4918 vel
2696 4874 2844 4919 certe
2885 4880 2982 4934 pro
3013 4874 3200 4918 neutra
3237 4874 3388 4934 parte

1811 4966 2031 5026 pugnet.
2068 4956 2271 5026 Duplex
2296 4956 2560 5025 siquidem
2587 4958 2760 5019 cibus,
2791 4958 2986 5025 duplex
3009 4970 3137 5010 esus
3163 4956 3387 5009 interio-

1814 5053 1890 5105 ris
1916 5050 2153 5105 bominis
2182 5048 2401 5118 intelligi
2433 5058 2608 5117 potest
2638 5065 2654 5103 :
2684 5049 2767 5103 vel
2797 5065 2922 5103 esus
2951 5047 3385 5110 sacramentalis,

1812 5159 1936 5198 cum
1967 5143 2168 5197 Christi
2204 5157 2400 5209 corpus
2433 5156 2528 5195 ore
2571 5141 2894 5209 recipimus;
2926 5139 3009 5192 vel
3057 5138 3214 5202 alter,
3261 5153 3384 5190 cuin

1816 5234 2048 5295 Verbum
2081 5247 2299 5286 carnem
2320 5231 2520 5285 factum
2551 5232 2653 5284 [ide
2673 5229 3123 5299 apprehendimus
3150 5237 3204 5282 et
3234 5242 3387 5282 com-

1808 5327 2042 5389 edimus,
2085 5337 2315 5392 quorum
2358 5333 2584 5391 uterque
2631 5323 2807 5390 capite
2856 5320 3081 5374 Joannis
3112 5330 3267 5373 sexto
3291 5335 3386 5372 ex-

1814 5421 2062 5492 ponitur;
2096 5420 2182 5472 hic
2209 5417 2425 5486 quidem
2463 5431 2493 5469 a
2526 5430 2681 5470 versu
2716 5415 2778 5471 51
2827 5417 2891 5469 ad
2926 5418 3038 5469 haec
3068 5417 3229 5468 verba
3261 5429 3385 5468 ver-

1816 5526 1908 5565 sus
1935 5508 2045 5563 52:
2082 5508 2146 5561 Et
2168 5510 2322 5576 panis
2359 5520 2510 5574 quem
2540 5520 2633 5571 ego
2674 5506 2848 5570 dabo;
2893 5504 2981 5558 ille
3020 5516 3149 5557 vero
3190 5504 3258 5557 ab
3303 5504 3389 5556 his

1766 5640 1769 5643 .
1814 5599 1995 5653 verbis
2032 5598 2100 5651 ad
2139 5612 2359 5651 versum
2400 5595 2492 5649 59.
2538 5594 2596 5648 Si
2624 5608 2749 5648 esus
2772 5594 2864 5648 ille
2908 5592 3248 5660 intelligitur,
3278 5606 3387 5660 quo

1816 5688 2049 5745 Verbum
2079 5704 2299 5744 carnem
2337 5690 2540 5744 factum
2572 5688 2678 5742 (ide
2707 5685 3060 5753 comedimus,
3100 5684 3228 5755 quid
3263 5685 3390 5741 inde

2416 5858 2422 5865 .
2476 5810 2495 5844 ⁸
2534 5811 2687 5874 .loan.
2739 5804 3040 5877 vt,il,51.
3165 5804 3188 5837 '
3228 5800 3385 5864 Joan.
