3914 6520
510 420 651 478 108⁸1

1784 413 1845 470 1³.
1887 402 2206 464 DANIELlS
2238 400 2471 458 HUETIl

3639 389 3783 446 1088

506 537 725 594 ellleere
754 534 925 605 possit
950 530 1289 595 Alb'ertinus,
1320 545 1424 584 non
1455 528 1630 587 video.
1666 528 1923 582 Fatemur
1942 527 2084 581 enim
2116 528 2161 583 Α
2191 532 2273 576 est
2307 520 2554 590 corporis
2583 528 2764 590 typum
2793 529 2857 569 ac
2885 511 3212 585 symbolum.
3240 509 3374 605 Quis
3412 515 3611 564 autem
3655 521 3784 562 eum

507 629 742 686 Verbum
778 639 998 681 carnem
1027 622 1253 687 factum,
1283 632 1552 692 quatenus
1584 622 1688 677 fide
1735 621 2092 691 apprehendi—

508 731 597 777 tur
622 729 678 775 et
708 717 1032 782 cotneditur,
1068 716 1264 771 anima:
1295 716 1571 786 proprium
1596 730 1721 769 esse
1750 715 1950 777 cibum,
1985 728 2089 766 non

505 813 772 879 corporis.
819 807 887 862 Et
937 823 1003 863 ne
1048 805 1174 876 quid
1226 805 1588 869 dissimulem,
1639 807 1785 859 hunc
1834 816 1956 858 esse
1986 800 2090 856 loci

506 900 838 955 intellectum
869 912 1085 953 censeo.
1119 897 1215 952 Sin
1244 911 1375 951 vero
1407 911 1536 951 esus
1571 888 1979 951 sacratnentalis
2005 894 2092 948 hic

506 988 863 1058 signiﬁcatur,
905 1001 1004 1042 suo
1049 986 1154 1042 sibi
1200 986 1381 1057 gladio
1407 986 1693 1058 iugulatur
1740 985 2090 1049 Albertinus;

506 1095 631 1135 nam
661 1078 840 1133 cibum
872 1077 1020 1133 illum
1047 1076 1310 1133 vocabulo
1335 1085 1539 1131 tantum
1563 1092 1686 1131 cum
1713 1075 1849 1130 cibis
1872 1073 2094 1141 reliquis

505 1171 797 1227 convenire
842 1170 919 1226 ait
958 1154 1242 1239 Origenes,
1281 1185 1434 1223 suam
1476 1184 1605 1224 vero
1657 1179 2095 1236 unumquemque

507 1260 896 1331 proprietatem
941 1273 1200 1324 servare;
1248 1258 1371 1314 illos
1419 1258 1717 1327 corrumpi,
1771 1258 1914 1312 hunc
1958 1258 2095 1311 inte-

508 1369 664 1423 grutn
701 1364 962 1406 manere:
1007 1351 1087 1405 sic
1126 1365 1224 1405 nos
1269 1364 1460 1418 panem
1510 1348 1927 1404 eucharisticum
1969 1362 2093 1401 cutn

508 1445 634 1500 aliis
680 1444 911 1513 panibus
954 1442 1220 1497 vocabulo
1265 1440 1561 1497 convenire
1607 1441 1861 1506 dicimus,
1915 1442 2094 1509 reipsa

510 1538 856 1605 discrepare;
887 1534 984 1590 bos
1012 1535 1311 1605 corrumpi,
1340 1550 1541 1605 corpus
1566 1549 1698 1589 vero
1718 1533 1946 1600 Christi,
1974 1549 2094 1588 cor-

510 1631 687 1700 ruptis
714 1629 1108 1694 accidenlibus,
1136 1628 1509 1697 incorruptum
1542 1643 1764 1682 manere
1789 1648 1802 1683 :
1830 1636 1884 1681 et
1906 1642 2097 1697 quant-

508 1722 594 1777 vis
629 1735 884 1790 corpore,
919 1719 1107 1774 itidem
1154 1729 1213 1773 ut
1254 1718 1347 1772 alii
1387 1734 1554 1787 panes
1596 1718 1926 1788 excipiatur,
1974 1719 2095 1773 illos

516 1822 695 1867 tamen
730 1814 783 1866 in
827 1811 1143 1867 alimentum
1185 1810 1433 1880 corporis
1463 1810 1698 1877 mutari;
1735 1810 1836 1865 ltoc
1875 1811 2094 1877 animae,

514 1900 761 1956 interiori
785 1899 993 1953 scilicet
1021 1898 1228 1953 homini
1252 1869 1317 1953 ac
1344 1896 1598 1968 spiritali,
1627 1898 1941 1954 alimoniam
1968 1869 2097 1956 sub;
2129 1869 2172 1924 Β

518 1990 852 2055 ministrare,
884 1988 1258 2045 accidentibus
1290 1988 1553 2043 duntaxat
1580 2003 1777 2057 corpus
1802 1989 2095 2056 alentibus,

515 2093 803 2155 postquam
832 2082 884 2137 in
917 2097 1110 2137 novam
1142 2082 1501 2137 substantiam
1525 2097 1789 2137 conversa
1817 2091 1961 2137 sunt.
1994 2082 2097 2149 Qui

516 2190 649 2232 vero
672 2177 787 2233 haec
813 2176 1095 2231 sententia-
1115 2191 1227 2232 suae
1248 2174 1735 2231 accommodabunt
1757 2175 2096 2240 heterodoxi,

516 2282 642 2323 cum
676 2283 870 2339 panem
898 2267 1318 2324 eucharisticum
1352 2265 1570 2321 nomine
1607 2275 1818 2321 tantum
1848 2283 1970 2323 cum
1998 2283 2097 2337 pa-

520 2357 682 2414 nibus
722 2357 946 2429 reliquis
972 2362 1263 2415 convenire
1294 2367 1507 2414 asserat
1540 2359 1840 2429 Origenes;
1869 2358 1944 2412 illi
1987 2373 2097 2414 non

519 2452 739 2508 nomine
765 2452 964 2515 solum,
988 2453 1084 2508 sed
1110 2453 1287 2523 reipsa
1313 2451 1532 2522 penitus
1554 2452 1846 2507 convenire
1873 2451 2053 2506 dicant
2081 2469 2096 2508 :

519 2544 665 2599 hunc
697 2544 913 2609 animat,
942 2542 1180 2598 hominis
1208 2557 1404 2612 nempe
1430 2542 1690 2613 spiritalis
1717 2555 1772 2599 et
1801 2542 2097 2610 interioris,

520 2634 779 2705 pabulum
824 2648 944 2690 esse
995 2634 1175 2689 tradat
1226 2634 1527 2705 Origenes;
1574 2634 1693 2690 illos
1729 2650 1928 2704 corpus
1956 2634 2102 2691 alere

521 2726 841 2781 heterodoxi
881 2735 1116 2795 putent:
1154 2726 1255 2783 hos
1285 2740 1576 2795 corporeos
1613 2735 1667 2780 et
1713 2736 1956 2781 terrenos
2002 2742 2101 2795 ap-

520 2816 685 2887 pellet
719 2815 1002 2885 Origenes,
1045 2826 1105 2871 ut
1135 2816 1204 2871 ab
1237 2816 1329 2871 illo
1364 2817 1662 2884 distinguat
1709 2817 1801 2886 qui
1841 2818 2102 2886 spiritalis

520 2917 629 2973 cst,
674 2908 937 2980 mysticus
968 2917 1024 2963 et
1059 2908 1509 2976 sacramentalis;
1543 2910 1863 2964 lteterodoxi
1892 2925 2021 2965 vero
2049 2918 2104 2964 et

522 2999 669 3056 hunc
698 3007 755 3055 et
788 3000 909 3055 illos
938 2999 1096 3072 plane
1134 3015 1432 3072 corporeos
1475 3012 1530 3057 et
1561 3011 1807 3059 terrenos
1837 3017 1961 3058 esse
2007 3003 2103 3059 de-

522 3093 792 3148 cernant?

596 3182 856 3239 Ultimum
883 3183 1082 3248 locum,
1101 3183 1359 3253 quoniam
1381 3198 1445 3240 ex
1478 3183 1702 3256 Dialogo
1723 3186 1788 3238 de
1809 3186 2103 3241 orthodoxa

521 3272 649 3348 ﬁde,
696 3275 886 3343 spurio
916 3274 1116 3344 quippe
1148 3272 1319 3342 libro,
1357 3285 1414 3329 et
1442 3275 1691 3345 Origenis
1734 3292 1931 3331 nomen
1970 3279 2109 3333 falso

526 3381 638 3435 pra.
674 3381 733 3420 se
759 3365 967 3421 ferente
1006 3365 1207 3436 petitus
1232 3377 1339 3433 est,
1368 3382 1467 3423 nec
1498 3369 1566 3422 ad
1598 3368 1703 3423 hoc
1748 3371 1984 3439 pertinet
2022 3372 2107 3426 in-

525 3457 795 3524 stitutum,
827 3458 1207 3527 prmterntitto.
1976 3471 1986 3482 ‘

596 3548 834 3618 Lepidus
879 3564 1010 3603 vero
1039 3558 1122 3604 est
1172 3550 1511 3619 Albertinus,
1547 3567 1669 3606 cum
1703 3552 1968 3609 adversus
1997 3552 2111 3619 Bu-

527 3640 804 3709 lengerum
855 3640 1137 3710 disputat,
1192 3644 1285 3712 qui
1336 3653 1505 3698 contr.
1560 3642 1788 3699 Casaub.
1847 3654 1988 3714 part.
2046 3660 2109 3711 tt,

526 3728 687 3784 diatr.
714 3731 765 3794 '5,
797 3745 918 3799 pag.
954 3731 1078 3798 167,
1109 3733 1434 3788 catholicum
1462 3735 1529 3789 de
1551 3734 1890 3789 Eucharistia
1916 3737 2109 3806 dogma

529 3819 853 3877 defendebat
876 3824 977 3878 hoc
1004 3822 1252 3894 Origenis
1285 3827 1598 3881 testimonio
1627 3830 1665 3881 :'
1686 3828 1797 3883 Καὶ
1820 3828 1931 3901 γὰρ
1958 3831 1986 3883 ὁ
2010 3830 2110 3902 ἄρ·

525 3929 622 3966 του
660 3914 924 3986 μετέχων,
953 3915 1049 3968 τοῦ
1081 3914 1330 3989 σώματος
1356 3918 1564 3990 Κυρίου
1594 3921 2019 3992 μεταλαμϐάνει·
2051 3922 2110 3977 οὐ

501 4005 638 4076 υτὰρ
674 4005 1015 4078 προσέχομεν
1044 4010 1110 4079 τῇ
1147 4008 1307 4078 φύσει
1339 4026 1448 4062 των
1493 4010 1767 4081 αἰσθητῶς
1818 4012 2115 4085 προκειμέ-

528 4113 657 4161 νων,
713 4096 827 4152 ἀλλ’
878 4097 1153 4168 ἀνάγομεν
1201 4101 1300 4172 τὴν
1346 4100 1525 4173 ψυχὴν
1578 4102 1667 4159 διὰ
1715 4104 1952 4169 πίστεως
2020 4105 2115 4159 ἐπὶ

527 4185 705 4240 τὸτοῦ
729 4187 903 4257 Λόγου
943 4189 1121 4260 σῶμα.
1172 4191 1245 4248 Ut’)
1289 4190 1394 4259 γὰρ
1440 4187 1579 4253 εἷπεθ
1620 4192 1788 4246 Τοῦτό
1813 4195 1929 4246 ἐστι
1973 4194 2112 4263 σύμ-

528 4276 701 4332 ϐολον
732 4280 892 4349 ἀλλὰ,
925 4283 1106 4336 Τοῦτό
1123 4282 1257 4338 ἐστι
1279 4282 1348 4337 τὸ
1380 4283 1574 4353 σῶμα,
1597 4284 1903 4350 δεικτικῶς,
1933 4287 2020 4340 ἵνα
2039 4286 2114 4361 μὴ

527 4369 728 4447 νομίσῃ
745 4389 831 4435 τις
850 4372 1019 4426 τύπον
1046 4371 1207 4431 εἶναι.
1237 4392 1257 4428 ι
1288 4373 1421 4428 Nam
1449 4377 1541 4444 qui
1564 4376 1623 4430 fit
1643 4378 1799 4446 panis
1823 4379 2113 4448 particeps,

527 4475 725 4530 corpus
753 4463 952 4519 Christi
995 4466 1325 4536 participat:
1365 4480 1465 4522 nec
1494 4469 1643 4521 enim
1680 4469 2015 4525 attendimus
2046 4470 2115 4526 ad

2198 612 2497 667 crediderit
2540 617 2648 663 tam
2695 604 2988 677 pugnantia
3037 596 3364 669 scripsisse?
3407 598 3573 654 Absit
3618 596 3786 667 igitur

2192 715 2224 756 a
2268 700 2425 756 nobis
2458 705 2611 753 tanta
2638 695 2927 767 supinitas,
2975 700 3036 747 ut
3066 690 3230 745 verba
3268 689 3385 745 lucc
3416 686 3613 744 nescio
3645 686 3786 742 unde

2193 806 2433 863 sumpta,
2479 800 2739 859 tanquam
2777 786 3030 856 Origenis
3063 784 3292 856 genuina
3340 781 3738 853 suscipiamus.
3762 798 3779 832 ι

2192 886 2334 941 Alibi
2385 894 2567 938 tamen
2608 880 2922 936 Albertinus
2966 879 3131 934 citata
3171 876 3417 947 quaedam
3476 874 3551 929 ab
3594 873 3783 929 eodem

2193 977 2498 1045 Bnlengero
2546 976 2665 1028 loca
2705 971 2979 1041 Origenis,
3019 983 3140 1039 qua:
3184 981 3362 1021 causa:
3390 980 3507 1021 sua:
3550 964 3786 1019 credidit

2192 1078 2520 1138 Opportuna,
2568 1080 2668 1135 pro
2714 1063 2989 1133 germanis
3036 1060 3295 1115 admisit:
3344 1075 3364 1110 ι
3424 1056 3521 1111 Sic
3553 1056 3707 1110 enim
3739 1064 3786 1111 et

2194 1160 2481 1229 Origenes,
2519 1176 2537 1210 ι
2590 1157 2767 1226 inquit
2808 1154 2905 1210 lib.
2954 1168 3016 1218 tt,
3056 1167 3178 1222 cap.
3221 1151 3278 1217 5,
3335 1169 3355 1202 ι
3395 1165 3428 1204 a
3476 1147 3786 1217 Bulengero

2196 1252 2398 1308 relatus
2425 1249 2503 1304 ait
2542 1258 2723 1303 contra
2749 1245 3123 1301 Casaubonum
3152 1242 3290 1298 Diat.
3333 1242 3388 1305 3,
3430 1256 3487 1311 p.
3525 1238 3632 1294 166
3665 1258 3681 1293 :
3714 1240 3787 1293 Τὰ

2194 1345 2288 1399 ἐπὶ
2334 1342 2430 1397 τοῦ
2472 1338 2691 1410 λογικοῦ
2736 1338 2895 1411 ἡμῶν
2935 1333 3321 1407 θυσιαστηρίου
3387 1331 3787 1402 ἐπιτελούμενα

2195 1434 2414 1505 ἁγιάζει
2437 1434 2534 1505 τὴν
2559 1431 2861 1504 τράπεζαν,
2889 1430 3075 1485 καὶτὰ
3105 1431 3163 1483 ἐν
3190 1428 3329 1498 αὐτῇ
3370 1426 3570 1499 σκεύη.
3618 1425 3786 1479 Ἀντί-

2196 1548 2344 1587 τυπα
2364 1532 2472 1603 γάρ
2496 1531 2602 1583 εἱσι
2631 1526 2726 1582 τοῦ
2756 1524 3088 1581 Δεσποτικοῢ
3111 1523 3385 1595 σώματος.
3418 1541 3437 1574 t
3469 1522 3609 1589 Quae
3635 1536 3791 1591 super

2198 1623 2447 1677 rationali
2514 1620 2673 1675 altari
2743 1628 2936 1674 nostro
3002 1616 3386 1688 perficiuntur,
3439 1609 3791 1668 sanctiﬁcant

2198 1731 2467 1782 mensam,
2506 1726 2561 1769 et
2595 1727 2719 1767 vasa
2752 1714 2880 1782 qua!
2909 1710 2965 1763 in
2996 1710 3112 1779 ipsa
3144 1715 3294 1763 sunt.
3339 1705 3611 1776 Antitypa
3651 1704 3789 1757 enim

2200 1818 2328 1864 sunt
2358 1805 2625 1863 Dominici
2662 1803 2932 1874 corporis.
2964 1820 2984 1854 ι
3015 1800 3314 1857 Commoda
3347 1812 3489 1853 sane
3535 1805 3593 1851 et
3622 1794 3791 1850 facilis

2205 1898 2515 1970 diSputandi
2552 1897 2718 1963 ratio;
2752 1896 2799 1951 si
2828 1909 2950 1966 quae
2977 1891 3306 1948 catholicam
3338 1905 3572 1946 causam
3603 1887 3792 1956 juvant

2206 1987 2537 2052 testimonia,
2561 2001 2664 2057 pro
2687 1984 2841 2040 falsis
2862 1999 2949 2051 ea,
2975 1981 3172 2052 spuriis
3208 1994 3275 2036 ac
3315 1977 3534 2035 ﬁctitiis
3557 1977 3787 2034 habere:

2205 2080 2250 2136 si
2296 2094 2417 2149 quae
2461 2078 2717 2132 videntur
2759 2074 2936 2130 eidem
2978 2072 3278 2137 contraria,
3328 2069 3417 2127 his
3446 2069 3601 2125 haud
3644 2083 3791 2124 secus

2205 2189 2271 2229 ac
2294 2171 2553 2244 legitimis
2574 2180 2630 2226 et
2659 2168 2909 2242 genuinis
2937 2168 3038 2222 uti.
3077 2166 3176 2222 Vel
3208 2165 3360 2235 prior
3386 2178 3530 2219 sane
3556 2162 3792 2218 solvatur

2205 2267 2379 2331 locus,
2404 2263 2489 2320 vel
2519 2272 2824 2334 postremus
2851 2276 2958 2317 non
3008 2260 3343 2324 intentetur;
3381 2271 3555 2328 quem
3587 2269 3690 2310 nos
3716 2263 3790 2308 ta-

2207 2373 2331 2414 men
2359 2357 2545 2413 itidem
2569 2354 2873 2425 excipimus
2894 2361 2953 2407 ut
2976 2353 3165 2419 alium,
3188 2351 3241 2405 in
3259 2365 3371 2421 quo
3395 2346 3792 2405 eucharisticus

2210 2449 2368 2522 panis
2405 2463 2609 2520 corpus
2650 2445 2888 2519 typicum
2921 2451 2976 2499 et
3020 2440 3387 2516 symbolicum
3429 2438 3741 2511 appellatur
3778 2455 3791 2490 :

2209 2558 2331 2598 nam
2354 2541 2646 2599 ἀντίτυπον
2687 2534 3021 2593 Δεσποτικοῦ
3055 2534 3329 2607 σώματος,
3359 2532 3511 2587 idem
3544 2537 3635 2586 est
3668 2543 3728 2584 ac
3753 2527 3793 2583 si

2207 2644 2611 2691 sacramentum
2655 2633 2904 2702 corporis
2951 2630 3161 2685 Christi
3208 2626 3477 2699 appellet.
3527 2623 3796 2679 Praeterea

2208 2744 2317 2783 non
2345 2727 2476 2783 satis
2505 2735 2730 2797 apparet
2758 2741 2827 2780 an
2874 2724 2941 2780 de
2985 2736 3126 2794 pane
3163 2730 3220 2777 et
3256 2721 3391 2775 vino
3431 2716 3799 2775 eucharistieo

2211 2822 2321 2877 illic
2344 2830 2471 2892 agat
2499 2819 2783 2891 Origenes,
2806 2826 2868 2873 ut
2894 2815 3008 2872 vult
3034 2815 3371 2871 Albertinus.
3395 2812 3489 2869 Ait
3511 2811 3662 2866 enim
3684 2821 3800 2879 quae

2216 2931 2237 2967 ι
2270 2913 2629 2984 perﬁciuntur
2672 2924 2840 2980 super
2876 2908 3039 2965 altari
3081 2916 3273 2963 nostro
3316 2904 3601 2969 rationali,
3635 2922 3656 2957 ι
3704 2902 3800 2958 hoc

2210 3012 2296 3059 est
2348 3002 2404 3057 in
2432 3000 2614 3057 animo
2640 3008 2849 3064 nostro,
2886 3016 2908 3052 ι
2942 3011 3186 3053 mensam
3215 3005 3271 3051 et
3296 3009 3433 3049 vasa
3459 3008 3585 3064 quae
3612 2993 3665 3049 in
3693 2993 3803 3063 ipsa

2211 3103 2337 3149 sunt
2362 3092 2726 3159 sanctificare,
2761 3109 2782 3144 ι
2813 3093 2914 3146 hoc
2937 3098 3022 3144 est
3047 3088 3288 3143 animum
3322 3094 3383 3141 et
3436 3084 3610 3140 animi
3642 3082 3803 3139 facul-

2216 3196 2371 3241 tates.
2402 3184 2520 3240 Non
2547 3185 2706 3239 video
2734 3197 2832 3238 cur
2864 3182 2980 3237 hzec
3005 3180 3071 3234 ad
3100 3194 3252 3236 esum
3281 3177 3466 3249 potius
3491 3190 3802 3232 sacramen-

2218 3277 2376 3333 talem
2426 3275 2709 3331 referenda
2738 3273 2889 3339 .sint,
2936 3287 3100 3343 quam
3137 3272 3203 3325 ad
3252 3284 3378 3324 eum
3411 3282 3524 3338 quo
3572 3265 3802 3322 Verbum

2212 3385 2436 3427 carnem
2472 3370 2675 3424 factum
2710 3367 2815 3422 fide
2858 3364 3211 3421 comedimus.
3247 3361 3430 3429 Atque
3470 3368 3531 3414 ut
3563 3358 3656 3414 hic
3683 3371 3802 3412 esus

2212 3471 2298 3519 est
2323 3460 2620 3518 ἀντίτυπον
2658 3457 3071 3516 sacramentalis
3096 3469 3245 3520 esus,
3289 3456 3365 3509 ita
3414 3453 3656 3509 Verbum
3703 3451 3803 3505 tide

2214 3555 2637 3625 apprehensum,
2672 3562 2728 3608 et
2756 3559 2815 3606 ut
2840 3551 2912 3606 ita
2943 3550 3119 3605 dicam
3154 3546 3568 3612 manducatum,
3592 3546 3801 3601 ἀντίτυο

2214 3663 2318 3701 πον
2357 3655 2442 3701 est
2485 3644 2749 3699 Dnminici
2794 3641 3062 3712 corporis.
3100 3636 3294 3694 Priore
3333 3654 3470 3693 vero
3521 3638 3642 3693 loco
3680 3652 3801 3691 cum

2214 3754 2413 3809 corpus
2438 3737 2642 3793 Christi
2670 3738 2747 3791 ait
2766 3752 2872 3791 non
2900 3748 3020 3790 esse
3053 3741 3263 3803 typum,
3291 3732 3375 3787 sic
3404 3731 3669 3801 intelligo,
3700 3744 3800 3784 non

2215 3847 2336 3887 esse
2367 3844 2575 3885 merum
2602 3838 2789 3901 typum
2819 3836 2873 3881 et
2915 3826 3127 3898 signum
3164 3825 3283 3881 sine
3317 3838 3379 3878 re
3418 3824 3657 3894 signata,
3686 3834 3805 3892 quae

2216 3922 2455 3993 vulgaris
2493 3928 2579 3976 est
2614 3920 2725 3991 typi
2761 3919 2948 3984 notio;
2992 3918 3087 3973 sed
3118 3931 3224 3973 non
3271 3925 3437 3987 negat
3470 3928 3594 3969 esse
3626 3924 3803 3985 typum

2216 4029 2281 4069 ac
2328 4014 2543 4083 signum
2592 4012 2816 4066 alterius
2864 4010 3100 4080 generis,
3151 4023 3346 4077 nempe
3393 4021 3455 4061 re
3506 4007 3809 4077 significata

2217 4106 2589 4175 conjunctum.
2621 4105 2797 4173 Atque
2826 4102 2943 4158 haec
2974 4101 3026 4156 in
3054 4100 3345 4172 prmsentia
3376 4098 3673 4154 sufﬁciant.
3702 4096 3808 4163 Qui

2218 4199 2371 4269 plura
2439 4197 2600 4265 volet,
2639 4196 3021 4252 Bellarminum
3082 4193 3330 4250 consulat
3367 4192 3464 4247 lih.
3508 4207 3549 4248 ιι
3582 4191 3655 4245 De
3693 4188 3809 4243 Eu-

2217 4291 2438 4346 cltarist.
2468 4305 2588 4360 cap.
2618 4289 2675 4353 8,
2706 4288 2796 4343 ubi
2827 4302 2935 4343 non
2965 4286 3126 4341 allata
3156 4286 3333 4341 solum
3361 4301 3391 4339 a
3420 4284 3658 4355 Martyre
3686 4282 3810 4338 Ori-

2218 4382 2374 4454 genis
2400 4382 2623 4452 exponit
2656 4380 2988 4446 testimonia,
3022 4380 3117 4436 sed
3150 4379 3387 4449 plurima
3413 4393 3633 4449 quoque
3662 4375 3813 4447 ejus-

2219 4478 2342 4531 dem
2373 4476 2588 4541 recitat,
2622 4474 2820 4545 quibus
2850 4482 2999 4529 recte
3030 4473 3096 4529 de
3152 4480 3499 4528 sacramento
3549 4468 3812 4524 Euchari-

530 4559 781 4609 naturam
828 4567 1010 4607 rerum
1047 4554 1380 4611 sensibiliter
1420 4557 1845 4643 pr0positarum,
1880 4560 1973 4615 sed
2005 4561 2109 4616 eri-
2142 4574 2188 4629 1)
2216 4569 2335 4624 stim
2368 4567 2608 4623 sensisse
2655 4566 2894 4622 creditus
2925 4574 3008 4620 est
3044 4581 3059 4619 :
3091 4573 3145 4620 et
3173 4578 3271 4618 nos
3306 4577 3527 4634 quoque
3557 4558 3813 4616 nonnulla

528 4643 708 4711 gimus
728 4644 968 4700 anitnatn
996 4661 1092 4715 per
1119 4644 1291 4705 fidem
1310 4648 1379 4701 ad
1407 4664 1602 4718 corpus
1632 4648 1817 4705 Verbi.
1846 4650 1980 4708 Nam
2009 4668 2113 4708 non

531 4734 722 4799 dixit;
759 4735 872 4792 lloc
923 4748 1006 4793 est
1055 4738 1398 4811 Symbolum,
1450 4743 1566 4810 sed,
1614 4742 1729 4797 Hoc
1773 4753 1848 4798 est
1903 4760 2113 4814 corpus,

528 4827 986 4895 ostensive,utne
1012 4832 1135 4901 quis
1172 4841 1321 4901 putet
1344 4842 1526 4905 typum
1566 4848 1739 4889 esse.)
1769 4833 1886 4889 Non
1917 4836 2116 4891 nodum

529 4918 693 4976 solvit
718 4922 1037 4978 Albertinus
1081 4924 1220 4996 (49.),
1259 4927 1352 4981 sed
1383 4937 1532 4982 secat
1564 4927 1667 4982 hac
1711 4928 2104 4997 responsione:

537 5031 556 5066 ι
590 5013 844 5073 Fictitius
876 5017 1028 5074 locus
1064 5029 1168 5083 est,
1216 5034 1283 5074 ac
1324 5019 1557 5075 Grtecnli
1595 5020 1736 5075 forte
1767 5020 1997 5091 alicujus
2026 5036 2113 5074 re-

529 5109 810 5174 centioris,
857 5107 1077 5180 Origeni
1119 5111 1255 5166 falso
1284 5110 1494 5168 allictus
1537 5129 1553 5167 :
1598 5110 1932 5180 Bulengerus
1970 5110 2113 5163 enim

532 5198 760 5268 ipsemet
808 5200 977 5256 alium
1029 5202 1254 5260 adduxit
1297 5219 1362 5258 ex
1406 5204 1596 5259 eodem
1631 5201 1862 5272 Origene
1912 5202 2112 5265 locum,

533 5292 624 5347 ubi
658 5294 815 5363 plane
844 5294 896 5348 in
928 5298 1261 5351 contrarium
1294 5297 1370 5351 ait
1403 5298 1469 5350 de
1500 5310 1638 5367 pane
1666 5305 1722 5351 et
1752 5296 1879 5350 vino
1907 5294 2116 5349 Eucha-

535 5384 726 5439 ristico
745 5384 833 5440 illa
859 5386 1101 5457 antitypa
1130 5402 1250 5443 esse
1277 5386 1824 5458 Dominicijcorporis,
1848 5384 2118 5443 ἀντίτυπα

535 5478 645 5530 εἰσι
675 5477 772 5531 τοῦ
811 5479 1143 5534 Δεσποτικοῦ
1176 5479 1447 5551 σώματος.
1486 5477 1953 5546 Quemadmodum
1984 5488 2038 5531 et
2066 5478 2117 5532 in

538 5568 658 5625 loco
704 5586 771 5625 ex
822 5570 1217 5626 Commentario
1262 5574 1315 5625 in
1369 5571 1683 5627 Mutthamm
1727 5586 1889 5640 supra
1930 5571 2121 5636 citato,

539 5675 733 5733 pauent
766 5674 927 5716 vocat
956 5678 1152 5731 corpus
1203 5664 1441 5734 typicum
1489 5674 1544 5719 et
1586 5662 1970 5733 symbolicum,
2020 5662 2121 5721 hoc

612 5755 634 5788 ⁶
666 5756 1011 5825 Matthxxvt,
1038 5760 1129 5813 26.

616 5848 729 5915 (12)
773 5850 1035 5909 Albertin.
1067 5850 1141 5907 De
1174 5842 1600 5908 sacramaEnch.
1630 5852 1727 5910 lib.
1754 5866 1812 5920 ιι,
1854 5868 1967 5922 cap.
1999 5850 2054 5908 ‘3.

2221 4661 2289 4715 ad
2318 4669 2447 4715 tom.
2471 4675 2526 4715 ιι
2579 4659 2802 4731 Origen.
2824 4659 2881 4713 in
2900 4656 3122 4724 Matth.,
3148 4672 3299 4711 num.
3324 4655 3416 4721 14,
3437 4668 3602 4727 super
3617 4651 3812 4708 eodem

2224 4760 2548 4819 argumento
2574 4751 2948 4806 observamus.

2294 4841 2382 4899 lll.
2425 4842 2508 4898 Ab
2540 4841 2899 4898 Eucharistire
2928 4846 3272 4897 sacramento
3306 4837 3719 4910 progrediamur
3746 4836 3813 4889 ad

2224 4942 2626 4988 sacramentum
2659 4930 3013 4994 matrimonii,
3047 4930 3192 4985 circa
3227 4930 3373 4998 quod
3402 4944 3435 4983 a
3475 4925 3811 4982 communio~

2225 5024 2375 5078 ribus
2431 5022 2689 5079 Ecclesia)
2741 5021 3007 5091 dogmatis
3061 5019 3325 5090 Origenes
3376 5020 3431 5074 in
3487 5016 3814 5089 quibusdam

2219 5116 2421 5170 abiisse
2444 5114 2676 5170 videtur.
2700 5112 2942 5168 Primum
2969 5113 3117 5167 hom.
3152 5112 3211 5166 ll
3248 5113 3304 5163 in
3326 5108 3552 5175 Jerem.,
3582 5124 3736 5164 num.
3761 5107 3816 5172 5,

2222 5223 2276 5278 p.
2312 5207 2440 5274 191,
2483 5221 2816 5276 quaecunque
2853 5221 2924 5261 ex
2980 5205 3126 5259 coitu
3170 5212 3226 5258 et
3262 5202 3537 5274 voluptate
3597 5200 3819 5272 prolici—

2218 5309 2464 5366 sruntur,
2507 5299 2827 5370 purgatione
2871 5298 3112 5368 indigere
3164 5298 3241 5351 ait
3278 5314 3293 5351 :
3330 5308 3387 5352 et
3422 5307 3553 5351 tom.
3610 5308 3729 5348 xvn
3763 5294 3821 5345 in

2229 5391 2452 5458 Matt/1.,
2490 5410 2636 5447 num.
2680 5392 2771 5458 35,
2824 5406 2946 5463 pag.
2989 5392 3115 5454 827,
3149 5390 3553 5460 quodammodo
3584 5386 3825 5458 pollutos

2227 5497 2350 5538 esse
2376 5484 2507 5548 vult,
2541 5485 2854 5552 quicunque
2895 5481 3141 5538 venereis
3168 5490 3394 5536 utuntur
3420 5496 3436 5535 :
3482 5494 3549 5535 ne
3576 5492 3670 5533 eas
3701 5477 3827 5547 qui-

2229 5576 2352 5631 dem
2407 5577 2713 5647 volnptates
2765 5577 3068 5647 excipiens,
3124 5589 3361 5644 quarum
3409 5570 3828 5627 matrimonium

2228 5667 2498 5725 licentiam
2536 5669 2685 5726 facit.
2723 5667 2928 5725 Deinde
2988 5667 3128 5723 libro
3162 5680 3200 5721 tt
3235 5665 3291 5721 in
3328 5663 3503 5734 Epist.
3530 5660 3599 5717 ad
3626 5658 3828 5723 Rom.
