3906 6532
121 394 260 450 1089

967 393 1536 453 ΟῐῖΙϐΕΝΙᾹΝΟιὶυΜ
1575 396 1705 453 LIB.
1746 396 1814 462 Il,
1853 397 2004 452 CAP.
2044 396 2109 462 ll,
2147 396 2425 463 ρυίεδτ.
2465 396 2610 454 XIV.

3238 398 3376 470 £093

124 524 276 564 num.
315 508 403 574 l5,
451 521 573 577 pag.
620 503 727 561 ιρι
757 548 772 571 ,
818 506 1258 562 incircumcisum
1301 510 1553 579 appellat,
1605 511 1697 581 qui
1726 515 1775 571 Α
1803 524 1907 562 non
1939 518 2159 579 propter
2186 508 2555 577 generationis
2596 509 2864 577 ordinem,
2900 509 3211 580 nuptiarum
3248 515 3375 568 ado‘

114 599 389 654 concessis
416 596 748 651 matrimonii
772 596 895 665 jure
926 598 1293 667 voluptatibus
1328 600 1692 672 intemperan—

114 689 221 743 tius
252 689 530 756 abutitur;
565 688 947 743 circumcisum
988 704 1141 757 vero,
1194 708 1213 742 ι
1249 691 1293 745 si
1338 692 1463 761 quis
1496 692 1548 746 in
1587 692 1689 746 hu-

111 778 410 846 iuscemodi
444 776 659 848 negotio
687 777 963 848 legitimis,
992 787 1046 835 et
1078 790 1339 849 quantum
1385 782 1689 852 posteritati

109 870 307 926 suﬂicit
350 877 536 924 utatur
582 868 797 926 ciliciis.
834 888 853 922 ι
905 869 962 924 lu
1005 886 1113 940 quo
1145 880 1505 942 prmterquam
1552 890 1689 945 que-

110 965 294 1017 renda
336 960 536 1016 sobolis
568 961 762 1031 gratia,
796 976 1143 1032 congressum
1183 978 1398 1017 onmem
1432 965 1691 1036 coniuga—

110 1054 217 1107 lem
252 1052 464 1107 videtur
509 1065 786 1125 respuere,
831 1052 994 1108 etiam
1029 1054 1178 1108 illum
1214 1054 1305 1124 qui
1349 1063 1406 1108 ut
1444 1058 1685 1110 debitum

108 1141 375 1209 redditur,
414 1141 497 1196 vel
526 1144 753 1199 vitanda:
781 1144 1092 1198 tentationis
1124 1160 1285 1200 causa
1319 1158 1684 1216 perpetretur.

108 1231 219 1287 Sed
246 1230 366 1287 haec
388 1247 601 1302 quoque
628 1232 682 1287 in
713 1248 843 1289 voce
874 1250 894 1286 ι
931 1234 1185 1305 legitimis
1220 1254 1239 1288 ι
1269 1236 1538 1291 contineri
1568 1252 1689 1308 pos-

108 1340 303 1381 sumus
350 1327 714 1395 respondere;
765 1325 849 1379 vel
893 1326 1270 1381 circumcisum
1298 1328 1515 1397 quidem
1562 1344 1684 1384 eum

112 1434 245 1474 esse
288 1418 379 1489 qui
422 1419 770 1487 procreanda:
801 1427 1007 1473 tantum
1048 1420 1115 1473 ad
1156 1419 1355 1475 cultum
1386 1422 1477 1476 Dei
1518 1422 1686 1491 prolis

113 1523 282 1565 causa
311 1518 491 1563 actum
527 1509 860 1579 coniugalem
887 1518 1137 1578 exercet;
1177 1520 1233 1565 at
1254 1526 1360 1565 non
1389 1511 1684 1567 incircum-

104 1600 304 1663 cisum,
333 1598 423 1667 qui
453 1597 588 1653 alios
616 1606 874 1667 przeterea
923 1599 1060 1654 lines
1086 1610 1314 1671 spectat,
1342 1601 1435 1654 sed
1475 1601 1567 1671 qui
1603 1601 1684 1656 in-

106 1697 480 1758 temperanter
513 1702 572 1743 se
607 1689 766 1758 gerit.
817 1686 1181 1760 Hieronymus
1208 1700 1354 1745 certe
1385 1690 1483 1745 lib.
1534 1708 1572 1746 ll
1625 1693 1680 1746 in

104 1777 286 1847 Epist.
317 1779 399 1832 .ad
441 1778 660 1847 Ephes.,
698 1794 818 1849 cap.
850 1779 920 1845 5,
964 1780 1201 1850 reliquos
1239 1796 1426 1836 omnes
1469 1784 1680 1837 videtur

1796 598 2110 654 lescentulis
2137 599 2312 654 vincla
2342 601 2678 657 tribuantur.
2712 621 2733 655 ι

1866 689 1981 746 lloc
2007 690 2260 760 amplius,
2301 691 2492 747 scribit
2524 690 2786 764 Origenes
2817 693 3005 749 ltomil.
3039 694 3072 748 6
3100 695 3154 749 in
3178 694 3372 764 Num,

1796 794 1949 836 num.
1978 782 2034 847 5,
2074 782 2284 837 actibus
2312 783 2683 854 coniugalibus
2706 783 2966 853 Spiritum
2994 796 3240 840 sanctum
3266 803 3373 842 non

1794 871 2007 927 adesse.
2040 871 2213 927 Verba
2246 871 2363 927 haec
2397 882 2557 927 sunt:
2612 891 2631 925 ι
2674 872 2953 930 Connubia
2988 874 3205 944 quidem
3236 875 3372 945 legi-

1794 963 1923 1015 tima
1972 972 2161 1017 carent
2200 963 2413 1034 quidem
2453 974 2709 1034 peccato;
2756 980 2857 1020 nec
2910 976 3088 1019 tamen
3131 975 3372 1036 tempore

1792 1052 1884 1106 illo
1906 1067 2013 1121 quo
2046 1052 2358 1123 coniugales
2398 1062 2554 1109 actus
2588 1064 2849 1125 geruntur
2877 1058 3163 1127 prresentia
3194 1057 3366 1112 sancti

1791 1143 2030 1213 Spiritus
2075 1144 2313 1213 dabitur,
2361 1147 2573 1201 etiamsi
2620 1148 2883 1217 propheta
2930 1163 3055 1203 esse
3099 1149 3368 1219 videatur,

1788 1235 1879 1305 qui
1924 1235 2100 1291 oliicio
2147 1238 2520 1307 generationis
2563 1238 2904 1306 obsequitur.
2964 1257 2983 1292 ι
3034 1240 3105 1296 At
3152 1251 3368 1299 constat

1790 1335 1968 1380 tamen
1997 1334 2175 1380 actum
2200 1326 2362 1394 hunc,
2388 1327 2432 1382 si
2460 1328 2816 1399 suscipienda:
2840 1329 3008 1400 prolis
3020 1345 3184 1385 causa
3209 1346 3365 1389 exer—

1786 1426 1998 1481 ceatur,
2028 1417 2111 1470 vel
2139 1417 2303 1472 debiti
2330 1419 2608 1485 reddendi,
2636 1420 2762 1490 quia
2796 1420 2944 1476 aliud
2973 1430 3056 1475 est
3087 1424 3368 1493 religionis

1784 1520 1941 1573 Opus,
2008 1504 2153 1559 aliud
2200 1504 2451 1575 iustitia},
2498 1517 2742 1563 sanctum
2796 1524 2915 1563 esse
2968 1522 3023 1565 et
3081 1511 3249 1582 pium,
3300 1529 3365 1568 ac

1785 1597 2013 1665 proinde
2066 1597 2302 1664 Spiritus
2345 1599 2516 1651 sancti
2569 1600 2812 1654 subsidio
2851 1610 2906 1655 et
2943 1617 3046 1670 ope
3091 1605 3367 1658 exerceri.

1783 1686 2121 1741 Contradicit
2150 1688 2501 1743 nihilominus
2533 1691 2739 1746 Auctor
2768 1690 2959 1760 Operi:
2983 1695 3274 1764 imperfecti
3308 1697 3369 1750 in

1786 1776 1978 1831 Manli.
2031 1792 2070 1840 t,
2123 1777 2209 1841 l8,
2265 1780 2447 1847 aitque
2492 1782 2890 1837 matrimonium
2936 1784 3035 1837 etsi
3087 1787 3365 1841 utentibus

104 1871 414 1941 improbare
444 1872 599 1937 lines,
627 1886 795 1926 unum
826 1871 967 1926 hunc
1000 1849 1305 1937 admittere,
1334 1888 1439 1942 quo
1464 1874 1677 1930 soboles
1709 1849 1753 1908 Β
1781 1882 1995 1934 umnam
2042 1884 2146 1923 non
2192 1867 2406 1934 inferat,
2455 1872 2757 1926 mercedem
2820 1882 2998 1927 tamen
3056 1889 3160 1928 non
3223 1890 3362 1944 prte-

101 1964 469 2034 comparanda
525 1964 859 2035 proponitur.
915 1982 934 2016 ‹
991 1964 1080 2028 Si,
1153 1963 1366 2035 inquit,
1420 1967 1490 2020 ita
1541 1982 1678 2021 uxor

100 2054 436 2123 subjicienda
471 2055 587 2108 viro
612 2063 717 2121 est,
745 2064 803 2109 ut
833 2053 1050 2109 Christo
1093 2054 1371 2123 Ecclesia;
1411 2057 1554 2112 inter
1590 2059 1673 2113 vi-

100 2160 223 2199 rum
252 2154 308 2199 et
352 2160 573 2200 uxorem
600 2145 705 2199 erit
744 2154 927 2207 sancta
959 2144 1283 2215 coniunctio,
1315 2155 1369 2202 et
1400 2164 1672 2217 nunquam

100 2236 347 2305 corporis
377 2237 612 2291 servient
640 2237 1019 2314 passionibus:
1052 2256 1073 2291 ι
1107 2236 1403 2294 Corinthiis
1434 2255 1584 2304 vero,
1617 2249 1676 2295 ut

99 2329 355 2393 infirmis,
395 2330 623 2384 necdum
655 2330 824 2384 solida
873 2331 1074 2400 pietate
1117 2332 1386 2387 roboratis
1432 2345 1672 2389 mutuam

98 2420 268 2474 debiti
298 2419 618 2475 solutionem
646 2435 741 2489 per
768 2422 1178 2489 πγκατάὸασιν
1204 2433 1258 2477 et
1287 2423 1671 2495 indulgentiam

98 2510 329 2566 Paulum
361 2511 694 2567 concessisse
738 2512 904 2578 dicit;
956 2521 1014 2567 at
1047 2513 1321 2582 Ephesiis,
1360 2523 1419 2569 ut
1463 2526 1585 2585 pote
1619 2516 1671 2569 in

96 2603 302 2658 Christi
332 2603 574 2657 doctrina
604 2605 1031 2673 provectioribus
1056 2606 1361 2674 ademisse;
1383 2608 1674 2676 unicuique

100 2705 284 2751 tamen
306 2696 387 2749 vel
411 2696 690 2765 Ephesios,
724 2696 803 2750 vel
824 2679 1132 2752 Corinthios
1159 2698 1398 2752 aemulari
1423 2698 1505 2754 ias
1531 2714 1668 2755 esse.

95 2788 164 2843 Et
203 2788 367 2858 paulo
415 2797 579 2859 posti:
621 2806 640 2839 ι
682 2786 998 2843 Liberorum
1039 2803 1186 2859 ergo,
1218 2797 1277 2843 ut
1306 2790 1563 2853 diximus,
1615 2791 1666 2845 in

96 2881 446 2936 matrimonio
473 2896 635 2950 opera
662 2895 917 2935 concessa
945 2891 1088 2935 sunt.
1121 2880 1437 2951 Voluptates
1463 2891 1668 2947 autem,

95 2990 218 3041 qua:
245 2974 311 3028 de
348 2973 689 3027 meretricum
713 2971 999 3043 capiuntur
1024 2971 1381 3042 amplexibus,
1417 2972 1470 3025 in
1505 2988 1672 3028 uxore

96 3067 391 3120 damnatm.
426 3063 535 3119 lloc
562 3064 751 3134 legens
788 3063 963 3118 omnis
988 3064 1073 3116 vir
1102 3073 1156 3117 et
1180 3077 1337 3129 uxor,
1372 3064 1674 3133 intelligant

97 3156 201 3210 sibi
240 3167 361 3225 post
397 3164 713 3225 conceptum
744 3155 914 3225 magis
943 3154 1177 3209 orationi
1208 3170 1370 3225 quam
1401 3155 1671 3211 connubio

93 3245 464 3301 serviendum.
506 3244 571 3298 Et
599 3245 742 3315 quod
778 3245 831 3300 in
866 3244 1188 3300 animalibus
1228 3252 1283 3299 et
1325 3244 1515 3299 bestiis
1555 3246 1671 3315 ipso

93 3347 311 3390 natura:
356 3334 479 3404 iure
526 3337 894 3406 prascriptum
943 3345 1059 3402 est,
1116 3344 1176 3390 ut
1222 3346 1560 3405 praegnantes
1606 3336 1672 3391 ad

1782 1969 1947 2015 stare.

1851 2071 2137 2130 Postremo
2180 2072 2402 2130 iteratae
2449 2076 2687 2144 nuptias,
2729 2092 2834 2132 non
2878 2078 3031 2147 quasi
3070 2077 3365 2136 damnosae

1780 2163 1997 2233 penitus
2024 2179 2089 2218 ac
2126 2165 2346 2233 noxias,
2383 2168 2477 2220 sed
2512 2166 2665 2235 quasi
2711 2170 2799 2237 pio
2826 2178 2880 2222 et
2917 2169 3225 2226 Christiano
3255 2172 3364 2227 hoe

1781 2253 1924 2308 mine
1967 2252 2213 2326 indignas
2253 2255 2607 2312 Adamantius
2645 2260 2934 2314 traduxit:
2976 2262 3117 2331 quod
3158 2263 3359 2318 merito

1780 2346 2049 2400 criminati
2091 2355 2219 2400 sunt
2262 2347 2775 2419 Magdeburgenses,
2810 2351 2965 2406 Cent.
3000 2353 3055 2417 5,
3090 2368 3210 2422 cap.
3262 2352 3351 2408 10.

1785 2453 1807 2489 ι
1836 2434 1989 2489 Nunc
2020 2450 2171 2501 vero,
2209 2454 2229 2488 ι
2284 2438 2458 2508 inquit
2492 2439 2682 2494 bomil.
2728 2440 2795 2494 l7
2823 2440 2877 2495 iu
2925 2439 3084 2509 Luc.,
3111 2460 3129 2494 ι
3178 2451 3234 2497 et
3265 2458 3354 2497 se-

1779 2526 1991 2590 cundae,
2018 2534 2072 2580 et
2106 2526 2301 2591 tertiae,
2332 2536 2387 2583 ct
2413 2537 2620 2598 quarta
2652 2530 2872 2598 nuptiae,
2911 2539 2971 2583 ut
3006 2530 3073 2586 de
3108 2530 3361 2601 pluribus

1782 2625 2008 2681 taceam,
2058 2618 2426 2688 reperiuntur,
2470 2628 2525 2674 et
2555 2636 2665 2676 non
2709 2623 3022 2692 ignoramus
3062 2622 3205 2692 quod
3247 2623 3353 2679 tale

1779 2703 2089 2775 coniugium
2123 2706 2303 2775 eiiciet
2339 2723 2437 2761 nos
2471 2708 2535 2763 de
2570 2724 2735 2780 regno
2766 2708 2886 2764 Dei.
2918 2727 2939 2762 ι
2995 2708 3064 2765 Et
3109 2710 3310 2767 deinde
3334 2728 3357 2768 :7

1783 2814 1803 2848 r
1842 2796 1914 2849 De
1940 2805 2082 2850 cortu
2112 2797 2503 2867 primitivorum
2556 2800 3137 2871 immaculatorumque
3168 2800 3358 2857 Eccle-

1780 2888 1891 2949 siae,
1931 2904 2049 2959 qua:
2079 2905 2182 2944 non
2214 2889 2373 2944 habet
2417 2891 2709 2955 maculam,
2738 2906 2911 2961 neque
2942 2907 3126 2961 rugam
3159 2893 3217 2927 “
3244 2890 3354 2961 eji-

1779 2979 1951 3033 cietur
1973 2980 2237 3048 digamus,
2261 2995 2364 3034 nou
2397 2995 2505 3049 quo
2535 2981 2584 3034 iu
2611 2992 2868 3035 teternum
2901 2984 3141 3036 mittatur
3168 2982 3359 3037 incen-r

1780 3069 1952 3133 dium,
1985 3068 2081 3123 sed
2127 3083 2235 3138 quo
2285 3080 2496 3138 partem
2533 3085 2638 3124 non
2670 3069 2863 3125 habeat
2896 3070 2949 3124 in
2982 3086 3147 3140 regno
3180 3072 3295 3128 Dei.
3326 3090 3353 3125 ν

1780 3156 1914 3213 Tum
1940 3174 2102 3214 mox:
2137 3176 2158 3211 ι
2191 3158 2325 3214 Ρυιο
2351 3159 2493 3213 enim
2530 3174 2933 3230 monogamum,
2975 3171 3028 3216 et
3059 3162 3353 3232 virginem,

1773 3259 1827 3303 et
1855 3264 1976 3303 eum
2018 3248 2111 3319 qui
2138 3248 2191 3302 in
2218 3246 2537 3303 castimonia
2567 3257 2900 3317 perseverat,
2925 3262 3046 3303 esse
3069 3248 3135 3303 de
3163 3248 3351 3303 Eccle-

1773 3339 1851 3394 sia
1881 3339 2011 3405 Dei;
2043 3354 2167 3393 eum
2201 3353 2327 3393 vero
2355 3337 2447 3408 qui
2478 3339 2548 3394 sit
2578 3339 2842 3409 digamns,
2873 3338 2995 3393 licet
3022 3338 3217 3393 bonam
3254 3339 3349 3397 ha-

92 3438 310 3495 partum
341 3440 508 3495 usque
540 3441 645 3481 non
686 3435 901 3489 coeant,
932 3427 1038 3481 hoc
1070 3426 1123 3480 in
1160 3426 1465 3479 hominibus
1495 3427 1673 3482 sciant
1772 3430 1897 3485 beat
1930 3429 2419 3494 conversationem,
2465 3438 2519 3485 et
2560 3429 2772 3485 caeteris
2805 3429 3095 3485 virtutibus
3123 3428 3347 3500 polleat,

93 3516 327 3572 arbitrio
361 3517 702 3581 derelictum,
735 3527 795 3570 ut
825 3531 1033 3571 merces
1062 3526 1207 3571 esset
1234 3530 1300 3570 ex
1343 3517 1669 3572 abstinentia
1773 3530 1951 3576 tamen
1973 3536 2077 3575 non
2103 3535 2222 3575 esse
2245 3520 2311 3575 de
2328 3519 2591 3586 Ecclesia,
2622 3529 2677 3575 et
2696 3521 2761 3575 de
2777 3534 2843 3574 eo
2864 3535 3091 3575 numero
3122 3519 3213 3590 qui
3234 3535 3340 3574 non

91 3610 455 3678 voluptatum.
492 3627 511 3661 ι
553 3609 630 3664 Eo
665 3609 929 3663 accedunt
968 3610 1068 3665 ista
1102 3607 1381 3679 Epiphanii
1414 3610 1543 3663 liter.
1578 3611 1669 3675 (i5,
1772 3612 1933 3667 habet
1954 3627 2136 3682 rugam
2154 3610 2661 3677 autmaculam,aut
2682 3610 2881 3681 aliquid
2903 3611 3355 3676 istiusmodi;sed

92 3717 217 3771 cap.
242 3701 298 3767 4,
327 3699 386 3755 '0
410 3701 600 3773 σεμνὸς
616 3700 673 3754 δὲ
699 3701 874 3773 γάμος
898 3702 1235 3755 παιδοποιίαν
1258 3702 1356 3755 οὑκ
1382 3704 1459 3766 εἰς
1482 3703 1673 3773 αἰσχύ-

1784 3718 1888 3759 esse
1909 3704 1974 3758 de
2003 3703 2239 3759 secundo
2266 3702 2456 3772 gradu,
2479 3712 2534 3758 et
2560 3703 2625 3757 de
2647 3702 2732 3757 his
2754 3706 2844 3773 qui
2874 3703 3126 3758 invocant
3151 3719 3346 3758 nomen

91 3810 189 3864 νην
236 3793 307 3846 τὰ
337 3794 400 3846 ὲκ
432 3792 563 3846 Θεοῦ
608 3791 785 3856 καλῶς
806 3793 1133 3863 κεκτισμένα
1171 3791 1523 3864 ἀπαγορεύει·
1554 3793 1668 3845 ἀλλ’

1784 3794 2005 3859 Domini,
2051 3803 2105 3849 et
2148 3795 2239 3865 qui
2294 3793 2571 3847 salvantur
2619 3793 2835 3863 quidem
2879 3794 2930 3849 in
2973 3794 3191 3849 nomine
3219 3792 3353 3849 ἆραι

90 3886 215 3939 οὔτε
249 3885 423 3949 ἄλλως
461 3886 891 3956 μεταχειρίζεται
922 3886 1020 3956 τῆς
1056 3883 1149 3938 τοῦ
1170 3885 1348 3957 γάμου
1389 3886 1670 3951 κοινωνίας

1784 3885 1999 3954 Christi;
2041 3900 2380 3954 nequaquam
2434 3894 2611 3937 tamen
2670 3895 2999 3939 coronantur
3053 3886 3121 3940 ab
3172 3900 3258 3939 co.
3322 3903 3353 3937 ν

91 3978 189 4049 τὴν
222 3978 290 4029 ὲκ
328 3975 461 4029 Θεοῦ
494 3975 833 4046 τεταγμένην
867 3977 1109 4048 ἀγωγήν.
1160 3995 1179 4029 ι
1218 3976 1535 4048 Ncutiquam
1575 3978 1670 4033 ho-

1784 3976 1905 4032 llinc
1946 3976 2163 4032 homilia
2208 3976 2274 4030 l9
2316 3976 2372 4028 in
2406 3973 2629 4039 Jerem.,
2694 3991 2845 4029 num.
2890 3974 2947 4040 ι,
2996 3990 3099 4029 non
3144 3984 3358 4031 aeterno

92 4066 376 4122 norabiles
415 4067 612 4137 nuptite
657 4068 725 4121 ad
773 4067 1117 4137 ignominiam
1157 4069 1434 4124 trahentes
1482 4086 1601 4140 quae
1639 4086 1667 4124 a
1769 4069 1985 4139 quidem
2028 4066 2385 4122 addicendum
2422 4066 2583 4119 tradit
2617 4065 2880 4135 supplicio
2906 4066 3215 4136 digamum,
3252 4070 3343 4145 sed

94 4160 203 4213 Deo
242 4158 463 4212 condita
500 4167 646 4225 sunt,
684 4158 975 4213 liberorum
1011 4160 1443 4228 procreationem
1482 4162 1667 4230 prohi-
1768 4158 2083 4228 participem
2106 4158 2294 4212 salutis
2317 4157 2542 4221 alicujus
2567 4156 2828 4219 futurum,
2853 4171 2954 4209 non
2982 4166 3157 4211 tamen
3186 4165 3371 4233 tantmj

93 4250 271 4317 bent;
307 4250 400 4305 sed
429 4264 527 4305 nec
555 4249 711 4304 aliter
742 4258 1004 4320 usurpant
1032 4250 1285 4320 nuptialis
1335 4250 1671 4318 conjunctio—
1768 4250 2058 4317 felicitatis,
2106 4256 2319 4317 quanta:
2374 4248 2463 4316 qui
2516 4262 2683 4320 purus
2734 4246 2948 4303 vixerit.
2996 4246 3165 4301 Tomo
3211 4260 3346 4315 quo-

93 4342 176 4395 nis
231 4341 455 4395 modum
501 4355 531 4394 a
581 4340 692 4396 Deo
730 4342 1055 4395 institutum.
1096 4358 1116 4392 ι
1179 4341 1513 4409 Astipulatur
1554 4344 1667 4395 Au-
1768 4356 1872 4410 que
1900 4355 1970 4395 xx
2025 4341 2078 4393 in
2113 4337 2302 4405 Joau.,
2345 4336 2616 4402 num.10,
2665 4338 2717 4391 in
2754 4352 2819 4392 eo
2866 4339 3174 4407 neutiquam
3226 4338 3347 4393 imi-

92 4432 346 4503 gustinus
371 4431 508 4487 libro
542 4430 621 4487 De
645 4433 775 4488 bono
797 4432 1085 4502 conjugali,
1111 4446 1229 4501 cap.
1259 4432 1313 4485 7.
1357 4450 1375 4483 ι
1401 4432 1664 4497 Reddere,
1770 4428 1987 4481 tandum
2019 4427 2388 4481 Abrahamum
2426 4426 2766 4495 pronuntiat,
2795 4426 2937 4496 quod
2981 4426 3189 4481 ancilla:
3217 4442 3347 4482 con-

92 4525 298 4596 inquit,
363 4525 599 4580 debitum
660 4525 939 4595 coniugale
992 4524 1191 4578 nullius
1248 4533 1332 4578 est
1393 4524 1664 4591 criminis;
1698 4554 1742 4608 Β
1771 4517 2053 4583 cubuerit,
2082 4526 2136 4572 et
2183 4517 2446 4573 defuncta:
2474 4518 2626 4572 uxori
2658 4518 2816 4571 aliam
2857 4517 2907 4571 in
2952 4528 3230 4575 senectute
3256 4536 3347 4574 su-

92 4617 321 4686 exigere
350 4627 527 4671 autem
559 4616 699 4671 ultra
731 4616 1020 4686 generandi
1064 4616 1464 4679 necessitatem,
1498 4613 1669 4683 culpae

92 4708 325 4763 veni-alis
354 4725 367 4761 :
407 4726 425 4759 ι
458 4708 601 4777 quod
644 4708 803 4761 iterat.
837 4721 957 4775 cap.
1010 4705 1075 4760 10
1101 4716 1152 4759 et
1182 4705 1271 4768 Η,
1305 4714 1357 4759 et
1380 4704 1475 4760 lib.
1529 4719 1544 4757 ι
1599 4704 1670 4758 De

91 4812 245 4869 nupt.
278 4811 325 4854 et
356 4800 681 4868 concupisc.,
712 4813 831 4868 cap.
871 4797 959 4851 l4.
992 4795 1330 4866 Astipulatur
1368 4807 1422 4850 et
1457 4796 1671 4865 supple-

92 4903 338 4948 mentum
375 4891 608 4947 Summtc
626 4891 687 4945 S.
724 4889 933 4944 Thema:
976 4900 1167 4960 quaest.
1204 4890 1296 4953 49,
1339 4904 1389 4942 a.
1422 4889 1475 4944 5.
1516 4889 1667 4956 Quod

92 4996 281 5041 autem
307 4984 473 5055 iactat
513 4982 842 5053 Theophilus
880 4981 1076 5035 Pascit.
1117 4981 1152 5036 2
1194 4993 1249 5036 et
1296 4983 1353 5046 5,
1384 4980 1666 5050 Origenem

97 5097 117 5131 ο
154 5076 510 5134 honorabiles
531 5076 919 5131 condemnasse
942 5077 1178 5146 nuptias,
1212 5093 1230 5127 ι
1268 5091 1372 5130 non
1402 5075 1452 5132 iul
1474 5090 1536 5127 ex
1556 5073 1671 5143 eius

90 5169 307 5234 verbis,
334 5167 427 5223 sed
458 5181 524 5221 ex
556 5166 811 5221 doctrinae
838 5164 1003 5234 ipsius
1032 5163 1416 5239 consequentia
1447 5163 1623 5233 arguit
1654 5183 1668 5219 :

92 5262 171 5314 sic
201 5260 352 5315 enim
383 5257 771 5313 ratiocinatur:
800 5256 855 5310 Si
882 5257 933 5309 in
961 5268 1208 5323 corpora,
1234 5254 1314 5309 sic
1337 5262 1588 5322 tanquam
1612 5254 1667 5307 in

90 5349 392 5421 ergastula,
420 5348 777 5404 detruduntur
805 5347 1003 5400 anima
1034 5345 1228 5409 noxia',
1253 5359 1357 5398 non
1389 5358 1510 5399 esse
1538 5343 1669 5399 illud

96 5462 116 5495 ι
141 5441 325 5497 cubile
352 5438 776 5502 immaculatum,
799 5455 818 5489 ι
849 5451 946 5491 nec
970 5452 988 5488 ι
1014 5433 1358 5490 honorabiles
1382 5434 1617 5501 nuptias,
1644 5451 1663 5484 ι

92 5548 215 5604 qum
282 5529 578 5585 formandis
630 5526 968 5598 corporibus,
1021 5540 1086 5580 ac
1137 5524 1330 5579 animis
1382 5522 1667 5591 puniendis

92 5636 321 5695 operam
356 5620 506 5685 dant,
545 5633 695 5686 cum.
723 5634 742 5669 ι
775 5626 995 5686 propter
1030 5628 1218 5684 plenas
1250 5612 1576 5677 animarum,
1614 5618 1668 5664 et

164 5849 188 5881 ι
231 5852 247 5868 ·
283 5848 481 5915 Ephes.
524 5862 573 5908 v,
603 5844 690 5898 ετ.

1772 4608 2164 4678 perinduxerit.
2209 4606 2460 4662 Profecto
2489 4622 2593 4661 non
2630 4606 3005 4673 Montanistze,
3044 4609 3185 4662 inter
3210 4623 3358 4678 quos

1773 4698 2153 4764 Tertullianus,
2182 4712 2281 4752 nec
2321 4696 2606 4751 Novatiaui
2638 4694 2811 4750 solum
2844 4695 2945 4750 hac
2975 4697 3226 4766 Opinione
3266 4699 3348 4751 in-

1773 4791 1897 4847 fecti
1924 4800 2067 4855 sunt,
2092 4791 2184 4845 sed
2216 4788 2469 4843 nonnulla
2498 4788 2660 4845 etiam
2685 4787 2842 4857 huius
2863 4788 3040 4842 aliinia
3069 4804 3136 4842 ex
3160 4791 3368 4866 ortho-A

1774 4882 1926 4937 doxis
1954 4882 2305 4950 scriptoribus
2332 4880 2510 4933 aﬂerri
2543 4878 2735 4945 solent,
2765 4895 2884 4949 qua:
2913 4881 2964 4933 in
2997 4880 3354 4935 Decretorum

1773 4985 1924 5043 parte
1951 4988 2009 5039 tt,
2039 4989 2189 5027 caus.
2220 4973 2311 5035 5|,
2343 4980 2535 5041 quaest.
2568 4970 2618 5037 l,
2646 4986 2767 5023 can.
2801 4969 2856 5035 8,
2898 4971 2931 5025 9
2955 4979 3009 5023 et
3042 4970 3128 5036 10,
3168 4970 3356 5024 retulit

1774 5065 2081 5119 Gratianus.
2110 5062 2267 5115 Prior
2304 5063 2455 5116 locus
2487 5068 2571 5114 est
2613 5075 2677 5113 ex
2711 5058 3132 5114 Neocaesariensi
3160 5061 3346 5115 conci-

1773 5154 1865 5221 lio,
1902 5169 2008 5223 quo
2042 5171 2061 5204 ι
2100 5151 2455 5206 secundarum
2489 5151 2796 5221 nuptiarum
2855 5150 3124 5205 connubio
3161 5168 3181 5203 ι
3223 5164 3359 5221 pre-‘

1774 5246 1958 5317 sbyter
1988 5245 2249 5299 interesse
2283 5242 2625 5313 prohibetur,
2659 5257 2780 5296 cum
2826 5241 3124 5310 praesertim
3148 5241 3359 5312 nuptiis

1772 5337 2032 5408 eiusmodi
2064 5336 2376 5406 paenitentia
2408 5334 2604 5403 imponi
2641 5333 2828 5387 soleat.
2870 5330 2973 5387 Ubi
3004 5348 3124 5402 pro,
3158 5350 3177 5384 ι
3218 5348 3350 5387 con-

1775 5426 1957 5491 uubio,
1990 5444 2009 5476 )
2044 5425 2322 5489 legendum
2354 5431 2458 5486 est,
2488 5440 2509 5474 ι
2539 5421 2820 5487 convivio;
2859 5438 2877 5471 ι
2909 5421 2988 5475 sic
3009 5420 3152 5475 enim
3192 5424 3352 5490 paulo

1777 5526 1895 5587 post
1947 5516 2219 5570 habetur:
2269 5532 2288 5563 ι
2328 5513 2459 5580 Quis
2494 5513 2600 5567 erit
2644 5514 2948 5583 presbyter,
2996 5511 3085 5580 qui
3126 5521 3353 5580 propter

1774 5609 2080 5665 convivium
2125 5606 2228 5662 illis
2269 5605 2571 5660 consentiat
2622 5604 2862 5674 nuptiis?
2894 5622 2916 5655 ι
2955 5603 3030 5657 lta
3070 5602 3351 5673 legitur'il
