3914 6524
522 409 655 472 1091

1803 411 1866 469 Ρ.
1902 412 2219 468 DANIELIS
2257 400 2495 468 hUETli

3662 404 3798 470 toga

523 531 658 601 ipsis
688 527 898 585 concilii
923 526 1342 597 exemplaribus,
1371 544 1438 584 ex
1466 527 1657 585 Graeco
1693 528 2110 603 εῐῐρεσϐύτερον
2140 536 2183 591 Α
2216 532 2390 600 patria
2433 531 2645 585 illorum
2671 530 2906 585 dialecto
2933 527 3199 600 signiﬁcat
3228 517 3439 601 Mag‘u‘s’.
3473 550 3492 583 ι
3530 527 3793 601 Prrecipui

522 626 605 687 εἰς
650 622 864 693 γάμους
915 621 1290 690 διγαμούντων
1338 622 1413 692 μὴ
1469 620 1771 676 ἑστιᾶσθαι.
1831 622 1982 688 Quod
2029 624 2107 677 sic

524 716 697 767 reddit
744 712 1033 781 Dionysius
1066 711 1306 781 Exiguus
1352 728 1366 765 :
1414 730 1432 763 ι
1480 712 1777 783 Presbyter
1805 712 1859 766 in
1910 714 2107 782 nuptiis

521 805 641 871 ejus
672 804 761 873 qui
799 804 933 856 duas
978 818 1176 855 uxores
1203 803 1381 866 ducit.
1429 814 1521 858 Seu
1566 804 1814 876 digamns
1858 805 2104 870 elIiritur,

525 912 590 949 ne
621 884 963 949 convivctur.
1005 912 1023 946 ι
1060 890 1210 948 Alter
1254 894 1406 949 locus
1442 904 1523 949 est
1559 908 1625 949 ex
1668 906 1891 950 auclore
1921 894 2108 963 Operi:

524 986 840 1054 imperfecti,
875 987 1063 1041 bomil.
1111 979 1181 1040 3'5
1206 988 1257 1040 in
1294 985 1509 1050 Matt/1.,
1542 982 1630 1053 19,
1664 1004 1769 1056 quo
1802 989 2109 1042 decernitur

523 1080 732 1134 licitmn
779 1095 899 1134 esse
942 1080 1237 1134 secundum
1278 1080 1520 1148 Apostoli
1553 1091 1879 1150 przeceptum
1910 1096 2109 1134 secun-

519 1172 618 1226 das
651 1174 803 1227 adire
849 1174 1086 1241 nuptias,
1130 1190 1148 1222 ι
1193 1171 1488 1227 secundum
1531 1180 1709 1225 autem
1749 1172 1992 1225 Veritatis
2025 1188 2111 1223 ra-

522 1264 750 1326 tionem,
794 1278 925 1317 vere
953 1264 1368 1317 fornicationem
1413 1278 1532 1316 esse
1566 1280 1578 1316 :
1609 1258 1705 1316 sed
1736 1272 1857 1316 cum
1889 1264 2112 1330 permit-

524 1361 674 1407 tente
726 1351 837 1406 Deo
890 1351 1104 1420 publice
1173 1354 1227 1407 et
1286 1352 1507 1405 licenter
1557 1351 1939 1417 committitur,
1994 1352 2109 1408 fieri

524 1444 808 1499 honesmm
866 1445 1300 1499 fornicationem.
1341 1465 1357 1497 ι
1390 1445 1632 1499 Tertium
1670 1447 1884 1500 demum
1922 1462 2115 1517 suppe-

521 1537 659 1590 ditat
700 1536 1070 1608 Hieronymus
1130 1538 1224 1591 lib.
1258 1554 1271 1591 l
1326 1538 1380 1590 in
1417 1538 1716 1603 Jovinian.,
1747 1554 1869 1608 cap.
1917 1540 1971 1603 8,
2006 1554 2111 1608 quo

521 1630 791 1683 secundas
837 1631 1053 1699 nuptias
1090 1630 1171 1684 vix
1205 1630 1511 1699 nuptiarum
1556 1632 1781 1686 nomine
1808 1633 2110 1698 donandas,

521 1731 578 1778 et
610 1721 697 1776 vix
725 1725 1063 1778 excusandas
1092 1723 1299 1778 definit.
1332 1723 1401 1776 At
1437 1724 1487 1777 id
1531 1740 1636 1778 non
1671 1734 1779 1777 tam
1814 1725 1876 1777 ad
1911 1740 2001 1777 eas
2026 1740 2112 1779 re-

523 1816 850 1885 pudianda‘s,
879 1830 1038 1884 quam
1071 1815 1137 1868 ad
1173 1808 1534 1869 extollendam
1573 1815 1855 1869 viduarum
1888 1817 2112 1870 castita-

523 1911 633 1957 tem
667 1904 871 1957 dictum
927 1903 1215 1972 respondet
1269 1894 1580 1965 Gratianus,
1631 1907 1686 1956 et
1737 1917 1803 1955 ex
1841 1901 1961 1955 aliis
1993 1900 2110 1970 ejus

524 1993 855 2046 testimoniis
910 1995 1194 2063 approbat.
1251 1992 1356 2047 Tot
1413 2008 1542 2047 vero
1601 2004 1775 2049 scatet
1831 1994 2111 2051 erroribus

524 2082 716 2151 Operis
755 2086 1047 2154 imperfecti
1086 2086 1345 2155 scriptor,
1377 2096 1435 2139 ut
1475 2086 1527 2139 in
1564 2085 1889 2154 dogmaticis
1922 2086 2110 2156 dispu-

524 2176 821 2231 tationibus
870 2177 1093 2231 minime
1142 2178 1213 2231 sit
1255 2177 1575 2231 audiendus.
1619 2175 2110 2232 Neocaesariensem

525 2276 708 2320 autem
740 2268 1000 2337 synodum
1051 2267 1118 2321 de
1151 2268 1394 2336 pluribus
1437 2265 1597 2319 simul
1630 2265 1811 2319 ductis
1851 2266 2111 2319 uxoribus

526 2370 687 2427 agere
732 2358 975 2412 nonnulli
1026 2358 1351 2427 respondent
1409 2372 1425 2410 :
1480 2364 1641 2425 quam
1700 2355 2111 2426 responsionem

524 2448 759 2518 probare
795 2463 898 2501 non
936 2460 1175 2517 possunt.
1210 2445 1389 2501 Malim
1426 2444 1581 2499 fateri
1632 2446 1791 2501 talem
1830 2446 1995 2503 fuisse
2042 2461 2105 2501 ea

526 2548 687 2593 aetate
732 2536 988 2594 Ecclesia:
1039 2538 1385 2593 severitatem
1428 2546 1483 2592 et
1522 2528 1777 2607 rigorem,
1832 2548 1892 2591 ut
1936 2539 2113 2593 licitas

533 2630 679 2695 licet,
723 2630 955 2700 aliquam
994 2638 1173 2695 tamen
1206 2628 1611 2683 incontinentize
1647 2628 1883 2695 speciem
1915 2643 2025 2697 prae
2054 2645 2113 2685 se

528 2719 767 2774 ferentes
816 2710 1029 2789 nuptias
1080 2718 1370 2783 secundas,
1427 2733 1530 2771 non
1578 2717 1891 2772 celebritate
1935 2718 2112 2773 solum

527 2824 740 2875 carere,
778 2809 937 2880 eique
981 2812 1355 2879 presbyterum
1406 2811 1626 2865 omnino
1668 2826 1782 2865 non'
1824 2811 2110 2877 interesse,

527 2904 621 2957 sed
648 2902 980 2974 paenitentia:
1006 2902 1168 2955 etiam
1195 2901 1536 2971 impositione
1563 2903 1795 2972 quodam
1822 2905 1981 2957 modo
2013 2919 2113 2958 no-

530 3004 696 3049 tatam
728 3009 850 3048 esse
882 2994 1061 3047 vellet.

605 3085 696 3144 ιν.
750 3084 1081 3153 Theophilus
1138 3084 1554 3149 Alexandrinus,
1598 3083 1793 3139 Pasch.
1851 3086 1887 3140 2
1957 3087 2114 3156 epist.

529 3176 821 3246 Origenem
851 3185 1110 3230 causatur
1135 3175 1357 3246 magicis
1386 3176 1596 3231 artibus
1621 3178 1979 3245 patrocinium
2012 3179 2108 3234 tri-

2209 633 2385 678 autem
2431 626 2571 677 inter
2613 623 2972 692 philosophiae
3004 633 3255 691 parentes
3289 624 3428 695 Magi
3462 639 3796 679 commemo-

2209 724 2397 766 rantur
2440 728 2469 765 a
2507 703 2721 767 Lctcrtio
2757 714 2809 766 in
2859 710 3095 766 Procem.
3141 713 3369 785 Magiam
3415 728 3550 782 ergo
3597 707 3643 766 si
3690 730 3792 766 retu

2210 812 2316 851 non
2367 799 2560 851 malam
2592 815 2713 854 esse
2760 800 2899 854 dixit
2941 797 3225 871 Origenes,
3255 802 3487 870 perinde
3533 812 3616 855 est
3654 819 3716 856 ac
3758 806 3792 856 si

2213 893 2613 964 philosophiam
2658 912 2768 949 rem
2821 912 2926 949 non
2971 896 3163 950 malam
3208 894 3427 951 dixerit.
3484 895 3608 948 Pari
3648 895 3795 948 modo

2212 986 2586 1053 accipiendum
2635 996 2715 1040 est
2775 988 2918 1057 qttod
2975 988 3047 1040 ait
3113 988 3208 1041 lib.
3258 1004 3332 1042 vtt
3397 998 3589 1039 contra
3640 985 3791 1047 Cels.,

2213 1092 2360 1129 num.
2396 1076 2448 1140 5,
2491 1090 2662 1130 artem
2703 1078 3127 1150 προγνωστικὴν
3162 1079 3395 1132 medium
3437 1076 3645 1145 aliquid
3685 1092 3793 1128 esse

2212 1177 2265 1221 et
2310 1167 2621 1222 indifferens
2667 1190 2678 1223 :
2730 1188 2853 1224 nam
2901 1172 2945 1225 si
2992 1190 3056 1226 ex
3125 1187 3413 1225 causarum
3475 1170 3792 1223 naturalium

2213 1260 2549 1329 inspectione
2578 1263 2979 1327 proficiscatur,
3015 1263 3299 1317 laudabilis
3330 1273 3447 1325 est;
3478 1265 3563 1315 sin
3600 1278 3661 1315 ex
3694 1261 3795 1315 dae-

2215 1370 2433 1407 tuonum
2479 1356 2705 1420 tet-huis,
2732 1359 3105 1423 vituperanda.
3143 1357 3199 1410 '0
3227 1358 3399 1425 Λόγος
3422 1356 3487 1427 δὴ
3524 1358 3689 1426 αἱρεῖ,
3724 1357 3789 1409 ino‘

2213 1448 2347 1515 quit,
2375 1436 2533 1516 φαῦλ’
2559 1448 2693 1502 ἄττα
2717 1447 2959 1519 νομίζειν
2980 1445 3116 1518 εἶναι
3139 1450 3447 1503 τὰτοιαῦτα
3472 1450 3793 1520 (πνεύματα)

2212 1539 2278 1608 τῇ
2309 1541 2688 1609 προγνωστικῇ
2716 1538 2965 1609 δυνάμει,
3003 1536 3142 1612 μέσῃ
3176 1539 3524 1611 τυγχανούσῃ
3556 1541 3634 1600 εἰς
3666 1539 3795 1592 cinia

2213 1643 2312 1697 την
2354 1627 2657 1698 ἀνθρώπων
2702 1629 2989 1699 χρώμενα,
3031 1630 3125 1683 καὶ
3176 1617 3311 1701 προς
3356 1628 3420 1681 τὸ
3466 1629 3796 1698 περισπᾶσαι

2214 1716 2409 1780 αὐτοὺς
2450 1716 2559 1769 ἀπὸ
2606 1716 2699 1770 τοῦ
2757 1718 2915 1783 Θεοῦ,
2955 1720 3049 1770 καὶ
3088 1715 3186 1789 τῆς
3228 1717 3480 1789 καθαρᾶς
3525 1710 3603 1780 εἰς
3646 1717 3796 1771 αὐτὸν

2215 1806 2515 1871 εὐσεϐείας.
2550 1807 2786 1877 Magicas
2812 1823 2941 1877 ergo
2984 1818 3132 1863 artes
3154 1849 3167 1872 ,
3202 1812 3324 1877 q'ute
3354 1810 3661 1862 dzetnonum
3701 1799 3793 1862 fal-

2142 1874 2185 1935 Β
2216 1897 2371 1952 laciis
2395 1874 3163 1968 administrantur,improbat
3187 1874 3243 1952 et
3271 1886 3447 1966 rejicit
3474 1914 3490 1953 ε
3523 1902 3616 1955 sed
3641 1900 3795 1954 multo

2218 1979 2381 2044 etiam
2421 1990 2675 2044 disertius
2718 1992 2819 2043 sub
2864 1988 3025 2044 finem
3066 1991 3443 2045 antecedentis
3476 1991 3621 2056 libri,
3654 2009 3792 2049 num.

2219 2082 2323 2146 80;
2356 2083 2425 2137 ibi
2457 2084 2651 2151 quippe
2677 2072 2890 2135 Celsum
2916 2081 3177 2151 coarguit,
3209 2083 3298 2151 qui
3333 2073 3519 2153 Magos
3547 2080 3793 2137 ἑνθεωτά-

2218 2190 2345 2237 τους
2380 2174 2760 2243 appellaverat,
2816 2173 2907 2243 ἀφ’
2938 2167 3034 2237 ὧν,
3070 2176 3259 2244 inquit,
3294 2176 3327 2244 ἡ
3353 2175 3685 2245 παρώνυμος
3711 2174 3792 2229 τοῦ

2220 2266 2404 2329 ἔθνους
2451 2257 2627 2318 αὑτῶν
2680 2264 2881 2337 μαγεία
2920 2266 3010 2318 καὶ
3056 2269 3167 2329 τοῖς
3206 2266 3416 2329 λοιποῖς
3446 2268 3672 2331 ἔθνεσιν,
3714 2268 3793 2321 ἐπὶ

2218 2352 2483 2428 διαφθορᾷ
2522 2357 2615 2409 καὶ
2648 2356 2852 2428 ὀλέθρῳ
2888 2357 2997 2409 τῶν
3030 2357 3328 2427 χρωμένων
3360 2359 3524 2430 αὐτῇ,
3562 2359 3791 2430 ἐπιδεδή-

2224 2466 2425 2519 μηκεν·
2450 2459 2503 2501 et
2532 2449 2716 2503 bomil.
2758 2448 2820 2501 l3
2865 2450 2919 2501 in
2962 2448 3157 2511 Num,
3192 2465 3343 2503 num.
3380 2451 3413 2503 5
3450 2468 3461 2500 :
3504 2469 3522 2501 ι
3566 2449 3667 2505 Nec
3700 2452 3793 2504 uti;

2222 2543 2376 2607 reris,
2423 2540 2466 2593 si
2499 2546 2585 2593 est
2618 2539 2670 2593 in
2712 2540 2917 2609 magica
2949 2550 3064 2594 arte
3096 2540 3199 2592 tale
3233 2539 3437 2609 aliqttid
3469 2559 3483 2594 :
3513 2556 3630 2595 esse
3657 2542 3789 2595 enim

2223 2632 2364 2686 banc
2412 2642 2583 2685 artem
2621 2631 2869 2701 designat
2915 2632 3077 2686 etiam
3123 2630 3431 2701 Scriptura,
3477 2630 3571 2686 sed
3620 2633 3692 2686 uti
3733 2642 3795 2687 ea

2224 2723 2490 2792 prohibet.
2525 2721 2659 2777 Nam
2687 2733 2741 2777 et
2776 2724 3044 2777 daemones
3078 2720 3357 2793 Scriptura
3387 2740 3510 2779 esse
3537 2725 3792 2797 designat,

2223 2814 2315 2868 sed
2357 2815 2460 2867 coli
2495 2830 2589 2868 eos
2618 2826 2671 2868 et
2696 2815 2912 2868 exorari
2943 2824 3109 2870 vetat.
3140 2813 3312 2871 Recte
3340 2832 3473 2887 ergo
3501 2818 3659 2871 etiam
3688 2831 3795 2872 ma-

2225 2905 2341 2975 gica
2390 2906 2471 2959 uti
2517 2907 2787 2974 prohibet,
2843 2907 2969 2976 quia
3018 2906 3297 2976 Magorum
3348 2909 3586 2963 ministri
3626 2904 3797 2978 angeli

2224 3004 2349 3050 sunt
2395 2997 2627 3067 refugae,
2660 3007 2715 3051 et
2748 2998 2974 3068 spiritus
3020 2998 3261 3070 maligni,
3298 3009 3353 3055 et
3401 3000 3661 3055 dzemonia
3694 3003 3791 3053 im-

2226 3089 2446 3145 munda.
2482 3108 2498 3140 ι
2540 3088 2771 3158 Reliqua
2804 3105 2909 3144 non
2946 3090 3125 3144 minus
3177 3091 3410 3145 dilucida
3450 3092 3674 3145 vitandze
3714 3107 3796 3146 sa-

2232 3181 2428 3234 tietatis
2462 3198 2622 3235 causa
2654 3170 3025 3251 prattermi’tto.
3055 3170 3315 3237 Tractatu
3340 3184 3503 3237 etiam
3531 3185 3585 3237 in
3609 3182 3790 3236 Matt/3.

528 3244 731 3324 bttisse.
782 3268 953 3321 Verba
1003 3269 1116 3322 haec
1164 3244 1384 3322 adducit
1439 3285 1469 3323 e
1521 3244 1740 3339 scriptis
1796 3270 2047 3341 Origenis
2098 3244 2192 3326 :C
2230 3272 2503 3326 tricesimo
2546 3244 2758 3341 quinto,
2812 3291 2962 3327 num.
3012 3266 3135 3340 “0',
3179 3289 3299 3344 pag.
3352 3268 3478 3341 tllO,
3528 3274 3791 3330 Judaicmu

536 3380 557 3415 ι
597 3362 702 3415 A‘rs
755 3362 962 3429 magica
1004 3370 1109 3413 non
1162 3361 1291 3415 mihi
1329 3361 1544 3417 videtur
1590 3361 1818 3429 alicujus
1869 3364 1944 3417 rei
1987 3361 2116 3416 sub-

530 3452 782 3509 sistentis
824 3452 1143 3506 vocabulum
1195 3470 1209 3504 :
1252 3452 1344 3507 sed
1385 3453 1487 3507 etsi
1523 3454 1617 3518 sit,
1663 3470 1767 3509 non
1810 3464 1892 3508 est
1936 3456 2116 3523 operis

533 3543 683 3609 mali‘,
731 3557 799 3597 ue
852 3542 979 3611 quid
1030 3543 1232 3597 habere
1284 3543 1454 3610 possit
1494 3548 1845 3615 contemptui.
1910 3564 1928 3598 ι
1980 3546 2115 3601 Τιιιιι

534 3635 704 3691 multa
750 3634 1010 3687 adversus
1043 3650 1165 3686 eum
1197 3636 1435 3690 oratorie
1465 3648 1785 3707 exaggerat;
1824 3652 1909 3691 res
1945 3647 2119 3691 atten-

533 3727 644 3781 tius
718 3726 1074 3795 intrdspirere
1148 3730 1369 3797 insuper
1433 3728 1615 3781 habet.
1686 3730 1975 3797 Origenem
2042 3731 2118 3784 ait

532 3818 757 3889 Elymaz,
784 3814 989 3872 famam
1015 3829 1067 3873 et
1120 3818 1375 3874 Mambrae
1404 3821 1666 3875 fautorem
1702 3832 1857 3889 eSse;
1886 3822 2117 3877 deletam

533 3908 703 3965 fuisse
750 3909 983 3963 adtentu
1032 3908 1241 3965 Christi
1288 3912 1682 3976 idololatriam,
1723 3929 1842 3982 qua:
1886 3929 1953 3967 ex
2003 3926 2121 3970 arte

532 4001 745 4070 magica
802 4000 1044 4071 profecta
1100 4012 1176 4066 et,
1234 4019 1296 4057 ac
1340 4004 1568 4057 deletam
1618 4005 1844 4073 proinde
1888 4009 2119 4077 magiam

534 4093 710 4162 ipsam
736 4108 751 4158 ;
781 4093 993 4163 aliaque
1021 4093 1285 4163 ejusmodi
1311 4094 1536 4164 plurima
1560 4096 1818 4167 congerit.
1850 4096 2117 4165 Quocirca

534 4194 839 4258 anonymus
866 4188 1005 4256 apud
1038 4185 1305 4254 Photium,
1341 4186 1459 4242 cod.
1486 4204 1653 4255 cxvn,
1692 4189 1833 4244 inter
1863 4191 2122 4247 crimina-

535 4275 713 4330 tiones
759 4275 812 4329 in
848 4276 1139 4346 Origenem
1186 4276 1253 4330 ab
1294 4278 1623 4335 adversariis
1671 4274 1936 4335 conﬂatas
1982 4283 2121 4338 hanc

536 4382 680 4421 nono
709 4366 833 4422 loco
858 4378 1099 4422 recenset
1144 4386 1157 4421 :
1192 4368 1272 4421 ὅτι
1314 4369 1375 4422 οὐ
1407 4360 1572 4424 κακὸν
1601 4373 1633 4443 ὴ
1669 4373 1875 4444 μαγία·
1924 4375 2119 4429 malam

538 4475 643 4512 non
676 4475 786 4512 esse
824 4461 1077 4528 magiam.
1124 4460 1501 4517 Metninissent
1529 4474 1877 4521 accusatores
1917 4466 1992 4521 illi
2024 4467 2122 4522 du-

538 4549 738 4618 plicem
796 4563 915 4603 esse
964 4550 1218 4620 magiam,
1276 4562 1328 4605 ut
1382 4564 1531 4609 recte
1577 4571 1642 4610 ex
1683 4550 2034 4630 Hieronymo,
2068 4571 2122 4616 et

536 4636 753 4697 Iustino
815 4642 1042 4709 probant
1080 4643 1265 4697 Sixtus
1306 4635 1397 4701 lib.
1449 4661 1524 4709 vr,
1563 4658 1747 4705 annot.
1779 4650 1834 4716 8,
1866 4620 1919 4705 εἰ
1943 4620 2121 4707 Gene-
2154 4620 2198 4674 Β

540 4729 771 4785 brardus
790 4726 1009 4787 eoum.
1037 4748 1156 4803 cap.
1192 4735 1247 4801 6,
1278 4734 1524 4799 alteram,
1549 4752 1668 4807 qua:
1692 4755 1759 4794 ex
1786 4742 2123 4799 naturalibus

540 4821 724 4877 causis
768 4831 823 4877 et
873 4816 1150 4894 principiis
1202 4842 1289 4881 res
1339 4828 1597 4897 prtevidet
1650 4840 1705 4885 et
1750 4833 2017 4901 praedicit,
2066 4844 2122 4889 et

543 4924 928 4984 nonnunquam
955 4918 1115 4971 etiam
1154 4912 1340 4986 ellicit,
1374 4935 1493 4989 qua:
1525 4923 1741 4991 proprie
1780 4914 2122 4994 philosophia

544 5016 662 5071 est;
694 5005 945 5073 alteram,
978 5023 1101 5080 qua:
1126 5010 1429 5064 daemonum
1461 5026 1563 5082 ope
1590 5022 1645 5067 et
1673 5008 1915 5069 subsidio
1940 5025 2121 5080 utens,

547 5098 835 5172 praestigiis
877 5099 1123 5156 homines
1163 5097 1304 5157 fallit
1339 5112 1394 5157 et
1438 5104 1661 5160 deludit.
1698 5105 1882 5177 Magos
1919 5106 2064 5174 illos,
2090 5123 2122 5162 a

546 5189 741 5261 quibus
784 5192 958 5262 magia
997 5193 1139 5248 dicta
1186 5203 1300 5258 est,
1354 5196 1584 5250 deorum
1637 5197 1989 5268 religionibus
2025 5199 2125 5253 ad-

545 5282 747 5349 dictos,
786 5298 980 5339 nomen
1013 5285 1137 5340 inde
1164 5302 1191 5339 a
1226 5288 1398 5356 patria
1428 5288 1661 5344 dialecto
1691 5290 1915 5345 sortitos
1955 5291 2125 5344 refert

542 5373 877 5447 Porphyrius
910 5378 1005 5432 lib.
1042 5394 1123 5442 ιιι,
1161 5380 1297 5448 Περὶ
1335 5372 1625 5451 ἐμψύχων
1653 5380 1919 5450 ἀποχῆς·
1961 5379 2123 5453 Παρά

548 5467 649 5539 μέν
685 5486 749 5538 γε
778 5472 891 5534 τοῖς
924 5470 1182 5543 Πέρσαις,
1219 5474 1410 5544 inquit,
1441 5477 1490 5526 οἱ
1521 5476 1651 5546 περὶ
1679 5476 1739 5527 τὸ
1766 5475 1919 5527 Θεῖον
1944 5474 2120 5543 σοφοὶ,

543 5560 641 5614 καὶ
693 5560 859 5613 αὑτοῦ
927 5561 1291 5633 θεράποντες,
1346 5565 1528 5634 Μάγοι
1585 5567 1684 5637 μὲν
1734 5564 2123 5637 ὀνομάζονταιο

543 5651 701 5705 τοῦτο
731 5652 839 5724 γὰρ
874 5654 1015 5706 κατὰ
1043 5654 1142 5725 τὴν
1171 5654 1465 5727 ἐπιχώριον
1504 5658 1779 5711 διάλεκτον
1810 5644 2063 5728 σημαίνει.
2100 5645 2132 5708 ὁ

543 5742 753 5812 Μάγος.
788 5763 806 5796 ι
840 5745 995 5813 Apud
1028 5743 1245 5812 Persas,
1273 5749 1363 5815 qui
1409 5764 1590 5803 rerum
1624 5750 1924 5803 divinarum
1965 5747 2127 5819 periti

545 5844 691 5902 sunt,
725 5837 961 5921 deosque
984 5836 1203 5909 colunt,
1245 5838 1382 5911 Magi
1418 5850 1796 5913 nuncupantur
1842 5841 1935 5899 :id
1980 5842 2127 5899 enim

2226 3377 2347 3418 esse
2377 3360 2507 3417 dicit
2550 3363 2803 3431 adjurare
2831 3365 3087 3419 dznmnnia
3110 3404 3125 3429 ,
3167 3380 3340 3434 neque
3370 3368 3661 3419 secundum
3704 3380 3789 3433 po-

2229 3464 2481 3509 testatem
2534 3469 2565 3507 a
2631 3454 2847 3511 Christo
2922 3462 3266 3520 concessam;
3341 3471 3451 3525 quo
3515 3457 3789 3526 significari

2226 3544 2339 3598 vult
2367 3545 2427 3600 S.
2473 3544 2713 3600 Thomas
2753 3542 2871 3613 2-2,
2908 3557 3099 3615 quast.
3129 3543 3219 3611 90,
3254 3562 3306 3599 a.
3342 3543 3407 3611 2,
3436 3544 3792 3615 idadjuratio—

2226 3637 2309 3691 nis
2341 3652 2533 3707 genus,
2568 3640 2712 3709 quod
2744 3637 2929 3719 fit‘per
2959 3653 3167 3708 preces,
3197 3638 3468 3693 sacrificia
3488 3678 3503 3703 ,
3534 3650 3585 3693 et
3616 3639 3790 3691 vetitas

2225 3728 2621 3790 caa‘remonia’s;
2651 3743 2757 3782 non
2779 3728 3004 3781 alterum
3044 3724 3189 3792 illud,
3217 3728 3361 3797 quod
3400 3729 3459 3782 fit
3483 3728 3785 3797 potestatire,

2224 3826 2280 3871 ut
2317 3817 2554 3886 loquitur
2577 3817 2835 3880 Thomas,
2858 3827 2912 3871 et
2944 3833 3048 3887 quo
3081 3816 3320 3872 Ecclesia
3355 3820 3432 3871 uti
3460 3819 3609 3872 solet.
3641 3816 3793 3871 Libro

2226 3908 2386 3961 etiam
2422 3916 2481 3959 ιιι
2537 3906 2676 3977 Περὶ
2712 3905 2934 3976 ἀρχῶν,
2970 3923 3084 3978 cap.
3125 3908 3181 3973 5,
3218 3924 3369 3963 nutu.
3400 3910 3432 3961 5
3460 3919 3511 3963 et
3542 3908 3593 3974 4,
3639 3908 3703 3960 ita
3728 3905 3795 3959 de

2225 3999 2401 4068 magia
2431 3998 2670 4065 disserit,
2701 4010 2759 4053 ut
2796 4015 2901 4069 pro
2928 4002 3087 4055 nox’ia
3114 4010 3171 4055 et
3198 4002 3508 4072 perniciosa
3545 4003 3674 4056 hanc
3708 4002 3789 4070 ip«

2223 4108 2343 4150 sum
2373 4092 2623 4147 habuisse
2655 4099 2889 4146 constet.

2298 4183 2358 4239 V.
2392 4184 2521 4252 Qua:
2560 4200 2680 4239 cum
2719 4185 2788 4238 ita
2823 4194 2889 4238 se
2925 4184 3183 4247 habeant,
3236 4186 3405 4239 miror
3438 4186 3490 4240 id
3522 4186 3791 4255 scripsisse

2225 4280 2563 4334 Eustathium
2594 4278 2989 4332 Antiocheuum
3016 4296 3029 4330 :
3072 4277 3209 4331 Ἀλλ’
3235 4282 3263 4332 ὁ
3287 4279 3494 4349 κομψὸς
3529 4266 3790 4350 Ὠριγένης

2224 4368 2663 4440 εἰδωλολατ’ρείας
2690 4366 2917 4441 ὄργανα,
2948 4368 3041 4422 καὶ
3069 4372 3496 4441 νεκρομαντείας
3524 4371 3789 4440 stipem-fa

2222 4463 2301 4535 τῷ
2340 4463 2439 4534 τῆς
2483 4454 2804 4532 Ἐκκλησίας
2845 4460 3012 4515 θέλων
3058 4463 3483 4535 ὲπεισκυκλῆσαι
3523 4463 3654 4535 χορῷ
3695 4460 3786 4514 τοῦ

2227 4555 2372 4609 Θείου
2400 4554 2795 4625 καταψεύδεται
2821 4553 3173 4627 Γρὰμματος.
3221 4574 3239 4607 ι
3274 4555 3379 4610 Sed
3406 4567 3652 4610 Venustus
3672 4552 3790 4609 Ori-

2230 4665 2392 4718 genes
2426 4648 2746 4702 idolOlatrite
2779 4649 3137 4703 instrumenta
3162 4690 3176 4713 ,
3220 4657 3275 4704 et
3304 4649 3785 4704 necromantite'in-

2230 4746 2385 4792 venta
2433 4736 2484 4791 in
2517 4737 2774 4792 Ecclesiae
2807 4737 3033 4791 chorum
3079 4738 3338 4793 inducere
3381 4739 3591 4805 valens,
3618 4739 3675 4793 in‘
3702 4752 3787 4791 sa-

2229 4844 2377 4883 cram
2398 4828 2740 4898 Scripturam
2767 4828 3078 4882 mentitur.»
3100 4826 3278 4885 Locus
3308 4830 3535 4887 habetur
3556 4833 3604 4886 in
3622 4814 3787 4889 libello

2230 4916 2307 4972 De
2340 4918 2784 4989 engast'rimytlto,
2816 4934 2975 4990 quem
3025 4919 3331 4977 lucubravit
3357 4924 3427 4978 ad
3469 4925 3519 4979 id
3555 4924 3780 4994 rejicien-

2230 5018 2358 5072 dum
2388 5016 2644 5090 Origenis
2671 5020 2888 5087 dogma,
2925 5032 3031 5086 quo
3059 5018 3297 5074 animum
3333 5021 3502 5093 ipsam
3538 5010 3785 5077 Samuelis

2228 5125 2255 5161 a
2286 5107 2614 5181 Pythonissa
2655 5124 2752 5179 per
2788 5109 3190 5165 incantamenta
3230 5124 3511 5168 evocatam
3546 5112 3784 5167 decrevit.

2227 5199 2427 5255 Eadem
2478 5202 2543 5255 de
2590 5216 2750 5255 causa
2788 5200 3042 5270 peculiari
3083 5193 3225 5257 libro
3270 5202 3555 5275 Origenetn
3598 5202 3789 5258 Metho-

2227 5293 2349 5347 dins
2387 5282 2584 5364 Tyrius
2633 5292 2848 5357 refellit,
2882 5299 2940 5345 ut
2982 5301 3171 5346 auctor
3204 5302 3290 5347 est
3325 5295 3665 5369 Hieronymus
3713 5294 3788 5347 De

2226 5384 2650 5451 script.-eccles.,
2692 5400 2814 5453 cap.
2862 5373 2951 5439 94'.
2992 5372 3145 5439 llunc
3168 5388 3335 5441 etiam
3367 5398 3515 5441 notat
3544 5403 3783 5445 errorem,

2230 5492 2523 5546 suppresso
2564 5477 2690 5531 licet
2730 5476 2979 5545 Origenis
3024 5476 3266 5540 nomine,
3292 5468 3581 5547 Gregorius
3603 5479 3782 5545 Μεδε-

2233 5583 2338 5621 nus
2379 5566 2431 5619 iu
2478 5558 2715 5636 Epistula
2757 5567 2823 5621 ad
2858 5553 3223 5620 Theodosium
3254 5566 3320 5619 de
3346 5566 3670 5639 Pythonissa.
3708 5566 3789 5615 Ac

2233 5646 2547 5713 Eustathius
2577 5658 2815 5728 quidem,
2851 5659 3003 5729 cujus
3041 5660 3241 5715 librum
3280 5661 3395 5717 Leo
3439 5662 3648 5717 Allatius
3672 5653 3786 5708 edi-

2232 5749 2330 5815 dit,
2371 5750 2537 5804 variis
2586 5750 2882 5805 rationibus
2942 5750 3232 5807 ostendere
3272 5764 3501 5811 conatur
3542 5766 3636 5807 non
3689 5747 3787 5801 Sa-

2235 5841 2491 5909 muclem,
2530 5840 2869 5898 Samuelisre
2891 5842 3126 5899 animam
3168 5844 3508 5915 Pythonissa:
3542 5840 3783 5902 carmini-
