3906 6542
246 401 383 459 ιωδ

1350 412 1927 482 ORIGENIANORUM
1970 420 2102 482 LIB.
2140 424 2401 491 IIfCAP.
2438 424 2531 484 III.

3366 432 3505 491 {091

240 518 348 616 bus
378 516 545 574 fuisse
584 518 899 616 excitatam,
931 526 1025 581 sed
1060 526 1382 597 damonem,
1424 537 1507 591 vel
1546 540 1771 608 phasma
1794 559 1823 597 a
1853 551 1901 609 Α
1930 546 2035 601 lam
2076 546 2384 616 refragatur
2416 546 2754 616 Augustinus
2794 545 2854 602 in
2898 543 3038 604 libro
3074 546 3160 603 De
3199 550 3500 613 mendacio,

241 608 492 665 tia-mone
538 612 851 669 conﬁctam.
903 617 1191 688 Sigillatim
1249 621 1363 678 hac
1411 631 1685 698 persequi,
1714 648 1819 688 non

237 710 330 754 est
367 702 467 757 otii
507 706 705 771 nostri,
734 722 833 763 nec
866 709 1100 766 instituti
1132 730 1146 767 :
1180 715 1315 769 satis
1364 717 1528 774 habet
1557 721 1820 793 Origenes

240 794 485 858 praesidii
522 796 577 851 in
609 796 831 853 Patrum
869 801 1077 872 aliquot
1105 820 1397 875 consensu,
1424 824 1562 879 quos
1585 812 1700 870 Leo
1731 818 1825 870 Al-

240 880 410 939 Iatius
446 885 501 940 in
541 897 884 959 syntagmate
914 892 991 947 De
1019 897 1461 966 engastrimgtho,
1490 916 1615 971 cap.
1640 905 1693 969 7,
1734 922 1823 962 re-

237 984 430 1066 censet
461 994 476 1029 :
502 976 700 1033 Justini
749 981 802 1035 itt
833 984 917 1037 bis
949 984 1148 1056 dialog.
1193 1005 1309 1043 eum
1344 993 1566 1063 Tryph.;
1599 996 1820 1066 Sulpicii

237 1065 436 1123 Severi
463 1071 667 1125 Histor.
699 1090 865 1140 saer.,
900 1076 997 1130 lib.
1040 1093 1080 1140 ι.
1120 1090 1174 1134 et
1201 1084 1476 1153 Anastasii
1528 1065 1824 1145 Antioche-

238 1157 299 1251 sui
339 1158 393 1251 in
437 1160 684 1251 'Ob‘mxp,
717 1176 910 1233 qumst.
944 1168 1066 1235 “2,
1096 1181 1149 1225 et
1176 1188 1361 1228 eorum
1392 1187 1648 1245 praeterea
1685 1198 1823 1251 quos

237 1246 433 1303 laudat
479 1249 835 1310 Bellarminus
888 1256 985 1314 lib.
1034 1276 1087 1315 IV
1133 1263 1210 1317 De
1268 1263 1495 1332 Christo,
1564 1246 1819 1339 capftt.

238 1341 346 1398 His
378 1345 516 1399 adde
548 1346 1054 1418 antiquissimorum
1096 1354 1444 1411 rabbinorum
1483 1359 1816 1430 suffragium,

232 1436 340 1503 qui
390 1436 610 1491 tradunt
647 1449 982 1496 mortuorum
1039 1446 1275 1510 animas,
1307 1448 1356 1501 si
1394 1458 1520 1504 ante
1560 1468 1755 1506 annum
1788 1470 1817 1507 a

228 1538 417 1583 morte
461 1532 793 1597 praeteritum
843 1547 1162 1602 evocentur.
1208 1555 1317 1608 quo
1365 1550 1610 1612 tempore
1642 1548 1817 1601 excita

233 1618 348 1675 fuit
393 1620 667 1680 Samuelis
693 1626 897 1693 anima,
923 1628 1092 1684 videri
1122 1630 1337 1699 quidem
1370 1635 1438 1689 ab
1458 1639 1818 1708 engastrimy-

234 1714 363 1779 tbo,
392 1730 499 1768 non
526 1717 736 1783 audiri;
776 1720 950 1774 audiri
984 1720 1052 1774 ab
1085 1737 1151 1776 eo
1185 1724 1275 1793 qui
1307 1727 1525 1780 oracula
1566 1729 1815 1797 scitatur,

226 1821 348 1862 non
377 1807 546 1862 videri
572 1825 589 1875 ;
621 1809 689 1863 ab
727 1810 849 1866 aliis
878 1826 976 1867 nec
1002 1815 1201 1881 audiri,
1228 1831 1328 1871 nec
1352 1818 1549 1873 videri.

1926 638 1993 691 ad
2045 636 2415 702 Consentium,
2444 652 2564 707 cap.
2587 639 2644 703 2,
2675 648 2730 693 et
2778 638 2831 693 in
2870 638 3109 708 Epistola
3149 642 3383 711 quadam
3434 646 3502 696 ad

1926 727 2337 801 Hieronymum,
2376 729 2536 799 eique
2590 730 2966 785 assentiuntur
3012 733 3248 803 theologi
3290 748 3497 797 omnes,

1927 819 2204 889 quodlibet
2279 823 2659 889 mendacium,
2732 823 3131 879 simulationem
3198 825 3497 894 quamlibet

1927 910 2268 976 damnantes,
2295 921 2352 966 et
2380 913 2589 980 peccati
2620 926 2746 967 nata
2786 913 3104 968 allicientes.

1995 1069 2106 1126 VII.
2129 1070 2229 1138 Qui
2260 1086 2392 1128 vero
2416 1074 2757 1127 mendacium
2796 1090 2899 1129 non
2925 1091 3308 1147 usquequaque
3348 1078 3497 1132 dam-

1924 1174 2017 1219 nat
2066 1164 2344 1234 Origenes,
2394 1166 2533 1219 idem
2570 1165 2923 1236 jurejurando
2967 1169 3182 1238 penitus
3222 1170 3495 1224 interdicit

1928 1266 2087 1314 tract.
2125 1258 2191 1312 55
2230 1260 2282 1313 in
2328 1260 2547 1325 Mattlt.,
2586 1279 2733 1316 num.
2774 1262 2893 1327 110,
2926 1280 3048 1334 pag.
3087 1264 3223 1329 9l0,
3263 1267 3334 1319 ita
3383 1269 3497 1322 dis-

1924 1360 2117 1415 putans
2155 1369 2168 1402 :
2204 1369 2222 1401 ι
2269 1349 2457 1405 Simile
2485 1362 2575 1406 est
2618 1354 2759 1407 enim
2801 1358 2942 1424 quod
2986 1357 3117 1411 dicit
3161 1358 3212 1410 in
3253 1359 3494 1426 Evange-

1924 1437 1995 1492 lio
2028 1439 2287 1497 Dominus
2333 1443 2487 1512 ipse:
2524 1443 2634 1513 Ego
2666 1456 2841 1498 autem
2888 1445 3004 1500 dico
3042 1463 3143 1500 non
3166 1448 3355 1515 jurare
3381 1466 3492 1501 om-

1922 1535 2111 1597 nino’,
2129 1546 2181 1589 et
2219 1552 2321 1590 non
2353 1538 2602 1608 adjurare
2634 1540 2874 1595 omnino.
2904 1542 2960 1595 Si
3010 1543 3152 1597 enim
3173 1542 3356 1610 jurare
3386 1560 3489 1597 non

1923 1624 2071 1691 licet,
2105 1630 2467 1696 quantumad
2501 1632 2869 1700 evangelicum
2919 1632 3117 1691 Christi
3155 1636 3492 1700 mandatum,

1922 1730 2110 1768 verum
2158 1725 2241 1770 est
2282 1719 2411 1786 quia
2464 1734 2561 1773 nec
2615 1719 2868 1787 adjurare
2912 1722 3140 1776 alterum
3201 1724 3386 1777 licet.s
3433 1724 3490 1779 In

1921 1806 2110 1861 eadem
2148 1807 2299 1862 fuere
2346 1811 2618 1863 sententia
2656 1812 3009 1877 Athanasius,
3043 1813 3490 1885 Cbrysostomus,

308 1897 401 1953 Vl.
440 1898 799 1972 Hieronymus
834 1903 929 1959 lib,
957 1920 974 1959 ι
999 1905 1220 1977 Apol”.
1260 1910 1320 1962 ξπ
1377 1909 1585 1979 Ruﬁn”
1610 1910 1735 1984 capt.
1758 1916 1811 1981 4'
1849 1913 1891 1968 Β
1920 1894 2276 1965 Epiphanius,
2304 1898 2559 1963 llilarius,
2587 1900 2783 1969 aliique
2818 1903 3145 1968 complures,
3182 1920 3318 1972 quos
3359 1905 3494 1959 citat

224 1988 492 2061 Origenis
532 1992 709 2049 locuut
755 1995 914 2051 affert
957 2012 988 2053 e
1037 1998 1135 2054 Iib.
1181 2017 1233 2056 vt
1300 2000 1586 2070 Stromnt.,
1619 2006 1672 2061 in
1708 2023 1815 2077 quo

221 2078 387 2147 juxta
456 2079 693 2138 Platonis
752 2087 1076 2142 sententiam
1145 2092 1366 2145 mentiri
1428 2108 1815 2165 nonnunquam

223 2169 405 2223 licere
458 2170 723 2231 defendit.
774 2172 922 2229 Idem
974 2178 1148 2233 visum
1202 2190 1286 2235 est
1344 2184 1445 2252 ipsi
1489 2184 1814 2258 Hieronymo

221 2259 331 2317 lib.
356 2276 371 2315 t
397 2260 688 2321 Comment.
729 2266 784 2320 in
826 2266 1003 2337 Epist.
1044 2270 1115 2324 ad
1171 2268 1374 2339 Calan,
1412 2290 1533 2345 cap.
1572 2278 1628 2342 2,
1663 2295 1807 2335 vers.

221 2351 330 2416 II,
368 2353 660 2424 multisque
690 2359 1000 2429 Opinionem
1041 2377 1195 2418 suam
1240 2365 1503 2426 defendit.
1536 2368 1725 2424 Visum
1757 2371 1810 2427 id

218 2457 449 2513 quoque
494 2446 883 2518 Cbrysostomo
904 2452 1001 2508 lib.
1045 2470 1064 2508 t
1107 2454 1182 2510 De
1224 2460 1542 2526 sacerdotio,
1568 2471 1623 2515 et
1667 2462 1802 2518 Cas-

217 2535 388 2591 siano
412 2537 507 2593 lib.
543 2556 656 2595 xvn
696 2540 916 2611 Collat.,
936 2560 1056 2616 cap.
1084 2546 1118 2601 8
1150 2557 1205 2601 et
1231 2548 1317 2611 I7,
1346 2560 1402 2604 et
1442 2566 1558 2621 seq.
1586 2550 1694 2607 Sed
1717 2568 1811 2622 pa-

1924 1985 2113 2039 Six-tus
2144 1986 2402 2041 Senensis
2432 1986 2529 2041 lib.
2564 2004 2639 2055 Vi,
2670 2001 2854 2045 annot.
2883 1990 2974 2054 26,
2999 2006 3294 2063 eorumque
3334 2012 3493 2051 secu-

1923 2084 2006 2130 tus
2030 2085 2109 2130 est
2136 2077 2443 2145 opinionem
2482 2075 2762 2148 Pelagius,
2793 2090 2851 2133 ut
2897 2081 2964 2134 ab
2994 2084 3295 2152 AuguStino
3324 2086 3493 2139 tradi-

1921 2177 2006 2223 tur
2041 2169 2093 2223 in
2121 2171 2269 2225 calce
2299 2171 2463 2240 epist.
2488 2171 2577 2238 89,
2608 2183 2661 2226 et
2703 2175 2999 2229 recentium
3032 2178 3488 2234 lteterodoxorum

1921 2277 2113 2331 magna
2170 2278 2294 2330 pars
2328 2276 2343 2313 :
2376 2278 2497 2317 eum
2554 2280 2584 2318 e
2652 2266 2925 2319 contrario
2978 2278 3224 2321 sanctum
3278 2284 3395 2324 esse
3438 2281 3493 2325 et

1921 2352 2049 2406 utile
2088 2352 2478 2422 juramentutn,
2509 2354 2592 2425 pie
2626 2357 2783 2411 modo
2815 2368 2870 2413 et
2901 2362 3212 2428 prudenter,
3255 2374 3309 2415 et
3338 2361 3493 2430 ﬂagi‘

1921 2454 2068 2498 tante
2116 2445 2442 2499 necessitate
2504 2446 2859 2516 adhibeatur,
2919 2451 3183 2506 catholica
3244 2444 3491 2507 Ecclesia

1919 2535 2235 2591 constituat.

1546 2827 1922 2917 CAPUT
1996 2829 2183 2915 III.

1139 3016 1451 3078 Generale
1492 3014 1903 3095 Origenianm
1939 3017 2246 3082 doctrinae
2288 3036 2581 3085 examen.

228 3265 284 3321 L
323 3266 517 3340 Iniqua
552 3269 659 3336 fere
706 3284 800 3338 pro
849 3268 1095 3337 Origene,
1131 3270 1208 3323 uel
1255 3282 1437 3324 contra
1480 3269 1754 3340 Origenem
1793 3270 2026 3339 judicia.
2056 3270 2119 3324 II.
2163 3269 2699 3340 Recensenturipsius
2730 3269 3050 3335 defensores.
3086 3269 3170 3323 III.
3205 3268 3374 3323 Multa
3415 3271 3487 3322 at!

305 3337 614 3411 Origetrianj
656 3341 879 3411 nominis
920 3352 1309 3411 Oppugnatores
1349 3337 1697 3409 confutandos
1744 3337 2029 3411 generatim
2063 3352 2444 3410 proponuntur.
2483 3339 2667 3411 Mutua
2718 3340 3143 3411 ciritninationunt
3188 3357 3489 3411 repugnan-

298 3405 414 3479 tia,‘
446 3405 532 3460 IV.
572 3405 997 3476 Origenistarunt
1043 3405 1243 3463 errores
1273 3405 1492 3479 Origeni
1524 3410 1618 3479 afﬁ

298 3475 450 3531 nibus
494 3475 838 3544 appetitorum
869 3479 1198 3545 exemplum;
1240 3479 1347 3533 VII.

1624 3408 1834 3475 eti;'V.
1883 3409 2063 3474 Ruﬁni
2104 3408 2403 3472 interpretis
2443 3410 2703 3477 perﬁdia;
2741 3410 2823 3464 VI.
2865 3408 3085 3461 l’atrum
3117 3410 3268 3475 ['alsis
3311 3408 3493 3462 erimi-

1420 3481 1672 3534 hilocalia
1701 3499 1732 3534 a
1754 3480 2004 3551 Gregorio
2054 3480 2331 3548 Theologo,
2376 3492 2421 3533 et
2453 3480 2654 3532 Basilio
2688 3496 2752 3533 ea;
2787 3479 3027 3551 Origenis
3058 3481 3265 3551 scriptis
3303 3495 3490 3532 excer-

298 3558 423 3619 pta;
488 3547 614 3602 γιιι.
677 3548 1203 3619 Αιιεροζῇςωλρεὶαε
1248 3553 1730 3614 interpretationes.
1785 3547 1875 3605 IX.
1924 3549 2153 3603 Frustra
2211 3547 2475 3603 Itwrexeon
2528 3550 2647 3616 fons
2682 3549 2941 3619 apellatus
2970 3557 3067 3600 est.
3108 3547 3175 3601 Χ.
3208 3549 3490 3602 Librorum

298 3616 463 3689 ipsius
506 3612 832 3685 depravatio.
865 3617 955 3670 XI.
994 3612 1167 3671 Nulla
1201 3612 1400 3689 quoque
1429 3623 1496 3672 ad
1529 3621 1697 3687 ipsum
1750 3621 2209 3689 excusatttlutniit
2262 3612 2562 3672 unit'ersunt
2620 3612 2959 3671 adducuntur
2997 3629 3286 3683 :perpetua
3322 3619 3490 3683 ipsius

296 3687 744 3759 ingproponendis
792 3692 1060 3740 sententiis
1106 3687 1401 3754 Ιιιεδῖιαιὶιι;
1452 3690 1688 3759 ejusdem
1735 3691 2031 3753 modestia;
2074 3688 2188 3743 XII.
2243 3689 2505 3743 Constans
2563 3692 2826 3741 ltwresean
2878 3689 3169 3740 insectandi
3212 3692 3494 3751 stmlium‘;

297 3754 435 3809 XIII.
478 3756 659 3811 Nimia
717 3760 773 3810 in
841 3760 1117 3811 scribendo

1167 3759 1473 3827 festinatio;
1507 3759 1647 3814 XIV.
1690 3759 2015 3829 Theologicw
2041 3762 2352 3828 qua-stiones
2389 3760 2554 3825 ipsius
2589 3760 2917 3829 temporibus
2922 3825 2934 3829 _
2952 3762 3189 3829 nonduin
3221 3760 3351 3810 satis
3388 3774 3484 3829 ea:-

296 3842 505 3897 (μείω,
554 3844 647 3880 nec
682 3844 773 3894 per
828 3825 1389 3897 Ecclesiantdeﬁnttte.
1436 3830 1551 3886 XV.
1602 3830 1739 3883 Eum
1788 3825 1997 3884 tandem
2038 3825 2227 3882 temere
2285 3830 2546 3882 dictorum
2597 3829 2865 3897 piznituit.
2896 3825 3035 3881 XVI.
3071 3825 3340 3897 [minet-ito
3378 3827 3493 3897 litv-

290 3896 461 3969 ﬁnunt
507 3894 1271 3969 reprelienditLHieronymus,
1326 3915 1533 3969 promer
1610 3901 1919 3969 inscriptum
1972 3899 2225 3968 Origenis
2278 3899 2552 3969 Apologia:
2598 3894 3137 3969 Pamphili__nonten.
3185 3895 3355 3969 XVII.
3416 3895 3486 3949 [η

294 3965 476 4035 inultis
530 3984 770 4034 peccasse
824 3965 1101 4035 Origeneni

316 4034 455 4089 XIX.
486 4036 555 4090 Et
583 4049 759 4090 utram
785 4034 935 4090 inter
951 4034 1222 4091 haereticos
1247 4043 1515 4108 ponendus
1541 4042 1653 4108 ipse
1675 4048 1766 4093 stt.

1154 3967 1430 4036 fatendum
1466 3978 1562 4022 est.
1624 3967 1813 4023 XVIII.
1859 3970 1976 4035 Quo
2009 3967 2222 4024 numero
2266 3968 2387 4021 libri

2487 3968 2681 4036 ~rt'gent's
2712 3966 2936 4020 habendi
2980 3967 3107 4027 sint,
3160 3965 3487 4033 disputatur.

294 4346 338 4406 I.
376 4351 529 4420 Quod
568 4353 633 4408 de
671 4351 907 4423 Origene
955 4349 1315 4421 Origenisque
1381 4346 1650 4420 dogmatis
1703 4349 1793 4420 ja-
1821 4359 1864 4418 ο
1901 4359 2155 4421 tanquam
2186 4350 2250 4407 de
2283 4348 2548 4406 Ecclesiae
2575 4348 2840 4420 propudia
2875 4363 2938 4405 ac
2964 4347 3158 4413 vibice,
3193 4346 3272 4402 sic
3320 4347 3389 4403 de
3416 4357 3489 4404 e’o

212 4447 473 4499 ctabatur
500 4444 625 4499 olim
654 4460 666 4495 :
697 4442 801 4499 Ubi
854 4442 1013 4507 bene,
1043 4456 1200 4496 nemo
1243 4439 1471 4507 melius;
1509 4440 1596 4496 ubi
1641 4442 1805 4509 male,

222 4551 391 4590 nemo
419 4536 611 4606 pejus;
639 4536 780 4591 idem
815 4534 1199 4605 propemodum
1233 4548 1379 4588 nunc
1414 4534 1479 4589 de
1504 4548 1591 4599 eo,
1629 4534 1801 4604 iisque

222 4629 425 4685 merito
466 4630 571 4684 dici
610 4636 806 4699 potest,
838 4628 931 4696 qui
977 4627 1043 4682 de
1078 4624 1247 4696 ipsius
1289 4627 1533 4681 doctrina
1577 4636 1800 4681 senten-

208 4724 355 4777 tiam
404 4720 571 4775 tulere
616 4718 770 4777 :Ubi
810 4721 948 4775 bene
986 4718 1275 4789 accipitur,
1314 4719 1584 4774 neminem
1609 4719 1800 4790 _accipi

217 4814 441 4880 melius,
482 4814 754 4869 neminem
800 4810 1094 4880 majoribus
1135 4810 1317 4867 extolli
1360 4804 1668 4880 praeconiis,
1710 4826 1797 4867 ne-

218 4906 387 4961 minis
426 4904 727 4960 doctrinam
796 4903 1103 4967 acrioribus
1144 4903 1339 4959 studiis
1400 4900 1656 4968 delendi;
1702 4903 1791 4958 ubi

219 4997 391 5061 male,
419 4996 623 5052 duriori
666 4997 936 5051 neminem
971 5002 1026 5048 et
1057 4993 1327 5064 asperiori
1373 5008 1601 5048 censura
1639 4988 1801 5048 defri-

212 5091 357 5146 cari.
395 5088 547 5145 Adeo
587 5099 829 5143 extrema
857 5089 1060 5153 omnia,
1091 5103 1197 5141 non
1226 5086 1278 5141 in
1327 5086 1436 5139 vita
1476 5085 1674 5151 solum,
1698 5086 1792 5139 sed

212 5191 346 5251 post
392 5191 618 5235 mortem
669 5180 831 5235 etiam
879 5180 962 5233 vir
1004 5178 1091 5233 ille
1130 5188 1389 5246 expertus
1437 5187 1557 5243 est;
1609 5177 1795 5232 nescio

216 5287 337 5343 qua
391 5271 486 5325 lati
546 5280 774 5342 urgente
818 5269 1140 5340 pertinacia,
1204 5278 1260 5321 et
1310 5281 1610 5337 perpaucos
1650 5266 1796 5320 Ada-

213 5364 484 5420 mantium
520 5364 660 5418 inter
707 5364 985 5433 ipsiusque
1016 5352 1357 5415 adversarios
1388 5358 1590 5412 medias
1618 5366 1796 5411 seeta-
1853 5422 1862 5433 .

209 5462 259 5516 ri
297 5469 478 5530 partes
520 5460 776 5533 patiente.
820 5458 968 5513 Alios
1019 5456 1236 5526 quidem
1291 5466 1399 5508 tant
1439 5452 1621 5522 inique
1663 5466 1790 5520 erga

208 5554 395 5621 ipsum
438 5551 704 5605 animatos
739 5550 947 5617 videas,
976 5556 1035 5601 ut
1070 5548 1123 5602 itt
1157 5546 1486 5601 nefariorum
1533 5557 1598 5598 ac
1626 5542 1793 5613 pesti-

214 5648 465 5699 ferorum
518 5642 895 5698 lnereticoruut
948 5655 1116 5695 censu
1160 5638 1447 5707 Origenem
1481 5642 1706 5707 ponant,
1736 5642 1791 5688 et

1911 4441 2256 4495 statuendum
2304 4456 2425 4496 esse
2460 4440 2623 4495 velint
2664 4457 2678 4493 :
2715 4439 2802 4494 alii
2856 4449 3041 4494 contra
3091 4448 3199 4491 tam
3243 4452 3389 4493 careo
3430 4449 3488 4492 et

1910 4527 2097 4584 effreni
2158 4530 2334 4585 studio
2379 4530 2432 4584 in
2491 4544 2615 4583 eum
2669 4527 2943 4594 feruntur,
2990 4534 3050 4580 ut
3095 4526 3277 4581 omnia
3316 4525 3488 4596 ἱρείας

1911 4621 2049 4676 facta
2094 4637 2155 4676 ac
2180 4624 2326 4677 dicta
2374 4622 2510 4677 tueri
2535 4621 2709 4692 parati
2745 4620 2876 4686 sint,
2907 4634 3007 4674 nec
3042 4618 3201 4674 aliter
3232 4620 3493 4689 dogmata-

1908 4714 2048 4786 ejus,
2076 4726 2236 4785 quam
2272 4722 2330 4769 ut
2354 4714 2551 4785 κυρίας
2587 4707 2751 4780 δόξας
2774 4712 3193 4783 amplectantur.

2439 4826 2586 4880 Unus
2612 4829 2818 4895 utrique

2192 4895 2379 4961 Error,
2410 4903 2501 4950 sed
2533 4897 2695 4949 variis
2722 4892 2898 4948 illuuit
2923 4896 3158 4964 partibus
3187 4892 3234 4947 ⁸.

1906 4987 2167 5058 Equidem
2198 4998 2440 5042 extrema
2466 4988 2580 5041 hac
2617 4989 2776 5051 inter,
2814 4986 3048 5041 medium
3077 4984 3484 5054 quoddam'ites'

1907 5081 2196 5133 tenendum
2244 5089 2393 5145 puto,
2426 5078 2470 5132 si
2516 5078 2638 5147 quis
2682 5091 2869 5146 aequus
2898 5090 3039 5143 esse,
3069 5091 3171 5131 nec
3207 5088 3339 5131 sese
3366 5076 3483 5146 ipso

1902 5170 2097 5225 fallere
2131 5169 2278 5225 velit.
2327 5168 2629 5223 Fatendum
2668 5176 2751 5221 est
2798 5182 2941 5234 saepe
2975 5161 3242 5237 peccasse
3290 5164 3481 5237 Orige-

1899 5278 2049 5329 nem,
2075 5272 2128 5316 et
2168 5261 2218 5315 in
2266 5248 2557 5315 damnosos
2597 5270 2813 5315 errores
2857 5259 3147 5324 lncidisse‘;
3193 5258 3247 5311 in
3292 5257 3477 5312 multis

1897 5355 2034 5409 falso
2064 5363 2118 5408 et
2161 5354 2432 5408 immerito
2482 5353 2647 5408 fuisse
2694 5347 3008 5407 accusa'tum
3047 5352 3091 5407 si
3132 5344 3260 5421 'quis
3290 5359 3473 5421 neget,

1880 5434 2165 5519 proﬂigati
2210 5445 2359 5500 illum
2406 5445 2629 5515 pudoris
2655 5458 2794 5509 esse,
2834 5453 2888 5497 et
2910 5459 3068 5513 supra
3088 5441 3198 5510 jam
3229 5442 3482 5511 probavi-

1900 5560 2043 5611 mus,
2070 5552 2125 5598 et
2151 5543 2406 5613 deinceps
2441 5542 2603 5597 etiam
2634 5541 3005 5596 ostendemus.
3034 5539 3480 5608 PrteclarePam-

1895 5632 2073 5705 philus
2115 5632 2170 5689 in
2215 5631 2542 5689 Praelatione
2586 5629 2854 5704 Apologia:
2877 5646 2897 5686 :
2929 5643 2956 5685 «ν
2972 5633 3323 5701 Consequens
3356 5641 3480 5687 erat

286 5839 520 5899 πλωτὴ.
552 5861 602 5908 v,
640 5843 728 5898 34.
805 5834 826 5873 ⁸
849 5823 1035 5897 Ποιύί,
1095 5841 1185 5895 lib.
1217 5850 1283 5908 η,
1334 5835 1519 5909 Satyr.
1555 5824 1612 5905 5,
1640 5847 1780 5891 vers.
1817 5831 1908 5898 50,
1936 5830 2023 5886 ὅθ’.
