3914 6526
464 396 607 454 1095

1746 393 1808 450 Ρ.
1848 394 2168 449 DANlELlS
2206 394 2441 451 HUETII

3594 389 3733 447 1096

464 524 531 566 ex
567 511 655 568 his
699 508 953 565 omnibus
989 508 1232 564 laborum
1264 517 1319 564 et
1349 510 1652 565 studiorum
1692 525 1915 565 suorum
1960 521 2041 563 te—
2069 516 2116 576 Α
2148 511 2440 564 tationihus
2470 508 2831 566 conﬁictatos.
2868 507 3139 579 Anonymi
3180 504 3461 575 cujusdam
3494 505 3664 560 toties
3701 523 3733 563 a

464 603 732 659 stimoriis
760 600 1008 671 amplecti
1074 601 1239 655 talem
1276 602 1450 654 virum
1494 601 1833 676 (Origenem)
1863 614 1918 659 et
1943 620 2040 659 ne-

464 710 569 766 que
613 692 945 748 defensionis
988 693 1168 747 studio
1215 692 1334 762 plus
1383 694 1511 748 dare
1542 695 1591 750 ei
1647 698 1848 762 meriti,
1878 711 2040 766 quam

464 801 717 841 mensura
755 783 1033 852 deposcit;
1075 798 1251 853 neque
1293 801 1482 841 rursus
1530 787 1873 844 obtrectandi
1912 789 2043 845 vitio

464 865 623 930 facile
656 874 1039 937 condemnare,
1072 884 1128 930 et
1150 874 1387 929 alienum
1420 878 1487 931 ab
1536 878 1904 937 ecclesiastica
1941 880 2039 936 do-

464 967 639 1021 ctrina
689 978 895 1021 temere
948 968 1344 1036 pronuntiare:
1378 984 1500 1023 cum
1548 980 1839 1041 utrumque
1899 972 2042 1028 istud

410 1100 414 1105 .
462 1058 819 1129 praecipitium
870 1059 1157 1128 providens
1195 1069 1317 1115 ante
1364 1062 1576 1118 divinus
1654 1080 1836 1119 sermo
1862 1065 2045 1134 prohi-

463 1149 641 1203 buerit
667 1149 890 1203 dicens:
928 1148 1050 1202 Non
1090 1152 1155 1203 sit
1190 1152 1243 1204 in
1284 1162 1333 1205 te
1366 1168 1615 1206 mensura
1650 1158 1842 1223 major,
1883 1171 2044 1225 neque

460 1240 1051 1295 minenabomiuabile
1088 1250 1165 1295 est
1206 1243 1345 1295 enim
1410 1244 1466 1297 in
1510 1256 1786 1308 conspectu
1834 1245 2045 1300 Domini

462 1332 795 1400 utrumque’.
829 1330 1129 1401 Unicuique
1167 1334 1336 1397 enim,
1372 1344 1530 1401 prout
1567 1336 1786 1405 dignum
1830 1346 1913 1391 est
1957 1338 2048 1391 tri-

468 1424 651 1489 buere,
691 1422 918 1491 justitia:
968 1424 1071 1478 hoc
1112 1425 1392 1493 proprium
1420 1439 1521 1481 est.
1560 1427 1793 1499 Propter
1815 1430 1957 1499 quod
1992 1438 2047 1486 et

467 1531 722 1571 mensura
759 1516 990 1586 integra,
1023 1528 1078 1572 et
1110 1520 1318 1587 pondus
1351 1529 1560 1589 :rqnate
1602 1521 1931 1591 acceptabile
1964 1531 2048 1578 est

462 1606 605 1675 apud
649 1606 849 1670 Deum;
882 1623 985 1661 non
1020 1608 1120 1662 hoc
1140 1609 1287 1691 quod
1317 1610 1574 1664 mentitur
1606 1611 1914 1673 veritatem,
1946 1626 2045 1683 per

463 1695 604 1766 quod
637 1696 722 1750 vel
772 1698 889 1766 plus
937 1698 1176 1752 donatur
1218 1702 1399 1761 rebus.
1440 1715 1601 1768 quam
1656 1701 1847 1754 merita
1874 1702 2043 1770 depo-

465 1800 643 1851 scunt,
673 1791 753 1843 vel
782 1792 1118 1845 subtrahitur
1163 1794 1375 1847 meritis
1403 1793 1548 1863 quod
1602 1794 1849 1848 debetur.
1882 1813 1901 1847 ι
1942 1794 2045 1864 lgi-

467 1893 555 1935 tur
592 1894 949 1953 utrorumque
1002 1884 1133 1937 mihi
1194 1886 1531 1954 improbatur
1577 1887 1744 1952 ratio,
1799 1897 1908 1940 tum
1952 1887 2042 1957 qui
2077 1874 2119 1929 Β

467 1976 729 2046 apologiis
758 1978 872 2031 suis
904 1978 1051 2032 omni
1084 1978 1203 2032 labe
1228 1994 1457 2047 purgare
1482 1979 1771 2051 Origenem
1800 1980 2041 2047 student,-

467 2080 579 2123 tnm
616 2073 704 2140 qui
739 2071 856 2139 ejus
890 2088 1087 2127 nomen
1136 2074 1204 2127 ab
1237 2073 1483 2128 Ecclesia
1521 2076 1739 2144 penitus
1773 2077 2047 2131 detestans

467 2172 553 2216 tur
588 2180 601 2216 :
634 2166 727 2218 sed
766 2166 831 2219 iis
868 2174 1048 2220 tamen
1110 2167 1201 2236 qui
1249 2167 1418 2235 ipsius
1473 2170 1911 2237 prapngnandam
1956 2185 2048 2224 su-

465 2268 751 2323 sceperunt
776 2271 993 2312 causam
1026 2258 1144 2328 plus
1176 2259 1362 2314 favere
1394 2276 1477 2314 me
1514 2261 1773 2329 profiteor
1800 2277 1813 2325 ;
1850 2262 2045 2315 scitum

465 2348 662 2418 quippe
684 2359 770 2403 est
796 2350 915 2418 plus
956 2366 1050 2405 reo
1082 2349 1368 2405 favendum
1396 2366 1536 2415 esse,
1569 2368 1733 2421 quam
1766 2352 1966 2408 actori.

538 2438 598 2492 Il.
643 2439 749 2495 Nec
794 2454 881 2495 me
922 2441 1279 2510 quorumdam
1329 2442 1608 2495 hominum
1663 2454 1883 2497 movent
1912 2457 2048 2497 cou-

467 2530 631 2593 vicia,
655 2530 747 2597 qui
796 2547 903 2584 non
934 2546 1031 2585 sua
1062 2530 1221 2584 modo
1254 2531 1568 2585 defensione
1612 2532 1888 2600 indignum
1926 2532 2050 2587 Oris

467 2638 657 2691 geuem
693 2623 1029 2687 existimant,
1067 2622 1159 2676 sed
1200 2624 1265 2675 iis
1299 2624 1463 2677 etiam
1500 2622 1821 2676 temeritatis
1861 2633 2047 2678 notam

466 2713 709 2776 inurunt,
775 2714 1085 2782 quicunque
1129 2712 1345 2782 aliquod
1390 2712 1437 2767 ci
1490 2714 1854 2769 excusationis
1908 2731 2049 2785 pra:-

465 2816 615 2861 Stant
648 2803 905 2858 ofﬁcium.
958 2804 1075 2872 Quo
1122 2819 1219 2858 suo
1263 2804 1503 2870 decreto,
1536 2819 1641 2857 non
1675 2806 1936 2875 quosdam
1970 2806 2039 2861 de

468 2896 631 2952 trivio
674 2897 1031 2968 magistellns,
1066 2897 1159 2951 sed
1199 2896 1473 2966 principes
1510 2898 1562 2951 in
1601 2897 1797 2953 litteris
1840 2909 1896 2953 et
1934 2899 2051 2969 pie-

469 3000 581 3045 tate
606 2990 845 3061 insignes
874 2991 1023 3044 viros
1055 2988 1375 3057 percellnnt.
1409 2987 1542 3041 Nam
1584 2996 1645 3042 ut
1679 2987 2047 3043 Alexandrum

466 3084 996 3154 Jerosolymitanum,
1043 3082 1418 3136 Theortistum
1454 3082 1869 3146 Caesariensem,
1917 3082 2046 3136 Dio-

2142 604 2299 659 nobis
2341 604 2451 672 jam
2494 618 2660 671 supra
2716 603 2922 658 laudati
2975 602 3287 670 Apologiam
3352 617 3450 670 pro
3502 600 3733 672 Origene

2142 694 2335 764 legisse
2360 709 2417 750 se
2451 702 2684 749 testatur
2720 692 2972 757 Pbotius,
3003 696 3127 749 cod.
3157 706 3324 751 cvxu.
3353 692 3603 747 auctoris
3637 709 3735 748 no-

2145 803 2270 844 men
2304 797 2362 841 et
2399 796 2611 841 aetatem
2640 787 2857 841 silentio
2886 785 3107 856 pressit.
3140 785 3276 851 Quid
3306 783 3418 851 jam
3456 784 3735 839 recentia.

2145 897 2232 935 res
2268 895 2717 943 commemorem,
2741 877 3007 933 Joannem
3050 876 3235 931 Picum
3268 874 3734 940 Mirandulanum,

2142 972 2405 1028 Jacobqu
2470 971 2757 1027 Merlinum
2834 968 3272 1023 Victurniensem
3304 1006 3321 1032 ,
3388 966 3735 1021 Desiderium

2145 1066 2429 1122 Erasmum
2479 1065 2932 1127 Roterodamum,
2962 1063 3175 1117 Sixtum
3202 1060 3536 1125 Senensem,
3566 1056 3735 1115 Clau-

2146 1158 2294 1212 dium
2326 1158 2700 1225 Espenezeum.
2731 1154 3037 1209 Gilbertum
3071 1150 3510 1215 Genebrardum,
3546 1159 3607 1203 et
3638 1164 3735 1205 no.

2147 1248 2367 1303 vissime
2396 1246 2615 1301 Petrum
2650 1244 2980 1306 llalloxium,
3018 1257 3249 1313 quorum
3301 1240 3597 1296 luculenta
3640 1252 3737 1297 ex-

2147 1349 2297 1394 stant
2325 1340 2375 1392 in
2408 1338 2659 1407 Origenis
2692 1336 3061 1391 defensionem
3093 1333 3555 1388 dissertationes?

2217 1428 2301 1485 Ill.
2336 1430 2537 1484 llorum
2567 1428 2784 1499 quidem
2810 1426 3119 1496 exeniplnm
3141 1426 3262 1478 siue
3295 1421 3733 1493 reprehensione

2146 1522 2345 1576 sectari
2383 1536 2468 1575 me
2514 1521 2753 1589 potuisse
2789 1527 2959 1587 puto;
3014 1534 3187 1588 neque
3244 1517 3348 1574 feci
3392 1530 3611 1581 tamen,-
3639 1530 3737 1571 nec

2147 1632 2306 1689 porro
2343 1616 2540 1671 faciam
2577 1632 2591 1668 :
2635 1614 2687 1667 in
2722 1622 2971 1667 neutram
2998 1613 3145 1666 enim
3190 1623 3398 1680 partem
3431 1612 3599 1667 nimis
3621 1625 3740 1667 con-

2146 1708 2282 1778 spici
2312 1707 2469 1762 velim
2506 1723 2521 1761 :
2572 1714 2775 1758 tantum
2817 1703 2944 1771 quid
2990 1703 3242 1773 utrinque
3277 1703 3461 1758 afferri
3516 1703 3569 1757 in
3621 1704 3739 1758 uni-

2147 1814 2365 1853 versum
2396 1796 2587 1869 possit,
2644 1794 2956 1865 disputabo.
3013 1794 3271 1861 Primum,
3327 1794 3459 1864 quid
3490 1790 3736 1865 Origenis

2148 1907 2323 1947 causa:
2358 1893 2592 1947 maxime
2626 1891 2823 1955 faveat,
2857 1889 3144 1945 videndum
3192 1900 3311 1955 est;
3338 1888 3504 1956 cujus
3548 1888 3735 1957 duplex

2148 1994 2235 2040 est
2271 1986 2430 2049 ratio,
2483 1983 2564 2039 vel
2596 1980 2845 2039 conﬂatis
2886 1982 2937 2037 in
2985 1997 3106 2037 eum
3152 1979 3633 2036 criminationibus
3663 1980 3737 2035 di-

2149 2078 2383 2146 luendis,
2431 2077 2516 2133 vel
2572 2079 2689 2147 ipso
2730 2076 2964 2145 Origene
2997 2074 3329 2128 excusando.
3379 2070 3738 2127 Confutantur

2148 2178 2382 2248 prinmm
2413 2174 2787 2230 accusationes
2833 2175 2935 2228 hoc
2983 2178 3319 2239 argumento,
3351 2166 3502 2238 quod
3550 2166 3735 2237 plene—

2149 2285 2255 2340 que
2282 2269 2382 2324 sibi
2413 2275 2714 2337 repugnant
2747 2263 3006 2329 invicem,
3052 2274 3110 2316 et
3151 2261 3207 2316 in
3260 2275 3385 2315 sese
3434 2259 3739 2313 incurrunt.-

2151 2361 2299 2416 lnter
2332 2375 2523 2415 novem
2552 2356 2965 2413 criminationes
3011 2370 3040 2408 a
3072 2352 3375 2421 Pamphilio
3402 2364 3732 2405 commemo-

2150 2466 2321 2517 ratas,
2353 2453 2640 2507 contrariae
2673 2449 2775 2505 sibi
2822 2458 2947 2504 sunt
2986 2445 3196 2516 priores
3223 2452 3485 2513 quatuor,
3517 2454 3638 2511 quae
3676 2439 3735 2493 ad

2150 2545 2425 2601 Christum
2447 2544 2743 2615 pertinent,
2776 2550 2834 2594 ut
2862 2539 2943 2593 vel
2966 2538 3159 2593 silente
3192 2536 3311 2604 ipso
3336 2533 3596 2604 Origene,
3631 2546 3734 2585 mu-

2154 2647 2245 2693 tuo
2277 2650 2396 2691 sese
2425 2635 2529 2690 illae
2564 2633 2831 2688 refellant.
2858 2628 3018 2697 Quod
3043 2629 3086 2685 si
3122 2626 3244 2697 quis
3272 2626 3528 2694 superius
3559 2629 3734 2691 caput,

2152 2730 2292 2800 quod
2316 2727 2622 2781 Adamantii
2652 2727 2903 2796 dogmata
2928 2720 3330 2791 complectitur,
3364 2716 3593 2771 attentis
3616 2729 3740 2767 ocu-‘

2151 2820 2219 2877 lis
2265 2819 2580 2889 perlustret,
2625 2816 2795 2871 multa
2844 2815 2953 2869 illic
3003 2812 3214 2881 objecta
3239 2806 3463 2877 Origeni
3515 2806 3744 2861 crimina

2152 2910 2427 2968 adversari
2460 2909 2561 2964 sibi
2595 2907 2826 2962 invicem
2857 2901 3247 2974 deprehendet.

2224 3004 2314 3062 IV.
2361 3002 2603 3058 Alterum
2631 2996 2953 3055 defendendi
3002 2991 3311 3050 Adamantii
3366 2994 3741 3058 argumentum

2152 3112 2218 3153 ex
2254 3110 2319 3151 eo
2362 3094 2586 3165 petitur,
2643 3090 2789 3160 quod
2822 3085 3252 3158 Origenistarum
3283 3080 3736 3135 heterodoxormn

472 3179 687 3249 nysium
728 3176 1176 3239 Alexandrinum,
1217 3173 1595 3228 Firmiliannm
1635 3174 2048 3240 Ctesariensem,
2080 3210 2126 3273 Ο
2156 3203 2371 3244 errores
2404 3183 2626 3256 οιιίμιιί
2684 3194 2825 3251 sape
2867 3178 3029 3233 amnti
3083 3185 3230 3242 sunt,
3285 3181 3341 3228 et
3374 3173 3547 3242 quod,
3583 3180 3640 3223 ut
3668 3168 3739 3221 ait

469 3271 791 3340 Gregorium
828 3268 1316 3337 Thaumaturgum,
1344 3276 1399 3321 et
1433 3266 1861 3331 Athenodorum,
1886 3267 2053 3322 alios-

467 3379 573 3433 que
644 3362 862 3434 Origeni
930 3376 1142 3417 coaevus
1219 3362 1670 3430 praetermittam;
1758 3370 1813 3415 et
1887 3370 2054 3414 totam

468 3457 703 3526 denique
765 3455 1159 3519 Palaestinam,
1227 3453 1523 3517 Arabiam,
1576 3452 1910 3508 thniciam
1998 3458 2057 3505 et

467 3549 755 3613 Achaiam,
791 3561 910 3617 qua:
940 3546 1190 3616 Origenis
1219 3556 1403 3615 partes
1437 3548 1697 3600 adversus
1722 3544 2053 3600 Demetrium

467 3642 898 3695 Alexandrinum
927 3648 1119 3693 tutata:
1158 3648 1312 3703 sunt,
1338 3648 1527 3707 aperte
1554 3640 1773 3693 easdem
1813 3636 2051 3691 luculen-

473 3732 544 3786 tis
595 3732 814 3801 scriptis
866 3731 1061 3785 deinde
1125 3740 1602 3801 propugnaverunt
1668 3728 1932 3783 Eusebius
2002 3735 2057 3781 et

472 3822 812 3894 Pamphilus,
882 3838 1008 3878 cum
1070 3822 1123 3877 in
1189 3820 1549 3875 ecclesiastica
1608 3819 1871 3882 Historia,
1942 3828 2053 3872 tum

474 3915 642 3970 multo
687 3914 860 3984 magis
892 3930 985 3983 per
1014 3912 1327 3982 Apologia»:
1358 3927 1450 3965 sex
1492 3910 1659 3964 libros
1692 3909 2052 3980 complexam,

471 4022 701 4079 quorum
736 4008 928 4061 unicus
979 4016 1253 4074 superest.
1286 4006 1438 4059 Alios
1469 4020 1685 4073 quoque
1742 4003 1918 4073 magni
1955 4018 2053 4056 no-

471 4102 632 4155 minis
661 4100 804 4153 viros
827 4098 1135 4168 complures
1158 4096 1373 4151 Eusebii
1408 4095 1740 4163 temporibus
1774 4092 2054 4163 apologias

470 4205 568 4259 pro
622 4188 854 4257 Origene
897 4186 1182 4255 scripsisse
1232 4186 1396 4240 tradit
1441 4186 1664 4239 Photins
1713 4186 1833 4238 cod.
1866 4198 2053 4237 cxvnt.

474 4280 617 4334 Inter
654 4278 966 4348 Origeniani
1009 4279 1243 4331 nominis
1297 4278 1541 4331 fautores
1570 4277 1924 4331 Athanasium
1961 4291 2057 4346 po-

472 4375 555 4427 nit
610 4372 919 4442 Stephanus
979 4370 1275 4434 Tritheita,
1342 4382 1708 4440 cognomento
1776 4368 2049 4433 Gobarus,

472 4466 624 4533 cujus
656 4474 911 4533 excerpta
943 4463 1104 4518 habet
1136 4463 1359 4517 Photius
1398 4465 1521 4518 eod.
1556 4478 1799 4517 ccxxx".
1829 4462 1923 4515 llis
1963 4476 2057 4515 ac—

2157 3277 2298 3335 Beda
2335 3279 2389 3333 in
2426 3274 2770 3332 Collectaneis
2808 3281 2862 3327 et
2899 3269 3139 3336 Floril,
3171 3281 3291 3337 cap.
3326 3264 3395 3320 de
3431 3260 3736 3317 luminarib.

2157 3370 2366 3426 Eecles.
2404 3386 2463 3425 :c
2499 3365 2648 3421 Multi
2680 3363 2798 3433 ejus
2840 3361 3057 3434 pessimi
3103 3357 3351 3427 discipuli
3378 3354 3547 3411 multa
3588 3369 3741 3407 vene-

2158 3477 2289 3518 noss
2338 3460 2437 3515 sub
2493 3458 2711 3513 nomine
2756 3454 2915 3521 hujus
2962 3450 3197 3508 edidisse
3235 3450 3511 3506 videntur.
3544 3464 3565 3499 ι
3611 3444 3737 3500 Cum

2156 3553 2302 3607 enim
2356 3549 2720 3605 Christianum
2769 3545 2954 3600 orbem
3004 3543 3059 3597 in
3115 3540 3380 3594 factiones
3434 3537 3740 3604 dissipasset

2160 3643 2327 3713 ipsius
2357 3640 2625 3705 doctrina,
2673 3644 2733 3690 ut
2779 3633 2946 3690 multa
2980 3631 3106 3687 huic
3142 3630 3278 3684 falso
3319 3629 3389 3681 ab
3420 3624 3741 3680 adversariis

2159 3734 2391 3802 impacta
2420 3738 2569 3795 sunt,
2614 3729 2685 3783 ita
2732 3743 2837 3781 non
2876 3740 3046 3794 pauca
3091 3733 3348 3793 tanquam
3382 3720 3452 3775 ab
3483 3718 3599 3789 ipso
3632 3726 3735 3770 tra-

2158 3826 2266 3880 dita
2298 3831 2709 3893 propugnarunt
2740 3818 2910 3887 ipsius
2961 3815 3219 3878 asseclze;
3270 3812 3355 3866 vel
3403 3826 3530 3882 qua
3573 3808 3737 3877 reipsa

2158 3913 2377 3968 fuerant
2451 3912 2519 3966 ab
2590 3911 2678 3965 illo
2750 3909 2991 3973 tradita,
3060 3908 3111 3962 in
3183 3906 3345 3960 aliam
3420 3902 3736 3959 sententiam

2158 4006 2513 4062 detorserant
2553 4019 2569 4058 :
2619 4018 2849 4073 quorum
2907 4015 3072 4055 causa
3123 3996 3321 4053 insonti
3374 3994 3597 4063 Origeni
3648 3992 3738 4047 de-

2160 4100 2461 4172 legabatur.
2529 4097 2699 4150 Caute
2750 4109 2883 4162 ergo
2936 4102 2992 4148 et
3044 4092 3332 4162 diligenter
3383 4086 3736 4156 Origenistica

2159 4194 2415 4263 dogmata
2448 4190 2516 4245 ab
2543 4186 2852 4257 Origenicis
2877 4193 3127 4255 seponat,
3160 4192 3215 4238 et
3260 4182 3315 4237 i'n
3356 4180 3591 4235 diversis
3617 4192 3739 4232 cau-

2160 4286 2235 4340 sis
2262 4282 2551 4352 Origenem
2598 4295 2665 4333 ac
2696 4276 3031 4347 Origenistas
3062 4274 3265 4327 versari
3302 4273 3465 4337 sciat,
3505 4270 3741 4339 quisquis

2159 4374 2441 4429 historiam
2498 4372 2638 4427 hanc
2670 4377 2925 4425 accurate
2960 4366 3145 4422 rimari
3175 4375 3230 4419 et
3272 4374 3609 4435 perspectam
3641 4362 3740 4416 ba-

2159 4468 2287 4522 bere
2321 4465 2483 4519 volet.

474 4561 775 4617 censendus
818 4560 1074 4629 Didymus
1119 4557 1538 4620 Alexandrinus,
1568 4556 1659 4625 qui
1697 4570 1792 4625 pro
1823 4555 2053 4624 Origene
2084 4554 2129 4609 D
2235 4558 2295 4612 V.
2333 4557 2445 4627 (45)
2481 4554 2675 4610 Nocuit
2704 4562 2758 4608 et
2793 4552 2923 4607 illud
2950 4549 3169 4621 Origeni
3197 4548 3342 4618 quod
3384 4548 3629 4603 maximae
3660 4544 3740 4599 la-

472 4653 881 4729 Apulogetieum
923 4651 1114 4715 edidit,
1149 4660 1215 4717 _et
1260 4649 1416 4703 Titus
1472 4648 1803 4711 Bostrensis,
1835 4660 1887 4700 et
1916 4646 2057 4701 Gre-

472 4747 610 4817 gorii
644 4747 823 4805 ambo.
860 4744 1263 4798 Nazianzenum
1313 4743 1459 4806 dico,
1500 4752 1556 4795 et
1598 4740 1926 4811 Nyssenum,
1959 4739 2050 4808 qui

475 4856 503 4891 a
535 4837 751 4893 Gobaro
785 4843 1306 4899 commemorantur,
1338 4842 1392 4887 et
1431 4830 1667 4887 Joannes
1699 4829 2053 4900 Jerosolymi-

477 4943 633 4986 tanus
664 4931 897 4986 assiduis
922 4946 1042 4984 eam
1065 4930 1135 4984 ob
1167 4944 1279 4985 rem
1317 4926 1605 5000 Epiphanii
1636 4937 1689 4979 et
1726 4924 2043 4996 llieronymi

478 5024 689 5097 probris
736 5024 1045 5080 lacessitus.
1088 5022 1418 5078 Methodium
1482 5034 1724 5090 quoque,
1778 5018 2051 5072 infensum

481 5118 631 5173 illum
664 5117 915 5188 Origenis
936 5116 1334 5177 adversarium,
1362 5112 1443 5166 sui
1474 5109 1768 5180 aliquando
1796 5108 1903 5161 odii
1932 5120 2057 5176 pm-

480 5212 658 5277 nituit,
691 5220 744 5264 et
786 5211 928 5265 inter
953 5210 1072 5277 ejus
1096 5205 1456 5261 admiratores
1494 5218 1556 5257 ac
1598 5202 1914 5256 defensores
1950 5211 2053 5251 no-

480 5320 601 5359 men
652 5317 807 5357 snum
846 5301 1120 5369 professus
1164 5307 1269 5359 est.
1318 5297 1468 5352 Tulit
1497 5296 1685 5351 eadem
1727 5301 1860 5347 aetas
1891 5289 2047 5344 addi-

479 5398 779 5453 ctissimum
810 5394 1029 5464 Origeni
1070 5392 1323 5447 Ruﬁnum
1348 5390 1776 5461 Aquileiensem,
1802 5394 1857 5441 et
1885 5385 2046 5439 innu-

478 5507 658 5547 meros
690 5505 783 5559 per
810 5487 1103 5560 A‘ngptum
1142 5489 1417 5556 dispersos
1452 5483 1768 5545 monachos,
1799 5476 2054 5533 maximis

480 5585 666 5637 eadem
707 5583 775 5637 de
796 5597 966 5637 causa
1003 5596 1124 5636 cum
1175 5577 1477 5647 Thenphilo
1512 5571 1884 5630 Alexandrino
1924 5567 2059 5623 veli-

559 5700 581 5731 ’
614 5697 776 5751 Prov.
821 5714 913 5763 xx,
956 5698 1039 5750 10.

554 5793 665 5861 (45)
696 5795 881 5845 Nomii
927 5803 973 5843 et
1024 5791 1157 5843 illud
1190 5789 1424 5861 origani,
1468 5787 1605 5861 quod
1635 5787 1878 5840 maxian
1903 5783 2053 5836 lucu-

485 5859 778 5916 brationum
804 5876 1016 5915 suarum
1046 5863 1206 5915 variis
1236 5859 1488 5913 Ruﬁnum
1514 5860 1847 5926 interpretem
1873 5863 2055 5908 nactus

2162 4655 2540 4711 cuhrationum
2592 4668 2810 4707 suarum
2865 4649 3038 4721 partis
3086 4646 3340 4701 Ruﬁnum
3397 4645 3741 4715 interpretem

2166 4756 2360 4802 nactus
2416 4752 2518 4801 est.
2568 4743 2736 4813 Cujus
2772 4752 2921 4795 tanta
2972 4739 3072 4793 luit
3119 4738 3172 4791 in
3214 4737 3410 4793 Latine
3459 4736 3740 4792 reddendis

2163 4849 2407 4893 veterum
2438 4837 2681 4907 scriptis,
2710 4844 2765 4890 et
2786 4845 2895 4888 tam
2921 4831 3271 4888 immoderata
3298 4830 3538 4893 licentia,
3566 4842 3743 4898 quern—

2164 4930 2451 4985 admodum
2484 4945 2626 4999 saepe
2656 4929 2987 4990 monuimus,
3021 4941 3142 4980 cum
3175 4923 3345 4978 multa
3390 4918 3739 4985 detrahendo,

2164 5020 2249 5074 vel
2281 5018 2650 5085 iuferciendo,
2690 5028 2803 5072 tum
2841 5016 3099 5087 pleraque
3147 5010 3525 5083 interpolando
3558 5019 3611 5065 et
3652 5022 3742 5063 re-

2165 5110 2470 5180 coquendo,
2501 5119 2556 5164 ut
2590 5108 2890 5179 intelligere
2933 5105 3128 5161 debeat
3158 5104 3473 5173 quicunque
3522 5113 3741 5156 conver-

2164 5217 2282 5257 sum
2315 5216 2345 5255 a
2372 5200 2566 5255 Rulino
2593 5199 2917 5270 scriptorem
2948 5194 3179 5264 aliquem
3214 5194 3381 5263 leget,
3416 5206 3520 5246 non
3556 5200 3663 5244 tam
3686 5203 3742 5243 se

2164 5291 2407 5345 auctoris
2452 5291 2642 5362 ipsius,
2698 5303 2859 5357 quam
2910 5283 3092 5340 Ruﬁni
3137 5283 3442 5337 sententias
3482 5290 3535 5337 et
3579 5278 3741 5333 verba

2164 5380 2363 5451 legere.
2408 5382 2484 5437 Eo
2532 5396 2662 5436 vero
2704 5380 2865 5433 latius
2906 5385 3056 5448 patet
3102 5374 3153 5430 id
3204 5374 3422 5438 vitium,
3471 5371 3609 5443 quod
3659 5370 3742 5440 ipe

2166 5486 2284 5526 sum
2341 5471 2683 5541 Origeniana:
2740 5469 3003 5523 doctrina:
3060 5464 3265 5519 fontem
3296 5502 3313 5528 ,
3384 5464 3549 5519 libros
3600 5459 3742 5525 napi

2164 5561 2399 5634 ἀρχῶν,
2432 5578 2570 5618 unus
2601 5561 2690 5617 ille
2722 5560 2789 5616 ad
2821 5575 2931 5630 nos
2957 5556 3213 5614 derivarit
3234 5594 3250 5622 ,
3287 5565 3343 5610 et
3374 5556 3491 5609 suis
3527 5552 3743 5623 quidem

2162 5786 2257 5833 est.
2307 5774 2442 5830 Vide
2472 5771 2851 5828 Praefationem
2879 5775 3118 5823 nostram
3154 5770 3301 5819 tomo
3345 5761 3519 5833 primo
3564 5753 3741 5830 preﬁ-

2169 5862 2290 5901 xatu
2318 5860 2437 5916 pag.
2466 5844 2524 5911 2,
2555 5845 2589 5898 5
2619 5854 2673 5900 et
2700 5842 2755 5897 4.
