3914 6518
206 430 335 485 1007

1254 432 1819 490 ORIGENIANORUM
1858 432 1984 488 LIB.
2028 431 2090 496 ll,
2128 432 2278 489 CAP.
2318 431 2406 487 Ill.

3304 435 3441 492 1098

206 550 454 605 sordibus
503 550 865 621 inquinatos;
918 551 1073 620 cujus
1119 562 1311 606 testem
1359 552 1588 606 citamus
1632 549 1777 603 Ruli-
1806 555 1852 609 Α
1880 548 2195 617 dogmaticis
2232 548 2641 612 assertionibus,
2691 558 2747 601 et
2802 547 2879 602 sic
2929 547 2984 601 in
3037 562 3152 611 eas,
3190 556 3440 616 tanquam

205 657 325 695 num
381 643 560 711 ipsum
616 643 668 697 in
717 644 963 712 Prologo.
1012 653 1063 698 et
1100 643 1151 698 in
1182 643 1499 698 Praefatione
1530 643 1649 697 libri
1688 657 1771 697 ιιι.

207 732 367 788 Nemo
436 741 621 789 autem
710 738 1001 804 superioris
1081 734 1273 803 capitis
1339 735 1773 790 tlissertationum

207 826 353 879 fidem
392 825 523 880 hinc
554 828 757 881 elevari
792 842 949 895 posse
992 837 1169 895 putet;
1221 842 1344 882 cum
1390 827 1533 881 enim
1582 842 1774 895 magna

203 915 646 979 criminatinnnm
699 932 844 985 pars,
899 933 1033 987 quas
1076 917 1325 987 Origenis
1376 926 1775 986 oppugnatores

200 1007 425 1075 jactant,
460 1008 587 1062 inde
622 1012 788 1077 petita
820 1010 933 1075 sit;
980 1011 1107 1078 quid
1142 1010 1319 1079 aptius
1352 1024 1511 1078 quam
1552 1024 1799 1077 respon-°

204 1100 380 1153 siones
414 1100 654 1153 indidem
691 1102 1029 1168 depromere,
1060 1102 1200 1155 unde
1228 1102 1635 1156 criminationes
1681 1117 1775 1170 pe-

206 1188 311 1241 tita:
347 1188 520 1242 sunt?
594 1188 651 1243 Si
705 1193 826 1259 quis
888 1208 1017 1262 ergo
1070 1208 1100 1245 c
1154 1202 1411 1262 corrupto
1456 1192 1592 1247 libro
1647 1208 1771 1261 pro-

206 1278 336 1332 latas
385 1278 731 1335 defensiones
791 1295 1087 1345 causetur,
1144 1284 1310 1337 cadat
1367 1284 1769 1338 accusationum

206 1387 265 1425 ex
316 1375 505 1425 eodem
558 1374 950 1427 accersitaruni
1007 1373 1139 1429 ﬁdes
1190 1390 1413 1429 necesse
1456 1384 1559 1431 est.
1620 1375 1771 1441 Quod

205 1461 247 1514 si
299 1476 454 1513 suum
506 1461 591 1516 his
635 1469 881 1518 servetur
906 1464 1093 1528 robur,
1124 1464 1291 1520 stabit
1318 1464 1532 1519 illarum
1558 1480 1773 1535 quoque

206 1553 516 1606 auctoritas.

196 1656 200 1679 ι
273 1639 354 1695 Π.
392 1640 618 1694 Multum
666 1642 828 1697 etiam
861 1643 929 1698 ad
978 1643 1345 1700 defensionem
1372 1645 1619 1717 Origenis
1645 1661 1771 1703 con-

205 1729 302 1785 fert
328 1730 552 1786 Patrum
576 1733 806 1792 aliorum
839 1735 1141 1805 exemplum
1162 1776 1178 1800 ,
1209 1736 1405 1805 quibus
1432 1753 1644 1793 errores
1671 1738 1769 1793 ali-

204 1824 288 1892 qui
311 1823 633 1879 exciderunt
668 1825 1015 1891 humanitus,
1053 1829 1301 1897 quamvis
1329 1830 1685 1883 orthodoxam
1715 1830 1765 1883 in

202 1916 313 1971 aliis
364 1918 644 1972 tenuerint
678 1918 874 1984 ﬁdem,
925 1930 979 1974 et
1033 1920 1176 1975 inter
1221 1923 1555 1977 orthodoxos
1613 1922 1769 1992 positi

203 2009 321 2065 sint.
356 2007 493 2061 Nam
547 2018 606 2063 ut
637 2010 772 2064 alios
802 2009 1084 2065 brevitatis
1129 2028 1295 2066 causa
1338 2015 1768 2082 praetermittam,

201 2111 324 2169 quot
347 2116 641 2157 recensere
669 2117 959 2171 possumus
1000 2104 1145 2157 nulla
1176 2106 1447 2161 luereseos
1468 2109 1771 2175 suspicione

201 2206 478 2260 aspersus,
509 2204 565 2247 et
598 2193 665 2246 de
692 2191 957 2246 Trinitate
1008 2204 1188 2249 tamen
1244 2194 1381 2249 falsa
1428 2206 1483 2251 et
1538 2198 1767 2252 absurda

200 2281 576 2336 commentos?
625 2281 854 2336 Venient
912 2283 965 2335 in
1022 2283 1167 2338 hunc
1211 2286 1466 2339 ordinem
1524 2285 1770 2342 Justinus

202 2383 436 2443 martyr,
503 2373 926 2440 Athenagoras,
994 2369 1324 2442 Theopnilus
1375 2376 1769 2444 Antiochenus,

200 2462 437 2518 Clemens
492 2461 791 2527 Romanus,
839 2464 1135 2535 Gregorius
1170 2464 1627 2536 Thanmaturgus,
1662 2467 1770 2521 Me-

201 2556 426 2619 thodins,
484 2555 784 2621 Lucianus,
835 2564 890 2610 et
940 2555 1190 2627 Origenis
1240 2557 1511 2627 praecipue
1541 2557 1773 2628 discipu-

201 2648 271 2705 lus
324 2650 623 2721 Dionysius
678 2651 1094 2716 Alexandrinus,
1153 2666 1310 2717 quem
1380 2652 1581 2706 idcirco
1634 2653 1771 2707 Ano-

201 2755 455 2796 ulmorum
502 2753 786 2812 parentem
829 2744 1066 2812 appellat
1109 2744 1339 2799 Basilius
1393 2747 1553 2813 epist.
1580 2746 1674 2814 4|,
1716 2755 1772 2801 et

200 2833 479 2888 Arianismi
539 2835 747 2889 fontem
801 2834 1111 2891 Gennadius
1161 2837 1254 2891 lib.
1286 2852 1346 2898 tt,
1403 2835 1480 2890 De
1534 2838 1768 2906 dogmat.

200 2939 305 2994 cap.
336 2927 395 2991 2,
429 2941 557 2981 cum
586 2941 709 2981 eum
741 2936 925 2982 tamen
955 2932 1024 2982 ab
1054 2928 1138 2982 liis
1179 2928 1616 2982 accusatiooihns
1662 2929 1771 2981 vin-

199 3016 323 3071 dicet
349 3018 716 3081 Athanasius,
768 3030 823 3071 et
882 3030 1078 3088 praeter
1105 3019 1460 3072 Athanasium
1513 3017 1771 3089 Hierony-

202 3124 324 3171 mus,
358 3109 454 3179 qui
487 3125 616 3163 eum
648 3111 703 3163 in
733 3109 992 3163 Trinitate
1021 3109 1349 3177 Catholicam
1387 3126 1496 3163 esse
1544 3119 1769 3163 testatur

1880 642 2141 696 adversus
2205 657 2371 699 novas
2414 641 2697 712 opiniones
2748 641 2800 695 in
2855 640 3151 696 Ecclesiam
3202 641 3444 695 invectas

1876 733 2077 788 velitati
2108 745 2250 789 sunt.

1950 823 2039 878 IX.
2089 824 2196 879 Nec
2226 825 2398 879 fraudi
2425 826 2551 881 huic
2581 840 2700 880 esse
2745 826 2922 891 oebel,
2952 824 3093 893 quod
3120 823 3240 878 han
3266 825 3443 879 clueo-

1878 914 2497 981 rnm,Sabellianorum,
2553 917 2902 980 Arianorum,
2965 916 3440 977 Eunomianorum,

1876 1009 2262 1061 Anonimorum
2322 1007 2838 1076 Pelagianoruinque
2871 1017 3056 1075 pater,
3089 1015 3141 1060 et
3193 1005 3433 1060 omnium

1877 1096 2148 1150 btereseon
2186 1097 2303 1151 fons
2350 1114 2379 1150 a
2432 1096 2703 1152 nonnullis
2748 1098 3066 1166 appellatur.
3112 1095 3243 1149 Nam
3284 1104 3341 1148 ut
3372 1096 3440 1149 ad

1874 1187 2260 1257 confingendas
2286 1189 2521 1242 haereses
2550 1187 2883 1243 incentivum
2911 1188 3113 1255 scripta
3142 1186 3259 1254 ejus
3287 1187 3446 1241 malis

1874 1276 2105 1347 ingeniis
2142 1278 2445 1333 subdidisse
2499 1280 2709 1346 demus,
2756 1277 3091 1332 lectorumne
3129 1278 3338 1346 culpam
3391 1289 3444 1331 et

1873 1384 2126 1438 perversa
2174 1368 2372 1437 judicia
2409 1378 2666 1437 praestare
2718 1369 2976 1423 tenetur?
3020 1368 3284 1422 meritone
3316 1368 3442 1436 a‘gri

1872 1462 2137 1515 stomachi
2188 1462 2375 1516 vitium
2426 1461 2478 1515 in
2539 1461 2716 1515 cibum
2746 1461 3019 1515 sincerum
3076 1460 3442 1515 transfertur?

1873 1550 1984 1607 lino
2018 1569 2165 1617 vero,
2201 1569 2425 1609 summa:
2457 1554 2573 1624 ejus
2604 1555 2657 1607 in
2688 1554 2929 1609 Ecclesia
2976 1552 3313 1608 auctoritatis
3358 1553 3444 1607 vel

1872 1656 1940 1698 ex
1969 1658 2036 1698 eo
2060 1644 2429 1713 prazjudicium
2458 1644 2593 1699 sumi
2628 1652 2820 1714 potest,
2858 1643 2999 1713 quod
3030 1658 3097 1698 ex
3133 1642 3300 1713 ipsius
3329 1639 3442 1695 suf-

1870 1733 2044 1804 fragio
2080 1750 2331 1803 magnam
2379 1735 2656 1789 erroribus
2682 1736 2799 1789 suis
2830 1734 2935 1787 vim
2981 1735 3238 1789 accedere
3287 1743 3444 1803 puta-

1872 1835 2001 1880 runt
2041 1826 2372 1881 heterodoxi.
2430 1828 2622 1880 Annon
2656 1838 2835 1880 autem
2863 1829 3190 1895 prmcipuam
3229 1826 3447 1895 ligmen-

1803 1898 1845 1954 Β
1876 1916 1943 1970 tis
1977 1916 2094 1971 suis
2131 1917 2286 1972 [idem
2316 1932 2379 1972 ex
2422 1916 2699 1987 Scriptura
2743 1932 2896 1972 sacra
2944 1917 3232 1972 conciliare
3260 1919 3443 1971 itidem

1872 2008 2093 2064 student
2144 2009 2429 2065 haeretici?
2479 2024 2655 2063 annon
2692 2024 2760 2063 ex
2802 2008 3001 2063 divinis
3029 2008 3205 2063 Libris
3238 2009 3289 2062 in
3314 2008 3443 2061 alie.

1873 2115 1970 2155 nos
1997 2111 2052 2155 et
2080 2100 2315 2156 nefarios
2360 2115 2550 2155 sensus
2596 2116 2627 2155 a
2674 2116 2733 2155 se
2760 2100 3029 2155 contortis
3057 2099 3312 2169 pestifera
3345 2115 3441 2154 sua

1871 2190 2118 2260 dogmata
2158 2192 2528 2248 extuderunt?
2576 2191 2699 2246 Pari
2734 2206 2865 2262 ergo
2899 2192 3022 2262 jure
3049 2206 3295 2245 errorum
3321 2205 3441 2245 om-

1871 2283 2041 2348 nium,
2072 2283 2116 2338 si
2151 2283 2227 2337 ita
2269 2283 2415 2353 loqui
2446 2282 2589 2346 licet,
2626 2283 2908 2353 Scriptura
2943 2299 3122 2349 sacra,
3164 2282 3302 2336 male
3331 2283 3442 2338 sci-

1870 2370 1997 2426 licet
2027 2381 2273 2441 accepta,
2310 2373 2430 2427 fons
2462 2372 2671 2426 dicatur
2717 2383 2772 2427 et
2802 2372 2973 2442 origo,
3005 2372 3076 2427 ob
3116 2382 3441 2443 praepostera

1871 2480 2063 2533 nempe
2108 2464 2485 2519 haereticorum
2542 2464 2776 2535 ingenia,
2810 2466 3010 2535 optima
3047 2479 3273 2535 quasque
3315 2478 3441 2534 per-

1871 2555 2216 2609 vertentium.

1938 2646 2007 2701 Χ.
2042 2646 2154 2716 (l4)
2187 2645 2427 2714 Denique
2467 2644 2810 2713 potissimum
2833 2643 3044 2716 Origeni
3080 2660 3146 2699 ex
3181 2644 3440 2699 librorum

1871 2740 2040 2809 ipsius
2071 2738 2455 2807 depravatione
2491 2738 2851 2805 patrocinium
2879 2736 3221 2791 conciliatur.
3270 2735 3445 2803 Argu-

1873 2840 2111 2884 mentum
2157 2828 2285 2881 illud
2330 2829 2560 2897 arripuit
2611 2844 2912 2899 anonymns
2969 2830 3137 2897 ipsius
3193 2829 3445 2883 defensor

1867 2923 2009 2988 apud
2040 2917 2290 2971 Photium
2319 2918 2439 2973 cod.
2466 2933 2633 2972 cxvn.
2658 2918 2802 2972 Idem
2825 2934 2953 2974 vero
2984 2920 3239 2988 peculiari
3263 2919 3444 2973 libello

1870 3011 2117 3065 dilatavit
2143 3009 2392 3073 Rufinus,
2426 3010 2582 3075 cujus
2607 3025 2814 3064 summa
2853 3010 2966 3064 htec
3005 3020 3088 3064 est
3116 3028 3129 3064 :
3163 3009 3290 3065 lude
3314 3010 3439 3065 Ori-

1870 3102 2022 3172 genis
2053 3101 2273 3157 codices
2302 3100 2370 3153 ab
2410 3101 2683 3154 hwreticis
2719 3110 2775 3155 et
2809 3101 3085 3155 malevolis
3123 3102 3443 3171 depravatos

201 3197 405 3267 Apolog.
449 3197 546 3252 lib.
577 3214 614 3251 ιι
640 3238 657 3261 ,
705 3213 825 3266 cap.
854 3199 907 3252 4.
958 3198 1129 3265 Quam
1192 3198 1389 3253 multos
1446 3199 1665 3267 integra:
1713 3208 1765 3252 et
1792 3229 1835 3285 ο
1869 3194 2046 3263 argui,
2072 3193 2215 3262 quod
2241 3193 2513 3246 contraria
2539 3202 2593 3245 et
2621 3193 2999 3263 repugnantia,
3036 3208 3140 3247 non
3178 3194 3230 3249 in
3261 3195 3442 3248 diver-

200 3302 326 3342 salue
360 3289 483 3342 fidei
520 3290 668 3344 viros
703 3290 821 3343 tulit
847 3289 1108 3353 Ecclesia,
1133 3289 1421 3345 calumniis
1442 3288 1764 3356 proscissns.

198 3388 239 3432 et
266 3379 585 3448 ignominiis
616 3380 878 3433 notatos?
916 3378 1089 3433 Unum
1123 3379 1351 3433 laudabo
1391 3394 1503 3448 pra:
1546 3380 1765 3447 reliquis

198 3468 439 3525 Joannem
471 3472 950 3540 Clirysostomum,
998 3472 1078 3523 vel
1125 3471 1264 3525 hanc
1312 3471 1651 3539 potissimum
1696 3472 1765 3525 ob

199 3574 421 3626 causam,
471 3563 622 3631 quod
672 3562 770 3615 bas
826 3563 924 3631 ipsi
970 3562 1407 3619 conﬂictationes
1437 3563 1761 3633 Origenismi

198 3652 415 3720 suspicio
442 3652 677 3722 peperit.
742 3651 879 3706 Nam
935 3668 1057 3707 cum
1087 3652 1422 3725 Origenistas
1467 3657 1765 3711 monachos

199 3743 436 3798 adversus
470 3744 761 3813 Theophili
801 3745 1153 3799 Alexandrini
1210 3746 1435 3813 injurias
1495 3756 1762 3813 tueretur,

200 3833 241 3888 ia
271 3836 638 3904 suspicionem
674 3836 821 3890 venit
846 3835 1080 3891 all'ectati
1106 3837 1457 3907 Origenismi,
1488 3839 1764 3909 variisque

198 3924 385 3979 artibus
414 3926 739 3996 episcopatu
774 3927 1054 3996 depulsus,
1091 3928 1557 3999 Constantinopoli
1589 3931 1765 3983 detur-

200 4014 355 4079 batus,
384 4018 439 4071 in
469 4018 734 4072 exsilium
770 4027 945 4082 actus,
984 4034 1194 4074 summa
1230 4037 1294 4074 ac
1326 4036 1493 4090 prope
1526 4023 1697 4075 ferina
1732 4039 1759 4072 ιι

200 4105 470 4162 submissis
494 4108 829 4162 satellitibus
857 4109 1199 4163 inclementia
1226 4112 1519 4175 adhibitus,
1551 4113 1763 4178 aegritu-

200 4196 304 4253 dine
327 4201 550 4255 tandem
578 4201 771 4266 animi,
796 4217 859 4256 ac
883 4202 1130 4270 corporis
1159 4202 1437 4257 doloribus
1461 4205 1760 4259 exstinctus

198 4297 299 4355 est;
332 4289 709 4360 Origenisque
760 4292 1124 4346 calamitatem
1170 4302 1225 4347 et
1267 4292 1533 4349 fortunam
1572 4292 1763 4364 Orige—

202 4379 355 4435 nistas
379 4393 677 4451 protegens
701 4384 753 4436 in
781 4398 839 4437 se
866 4384 1157 4452 expressit.

268 4469 368 4524 Vll.
425 4471 741 4526 Notandum
807 4488 1024 4543 quoque
1086 4474 1141 4527 in
1202 4474 1430 4542 gratiam
1482 4473 1762 4546 Origenis,

1867 3287 1944 3341 sis
1968 3286 2141 3339 solum
2170 3286 2336 3355 ipsius
2358 3284 2762 3354 scriptionibus,
2793 3286 2883 3340 sed
2910 3286 3096 3340 iisdem
3120 3287 3282 3341 etiam
3310 3287 3441 3342 locis

1866 3381 2288 3450 comperiantur,
2323 3380 2501 3451 qualia
2538 3381 2606 3435 ab
2658 3382 2878 3435 homine
2925 3396 3031 3434 non
3086 3381 3300 3449 insano,
3343 3398 3443 3435 nec

1867 3474 2084 3542 penitus
2135 3485 2316 3528 mente
2362 3481 2637 3527 commoto
2689 3473 2889 3542 scripta
2949 3472 3126 3525 nullus
3178 3472 3441 3538 suspicari

1867 3566 2076 3636 possit;
2112 3566 2333 3621 Patrum
2368 3565 2597 3619 aliorum
2633 3564 2803 3619 libros
2846 3564 2960 3634 pari
2993 3566 3153 3618 modo
3183 3563 3439 3619 Ecclesia:

1868 3656 2176 3725 perduelles
2238 3659 2589 3726 corrupisse,
2649 3666 2775 3727 puta
2828 3657 3121 3711 Clementis
3190 3656 3440 3719 Romani,

1865 3752 2164 3807 Clementis
2219 3751 2443 3806 alterius
2473 3752 2863 3819 Alexandrini,
2926 3768 2990 3806 ac
3031 3752 3265 3821 Dionysii
3312 3752 3440 3806 item

1867 3844 2267 3911 Alexandrini;
2310 3846 2427 3915 ejus
2460 3845 2611 3899 libris
2642 3860 2834 3901 manus
2874 3847 2941 3899 ab
2970 3845 3239 3900 luereticis
3266 3844 3442 3900 illatas

1864 3936 2222 3990 Athanasium
2277 3938 2714 4001 demonstrasse;
2755 3938 3001 3991 eumdem
3046 3951 3229 3991 casum
3270 3936 3438 3988 Atha-

1867 4026 2003 4079 nasii
2047 4025 2221 4095 ipsius
2248 4027 2465 4081 codices
2503 4028 2852 4092 sustinuisse;
2901 4027 3083 4081 llilarii
3129 4041 3341 4097 quoque
3386 4040 3441 4080 et

1863 4118 2166 4189 Cypriani;
2221 4135 2320 4174 nec
2370 4120 2541 4175 sacris
2600 4121 2731 4190 ipsis
2772 4119 3145 4176 Voluminibus
3201 4121 3440 4175 nefarios

1862 4206 2111 4262 homines
2150 4206 2529 4264 Marcionistas
2571 4219 2627 4264 et
2666 4210 2927 4278 Apellitas
2955 4210 3297 4280 pepercisse;
3332 4225 3438 4264 non

1864 4315 2025 4353 unam
2076 4300 2509 4356 lucubrationum
2560 4316 2780 4355 suarum
2834 4304 3193 4370 corruptelam
3226 4301 3296 4355 ab
3338 4300 3439 4355 ad-

1862 4392 2122 4447 versariis
2169 4394 2285 4450 suis
2333 4393 2631 4463 profectam
2675 4391 2961 4462 Origenem
3012 4394 3185 4464 ipsum
3240 4395 3438 4463 depre-

1864 4483 2139 4551 hendisse,
2174 4485 2247 4539 uti
2303 4487 2418 4556 ipse
2456 4488 2596 4556 apud
2636 4489 2839 4542 amicos
2872 4486 3265 4541 Alexandrinos
3302 4502 3439 4555 que-

200 4568 517 4629 qntecunque
563 4560 722 4614 nobis
764 4561 934 4629 ipsius
983 4562 1201 4617 exhibet
1230 4562 1527 4617 Philocalia
1566 4564 1757 4631 (multa

1872 4584 1980 4629 stus
2013 4587 2097 4630 est
2125 4576 2177 4630 in
2202 4578 2453 4647 epistola,
2481 4592 2642 4647 quam
2675 4578 2962 4647 descripsit
2990 4578 3213 4632 llulinus
3234 4595 3249 4644 ;
3272 4576 3439 4647 leam-

199 4658 359 4703 autem
388 4651 636 4715 exhibet,
665 4652 828 4705 etiam
867 4653 934 4708 ab
966 4652 1086 4720 ejus
1110 4654 1546 4711 criminatoribus
1586 4671 1763 4725 repre-

200 4734 366 4808 hensa)
411 4742 670 4818 quoniam
705 4757 734 4794 a
760 4740 1021 4811 Gregorio
1055 4743 1329 4812 Theologo
1367 4756 1420 4798 et
1458 4746 1657 4800 Basilio
1685 4761 1766 4801 se-

201 4824 323 4883 lecta
353 4830 667 4886 Philocalia:
697 4835 913 4887 nomine
939 4831 1133 4889 aﬂ'ecta
1160 4847 1306 4902 sunt,
1340 4835 1576 4905 ipsorum
1607 4838 1765 4906 quasi

201 4918 434 4993 suffragio
466 4934 523 4978 et
583 4924 983 4993 approbatione
1033 4928 1239 4981 munita
1292 4929 1495 4993 videri;
1543 4944 1666 4983 nam
1714 4932 1761 4985 si

200 5022 341 5065 secus
361 5018 425 5067 de
453 5016 520 5069 iis
544 5016 862 5080 sensissent,
880 5031 1015 5072 cane
1048 5017 1305 5086 Ἐκλογὰς
1321 5019 1623 5089 χρησίμους
1648 5023 1762 5084 τοῖς

202 5102 481 5174 φιλολόγοις
505 5106 801 5176 Gregorius
823 5108 1142 5177 appellasset
1168 5110 1219 5163 in
1243 5110 1469 5179 epistola
1493 5109 1561 5164 ad
1584 5108 1759 5164 Theo-

201 5190 372 5247 dorum
404 5195 686 5266 Tyaneum
715 5197 1072 5267 episcopum?

267 5281 386 5340 Vlll.
424 5287 744 5358 Allegoricaa
774 5299 1034 5357 praeterea
1072 5289 1245 5359 ipsius
1284 5288 1761 5358 interpretationes

203 5368 412 5432 lectores
461 5394 849 5448 nonnunquam
900 5378 1213 5436 fefellerunt
1244 5397 1259 5435 :
1288 5396 1410 5436 cum
1438 5381 1583 5436 enim
1620 5396 1762 5452 saepe

199 5466 262 5521 ab
300 5472 634 5540 expositione
688 5472 880 5526 littera:
928 5474 995 5527 ad
1052 5473 1351 5543 spiritalem
1409 5486 1630 5526 sensum
1686 5472 1759 5527 ita

202 5566 443 5628 transeat,
500 5574 561 5618 ut
619 5567 707 5619 vix
778 5566 1063 5635 utriusque
1125 5568 1453 5637 percipiatur
1510 5567 1763 5622 commis-

202 5662 349 5717 sura,
395 5657 716 5727 allegoricas
767 5658 1243 5728 interpretationes
1302 5659 1605 5714 habuerunt
1665 5675 1761 5729 pro

209 5852 219 5863 .
262 5788 368 5868 (Ml
419 5789 671 5868 Denique
725 5792 1326 5868 potissimum_0rigeni
1380 5806 1458 5868 ea:
1505 5791 1761 5868 librorum

204 5864 351 5922 ipsius
398 5864 773 5928 depravatione
827 5864 1178 5929 patrocinium
1244 5864 1580 5919 conciliatur.
1653 5866 1752 5917 Adi

507 5957 784 6018 ΡΑτιιοι.
828 5957 945 6016 Gn.
980 5958 1177 6017 XVII.

1868 4667 1989 4720 dem
2019 4682 2233 4735 quoque
2276 4669 2550 4737 querelam
2596 4672 2649 4724 in
2704 4670 2807 4724 alia
2851 4670 3023 4740 ipsum
3060 4668 3282 4737 epistola
3343 4668 3442 4721 itc-

1868 4772 2034 4812 rasse.
2075 4757 2189 4814 Prae
2225 4760 2343 4814 aliis
2370 4777 2501 4815 vero
2525 4761 2844 4829 depravatos
2884 4762 3051 4814 fuisse
3094 4760 3259 4814 libros
3298 4759 3439 4825 Περὶ

1865 4846 2068 4915 ἀρχῶν
2106 4850 2243 4903 idem
2276 4852 2439 4904 tradit
2468 4850 2697 4905 Rnlinus
2740 4852 2791 4904 in
2833 4849 3060 4919 Prologo
3088 4850 3155 4902 iis
3197 4848 3435 4917 praefixo.

1869 4936 2008 4992 Huic
2047 4939 2277 4993 adsonat
2304 4938 2615 4994 Vincentius
2643 4939 2938 4993 Lirinensis
2972 4940 3023 4992 in
3047 4939 3224 4992 libello
3251 4939 3436 4990 adver-

1869 5045 1957 5081 sus
1990 5028 2246 5096 Iurreses,
2281 5029 2448 5096 capit.
2480 5028 2570 5081 25.
2627 5047 2646 5079 ι
2675 5028 2779 5082 Sed
2808 5028 2953 5082 dicet
2983 5028 3197 5096 aliquis,
3236 5027 3431 5096 inquit,

1868 5128 2151 5186 corruptos
2193 5132 2314 5173 esse
2342 5116 2592 5187 Origenis
2639 5116 2806 5171 libros
2841 5134 2855 5170 :
2889 5132 2996 5170 non
3046 5116 3258 5181 resisto,
3307 5116 3437 5186 quin

1868 5210 2043 5277 potius
2065 5219 2123 5263 et
2163 5208 2303 5262 malo
2335 5228 2348 5263 :
2383 5224 2505 5263 nam
2556 5209 2606 5262 id
2654 5225 2682 5261 a
2729 5209 3049 5276 quibusdam
3078 5215 3133 5261 et
3161 5207 3437 5272 traditum,

1866 5308 1922 5353 et
1973 5302 2234 5367 scriptum
2290 5309 2394 5366 est,
2456 5314 2560 5353 non
2616 5299 2912 5354 Catholicis
2963 5308 3193 5362 tantum,
3250 5313 3437 5352 verum

1868 5391 2031 5447 etiam
2060 5390 2353 5445 haereticis.
2382 5410 2401 5443 ι
2434 5390 2638 5443 Auctor
2672 5388 2914 5456 Catalogi
2949 5389 3015 5443 ad
3063 5388 3433 5444 Desiderium:

1875 5481 2066 5537 «Multi
2132 5490 2311 5534 tamen
2370 5481 2580 5551 aliquos
2633 5494 2749 5547 ejus
2810 5476 3105 5550 (Urigenis)
3172 5479 3438 5548 pessimos

1871 5571 2161 5642 discipulos
2202 5571 2366 5626 multa
2419 5586 2686 5625 venenosa
2739 5569 2841 5623 sub
2892 5567 3008 5635 ejus
3055 5570 3271 5624 nomine
3326 5571 3441 5625 edi-

1872 5660 2017 5714 disse
2050 5666 2397 5712 testamurn
2452 5672 2572 5727 qua:
2615 5656 2778 5709 verba
2813 5654 3005 5722 repetit
3032 5653 3187 5709 Beda
3232 5654 3443 5717 Auctor

1870 5792 2243 5848 Praefationem
2297 5794 2423 5848 tomi
2472 5792 2626 5862 primi
2676 5806 2798 5863 pag.
2833 5786 2904 5853 Ξ,
2944 5788 2977 5842 5
3006 5802 3058 5844 et
3083 5790 3152 5856 4,
3191 5790 3282 5847 ubi
3324 5793 3442 5847 haec
3482 5836 3485 5839 ς

1863 5865 2130 5920 sententia
2157 5863 2488 5919 confutatur.

3040 5960 3115 6017 35
