3906 6538
455 430 589 486 10⁴ὶ9

1725 426 1785 482 Ρ.
1826 425 2142 482 DANlELlS
2175 425 2410 483 HUETII

3573 430 3702 484 “00

459 552 850 616 l’ra'destinati,
882 552 1010 605 lmr.
1045 550 1117 604 2'2
1148 559 1203 604 et
1241 550 1332 614 45,
1365 551 1584 604 minime
1611 551 1687 604 ιιι)
1717 551 1801 606 his
1823 551 2024 605 discre-
2056 556 2098 610 Α
2128 549 2263 603 alii?
2295 549 2430 604 Tum
2471 547 2656 618 objicit
2707 548 2809 602 sibi
2844 546 3244 620 Hieronymus:
3281 568 3300 600 ι
3329 547 3619 616 Quomodo
3651 551 3700 601 in

452 655 564 712 pat,
590 643 844 714 additque
864 644 1260 711 Ampulliauum
1285 646 1574 713 quemdam
1607 643 2020 698 litercsiarcham

452 736 739 807 Bithynum
776 734 1057 788 astruendi
1095 736 1175 789 sui
1219 736 1486 804 dogmatis
1525 736 1697 804 gratia
1727 734 1946 787 vitiatos
1992 747 2020 786 a

449 842 508 883 se
533 827 790 896 Origenis
837 827 1003 880 libros
1046 827 1359 896 protulisse.
1410 826 1648 895 Denique
1683 825 1888 896 llaymo
1930 825 2024 880 Al-

449 921 806 976 berstatensis
836 919 888 974 in
933 921 1073 974 libro
1109 920 1185 974 De
1221 919 1644 974 Christianarum
1694 935 1867 972 rerum
1913 935 2022 973 me-

449 1015 618 1066 moria
652 1013 724 1066 ita
749 1013 965 1068 disserit
1000 1029 1014 1065 :
1051 1031 1068 1062 t
1098 1010 1207 1080 Ego
1244 1026 1374 1066 sane
1405 1012 1470 1064 de
1501 1008 1740 1080 Origene
1767 1010 1884 1063 viro
1913 1019 2019 1062 tam

449 1105 664 1171 illustri,
721 1105 1195 1159 abstinentissima:
1242 1104 1364 1156 vita:
1405 1112 1460 1157 et
1497 1103 1841 1163 castissimte,
1877 1116 2019 1172 prte-

445 1199 608 1253 clarte
637 1197 915 1259 doctrinte,
952 1198 1072 1266 puri
1117 1207 1170 1249 et
1210 1195 1374 1250 lucidi
1419 1195 1708 1258 sermonis,
1737 1194 1882 1248 salva
1918 1194 2020 1247 ﬁde

447 1289 665 1344 Patrum
706 1289 957 1356 dixerim,
1004 1288 1143 1357 quod
1171 1289 1286 1342 haec
1324 1289 1550 1342 omnino
1579 1303 1683 1341 non
1713 1286 2015 1354 scripserit,

445 1386 538 1437 sed
573 1384 641 1435 ab
675 1381 941 1434 haereticis
997 1380 1066 1436 ob
1111 1379 1427 1448 praeclarum
1477 1393 1669 1434 nomen
1718 1379 1836 1446 ejus
1873 1376 2013 1430 oﬁ‘u-

443 1474 726 1537 scandam,
769 1471 998 1539 maligne
1021 1468 1257 1524 conﬁcta
1316 1477 1440 1522 sunt
1494 1479 1547 1522 et
1594 1468 1920 1538 conscripta,
1965 1475 2021 1522 et

445 1563 646 1617 nomini
684 1578 783 1616 suo
809 1562 1154 1632 praetitulata.
1189 1581 1207 1612 ν

509 1653 738 1709 Constat
770 1653 1010 1722 profecto
1029 1654 1270 1707 solemne
1299 1652 1350 1706 id
1374 1666 1494 1706 esse
1515 1651 1786 1706 haereticis
1811 1659 2021 1704 veteres

442 1745 607 1802 libros
632 1745 1088 1801 arcessendae‘sibi
1110 1745 1447 1800 auctoritatis
1465 1759 1628 1798 causa
1653 1741 1874 1797 violare.
1902 1741 2023 1796 Fre-

440 1840 658 1907 quentia
699 1847 996 1894 occurrunt
1050 1837 1296 1906 exempla
1339 1836 1390 1890 in
1426 1835 1668 1889 Panario
1704 1834 2013 1904 Epiphanii.

441 1929 646 1991 Scribit
678 1931 805 1984 item
835 1929 1098 1998 Evagrius
1127 1927 1220 1982 lib.
1260 1945 1344 1990 tu,
1383 1943 1503 1994 cap.
1528 1929 1618 1994 51,
1663 1927 2012 1983 Nestorianos

439 2033 494 2076 et
539 2023 900 2094 Eutycltianos
956 2031 1266 2076 Sanctorum
1328 2021 1546 2075 Patrum
1605 2019 2012 2074 lucubrationes

438 2130 582 2183 saepe
609 2115 950 2187 depravasse,
989 2113 1294 2181 multosque
1322 2110 1640 2181 Apollinarii
1684 2109 1852 2165 libros
1877 2108 2014 2164 Gre-

437 2209 590 2280 gorio
623 2206 1051 2276 Thaumaturgo,
1090 2205 1389 2260 Athanasio
1439 2213 1491 2258 et
1513 2202 1654 2258 Julio
1687 2201 1906 2256 mutatis
1945 2201 2012 2255 tio

439 2300 566 2353 tulis
615 2297 957 2365 ascripsisse.
1015 2293 1437 2364 Apollinaristas
1482 2305 1698 2362 quoque
1729 2289 1913 2361 Cyrilli
1945 2289 2010 2342 li-

438 2390 568 2444 bros
602 2389 931 2459 pervertisse
954 2397 1144 2442 auctor
1173 2395 1254 2440 est
1279 2385 1565 2439 Leontius.
1607 2382 1856 2438 Notarius
1882 2397 2012 2451 prae-

439 2492 586 2538 terea
633 2482 884 2536 homilias
917 2479 1201 2547 Origenis,
1237 2485 1290 2532 et
1329 2477 1532 2530 dictata
1586 2490 1653 2529 ex
1693 2476 1859 2544 ipsius
1915 2489 2011 2529 ore

436 2575 767 2643 excipientes
795 2588 892 2642 per
928 2572 1146 2625 nimiam
1182 2570 1582 2625 festinationem
1611 2567 1889 2622 erroribus
1915 2566 2008 2619 ali-

436 2667 631 2736 quibus
663 2664 988 2734 respersisse
1013 2661 1336 2719 crediderim
1366 2676 1382 2725 ;
1425 2674 1633 2715 necnon
1673 2665 1729 2712 et
1767 2657 2010 2711 indoctas

433 2753 660 2826 puellas,
713 2768 940 2823 quarum
970 2767 1131 2822 opera
1158 2753 1224 2807 ad
1261 2749 1563 2807 exarandas
1595 2748 1783 2805 nitidis
1815 2747 2010 2803 litteris

434 2847 648 2900 codices
677 2845 949 2899 utebatur.

507 2937 614 2992 Sed
658 2937 1018 3006 Hieronymus
1066 2942 1236 2990 totam
1292 2936 1432 2988 hanc
1455 2932 1728 3003 Origenis,
1775 2948 1894 3002 quae
1941 2947 2005 2984 ex

435 3030 697 3085 librorum
750 3027 920 3097 ipsius
968 3026 1355 3095 depravatione
1385 3026 1608 3096 petitur,
1639 3023 2005 3080 defensionem

433 3121 585 3177 flocci
614 3120 743 3176 facit
774 3120 865 3175 lib.
899 3135 936 3173 ιι
989 3119 1208 3187 Apolog.
1243 3120 1448 3173 advers.
1482 3116 1659 3187 Ruﬁn.
1682 3157 1698 3180 ,
1738 3131 1856 3183 cap.
1889 3115 1923 3169 4
1954 3127 2006 3168 et

2125 642 2275 694 libris
2323 656 2508 695 eorum
2562 640 2804 712 (Patrum
2856 640 3133 713 Ecclesiae)
3195 642 3390 696 vitiosa
3445 643 3703 696 nonnulh

2123 733 2290 789 sunt?
2317 754 2336 786 ι
2372 735 2682 805 respondet,
2723 753 2741 786 ε
2772 735 2828 788 Si
2866 751 2954 790 me
2989 749 3184 790 causas
3205 735 3462 790 vitiorum
3493 735 3707 788 nescire

2123 826 2474 895 respondero,
2511 841 2615 879 non
2669 826 2854 880 statim
2912 826 3035 881 illos
3068 827 3355 882 haereticos
3399 825 3707 894 iudicabo:

2121 919 2237 974 fieri
2265 920 2409 974 enim
2438 929 2650 987 potest,
2683 931 2741 974 ut
2772 920 2857 975 vel
2894 921 3215 991 simpliciter
3242 919 3599 983 erraverint,
3628 917 3708 972 vel

2088 1009 2231 1066 'alio
2281 1024 2443 1064 sensu
2498 1011 2860 1080 scripserint,
2919 1010 3002 1066 vel
3054 1024 3085 1064 a
3148 1009 3391 1064 librariis
3437 1010 3710 1078 imperitis

2120 1115 2307 1156 eorum
2355 1101 2616 1171 paulatim
2665 1103 2867 1172 scripta
2908 1108 3161 1172 cerrupta
3206 1102 3317 1156 sint
3347 1119 3362 1156 :
3397 1102 3483 1155 vel
3539 1112 3709 1162 certe.

2121 1201 2412 1262 antequam
2443 1194 2495 1247 in
2524 1192 2874 1256 Alexandria,
2900 1194 3055 1262 quasi
3081 1194 3406 1248 daemonium
3436 1192 3707 1246 meridia-

2121 1299 2285 1347 num,
2334 1285 2496 1338 Arius
2551 1293 2904 1351 nasceretur,
2969 1286 3290 1340 innocenter
3341 1285 3604 1356 quaedam
3659 1295 3714 1340 α

2121 1374 2300 1429 minus
2327 1385 2486 1430 caute
2538 1374 2698 1429 locuti
2748 1387 2897 1442 sunt,
2939 1386 2993 1431 et
3039 1392 3160 1446 qua
3194 1393 3298 1432 non
3335 1377 3556 1448 possint
3587 1393 3711 1448 per-

2121 1481 2400 1521 versorttm
2428 1467 2704 1520 hominum
2728 1469 3054 1522 calumniam
3083 1470 3380 1522 declinare.
3409 1488 3430 1521 ι
3462 1469 3714 1523 Ειευεδο

2124 1561 2321 1614 tionem
2372 1561 2600 1631 accipio,
2650 1577 2748 1614 cur
2791 1571 2845 1615 tu
2893 1564 3136 1615 eamdem
3167 1579 3262 1630 pro
3287 1563 3530 1632 Origene
3556 1564 3711 1618 adhi-

2121 1653 2288 1708 bitam
2331 1654 2683 1723 repudiabis?
2726 1671 2752 1707 a
2801 1655 3039 1710 librariis
3081 1657 3281 1726 scripta
3305 1655 3424 1726 ejus
3467 1656 3714 1711 fortasse

2120 1755 2377 1815 corrupta
2421 1746 2586 1801 fuisse
2640 1747 2908 1815 dicimus;
2961 1757 3088 1803 ante
3122 1749 3309 1802 Arium
3338 1750 3526 1803 minus
3549 1759 3714 1803 caute

2121 1838 2364 1893 locutttm
2403 1839 2838 1908 pronuntiamus,
2883 1839 2964 1896 vel
3018 1839 3126 1894 alio
3171 1855 3332 1896 sensu
3381 1840 3710 1910 scripsisse,

2117 1930 2200 1985 vel
2254 1931 2483 1999 denique
2541 1945 2792 1996 errasse;
2852 1933 3127 1988 idcircone
3179 1934 3446 1989 hmreseos
3519 1935 3706 2004 ipsum

2113 2023 2431 2079 damnabis?
2455 2023 2629 2078 Allata
2658 2025 2875 2079 demum
2906 2025 3127 2080 Patrum
3171 2026 3402 2080 aliorum
3438 2025 3702 2092 exempla

2113 2115 2364 2169 deridens
2413 2113 2490 2169 ait
2536 2131 2638 2168 non
2681 2115 2947 2170 haireseos
2991 2116 3300 2185 suspicione
3343 2129 3546 2170 vacare
3577 2113 3713 2169 Ori-

2112 2221 2324 2276 genem,
2346 2205 2557 2261 etiamsi
2595 2207 2647 2259 in
2678 2207 2866 2261 haeresi
2898 2207 3085 2262 Patres
3117 2208 3206 2262 alii
3253 2208 3471 2263 fuerint.
3506 2207 3716 2260 Diceae

2112 2300 2234 2352 dum
2266 2301 2443 2369 potius
2472 2301 2663 2354 haeresi
2689 2315 2882 2354 vacare
2908 2301 3217 2372 Origenem,
3247 2301 3490 2370 quamvis
3527 2301 3590 2353 in
3620 2315 3711 2353 er-

2112 2403 2262 2444 rores
2297 2389 2475 2457 lapsus
2525 2390 2636 2454 sit,
2672 2391 2814 2457 quod
2865 2389 3084 2458 paribus
3134 2389 3374 2460 impliciti
3409 2389 3720 2444 erroribus

2109 2480 2321 2547 Patres,
2375 2482 2522 2534 omni
2557 2492 2734 2534 tamen
2774 2481 3048 2536 luereseos
3090 2490 3214 2536 nota
3258 2481 3367 2534 sint
3398 2480 3714 2533 immunes.

2112 2570 2366 2625 Mutilata:
2394 2572 2731 2640 postmodum
2759 2571 3002 2640 epistola:
3039 2572 3342 2625 Adatnantii
3383 2573 3451 2625 ad
3472 2567 3718 2626 amicos

2109 2664 2505 2718 Alexandrinos
2546 2663 2800 2718 Ruﬁnum
2853 2663 3033 2734 arguit
3083 2663 3476 2736 Hieronymus;
3542 2675 3615 2717 ut
3671 2664 3717 2718 si

2109 2755 2233 2824 quis
2282 2756 2591 2810 mutilatum
2630 2770 2660 2809 a
2703 2768 2788 2810 me
2833 2756 3152 2824 scriptorem
3205 2770 3324 2811 esse
3349 2756 3519 2819 dicat,
3586 2771 3717 2810 eum

2111 2848 2478 2902 testimonium
2513 2848 2730 2918 aliquod
2760 2864 2826 2904 ex
2855 2862 2922 2903 eo
2952 2851 3036 2902 vel
3062 2847 3419 2917 fragmentum
3467 2848 3545 2900 ad
3594 2863 3717 2903 rem

2110 2938 2161 2991 in
2195 2938 2565 3006 disputatione
2600 2939 2832 3006 positam
2856 2938 3134 3007 pertinens
3155 2938 3398 2992 adduco:
3430 2952 3717 3005 quorsum

2108 3030 2250 3084 enim
2279 3030 2528 3100 Origeuis
2569 3029 2830 3084 adversus
2864 3029 3192 3084 Demetrium
3239 3028 3490 3098 querelas
3524 3069 3543 3093 ,
3587 3045 3720 3097 qua

2109 3121 2162 3175 in
2198 3123 2402 3191 reliqua
2437 3121 2681 3190 epistolae
2697 3133 2856 3190 parte
2887 3122 3254 3185 continentur,
3285 3120 3573 3174 retulisset
3605 3120 3716 3175 Rue

433 3215 490 3277 5,
541 3223 596 3269 et
640 3229 763 3268 cum
792 3213 985 3267 Ruﬁno
1019 3214 1205 3281 pedem
1246 3211 1488 3276 confert,
1523 3227 1585 3266 ac
1617 3211 1734 3266 loca
1760 3209 2006 3278 Origcnis
2034 3239 2076 3296 ε
2115 3219 2274 3282 ﬁnus,
2300 3219 2367 3271 de
2399 3217 2662 3298 librorum
2690 3217 2860 3288 ipsius
2891 3218 3331 3286 eonstupratione
3358 3231 3532 3284 agens
3554 3217 3584 3270 ἲ
3628 3218 3715 3272 Ad

435 3308 486 3360 in
519 3307 716 3376 quibus
748 3306 1104 3376 repugnantia
1136 3316 1357 3360 exstare
1394 3304 1609 3358 dixerat
1637 3303 1885 3367 Ruﬁnus,
1911 3302 2008 3356 de-

431 3400 634 3471 signari
662 3398 764 3453 sibi
796 3398 1048 3467 postulat.
1094 3397 1203 3451 Nos
1238 3405 1387 3452 certe
1431 3397 1483 3449 in
1525 3394 1808 3464 superiore
1834 3395 2008 3462 capite

433 3489 744 3544 testimonia
797 3489 1077 3543 attulimus
1107 3499 1214 3541 tam
1259 3487 1361 3541 sibi
1397 3483 1692 3548 contraria,
1728 3494 1786 3538 ut
1816 3481 2009 3538 Hiero-

434 3597 600 3654 nymo
646 3580 962 3636 satisfacere
1005 3583 1237 3650 possint.
1289 3579 1381 3634 Ait
1426 3579 1622 3634 deinde
1654 3577 1756 3632 hac
1788 3592 2010 3647 respon-

432 3674 585 3730 sione
623 3687 776 3726 usum
827 3687 930 3745 non
987 3686 1110 3726 esse
1159 3671 1465 3741 Didymum,
1531 3685 1635 3723 nou
1694 3670 2004 3725 Eusebium.

433 3764 574 3834 Quid
606 3775 715 3818 tum
747 3773 927 3818 autem
953 3764 977 3818 ἲ
1010 3762 1065 3818 Si
1095 3777 1216 3832 qua).
1251 3762 1319 3817 ab
1351 3762 1619 3817 haereticis
1642 3761 1840 3816 inserta
1859 3769 2006 3824 sunt,

435 3859 665 3929 benigna
701 3858 1147 3929 interpretatione
1175 3856 1404 3911 mollivit
1442 3855 1729 3927 Didymus,
1768 3855 1854 3909 vel
1884 3869 2008 3923 per-

430 3964 616 4020 peram
647 3949 886 4005 defendit
917 3950 1211 4012 Eusebius;
1244 3949 1288 4003 si
1318 3948 1588 4018 objectutn
1638 3947 2003 4001 testimonium

434 4043 648 4099 solvere
693 4043 1020 4106 maluerunt,
1061 4042 1204 4111 quod
1234 4049 1350 4094 erat
1377 4041 1428 4095 iu
1467 4047 1738 4108 promptu,
1764 4055 1923 4109 quam
1951 4049 2009 4092 ut

435 4135 627 4190 falsum
660 4134 968 4204 repudiare,
1003 4133 1145 4202 quod
1173 4133 1405 4203 probatu
1438 4130 1706 4186 diﬁicilius
1735 4141 1878 4199 erat,
1908 4131 2010 4184 mi-

435 4242 609 4281 nusne
634 4227 837 4281 idcirco
870 4231 1075 4280 incerta
1115 4233 1170 4278 et
1192 4224 1486 4279 adventitia
1523 4223 1690 4278 sunt?
1723 4223 1866 4278 Usus
1893 4231 2008 4276 erat

435 4317 629 4371 deinde
662 4316 890 4371 Ruﬁnus
920 4316 1144 4371 aliorunt
1178 4316 1398 4370 Patrum
1452 4316 1722 4384 exemplo,
1771 4331 2004 4385 quorum

434 4407 837 4462 lucubrationes
866 4406 1081 4462 fuerant
1111 4406 1340 4461 violatae.
1375 4408 1464 4462 Ait
1496 4421 1624 4461 vero
1646 4405 2006 4476 Hieronymus

430 4498 674 4552 futurum
707 4511 762 4553 ut
805 4501 848 4553 si
876 4500 926 4552 id
951 4500 1304 4563 concedatur,
1339 4498 1450 4565 jam
1483 4501 1672 4554 incerti
1697 4500 1804 4553 sint
1843 4500 2007 4554 libro-

2111 3310 2162 3364 id
2199 3319 2383 3364 autem
2414 3310 2560 3379 quod
2593 3321 2851 3365 causatus
2882 3310 3058 3365 fuerat
3085 3309 3346 3378 Origenes
3372 3311 3426 3363 in
3462 3311 3715 3378 epistola

2109 3402 2175 3456 ad
2221 3402 2637 3467 Alexandrinos,
2682 3402 3050 3456 adulteratam
3100 3419 3129 3455 a
3176 3401 3417 3457 Candide
3457 3401 3720 3458 Valenti-

2109 3495 2273 3548 niano
2325 3495 2588 3549 haeretica
2619 3495 2788 3549 habiti
2826 3510 3011 3549 secum
3039 3494 3248 3564 Dialogi
3281 3495 3553 3558 codicem,
3584 3496 3723 3550 sub-

2103 3585 2223 3654 jicit
2276 3583 2691 3656 Hieronymus:
2749 3585 3153 3656 tlntelligimus
3219 3586 3271 3640 in
3323 3585 3428 3638 hoc
3486 3595 3718 3639 tantum

2108 3675 2330 3746 Dialogo
2365 3677 2432 3731 ab
2466 3675 2700 3745 Origene
2742 3677 2895 3748 argui
2943 3676 3254 3731 hmreticam
3290 3675 3630 3740 falsitatem,
3667 3689 3720 3731 et

2110 3783 2212 3822 non
2261 3769 2312 3822 in
2360 3769 2574 3823 caeteris
2624 3768 2801 3836 libris,
2845 3769 2913 3824 de
2945 3769 3139 3838 quibus
3170 3783 3442 3838 nunquam
3471 3771 3720 3837 questio

2107 3857 2255 3913 fuit:
2291 3858 2494 3928 alioqui
2555 3859 2600 3914 si
2663 3859 2844 3913 omnia
2906 3873 3027 3928 qtae
3072 3859 3327 3913 haeretica
3383 3870 3540 3925 sunt,
3605 3877 3716 3914 non

2105 3960 2262 4004 erunt
2319 3951 2606 4021 Origenis,
2655 3953 2748 4006 sed
2803 3954 3207 4015 barreticorum,
3270 3965 3464 4005 omnes
3515 3961 3714 4005 autetr

2108 4045 2497 4113 propemodmn
2559 4043 2704 4098 illius
2758 4044 2885 4098 tomi
2927 4043 3326 4098 bis~erroribus
3357 4041 3504 4112 pleni
3551 4050 3713 4105 sum,

2108 4136 2238 4188 nihil
2266 4135 2518 4206 Origenis
2567 4136 2690 4198 erit,
2740 4136 2834 4191 sed
2883 4150 3074 4190 eorum
3119 4149 3348 4204 quorum
3383 4134 3718 4204 ignoramus

2106 4223 2394 4280 vocabula.
2424 4242 2443 4275 ›
2497 4223 2636 4290 Quid
2695 4223 2788 4278 ﬁet
2845 4234 3026 4278 autem
3077 4223 3245 4279 altera
3288 4223 3544 4292 Origenis
3593 4225 3719 4294 epi-

2107 4314 2283 4378 stola,
2333 4313 2386 4368 in
2449 4328 2554 4384 qua
2611 4313 2801 4369 scribit
2855 4311 3087 4368 Ruﬁnus
3152 4328 3336 4383 parem
3393 4313 3589 4367 haberi
3646 4315 3717 4367 de

2108 4402 2261 4458 libris
2309 4404 2427 4474 ejus
2487 4403 2701 4459 violatis
2753 4403 3189 4473 querimoniam?
3239 4403 3446 4458 Deinde
3491 4419 3605 4458 non
3662 4403 3716 4458 id

2108 4492 2245 4546 velle
2288 4492 2545 4548 Ruﬁnum
2596 4493 2851 4555 diximus,
2889 4508 3227 4563 qumounque
3272 4494 3530 4548 haeretica
3569 4507 3708 4549 sunt

433 4604 554 4643 rum
583 4600 852 4653 auctores,
883 4588 1020 4642 nihil
1050 4590 1116 4642 ad
1155 4603 1252 4643 eos
1281 4589 1508 4644 relatum
1558 4590 1620 4642 iri
1645 4590 1738 4658 qui
1763 4592 1997 4660 scripse-
2031 4600 2078 4659 υ
2109 4579 2161 4637 in
2189 4582 2438 4654 Origenis
2477 4583 2965 4649 lucubrationibus,
2999 4584 3380 4638 haereticorum
3409 4599 3572 4647 esse,
3606 4587 3706 4639 sed

429 4690 580 4746 runt,
616 4680 708 4733 sed
741 4681 805 4734 ad
839 4689 1186 4748 corruptores
1213 4679 1413 4745 omnia,
1440 4694 1505 4734 ac
1540 4695 1607 4734 ne
1633 4681 1699 4733 ad
1735 4681 1852 4734 illos
1884 4680 2005 4750 qui-

430 4773 577 4834 dem,
601 4786 723 4824 cum
747 4769 910 4840 ignoti
935 4769 1064 4824 sint.
1093 4788 1111 4820 ι
1138 4767 1252 4823 Hac
1279 4769 1627 4833 defensionis,
1656 4769 1850 4839 inquit,
1878 4785 2001 4840 pcr-

429 4863 758 4928 turbatioue,
791 4877 889 4918 uec
909 4860 1169 4950 Marcion,
1203 4875 1301 4915 nec
1323 4859 1673 4927 Manichaaus,
1705 4876 1805 4915 nec
1821 4861 2002 4924 Arius,

431 4973 529 5013 nec
557 4956 851 5011 Eunomius
887 4953 1130 5009 accusari
1174 4962 1445 5024 poterunt.
1473 4971 1492 5004 ι
1519 4951 1849 5007 Attendisset
1875 4965 2006 5006 vero

432 5047 792 5118 Hieronymus
817 5049 883 5102 ad
910 5048 1185 5114 superiora
1220 5063 1233 5098 :
1276 5045 1468 5100 scribit
1498 5045 1724 5099 Rufinus
1770 5043 1890 5098 falsi
1940 5059 2002 5098 ea

431 5155 553 5195 esse
599 5150 870 5211 suspecta,
928 5140 1124 5208 quibus
1168 5139 1271 5192 alia
1320 5138 1373 5192 in
1421 5137 1611 5191 eodem
1645 5136 1910 5204 scriptore
1937 5151 2004 5191 ex

431 5231 659 5284 adverso
689 5228 936 5298 opposita
983 5237 1247 5282 exstant:
1300 5228 1383 5281 his
1439 5227 1700 5280 duntaxat
1757 5224 2008 5279 falsitatis

431 5329 610 5373 notam
629 5318 849 5387 apponit
873 5317 1146 5372 Ruﬁnusu
1169 5317 1281 5370 Non
1299 5316 1468 5378 enim,
1495 5334 1513 5367 ι
1537 5315 1709 5384 inquit
1738 5315 1935 5369 invect.
1972 5314 1998 5366 l

428 5417 482 5463 in
508 5409 837 5478 Hicronym.,
864 5426 884 5460 ι
919 5408 1246 5476 generaliter
1268 5408 1490 5478 promisi
1531 5422 1620 5461 me
1666 5407 2004 5476 prolaturum

431 5516 550 5570 qua:
582 5509 769 5554 essent
801 5499 923 5554 ﬁdei
960 5501 1237 5554 contraria
1266 5540 1280 5563 ,
1327 5499 1422 5555 sed
1469 5514 1589 5569 quae
1632 5498 1733 5567 ipsi
1769 5497 1869 5552 sibi
1913 5512 2004 5552 es-

431 5601 553 5644 sent
591 5592 900 5657 contraria;
929 5609 948 5642 ι
987 5592 1178 5644 ideone
1214 5605 1377 5660 porro
1417 5590 1612 5644 incerti
1650 5599 1810 5643 erunt
1839 5588 2002 5642 libro-

435 5696 551 5733 rum
590 5692 862 5747 auctores,
913 5683 958 5736 si
1013 5697 1076 5736 ea
1122 5683 1385 5736 duntaxat
1439 5682 1540 5735 illis
1591 5680 1996 5750 abjudicentur,

432 5785 553 5840 quae
581 5771 804 5838 reliquis
832 5773 1249 5828 contradicunt?
1281 5773 1490 5840 ecquod
1527 5771 1656 5826 hinc
1683 5772 1787 5826 sibi
1817 5781 2002 5840 patro-

433 5859 630 5916 cinium
654 5862 918 5929 spondere
951 5873 1203 5932 poterunt
1233 5862 1503 5928 Marcion,
1545 5861 1894 5930 Manichacus,
1949 5871 2004 5919 et

2109 4691 2172 4730 ea
2208 4685 2414 4729 tantum
2461 4675 2659 4745 quibus
2703 4684 3072 4746 repugnantes
3108 4677 3411 4730 sententias
3437 4673 3711 4745 Origenes

2111 4769 2369 4822 asseruit.
2406 4767 2461 4821 In
2497 4766 2723 4838 epistola
2749 4782 2966 4836 quoque
3000 4766 3072 4822 65
3115 4767 3181 4819 ad
3212 4764 3627 4822 Pammachiutn
3653 4778 3710 4822 et

2111 4859 2408 4922 Oceanum,
2438 4873 2555 4928 cap.
2585 4859 2640 4924 4,
2671 4858 2837 4912 multa
2865 4860 2916 4912 in
2951 4860 3200 4913 eamdem
3228 4861 3560 4913 sententiam
3587 4859 3712 4914 Hie-

2113 4963 2371 5018 ronymus
2401 4949 2645 5017 colligit,
2674 4950 2927 5018 idemque
2957 4949 3144 5014 habet,
3179 4951 3323 5019 quod
3357 4950 3410 5003 in
3445 4951 3710 5019 Apologia

2111 5042 2360 5094 adversus
2397 5038 2646 5108 Ruﬁnum
2677 5041 3011 5109 propositum
3042 5051 3148 5104 est,
3179 5050 3232 5095 et
3285 5055 3315 5094 a
3351 5041 3510 5094 nobis
3538 5055 3707 5107 supra

2108 5131 2465 5192 confutatam.
2518 5146 2711 5201 nempe
2751 5130 3066 5187 defensores
3101 5132 3351 5202 Origcnis
3404 5131 3705 5186 Eusebium

2108 5233 2163 5278 et
2187 5222 2498 5294 Didymum,
2521 5223 2620 5278 hac
2646 5224 2994 5294 responsione
3015 5237 3134 5292 quae
3155 5238 3221 5276 ex
3239 5225 3504 5276 librorum
3534 5221 3706 5290 ipsius

2107 5314 2558 5383 constupratioue
2596 5316 2818 5384 petitur,
2867 5314 3090 5368 minime
3145 5328 3273 5367 usos
3314 5312 3511 5367 fuisse.
3562 5313 3705 5366 Tum

2108 5405 2230 5459 ait:
2282 5424 2300 5455 ι
2327 5405 2486 5459 Solus
2527 5406 2783 5460 inventus
2833 5415 2917 5460 est
2961 5404 3250 5476 Origenes,
3299 5406 3457 5474 cujus
3492 5405 3699 5472 scripta

2112 5495 2167 5549 in
2201 5505 2314 5550 toto
2341 5495 2473 5550 orbe
2505 5496 2858 5554 falsarentur.
2884 5517 2904 5552 ι
2942 5501 3093 5554 ltaue
3118 5499 3286 5553 vero?
3311 5500 3511 5553 Annon
3535 5516 3708 5554 evan-

2111 5587 2424 5658 gelistarum
2456 5589 2933 5659 apostolorumque
2979 5592 3181 5660 scripta
3210 5591 3491 5645 adulteras
3522 5592 3702 5643 luere-

2112 5681 2340 5734 ticortnn
2371 5695 2565 5735 manus
2588 5685 2915 5737 senserunt?
2941 5681 3137 5738 Parum
3154 5698 3372 5753 quoque
3395 5682 3706 5750 valetquod

2109 5771 2480 5827 subnectitur:
2519 5792 2536 5825 ι
2562 5773 2681 5843 Ipse
2707 5773 2970 5844 Origenes
3010 5778 3062 5830 in
3090 5776 3317 5846 epistola
3364 5791 3526 5846 quam
3553 5775 3706 5829 scri-

2110 5863 2190 5919 bit
2215 5864 2282 5919 ad
2317 5865 2662 5944 Fabianum,
2691 5867 3066 5937 ptenitentiam
3090 5871 3223 5938 agit,
3256 5883 3356 5924 cur
3412 5868 3532 5922 talia
3554 5868 3709 5922 scri-
