3914 6542
214 464 324 521 1301

1278 464 1855 528 ORIGENIANORUM
1898 469 2028 527 LIB.
2071 470 2138 538 ll,
2178 471 2330 530 CAP.
2376 468 2471 528 ΙΙΙ.

3340 480 3481 535 HO?

210 578 396 647 pserit;
442 587 505 635 et
537 594 757 636 causam
787 581 1109 638 temeritatis
1137 581 1192 637 in
1216 584 1558 643 Ambrosium
1593 589 1782 657 refert,
1813 600 1859 656 Α
1893 590 2202 658 requirendi
2235 605 2357 645 esse
2395 591 2680 660 discussa;
2711 611 2730 645 ι
2764 600 2818 647 et
2851 594 3009 663 paulo
3035 604 3178 665 post,
3216 612 3365 652 num.
3399 600 3470 655 ὃς

210 672 332 738 quod
364 682 593 727 secreto
624 675 767 727 edita
820 675 872 729 in
924 676 1195 745 publicum
1237 679 1565 747 protulerit:
1594 700 1616 734 ι
1651 698 1775 737 nam

210 777 293 816 uec
323 762 624 820 haereticus
657 766 744 819 ille
772 776 872 830 est,
910 782 1008 821 nec
1038 770 1317 826 habendus
1343 782 1452 838 est,
1488 788 1649 843 quem
1696 784 1781 831 te-

212 870 339 909 mere
372 855 657 912 dictorum
688 860 943 927 paenituit
1007 861 1162 916 Aliud
1196 873 1459 931 praeterea
1487 865 1570 920 his
1598 867 1778 923 verbis

211 950 434 1018 suggerit
484 951 645 1006 nobis
697 951 1021 1007 defendendi
1078 953 1333 1024 Origenis
1394 969 1776 1025 argumentum

212 1038 592 1110 Hieronymus;
643 1058 924 1112 perperam
976 1046 1186 1101 scilicet
1221 1047 1288 1101 ab
1337 1047 1627 1103 Ambrosio
1660 1049 1781 1104 vul-

209 1140 339 1203 gatos
369 1132 546 1189 fuisse
584 1135 829 1200 codices,
864 1151 1001 1206 quos
1045 1137 1458 1194 exercitationis
1488 1140 1659 1208 gratia
1690 1155 1779 1196 se-

208 1235 338 1279 creto
375 1223 648 1294 Origenes
672 1226 1108 1283 elucubraveret.
1159 1229 1297 1284 Hinc
1325 1228 1565 1298 denique
1613 1231 1775 1287 refel-

206 1317 316 1372 litur
350 1317 485 1371 illud
519 1318 737 1373 Baronii
779 1321 847 1374 ad
878 1336 967 1374 an.
999 1320 1142 1385 252,
1183 1336 1305 1389 cap.
1336 1320 1404 1375 10
1433 1339 1446 1375 z
1482 1338 1501 1372 ι
1529 1322 1598 1375 At
1628 1322 1681 1375 in
1706 1336 1775 1379 eo

207 1415 332 1462 certe
360 1408 548 1462 minus
575 1409 929 1464 excusatione
955 1409 1151 1481 dignus
1178 1423 1299 1466 esse
1342 1411 1576 1479 videtur,
1627 1412 1772 1481 quod

205 1516 309 1555 cum
352 1501 529 1555 sciret
574 1516 674 1556 sua
703 1502 773 1557 ab
799 1502 1057 1558 omnibus
1090 1502 1418 1572 impugnari,
1454 1513 1777 1560 retractato-

205 1591 323 1646 rium
355 1591 569 1646 nullum
599 1593 834 1649 ediderit
865 1596 1350 1660 commentarium;
1389 1610 1513 1651 cum
1550 1596 1649 1666 ipsi
1687 1606 1774 1652 ta-

204 1698 307 1737 men
332 1684 474 1739 satis
500 1685 597 1738 otii
637 1694 690 1738 et
725 1687 985 1757 temporis
1012 1686 1363 1757 superfuerit,
1396 1698 1455 1743 ut
1483 1694 1550 1744 ad
1584 1706 1775 1747 omnes

205 1776 469 1832 catholicas
498 1778 623 1832 fidei
658 1794 936 1843 numeros,
977 1791 1172 1835 cuncta
1218 1796 1342 1851 quae
1390 1799 1418 1835 a
1457 1797 1516 1838 se
1564 1785 1773 1853 scripta

204 1880 383 1934 essent,
416 1880 840 1941 attemperaret:
862 1892 882 1925 ι
919 1887 1042 1927 nam
1067 1883 1121 1928 et
1151 1888 1249 1944 pro
1280 1875 1594 1929 retractario
1622 1892 1771 1930 com-

1891 702 1909 733 ‹
1948 684 2070 737 llzec
2104 693 2263 753 prout
2289 686 2561 754 potuimus
2603 687 2671 740 de
2718 688 3024 742 rationabili
3075 690 3254 743 anima
3280 691 3469 746 discu-

1888 775 2071 830 tienda
2107 780 2278 846 magis
2308 793 2336 827 a
2362 776 2683 847 legentibus,
2724 792 2886 846 quam
2912 790 3113 834 statuta
3142 796 3206 835 ac
3247 783 3469 837 definita

1883 868 2226 939 protulimus.
2274 890 2293 923 ο
2342 869 2504 924 Plena
2556 881 2682 925 sunt
2730 872 2990 943 ejusmodi
3039 875 3467 929 obtestationunt

1882 962 2087 1028 omnia,
2143 976 2175 1015 e
2233 963 2430 1031 quibus
2501 965 2785 1020 nonnullas
2853 966 3071 1020 adducit
3150 966 3465 1037 Pamphilus

1881 1068 2031 1107 suam
2058 1069 2153 1121 pro
2186 1052 2412 1123 Origene
2437 1053 2750 1125 Apologiam
2783 1058 3094 1121 exordiens,
3126 1071 3193 1110 ex
3233 1055 3459 1125 ejusque

1881 1143 2220 1197 hmsitatioue
2240 1141 2633 1195 validissimum
2666 1144 2849 1198 tuendi
2883 1145 3051 1215 ipsius
3082 1156 3463 1216 argumentum

1880 1235 2067 1299 sumit,
2107 1235 2269 1305 idque
2307 1250 2414 1289 non
2448 1236 2614 1291 semel
2659 1238 2987 1293 adversariis
3030 1237 3286 1305 objectat.
3326 1240 3463 1295 Hinc

1877 1328 2178 1384 Gulielmus
2232 1327 2552 1386 Parisiensis
2606 1330 2660 1385 in
2728 1340 2865 1398 part.
2920 1347 2962 1398 ι,
3038 1331 3113 1385 De
3176 1333 3461 1396 universo,

1877 1436 1997 1491 cap.
2033 1421 2121 1490 l9,
2152 1425 2267 1480 haec
2297 1427 2485 1482 scribit
2516 1445 2530 1481 :
2567 1445 2588 1479 ‹
2629 1426 2765 1480 Hinc
2792 1436 2879 1482 est
2914 1440 3071 1479 error
3098 1424 3189 1493 qui
3236 1427 3462 1493 imposi‘

1880 1523 1965 1571 tus
1996 1517 2097 1571 fult
2141 1532 2169 1570 a
2211 1519 2532 1586 quibusdam
2581 1518 2671 1571 uni
2722 1532 2753 1572 e
2810 1516 3096 1587 praacipuis
3148 1516 3461 1572 doctoribus

1876 1609 2334 1677 Christianorum,
2363 1619 2418 1666 et
2456 1613 2557 1666 iste
2603 1610 2704 1664 fuit
2748 1626 2779 1665 e
2815 1610 3153 1680 sapientibus
3195 1592 3458 1677 theologis

1875 1701 2212 1767 Graecorum,
2243 1711 2298 1758 et
2317 1711 2538 1757 vocatus
2578 1701 2679 1756 fuit
2705 1702 2994 1773 Origenes.
3023 1701 3323 1770 Apparebit
3358 1715 3459 1755 aue

1879 1800 1984 1845 tem
2011 1792 2104 1847 tibi
2139 1794 2310 1862 ipsum
2332 1792 2633 1847 nullatenus
2662 1806 2725 1847 ex
2772 1792 3039 1847 sententia
3071 1801 3127 1849 et
3156 1792 3458 1847 assertione

1877 1883 2104 1938 dixisse.
2136 1902 2154 1934 ι
2183 1882 2283 1950 Qui
2325 1886 2501 1939 minus
2532 1893 2709 1938 autem
2733 1884 2873 1939 hanc
2908 1899 3006 1954 pro
3028 1882 3260 1953 Origene
3297 1899 3458 1938 excu‘

202 1964 439 2018 meritorio
474 1964 662 2020 haberi
699 1974 880 2035 potest
930 1964 1018 2019 illa
1060 1964 1127 2019 ad
1167 1965 1466 2021 Fabianum
1513 1967 1766 2037 epistola,
1800 1950 1844 2005 Β
1873 1973 2138 2027 sationem
2172 1974 2582 2043 usurpahimus,
2614 1989 2735 2028 cum
2776 1950 3021 2029 eamdem
3069 1950 3166 2043 pro
3202 1973 3455 2041 Origenis

202 2063 249 2107 et
274 2053 399 2109 alios
430 2054 659 2125 insuper
710 2053 938 2110 fortasse
987 2054 1227 2124 scripsit,
1275 2066 1547 2111 vetustate
1576 2057 1770 2113 deinde

202 2155 556 2216 consumptos.

262 2234 344 2291 XI.
378 2236 516 2304 Quae
553 2238 621 2292 ad
669 2236 993 2309 frangendas
1025 2237 1276 2309 Origeuis
1325 2249 1764 2310 oppugnatorum

201 2329 580 2395 accusationes,
608 2342 846 2398 eumque
870 2331 1131 2386 adversus
1158 2329 1460 2387 calumnias
1486 2335 1766 2403 tuendum,

201 2430 246 2473 et
282 2423 578 2477 immunem
626 2423 781 2494 culpa
840 2425 1205 2494 praestandum
1266 2423 1451 2480 valere
1494 2436 1764 2493 poterant,

201 2515 499 2585 collegimus
531 2534 546 2571 :
580 2533 727 2571 nunc
764 2517 893 2588 quid
926 2520 993 2572 ad
1026 2533 1147 2573 eum
1178 2519 1573 2585 excusandum,
1614 2529 1672 2575 et
1699 2520 1766 2573 ad

199 2610 583 2664 conciliandum
628 2609 776 2676 huic,
820 2610 986 2666 etiam
1031 2612 1262 2681 erranti,
1300 2613 1577 2668 hominum
1612 2612 1767 2668 favo-

201 2714 296 2754 rem
327 2699 599 2764 conferat,
630 2700 928 2756 videamus.
963 2701 1323 2758 Utilissimum
1347 2712 1433 2758 est
1470 2703 1525 2757 in
1550 2704 1763 2771 primis,

200 2794 324 2863 quod
354 2792 561 2847 nullam
614 2792 668 2846 in
715 2794 1083 2862 proponendis
1122 2795 1473 2863 Opinionihus
1519 2800 1765 2861 pervica-

200 2883 342 2947 ciam,
402 2882 609 2937 nullam
670 2883 724 2937 in
777 2883 1134 2940 defendendis
1194 2886 1585 2956 pertinaciam,
1647 2902 1768 2957 qua:

200 2980 449 3049 praecipua
508 2980 784 3034 haereseos
832 2986 959 3032 nota
1011 2987 1131 3043 est,
1196 2993 1309 3047 prie
1367 2993 1428 3033 se
1475 2977 1621 3044 fert,
1670 2980 1766 3034 sed

197 3068 444 3125 fluctuans
474 3084 698 3140 semper
726 3078 782 3124 et
802 3070 1045 3125 incertus
1072 3071 1307 3139 cogitata
1340 3085 1439 3126 sua
1470 3069 1677 3139 profert
1709 3072 1763 3125 in

198 3165 434 3229 medium,
466 3162 700 3217 solemni
729 3163 829 3217 hac
862 3161 1049 3217 vocula
1084 3145 1320 3234 μήποτε,
1361 3179 1482 3234 quae
1512 3165 1767 3219 haesitan-

198 3259 257 3312 tis
279 3268 375 3323 est,
401 3258 675 3314 lectorum
710 3257 923 3314 animos
951 3273 1243 3327 occupans,
1278 3270 1333 3314 et
1364 3260 1759 3329 disputationes
1789 3299 1835 3361 ο

196 3366 304 3406 suas
331 3353 571 3419 ordiens,
598 3352 926 3422 easdemque
949 3362 1204 3408 consueta
1233 3354 1595 3409 obtestatione
1624 3369 1757 3409 con-

198 3446 426 3509 eludens,
453 3462 562 3516 qua
593 3446 879 3502 universos
912 3447 976 3500 ad
1000 3446 1104 3499 alia
1136 3448 1528 3515 perscrutanda
1553 3455 1608 3501 et
1632 3464 1759 3517 pro-

198 3541 423 3603 ponenda
467 3540 760 3606 hortatur,
810 3548 1062 3609 paratum
1112 3554 1169 3592 se
1215 3538 1528 3609 significans
1568 3556 1596 3593 a
1647 3541 1761 3597 suis

198 3630 473 3696 discedere,
521 3633 590 3686 ad
646 3632 865 3686 meliora
920 3632 1180 3686 transire.
1231 3630 1385 3700 Saepe
1434 3631 1649 3701 quidem
1706 3633 1759 3686 in

200 3720 333 3777 libris
358 3725 499 3793 Περὶ
533 3723 739 3793 ἀρχῶν
767 3724 1156 3779 dubitationem
1182 3739 1335 3779 suam
1374 3725 1595 3791 fatetur,
1643 3724 1756 3779 vel-

200 3825 250 3868 ut
277 3815 360 3869 lib.
389 3832 427 3880 l,
458 3832 579 3886 cap.
617 3815 674 3880 6,
712 3831 861 3870 num.
905 3816 931 3871 1
969 3833 983 3872 :
1029 3834 1046 3869 ι
1088 3817 1217 3884 Quae
1265 3818 1479 3887 quidem
1525 3831 1555 3871 a
1604 3816 1761 3871 nobis

201 3903 344 3958 etiam
379 3922 501 3959 cum
534 3921 730 3976 magno
762 3916 903 3962 metu
931 3917 985 3961 et
1016 3908 1227 3962 cautela
1256 3909 1531 3973 dicuntur,
1580 3908 1762 3962 discu-

204 3996 437 4055 tientibus
475 4001 652 4072 magis
680 4010 731 4057 et
774 4001 1257 4072 pertractantibus,
1294 4015 1456 4070 quam
1491 4015 1587 4069 pro
1609 4010 1760 4054 certo

203 4103 255 4142 ac
275 4092 486 4148 deﬁnito
516 4094 902 4148 statuentibus.
955 4092 1252 4148 Indicatum
1281 4108 1553 4163 uamquea
1597 4093 1753 4146 uobis

203 4180 246 4235 ln
272 4186 638 4253 superioribus
674 4194 777 4252 est,
813 4198 935 4255 quas
977 4187 1089 4241 sint
1118 4187 1182 4240 de
1224 4187 1421 4253 quibus
1464 4184 1753 4238 manifesto

202 4274 424 4346 degmate
457 4278 863 4333 terminandum
899 4279 991 4343 sit,
1017 4279 1157 4347 quod
1201 4288 1255 4332 et
1282 4293 1378 4347 pro
1417 4278 1626 4332 viribus
1657 4291 1758 4331 nos

200 4363 370 4422 fecisse
410 4380 560 4439 puto,
619 4384 744 4423 cum
784 4369 851 4423 de
877 4366 1143 4424 Trinitate
1184 4369 1549 4438 loqueremur.
1604 4366 1758 4422 Nunc

200 4471 355 4515 autem
407 4462 718 4532 disputandi
768 4462 950 4531 specie
991 4462 1179 4531 magis,
1236 4476 1397 4530 quam
1441 4460 1757 4526 definiendi,

201 4564 339 4618 prout
366 4570 673 4624 possumus,
716 4568 1081 4609 exercemur:
1120 4571 1138 4603 ι
1183 4553 1329 4622 quod
1366 4552 1532 4605 iterat
1561 4552 1613 4606 in
1651 4552 1758 4615 [lue

1870 2064 2135 2132 discipulo
2181 2062 2442 2134 Gregorio
2472 2064 2879 2135 Thaumaturgo
2924 2068 3270 2134 usurpaverit
3302 2066 3454 2120 Basi‘

1870 2157 1995 2221 lius,
2031 2160 2193 2227 epist.
2232 2158 2340 2212 64?
2395 2157 2590 2213 Merito
2630 2159 2814 2228 itaque
2870 2155 3317 2225 Joannes,Picus
3350 2158 3455 2213 Mi-

1870 2249 2222 2314 randulanus,
2257 2252 2498 2305 secundo
2528 2250 2757 2305 articulo
2787 2249 3058 2319 Apologia:
3078 2266 3176 2319 pro
3198 2248 3448 2319 Origene,

1868 2342 2061 2412 probat
2097 2357 2243 2409 eum,
2276 2344 2321 2398 si
2350 2343 2476 2408 quid
2511 2342 2631 2397 fidei
2662 2344 2840 2397 minus
2868 2357 3168 2397 consonum
3196 2342 3447 2410 scripsit.

1875 2455 1893 2488 ι
1942 2450 2115 2507 neque
2146 2438 2475 2507 dogmatice,
2504 2450 2680 2506 neque
2715 2439 2995 2501 assertive,
3027 2436 3121 2492 sed
3150 2435 3451 2490 dubitativa

1868 2548 2080 2601 semper
2106 2539 2159 2585 et
2177 2531 2485 2600 inquisitive
2514 2529 2841 2600 procedere;
2881 2548 2899 2581 ι
2937 2529 3212 2597 multaque
3257 2528 3450 2596 Orige-

1868 2623 1953 2677 nis
1971 2620 2411 2692 congregatloca,
2433 2620 2484 2673 in
2504 2620 2698 2688 quibus
2719 2628 2942 2687 apparet
2964 2618 3130 2687 ipsius
3151 2615 3450 2673 ﬂuctuatio.

1940 2714 2164 2769 Multum
2188 2714 2351 2769 etiam
2396 2714 2715 2767 modestiam
2742 2710 3014 2779 Origenis,
3055 2721 3113 2765 et
3153 2713 3453 2769 submissos

1867 2824 1932 2861 ac
1956 2806 2186 2862 humiles
2214 2806 2279 2861 de
2319 2819 2399 2869 se,
2422 2818 2630 2873 suaque
2676 2804 2923 2858 doctrina
2964 2818 3155 2859 sensus
3193 2806 3454 2874 praedicat

1867 2898 2179 2968 Pamphilus
2221 2897 2376 2951 initio
2407 2895 2676 2967 Apologia
2705 2907 2724 2948 :
2757 2906 2812 2951 et.
2859 2898 3091 2961 merito;
3133 2898 3265 2966 quid
3300 2900 3449 2954 enim

1869 2999 1977 3044 tam
2019 2989 2086 3042 ab
2118 2988 2308 3041 haeresi
2336 2987 2596 3053 alienum,
2642 2984 2796 3054 cujus
2823 2995 3003 3042 certus
3028 2988 3318 3045 character
3362 2996 3451 3043 est

1866 3082 2159 3153 superbia?
2191 3080 2417 3135 Factum
2462 3082 2645 3150 itaque
2683 3080 2889 3149 optime
2931 3090 3015 3135 est
3062 3081 3130 3134 ab
3179 3080 3447 3146 llalloxio,

1867 3190 1989 3231 cum
2037 3176 2091 3228 in
2142 3174 2259 3244 ejus
2296 3174 2653 3227 contestanda
2703 3172 3032 3227 demissione
3072 3181 3128 3226 et
3183 3173 3448 3229 modestia

1868 3279 2088 3334 operam
2119 3278 2271 3317 suam
2306 3262 2506 3331 posuit,
2552 3270 2608 3315 et
2628 3260 2744 3316 loca
2794 3261 2964 3330 ipsius
3016 3263 3185 3317 multa
3224 3277 3449 3318 coacer¢

1865 3357 2029 3420 vavit,
2056 3356 2207 3425 Orig.
2233 3356 2433 3421 deleas.
2459 3350 2552 3405 lib.
2574 3366 2635 3417 ll,
2662 3366 2782 3420 cap.
2807 3350 2863 3405 2.

1939 3447 2051 3502 Xll.
2110 3448 2250 3515 Quid
2305 3447 2447 3517 quod
2509 3446 2904 3501 internecinum
2975 3458 3098 3498 cum
3175 3443 3448 3500 haereticis

1864 3543 2058 3596 bellum
2080 3551 2340 3611 perpetuo
2369 3542 2510 3610 gerit
2542 3538 2828 3609 Origenes,
2856 3537 3272 3604 Valentinianis,
3303 3537 3448 3593 Mar-

1864 3631 2129 3697 ciouistis,
2165 3630 2535 3695 Basilidianis,
2566 3629 2838 3698 Apellitis,
2869 3627 3185 3683 Helcesaitis
3212 3643 3227 3691 ;
3266 3642 3442 3698 eaque

1863 3721 2036 3775 teneri
2071 3734 2134 3777 ac
2174 3721 2320 3777 credi
2340 3720 2796 3789 duntaxatjubet,
2823 3734 2943 3787 quae
2983 3719 3049 3773 ab
3089 3717 3332 3773 Ecclesia
3359 3733 3446 3772 re~

1862 3829 2017 3886 cepta
2065 3825 2209 3870 sunt.
2253 3834 2273 3866 ι
2312 3812 2405 3866 Illa
2436 3812 2574 3876 sola,
2624 3830 2643 3864 ι
2686 3811 2861 3879 inquit
2890 3810 2957 3873 in
2992 3807 3265 3865 Prommio
3301 3809 3395 3865 lib.
3424 3824 3444 3864 ι

1862 3907 2003 3978 Περὶ
2029 3902 2250 3977 ἀρχῶν,
2278 3920 2427 3960 num.
2462 3903 2521 3969 2,
2573 3922 2592 3955 ι
2636 3903 2902 3959 credenda
2951 3910 3036 3957 est
3069 3902 3293 3964 veritas,
3326 3917 3446 3971 quae

1863 4000 1915 4054 in
1962 3998 2109 4053 nullo
2158 3999 2228 4052 ab
2276 3995 2647 4051 ecclesiastica
2700 4003 2757 4047 et
2815 3994 3110 4062 apostolica
3171 3994 3447 4047 discordat

1864 4092 2175 4154 traditione,
2226 4107 2246 4142 ι
2295 4088 2438 4157 quod
2492 4102 2634 4157 saepe
2686 4087 2930 4150 repetit;
2968 4094 3024 4138 et
3078 4085 3263 4139 bomil.
3301 4084 3444 4140 liiin

1863 4184 1991 4237 an.
2024 4198 2042 4236 :
2075 4198 2094 4233 ι
2136 4180 2248 4251 Ego
2276 4195 2405 4234 vero
2431 4180 2554 4248 quia
2593 4188 2722 4247 opto
2779 4192 2900 4232 esse
2927 4175 3347 4243 ecclesiasticus,
3387 4185 3445 4231 et

1862 4291 1968 4329 non
2005 4274 2071 4328 ab
2106 4271 2469 4327 haeresiarcha
2504 4269 2705 4339 aliquo,
2745 4269 2840 4324 sed
2874 4284 2905 4322 a
2939 4267 3142 4323 Christi
3178 4268 3444 4325 Vocabulo

1863 4364 2188 4434 nuncupari,
2228 4373 2283 4418 et
2310 4363 2512 4417 habere
2547 4377 2743 4446 upmen
2790 4361 2932 4432 quod
2968 4360 3321 4416 beneditetur
3349 4374 3444 4414 sua

1864 4475 1958 4530 per
1990 4469 2215 4523 terram,
2253 4468 2308 4513 et
2365 4458 2523 4527 cupio
2576 4467 2683 4511 tam
2732 4472 2915 4528 opere,
2962 4472 3124 4527 quam
3175 4472 3338 4513 sensu
3386 4465 3443 4512 et

1861 4569 1984 4609 esse
2014 4562 2069 4609 et
2114 4554 2220 4608 dici
2251 4552 2618 4617 Christianus,
2647 4551 2911 4620 aequalem
2944 4561 3000 4605 et
3029 4552 3081 4606 in
3109 4551 3279 4606 veteri
3301 4560 3357 4605 et
3386 4552 3443 4607 in

200 4644 373 4710 capitis
418 4645 662 4713 ejusdem
731 4654 785 4697 et
831 4643 984 4698 initio
1026 4640 1324 4711 sequentis.
1381 4640 1454 4694 De
1502 4641 1755 4695 incarna‘
1790 4659 1833 4715 ι)
1865 4661 1998 4700 nova
2051 4645 2169 4715 lege
2222 4660 2407 4715 quaero
2483 4645 2770 4700 rationem.
2839 4663 2857 4696 ι
2924 4645 3078 4701 Unde
3128 4643 3444 4715 Pamphilus

201 4733 325 4789 tione
365 4736 565 4792 Christi
610 4736 856 4791 dicturus
905 4735 1020 4790 hazc
1082 4733 1341 4803 prmfatnr
1388 4734 1478 4787 lib.
1526 4749 1563 4787 II
1612 4732 1756 4801 Περὶ

197 4822 394 4893 ἀρχῶν,
423 4844 545 4899 cap.
583 4827 638 4893 6,
682 4843 832 4882 num.
877 4828 952 4882 2:
990 4847 1009 4879 ι
1050 4827 1126 4883 De
1158 4842 1266 4896 quo
1295 4842 1393 4880 nos
1435 4842 1538 4879 non
1589 4838 1759 4881 teme-

199 4919 339 4973 ritate
362 4921 561 4991 aliqua,
608 4922 705 4977 sed
749 4921 1005 4990 quoniam
1054 4920 1190 4975 ordo
1233 4919 1337 4974 loci
1390 4920 1654 4989 deposcit,
1686 4934 1753 4972 ea

197 5014 350 5081 magis
387 5029 504 5084 qua:
536 5016 673 5069 fides
700 5024 885 5068 nostra
917 5013 1177 5079 continet,
1215 5027 1375 5082 quam
1417 5027 1536 5080 quac
1562 5015 1757 5064 huma—

196 5118 271 5158 me
300 5109 520 5163 rationis
556 5108 793 5162 assertio
821 5106 1098 5161 vindicare
1132 5105 1294 5170 solet,
1332 5121 1494 5174 quam
1534 5104 1755 5173 paucis-

194 5196 330 5251 simis
356 5200 714 5268 proferemus,
751 5198 1089 5267 suspiciones
1114 5198 1295 5266 potius
1328 5207 1559 5262 nostras,
1595 5210 1755 5265 quam

194 5292 492 5347 manifestas
525 5291 739 5360 aliquas
768 5289 1154 5344 aliirmationes
1189 5290 1242 5342 in
1294 5288 1529 5343 medium
1575 5286 1756 5354 profe-

191 5396 377 5441 rentes.
409 5405 429 5440 ο
464 5384 575 5441 Nec
606 5385 774 5439 aliter
809 5397 963 5438 suam
1008 5385 1074 5438 de
1098 5382 1280 5438 anima
1333 5379 1754 5449 disputationem

190 5475 350 5542 accipi
399 5476 541 5539 vult;
595 5475 674 5528 ait
725 5473 871 5527 enim
916 5473 968 5526 in
1018 5472 1208 5526 eodem
1261 5470 1354 5525 lib.
1396 5486 1434 5523 ll
1475 5469 1613 5537 Περὶ
1648 5469 1755 5538 ἀρ-

188 5559 321 5631 χῶν,
349 5581 464 5635 cap.
491 5567 544 5631 8,
583 5580 736 5620 num.
772 5563 845 5617 4:
886 5581 905 5614 ι
934 5562 1318 5616 Verumtamen
1355 5562 1497 5631 quod
1520 5561 1758 5615 diximus

191 5666 411 5711 mentem
445 5657 498 5712 in
535 5656 775 5711 animam
807 5654 966 5721 verti,
1001 5654 1087 5708 vel
1113 5654 1158 5708 si
1184 5668 1287 5723 qua
1314 5653 1416 5707 alia
1459 5652 1512 5706 in
1543 5653 1649 5707 hoc
1677 5654 1757 5708 vi-

190 5744 375 5802 dentur
397 5751 665 5818 aspicere,
695 5747 951 5804 discutiat
977 5748 1119 5816 apud
1160 5761 1220 5801 se
1253 5746 1345 5816 qui
1372 5746 1503 5814 legit
1526 5745 1759 5816 diligen-

192 5839 289 5896 tius
338 5854 392 5899 et
429 5853 767 5913 pertractet;
830 5857 861 5896 a
914 5842 1069 5896 nobis
1120 5848 1299 5895 tamen
1357 5854 1462 5894 non
1501 5848 1759 5909 putentur

193 5933 326 5988 velut
359 5938 606 6011 dogmata
637 5951 760 5994 esse
792 5933 1023 6005 prolata,
1065 5932 1160 5990 sed
1204 5932 1471 5989 tractandi
1510 5947 1660 5989 more
1695 5947 1758 5990 ac

1859 4738 2130 4809 Apologia:
2184 4755 2308 4809 cap.
2366 4740 2392 4793 1
2432 4757 2446 4795 :
2502 4759 2521 4792 ε
2581 4740 2693 4796 Hoc
2734 4741 2875 4795 idem
2912 4738 3044 4794 facit
3087 4739 3251 4793 etiam
3291 4736 3441 4806 (Ori-

1859 4832 2045 4903 genes)
2096 4846 2219 4887 cum
2262 4831 2639 4886 haereticorum
2701 4832 2924 4886 discutit
2976 4839 3176 4893 sectas,
3243 4830 3443 4898 quibus

1859 4923 2114 4976 omnibus
2156 4920 2450 4976 confutatis
2500 4930 2666 4991 atque
2714 4922 3000 4984 convictis,
3045 4934 3208 4973 unam
3264 4919 3440 4974 solam

1857 5027 2108 5082 eamque,
2136 5027 2298 5082 quam
2344 5027 2507 5081 supra
2558 5015 2831 5081 exposuit,
2881 5012 3162 5068 catholicae
3192 5012 3440 5067 veritatis

1859 5104 2181 5158 sententiam
2224 5110 2393 5157 tenet.
2432 5102 2508 5158 Dc
2559 5102 2757 5171 quibus
2798 5102 3020 5172 singulis
3067 5101 3297 5170 qualiter
3355 5116 3439 5156 τες

1858 5194 2136 5265 sponderit
2180 5193 2473 5259 haereticis,
2533 5203 2589 5248 et
2633 5194 2903 5263 quomodo
2961 5194 3212 5248 universa
3251 5208 3437 5250 eorum

1858 5290 2109 5357 dogmata
2159 5286 2447 5341 destruens
2492 5286 2607 5355 ipse
2648 5300 2864 5355 semper
2910 5285 3259 5355 apostolicam
3297 5301 3434 5340 cons

1858 5375 2368 5441 ﬁrmaveritfidem,
2399 5375 2445 5429 si
2482 5374 2936 5430 velitnus'omnes
2978 5376 3275 5430 sententias
3319 5377 3438 5445 ejus

1858 5483 2212 5540 congregare,
2242 5476 2299 5521 et
2323 5465 2544 5536 longum
2581 5465 2715 5543 satis
2748 5475 2852 5531 est,
2879 5474 2934 5520 et
2962 5465 3070 5519 erit
3116 5475 3224 5520 tam
3277 5468 3437 5524 nobis

1857 5563 1948 5632 qui
1978 5559 2268 5617 scribimus
2304 5573 2619 5623 onerosum,
2664 5573 2826 5628 quam
2887 5559 3191 5629 legentibus
3251 5561 3436 5616 taedio-

1858 5668 1998 5708 smn.
2042 5669 2063 5703 ι
2096 5648 2348 5704 Profecto
2379 5648 2638 5714 haereses,
2677 5650 3071 5718 haereseonque
3104 5650 3378 5719 principes
3406 5666 3436 5706 a

1858 5746 2089 5817 pueritia
2122 5757 2294 5814 usque
2318 5742 2455 5798 adeo
2470 5745 2847 5809 aversabatur,
2874 5754 2933 5799 ut
2955 5744 3124 5799 Paulo
3153 5744 3435 5813 haeretica,

1858 5836 2172 5894 excellentis
2230 5835 2358 5890 licet
2411 5835 2681 5891 facundiae
2726 5839 2866 5904 viro,
2919 5836 2974 5891 in
3030 5839 3437 5908 precationibus

1861 5930 2113 5989 assistere
2146 5943 2422 6001 nunquam
2454 5927 2718 6000 .voluerit,
2764 5929 2975 5987 etiamsi
3010 5931 3201 5989 eodem
3247 5947 3310 5987 ac
3349 5930 3438 5987 ille
