3906 6528
440 437 583 496 “85

442 554 800 610 contubernio
860 560 1100 605 uteretur
1144 571 1155 605 :

443 648 537 703 lib.
572 662 621 700 vt
654 645 881 706 "istan.
923 660 1042 711 cap.
1060 644 1115 706 2,
1143 644 1202 707 ἐξ
1230 643 1512 705 ἕτιπαιδὸς
1545 643 1743 696 κανόνα
1778 644 2014 714 Ἐκκλη-

445 739 586 803 σίας,
624 736 1037 808 βδελυττόμενός
1077 753 1159 799 τε,
1195 734 1269 797 ὡς
1314 734 1462 805 αὐτῷ
1493 735 1697 806 ῥήματί
1747 736 1879 807 φησι
1914 752 2019 788 που

444 829 628 893 αὐτὸς,
680 829 779 891 τὰς
838 828 947 880 τῶν
996 827 1256 901 αἱρεσέων
1295 826 1662 891 διδασκαλίας.
1720 846 1738 879 ι
1786 828 2020 882 Servans

446 918 699 973 Ecclesiae
731 918 968 989 regulam
994 918 1105 989 jam
1143 919 1266 972 inde
1302 935 1331 973 a
1371 933 1559 988 puero,
1593 929 1647 973 et
1689 928 1745 972 ιιι
1791 919 2022 989 ipsemet

446 1012 643 1066 alicubi
678 1012 933 1081 loquitur,
962 1012 1235 1066 haereseon
1262 1012 1535 1066 doctrinas
1561 1013 1898 1066 abominans.
1927 1030 1945 1061 ι

520 1102 656 1157 Xlll.
695 1103 858 1158 Suam
898 1114 1155 1172 praeterea
1197 1103 1249 1155 in
1291 1103 1579 1157 scribendo
1614 1102 2021 1157 feSIinationem

446 1192 662 1264 Origeui
698 1194 946 1249 nocuisse
973 1194 1231 1248 credibile
1266 1201 1352 1247 est
1383 1208 1398 1257 ;
1430 1209 1554 1247 nam
1594 1210 1715 1247 cum
1764 1203 1840 1248 tot
1885 1194 2025 1247 inter

444 1299 606 1342 curas
631 1285 869 1339 animum
907 1286 1255 1351 distraheret,
1290 1300 1395 1356 qua
1466 1287 1629 1341 verba
1677 1286 1923 1341 faciendo
1952 1287 2020 1341 ad

445 1377 723 1447 papulmn,
768 1393 870 1446 qua
919 1378 1346 1433 catechumenos
1381 1378 1731 1443 instituendo,
1765 1394 1867 1447 qna
1903 1395 2023 1432 nut-

448 1469 535 1521 nia
558 1469 739 1523 omnia
764 1469 979 1538 pietatis
1006 1469 1373 1538 exsequendo,
1418 1486 1524 1524 non
1560 1470 1784 1523 multum
1808 1471 2023 1525 scilicet

451 1560 706 1614 succisivi
731 1570 1010 1629 supererat
1039 1560 1134 1613 otii
1167 1560 1234 1613 ad
1267 1560 1627 1614 elaborandas
1659 1561 2021 1629 scriptiones;

448 1649 780 1719 proindeque
818 1649 958 1719 quod
996 1650 1098 1719 piis
1139 1649 1623 1703 exercitationibus
1685 1649 2028 1718 impenderat

450 1742 730 1811 temporis,
762 1757 969 1795 summa
996 1742 1271 1812 diligentia
1309 1744 1758 1811 repraesentabat,
1804 1753 1859 1798 ut
1902 1743 2026 1814 plus

448 1845 657 1904 septem
705 1837 947 1891 notarios
981 1837 1270 1891 scribendo
1318 1836 1666 1905 defatigaret,
1708 1846 2022 1908 tantumque

1714 434 1775 489 P.
1817 435 2135 491 DANIELIS
2172 437 2406 496 IlUETIl

1200 551 1510 614 Φυλάττων,
1547 551 1718 620 inquit
1761 552 2019 607 Eusebius
2050 562 2091 615 Α
2122 571 2239 624 quae
2269 570 2372 608 non
2402 555 2604 623 possint
2642 570 3026 624 perversurum
3066 554 3341 609 hominum
3380 555 3705 609 calumniam

3575 443 3706 497 1106

2122 646 2411 700 declinare.
2473 665 2492 697 ι
2560 645 2852 700 Reddimus
2901 647 3084 716 itaque
3143 646 3480 717 Hieronymo
3558 662 3711 703 voces

2121 750 2267 801 suas,
2298 745 2352 789 et
2381 735 2525 805 quod
2547 750 2645 803 pro
2668 735 2787 790 aliis
2818 735 2993 790 valere
3020 736 3162 798 vult,
3195 736 3434 805 idipsum
3466 751 3572 804 pro
3595 734 3713 792 Ori-

2124 841 2260 898 gene
2280 835 2338 879 ut
2363 826 2560 890 valeat,
2587 824 2709 894 jure
2738 836 2924 880 nostro
2954 828 3311 892 postulamus.

2195 914 2309 970 XV.
2338 916 2579 985 Denique
2604 930 2723 969 cum
2757 916 2809 969 in
2836 916 3057 986 epistola
3077 915 3164 979 65,
3202 930 3322 984 quae
3348 923 3439 969 est
3470 915 3542 967 ad
3568 911 3716 968 Parn-

2125 1008 2391 1062 machium
2432 1015 2487 1061 et
2531 1005 2828 1073 Oceanum,
2879 1022 3002 1075 cap.
3046 1007 3101 1070 4,
3156 1005 3481 1060 testificetur
3525 1003 3713 1058 Hieru-

2124 1116 2355 1171 nymus,
2407 1110 2468 1155 ut
2508 1101 2709 1155 dictum
2769 1099 3015 1168 superius
3074 1117 3103 1153 a
3161 1100 3317 1153 nobis
3399 1110 3506 1161 est,
3565 1113 3713 1150 erro-

2127 1207 2243 1245 rum
2323 1205 2544 1247 suorum
2615 1190 2899 1258 Origenem
2970 1190 3323 1259 pmnitnisse,
3392 1189 3561 1259 idque
3610 1188 3708 1242 Fa-

2124 1284 2286 1338 biano
2364 1298 2516 1354 papa:
2582 1282 2753 1350 ipsum
2810 1283 3141 1353 signiﬁcasse
3213 1297 3309 1352 per
3368 1281 3611 1344 litteras,
3665 1294 3719 1336 et

2126 1374 2448 1431 temeritatis
2497 1388 2716 1430 causam
2771 1374 2823 1427 in
2874 1374 3219 1427 Ambrosium
3268 1373 3546 1431 retulisse.
3576 1374 3719 1441 quod

2125 1477 2335 1522 secreto
2368 1465 2511 1520 edita
2537 1465 2895 1535 publicasset;
2930 1466 2975 1519 is
3018 1466 3086 1519 ab
3125 1464 3270 1519 omni
3326 1466 3606 1520 haereseos
3632 1465 3713 1517 in-

2126 1559 2286 1614 famia
2322 1558 2481 1627 plane
2533 1558 2859 1618 vindicatur,
2908 1574 3015 1626 qua
3051 1558 3086 1611 ii
3131 1568 3392 1611 notantur
3427 1558 3718 1617 duntaxat,

2125 1652 2216 1719 qui
2275 1659 2476 1704 temere
2552 1651 2894 1718 pronuntiata
2964 1652 3308 1719 pertinaciter
3378 1648 3704 1703 defendunt.

2126 1739 2341 1808 Optime
2386 1740 2437 1794 id
2482 1754 2580 1809 pro
2633 1741 2836 1808 ingenii
2883 1741 2966 1795 sui
3026 1741 3445 1810 perspicacitate
3501 1740 3723 1793 notavit

2131 1834 2287 1889 Picus
2318 1833 2719 1888 Ilirandulanus
2771 1843 2879 1887 art.
2923 1832 2958 1887 4
2999 1832 3266 1904 Apologia
3308 1847 3421 1888 sua:
3462 1849 3568 1901 pro
3590 1830 3720 1886 Ori-

448 1902 709 1983 librorum
763 1929 993 1983 ediderit
1040 1929 1093 1984 in
1152 1930 1459 1999 publicum,
1495 1902 1579 1985 —nt
1636 1931 1882 1985 mirabile
1925 1902 2017 1987 sit.
2054 1902 2096 1961 Β
2124 1940 2302 1995 gena:
2351 1923 2684 1995 (45).‘8wm
2730 1926 2908 1979 minus
2960 1933 3107 1979 feele
3152 1902 3355 1978 addidi!
3416 1922 3723 1992 Origene"!

451 2018 568 2085 Quo
617 2016 818 2072 factum
869 2028 989 2083 est,
1038 2030 1097 2073 ut
1140 2034 1281 2089 sirpe
1328 2035 1451 2074 eum
1504 2019 1875 2086 σολοικίζοντα.
1933 2022 2025 2075 de-

450 2111 926 2180 prehenderimus;
969 2112 1151 2167 animo
1180 2113 1345 2167 rebus
1399 2114 1625 2173 intento,
1664 2113 1731 2166 ad
1768 2112 2027 2168 orationis

450 2204 872 2271 composituram
902 2203 1193 2259 incurioso.
1226 2202 1364 2271 Quid
1414 2219 1546 2273 ergo
1597 2204 1792 2258 mirum
1845 2204 2026 2274 aliqua

451 2308 558 2349 non
589 2292 720 2346 satis
751 2301 908 2346 caute
932 2292 1076 2346 dicta
1122 2291 1249 2345 hinc
1282 2291 1553 2344 interdum
1581 2290 1886 2345 excidisse?

524 2382 661 2438 XIV.
720 2382 1063 2437 Potissimum
1117 2398 1249 2437 vero
1294 2382 1447 2450 juvat
1502 2383 1827 2453 Origenem,
1885 2381 2027 2451 quod

452 2477 776 2544 quastiones
803 2474 1070 2543 pleraeque
1118 2473 1352 2529 nondum
1389 2474 1604 2529 fuerant
1654 2473 2057 2542 theologorum,

454 2566 907 2635 disputationibus
934 2566 1208 2619 ventilata:
1258 2576 1312 2619 et
1350 2566 1658 2629 illustrataz,
1699 2579 1802 2620 nec
1842 2564 2030 2619 Eccle-

454 2657 553 2712 sia:
594 2656 828 2711 decretis
875 2666 930 2711 et
982 2656 1357 2711 sanctionibus
1409 2656 1669 2712 delinittc.
1719 2655 1853 2710 Avia
1900 2670 2031 2722 ergo

455 2748 673 2814 loca,et
694 2747 894 2803 nullius
917 2757 1044 2802 ante
1075 2748 1191 2803 solo
1228 2749 1354 2801 trita
1383 2756 1738 2819 peragrantes
1766 2747 2028 2817 theologi,

456 2854 575 2909 qua:
597 2838 842 2908 proxima
878 2840 946 2893 ad
981 2853 1168 2901 verum
1199 2839 1481 2895 videbatur
1508 2840 1616 2899 via,
1650 2841 1752 2893 hac
1777 2837 2029 2892 fereban-

459 2941 548 2985 tur
576 2930 884 2996 confestim,
911 2940 965 2986 et
985 2931 1316 2987 aberrabant
1341 2945 1504 3001 saepe,
1541 2932 1635 2985 sed
1667 2932 1822 2986 venia
1868 2933 2032 3000 digno

456 3038 665 3087 errore,
705 3026 939 3077 nondum
973 3033 1120 3080 recto
1155 3025 1371 3080 tramite
1412 3039 1506 3094 per
1549 3024 1841 3079 Ecclesium
1886 3039 2035 3078 mon-

456 3123 647 3172 strato.
684 3114 834 3181 Quod
874 3116 999 3171 aliis
1064 3115 1225 3186 igitur
1274 3114 1528 3174 Patrihus
1576 3115 1805 3185 benigne
1834 3114 2035 3170 condo-

458 3207 575 3260 nari
618 3205 775 3271 solet,
803 3206 945 3262 idem
975 3216 1033 3260 ut
1078 3206 1419 3276 indulgeatur
1463 3204 1678 3275 Origeni
1711 3221 1923 3275 aequum
1971 3220 2032 3260 ac

2127 2027 2253 2072 ante
2286 2017 2683 2087 sexagesimum
2736 2017 2912 2070 aetatis
2956 2029 3067 2070 suae
3108 2029 3306 2069 annum
3354 2014 3528 2068 multa
3591 2014 3727 2067 titu-

2126 2106 2318 2162 banter
2350 2107 2691 2177 proposuisse
2719 2145 2735 2168 .
2784 2114 2972 2175 utpote
3014 2105 3069 2159 in
3100 2102 3411 2171 theologicis
3451 2104 3726 2172 quastio-

2129 2201 2285 2255 nibus
2312 2201 2544 2254 nondum
2569 2200 2703 2254 satis
2740 2198 3022 2254 subactum
3053 2214 3068 2264 ;
3118 2213 3238 2268 qua:
3270 2213 3402 2252 vero
3452 2199 3727 2265 deinceps

2127 2290 2480 2353 elucubravit,
2517 2302 2641 2357 puta
2667 2290 2831 2345 libros
2861 2300 3045 2346 contra
3076 2290 3305 2357 Celsum,
3331 2300 3384 2345 et
3432 2288 3728 2344 Continea-

2131 2383 2269 2436 tario
2317 2382 2370 2433 in
2412 2379 2722 2435 Matuta-um
2754 2423 2769 2446 ,
2802 2395 2865 2435 ea
2911 2388 3022 2435 tum
3073 2382 3381 2450 scripsisse.
3429 2395 3569 2435 cum
3616 2380 3726 2447 jam

2130 2475 2396 2532 catholica
2432 2475 2631 2529 veritas
2663 2473 2764 2543 ipsi
2812 2471 3001 2529 fuisset
3036 2482 3315 2540 comperta
3355 2490 3368 2526 :
3410 2474 3587 2542 quasi
3622 2488 3727 2526 non

2132 2568 2295 2624 iidem
2332 2575 2681 2635 compareant
2726 2564 2780 2619 in
2811 2562 2880 2619 iis
2904 2578 3145 2631 errores,
3173 2580 3308 2634 quos
3335 2564 3390 2619 in
3431 2565 3726 2634 prioribus

2132 2659 2443 2713 admiserat.

2203 2750 2341 2805 XVI.
2399 2747 2665 2816 Quoniam
2716 2756 2898 2803 autem
2950 2747 3258 2803 defensores
3302 2746 3567 2817 Origenis
3609 2763 3729 2817 per-

2133 2858 2414 2899 censentus
2445 2843 2544 2896 hoc
2571 2842 2770 2911 capite,
2803 2850 2859 2895 et
2887 2856 3010 2911 quae
3056 2840 3128 2894 illi
3182 2841 3378 2894 tuendo
3423 2843 3728 2896 commoda

2133 2948 2255 2989 esse
2282 2942 2531 3003 possunt,
2570 2934 2883 2987 summatim
2925 2932 3249 3001 colligimus,
3283 2932 3435 2985 locus
3467 2947 3588 2987 nos
3638 2934 3731 2987 ad-

2135 3035 2336 3092 monet,
2372 3033 2433 3080 ut
2460 3024 2730 3094 Apologia:
2775 3025 2876 3079 sub
2929 3025 3146 3078 nomine
3201 3022 3464 3093 Pamphili
3516 3038 3636 3092 pro
3668 3037 3731 3079 eo

2135 3118 2371 3186 scriptae,
2415 3115 2568 3186 cujus
2622 3116 2997 3170 testimonium
3047 3125 3159 3170 toto
3204 3117 3304 3171 hoc
3350 3129 3523 3184 opere
3588 3132 3731 3184 sape

2137 3208 2501 3273 adhibuimus,
2531 3223 2720 3263 verum
2756 3222 2821 3262 ac
2862 3206 3159 3278 legitimum
3194 3215 3467 3262 auctorem
3505 3208 3729 3263 indice-

461 3311 649 3351 ret-um
684 3309 779 3351 est.
813 3298 1071 3364 Quanam
1102 3308 1283 3352 autem
1310 3297 1582 3353 communi
1624 3296 1878 3351 Ecclesiae
1911 3312 2033 3352 con-
2059 3298 2102 3356 C
2138 3316 2275 3353 mus.
2329 3298 2709 3353 Lucubrationi
2763 3299 2886 3353 huic
2930 3314 2959 3351 a
3000 3314 3060 3353 se
3117 3297 3321 3353 Latinis
3370 3297 3583 3352 litteris
3620 3299 3731 3352 red—

458 3404 620 3443 scttsu
643 3403 737 3443 sua
762 3398 921 3442 aetate
948 3399 1160 3455 recepta
1188 3397 1243 3442 et
1276 3389 1496 3458 probata
1535 3398 1741 3452 essent,
1770 3398 1883 3440 tum
1918 3402 2036 3455 qua:

461 3482 515 3535 in
556 3490 839 3549 utramque
873 3488 1084 3551 partem
1132 3491 1353 3550 possent
1379 3480 1670 3551 disputari,
1722 3494 1886 3535 causa
1922 3479 2035 3533 dis-

464 3572 723 3625 tinctione
738 3571 969 3625 secrevit
1002 3570 1115 3639 ipse
1143 3568 1404 3640 Origenes
1450 3570 1504 3625 in
1538 3569 1811 3625 Prommio
1848 3569 1966 3623 libri
2019 3582 2033 3621 ι

461 3661 604 3729 Περὶ
625 3659 846 3729 ἀρχῶν.
887 3662 941 3715 1η
974 3671 1306 3730 postremum
1351 3661 1495 3716 hunc
1540 3674 1761 3715 sensum
1817 3659 2038 3728 conjicit

461 3753 787 3821 quaestiones
808 3752 875 3807 de
901 3753 1096 3807 animae
1133 3752 1366 3822 origine,
1389 3753 1455 3807 de
1484 3760 1676 3806 natura
1717 3750 2035 3822 angelorum

460 3855 517 3899 et
548 3845 876 3909 d:emonum,
915 3844 981 3899 de
1024 3845 1089 3899 iis
1117 3859 1236 3914 qua:
1268 3844 1451 3898 mundi
1501 3851 1681 3899 ortum
1728 3852 2038 3897 antecesse-

464 3944 611 4003 runt,
648 3945 704 3990 et
731 3950 851 4005 qua:
875 3945 996 4005 post
1026 3936 1144 4006 ejns
1184 3936 1462 3991 interitum
1498 3934 1680 3989 futura
1714 3944 1863 4000 sunt,
1894 3934 2033 3987 alia-

462 4041 568 4096 que
599 4026 875 4083 nonnulla.
920 4026 1121 4083 Eadem
1172 4027 1223 4083 in
1271 4027 1432 4082 simili
1462 4040 1624 4081 causa
1657 4042 1789 4082 usus
1830 4035 1911 4081 est
1938 4041 2035 4081 ex-

462 4118 709 4187 ceptione
737 4118 1091 4189 Hieronymus
1124 4119 1214 4174 lib.
1246 4136 1286 4174 ιι
1336 4120 1559 4190 Apolog.
1585 4117 2031 4187 advers.~Ru/i_n.,

462 4222 584 4278 cap.
617 4208 672 4275 4,
705 4222 826 4263 eum
857 4217 1065 4264 veteres
1121 4209 1375 4264 Ecclesize
1421 4211 1741 4279 scriptores,
1791 4224 2022 4279 quorum

463 4299 681 4352 codices
731 4299 1009 4354 erroribus
1066 4301 1251 4355 inlecti
1312 4310 1456 4366 sunt,
1503 4315 1771 4356 excusare
1817 4299 1979 4354 vellet
2020 4317 2033 4352 :

471 4408 489 4439 ι
533 4387 674 4444 Fieri
708 4400 883 4461 potest
924 4401 980 4446 ut
1025 4400 1311 4461 antequam
1373 4394 1427 4447 in
1475 4393 1828 4457 Alexandria,
1880 4390 2035 4461 quasi

466 4480 787 4535 daemonium
836 4481 1214 4544 meridianum,
1265 4484 1426 4537 Arius
1483 4493 1821 4547 nasceretur,
1881 4484 2038 4537 inuo—

466 4579 652 4626 center
678 4574 922 4642 quaedam
973 4582 1027 4624 et
1075 4574 1250 4628 minus
1292 4587 1449 4629 caute
1499 4576 1661 4630 locuti
1694 4595 1713 4627 υ
1740 4576 1884 4641 sint,
1924 4594 1943 4627 ι
1980 4586 2036 4631 et

2135 3391 2260 3445 diue
2299 3390 2559 3461 Pamphili
2586 3405 2781 3444 nomen
2818 3389 3047 3444 Ruﬁnus
3092 3390 3440 3459 ascripserat,
3489 3390 3583 3442 uti
3639 3390 3729 3443 bo-

2134 3478 2327 3548 dieque
2351 3479 2642 3559 ascriptum
2676 3488 2889 3543 exstat;
2925 3488 2978 3533 et
3013 3480 3063 3532 in
3108 3478 3379 3534 Invectiva
3430 3480 3633 3548 priore
3678 3482 3728 3531 in

2145 3567 2526 3640 Hieronymum
2564 3580 2816 3640 tanquam
2848 3586 2876 3624 a
2913 3569 3195 3637 Pamphilo
3228 3569 3573 3626 elaboratam
3614 3570 3727 3625 lau.

2136 3660 2357 3715 daverat
2403 3679 2418 3716 :
2475 3676 2634 3732 quem
2692 3663 2863 3717 secuti
2914 3674 3038 3717 sunt
3074 3663 3267 3719 deinde
3316 3673 3503 3718 auctor
3575 3662 3728 3717 Prc-

2134 3753 2379 3807 destiaati
2425 3752 2520 3808 lib.
2567 3770 2606 3819 ι,
2659 3754 2793 3811 hau.
2839 3755 2942 3820 l5;
3001 3756 3255 3811 Socrates
3298 3755 3391 3809 lib.
3444 3769 3497 3808 tv
3558 3753 3717 3808 Hist.

2133 3843 2339 3912 coclea,
2375 3860 2494 3915 cap.
2528 3845 2619 3909 27;
2642 3845 3052 3917 etNicephorus
3088 3847 3181 3902 lib.
3215 3862 3269 3910 x,
3300 3862 3424 3916 cap.
3464 3848 3563 3902 ιι.
3609 3849 3716 3903 Rs-

2135 3936 2245 3991 llno
2284 3936 2599 3991 reclamavit
2631 3936 3022 4010 Hieronymus,
3076 3938 3365 4007 lucumque
3416 3939 3727 3995 lectoribus

2136 4025 2336 4082 factum
2373 4038 2701 4097 conquestus
2727 4038 2811 4085 est
2853 4047 2867 4084 :
2913 4038 2968 4083 at
3006 4030 3059 4083 in
3097 4029 3424 4099 assignando
3470 4032 3726 4102 scriptio-

2136 4119 2221 4173 nis
2254 4119 2412 4189 hujus
2439 4130 2663 4176 auctore
2706 4122 2852 4175 varia
2880 4122 3155 4176 disseruit.
3183 4120 3317 4175 Nam
3357 4122 3411 4175 in
3447 4127 3725 4191 prooemio

2138 4210 2189 4265 in
2238 4210 2484 4282 Dialogos
2557 4215 2761 4268 advers.
2820 4212 3155 4285 Pelagianos,
3209 4222 3264 4269 et
3310 4213 3530 4283 Apolog.
3592 4215 3619 4268 1
3675 4216 3724 4266 ιι

2140 4301 2345 4373 Ruﬁn.,
2394 4320 2512 4375 cap.
2562 4306 2616 4370 2,
2664 4321 2782 4360 eam
2825 4306 2982 4361 docet
3022 4307 3255 4377 primum
3286 4321 3405 4361 esse
3452 4306 3660 4360 librum
3696 4322 3725 4358 e

2136 4411 2231 4452 sex
2276 4396 2447 4459 libris.
2490 4399 2689 4467 quibus
2721 4400 3006 4454 constabat
3052 4399 3311 4469 Apologia
3356 4398 3585 4455 Eusebii
3628 4417 3719 4469 pro

2139 4486 2398 4556 Origene;
2423 4503 2487 4543 ex
2518 4504 2691 4558 eoque
2738 4490 2789 4544 id
2815 4505 2936 4545 esse
2968 4489 3337 4554 manifestum.
3363 4494 3509 4558 quod
3557 4492 3614 4545 in
3647 4508 3725 4546 se-

2140 4581 2432 4648 quentibus
2461 4579 2676 4636 Eusebii
2718 4582 2872 4635 libris
2921 4582 3119 4637 citetur
3158 4580 3247 4638 ille
3298 4582 3545 4651 primus;
3586 4596 3644 4638 et
3669 4585 3718 4638 in

538 4795 650 4868 με)
668 4794 854 4849 Verum
882 4797 1050 4877 minus
1074 4805 1212 4851 recte
1228 4796 1727 4877 addidit_0rigen_em
1747 4810 1865 4853 ante
1888 4818 2042 4855 aeza-
2074 4808 2119 4863 D
2149 4820 2276 4877 suos
2306 4808 2568 4874 quosdam
2595 4808 2873 4877 scrupulos
2904 4824 2967 4864 ac
2988 4808 3467 4869 dnbitatiunculas,
3511 4808 3577 4862 ad
3605 4810 3715 4863 cla-

465 4883 716 4936 gestmum
748 4869 918 4937 wtalt's
953 4883 1063 4920 sua:
1090 4885 1286 4920 annum
1337 4868 1500 4921 multa
1529 4872 1809 4922 titubanter
1841 4888 2032 4937 propo—

464 4935 655 5007 suisse,
679 4949 788 4992 etc.
813 4935 977 4989 Miror
1000 4937 1111 4990 lucc
1139 4938 1421 4991 Miranduli
1451 4940 1611 4993 verba
1641 4935 2033 5007 rept'elteudere

468 5005 744 5071 Huetium,
776 5007 865 5074 qui
895 5006 1009 5073 ipse
1041 5007 1165 5059 alihi
1196 5009 1271 5060 ait
1300 5024 1314 5057 :
1347 5026 1365 5058 ι
1405 5008 1518 5061 Alia
1561 5005 1723 5063 senes
1760 5010 2032 5065 Adaman—

468 5078 598 5141 tius,
642 5077 855 5147 ingenio
905 5092 999 5143 per
1034 5086 1244 5147 aetatem
1289 5079 1458 5147 magis
1484 5078 1725 5143 subacto,
1753 5079 2029 5145 elimavit;

469 5147 592 5216 alia;
623 5145 881 5199 eﬂerente
932 5161 1051 5200 sese
1107 5149 1158 5199 in
1203 5145 1503 5216 juvent'utis
1535 5159 1665 5201 aestu
1706 5150 2035 5206 fecunditate

466 5214 749 5297 profudit:
786 5234 805 5266 ι
836 5217 900 5297 de
925 5217 1133 5297 Ignibus
1180 5214 1435 5297 pra-clare
1486 5219 1623 5297 dixit
1675 5218 2032 5297 Hieronymus

469 5284 523 5357 in
554 5285 785 5357 prologo
818 5284 885 5337 ad
920 5284 1331 5340 Commentarios
1376 5288 1451 5357 Ain
1493 5285 1707 5350 Lucam,
1754 5284 2037 5357 Origene")

467 5355 522 5408 in
555 5353 878 5423 quibusdam
925 5359 1263 5416 tractatibus,
1298 5374 1318 5407 ι
1359 5354 1522 5422 Quasi
1556 5358 1748 5412 iterum
1798 5353 1917 5413 talis
1958 5360 2040 5412 lu-

467 5425 615 5485 dere,
647 5423 751 5477 alia
770 5438 893 5476 esse
922 5426 1095 5477 virilia
1123 5425 1237 5490 ejus
1262 5436 1315 5479 et
1344 5428 1638 5481 senectutis
1668 5431 1827 5482 seria.
1868 5448 1886 5480 ι
1910 5428 2037 5483 Cer-

470 5502 536 5565 te
554 5492 660 5546 alia
693 5492 789 5565 ad_
809 5495 1018 5565 amicos
1049 5497 1504 5565 secretoscripsit
1546 5499 1622 5565 [ut
1662 5500 1838 5553 verbis
1863 5499 2035 5553 Geor-

468 5562 540 5639 gii
594 5572 715 5615 utar
745 5561 1189 5639 _‘[l)efens._‘ﬁdei
1236 5561 1441 5639 Nam.
1490 5561 1559 5619 de
1584 5565 1715 5621 Filii
1738 5567 1814 5639 τῷ
1845 5571 2037 5638 ὁμοθυ-

471 5632 571 5701 σιῳ
599 5646 715 5705 cap.
742 5632 798 5705 9,
830 5648 977 5705 nunt.
1014 5632 1105 5705 5].;
1141 5650 1260 5700 qum
1309 5635 1478 5687 lucem
1529 5632 1799 5705 nunquani
1852 5632 2032 5691 visura

464 5703 737 5774 speravit;
770 5704 820 5753 in
845 5704 1039 5770 quibus
1058 5703 1224 5757 libere
1245 5720 1309 5757 ac
1328 5720 1463 5771 pene
1487 5703 1725 5774 sceptice
1752 5709 2027 5770 disseruit,

468 5786 533 5822 ue
560 5770 868 5840 plerumque
919 5788 1025 5824 non
1076 5783 1181 5826 tant
1223 5770 1371 5828 suam
1410 5770 1613 5828 certam
1652 5792 1714 5830 ac
1750 5779 2028 5831 deﬁnitam

470 5838 811 5905 sententiain,
848 5855 1005 5908 quam
1036 5845 1121 5897 vel
1158 5842 1383 5898 aliorum
1428 5846 1889 5912 ratiocinationes,
1950 5846 2031 5900 vel

2149 4876 2344 4948 riorem
2362 4878 2615 4948 veritatis
2646 4876 3062 4933 elucidationem
3098 4879 3399 4948 proposuit.
3448 4879 3569 4932 Alia
3610 4880 3717 4947 ipse

2138 4945 2192 4999 in
2226 4946 2500 5013 publicum
2544 4949 2745 5013 emisit,
2787 4949 2900 5003 sive
2928 4945 3113 5003 contra
3150 4945 3416 5010 inﬁdeles,
3468 4950 3583 5002 sive
3624 4945 3714 5001 ad-

2140 5017 2655 5087 versnshmreticos,
2684 5033 2779 5071 seu
2827 5018 3058 5087 denique
3087 5019 3151 5071 ad
3194 5017 3570 5071 instruendam
3607 5020 3714 5084 ple-

2137 5085 2257 5156 bem
2299 5084 2707 5156 Christianam;
2738 5088 2789 5140 in
2813 5084 3008 5156 quibus
3043 5090 3150 5139 vita
3178 5090 3302 5140 trita
3332 5102 3395 5140 ac
3428 5097 3543 5140 tuta
3569 5088 3713 5140 ince-

2138 5154 2293 5218 dens,
2315 5154 2601 5225 receptam
2636 5159 2688 5211 in
2713 5154 2953 5211 Ecclesia
2979 5157 3244 5211 catholica
3274 5158 3579 5210 doctrinam
3606 5169 3715 5211 stu—

2137 5226 2360 5296 dAiosius
2396 5227 2635 5296 tradidit.
2698 5227 2891 5296 Negari
2942 5237 3120 5279 autem
3170 5242 3274 5279 non
3323 5236 3526 5294 potest,
3586 5228 3711 5294 quin

2147 5292 2395 5366 Origenis
2421 5295 2733 5366 sulfragiunt
2781 5292 2850 5348 Ife
2884 5298 3147 5350 catholica
3200 5292 3446 5349 doctrina
3488 5292 3713 5362 peti—de.

2147 5364 2267 5435 beat
2307 5380 2373 5417 ex
2408 5366 2473 5435 iis
2507 5364 2775 5435 praecipue
2804 5367 3042 5434 scriptis,
3094 5381 3213 5434 qua:
3258 5365 3487 5434 publicis
3530 5367 3714 5417 usibus

2146 5434 2260 5503 ipse
2300 5434 2615 5505 destinavit,
2666 5434 2786 5505 qua:
2828 5437 3067 5504 cogitate
3105 5446 3162 5489 et
3197 5446 3403 5489 attente
3444 5438 3711 5495 exaravit.

2145 5518 2263 5570 qua:
2288 5503 2520 5575 denique
2544 5504 2656 5575 jam
2687 5503 2851 5560 Senex
2881 5503 2934 5560 et
2960 5507 3113 5574 longo
3138 5522 3316 5559 rerum
3343 5522 3439 5559 usu
3465 5516 3517 5557 et
3550 5522 3711 5572 expe-

2145 5572 2338 5626 rientia
2360 5572 2582 5629 edoctus
2612 5580 2933 5643 composuit.
2964 5572 3277 5698 lilEﬂSltlUdi
3301 5586 3448 5641 sunt,
3472 5577 3709 5627 omnium

2145 5657 2429 5698 consensu.
2468 5645 2585 5698 libri
2619 5656 2741 5697 (wit)
2789 5658 2972 5698 contra
3058 5644 3237 5698 'elsnm
3285 5644 3601 5698 Enicureum
3637 5654 3709 5698 tet

2143 5657 2429 5707 consensu,
2468 5645 2585 5698 libri
2619 5656 2741 5697 (wit)
2789 5658 2972 5698 contra
3028 5644 3237 5698 Celsum
3285 5644 3601 5710 Epicureum
3637 5654 3709 5707 (et

2135 5710 2524 5797 conmentario
2552 5716 2604 5769 in
2638 5715 3042 5797 Malthwunt)...»
3070 5718 3322 5769 Attamen
3349 5731 3453 5769 non
3478 5729 3713 5790 negave-

2141 5782 2241 5860 rint
2294 5782 2585 5860 plerosque
2634 5801 2847 5843 errores
2908 5782 2960 5842 in
2996 5786 3062 5841 iis
3098 5800 3431 5854 comparere,
3479 5799 3621 5853 quos
3660 5785 3711 5837 in

2141 5854 2412 5920 prioribus
2436 5855 2753 5910 adtniserat.
