3914 6576
373 460 512 517 “07

1644 460 1703 515 P.
1749 460 2062 516 DANIELIS
2102 458 2336 515 HUETII

3510 456 3649 511 “08

374 587 633 634 constans
660 616 677 644 ,
721 590 948 646 quorum
983 577 1221 647 quinque
1264 593 1292 632 a
1337 578 1618 650 Pamphilo
1646 582 1697 635 in
1737 594 1954 636 carcere
1982 586 2024 642 Α
2058 580 2330 646 inveniri,
2378 593 2499 632 cum
2542 579 2787 648 quinque.
2819 576 2975 632 libris
3005 576 3309 631 mutilatum
3358 576 3464 630 hoc
3515 592 3650 628 onus

376 669 597 724 detento
621 708 638 734 ,
673 677 944 737 prasente
970 670 1133 724 etiam
1188 670 1420 724 Eusebio
1443 711 1458 735 ,
1498 671 1760 726 elaborati
1797 681 1947 725 sunt.

378 759 576 815 Sextus
601 770 779 815 autem
807 798 822 824 ,
856 772 1141 830 postquam
1174 762 1353 831 gladio
1393 774 1608 834 martyr
1641 765 1749 819 vita
1779 766 1958 835 priva-

396 862 483 905 tus
516 852 767 920 migravit
793 852 861 907 ad
899 851 1066 906 Deum
1099 870 1257 925 quem
1293 856 1730 923 concupiscebat,
1762 858 1830 910 ab
1854 857 1959 910 Eu-

379 945 530 999 sebio
560 954 645 1000 est
682 946 963 1001 absolutus
991 963 1006 1014 ;
1042 967 1061 1002 ο
1097 959 1151 1002 et
1181 950 1371 1004 deinde
1398 968 1412 1005 :
1444 950 1555 1022 Τὴν
1576 952 1632 1004 δὲ
1664 952 1961 1024 ὑπὲρὨριο

381 1033 571 1099 γένους
604 1032 919 1103 ἀπολογίαν,
954 1036 1031 1100 ὡς
1061 1036 1289 1109 ἔφημεν,
1334 1041 1361 1091 ὁ
1410 1041 1693 1111 Πάμφιλος
1726 1045 1822 1095 σὺν
1858 1043 1956 1094 Εὐ-

383 1122 547 1191 σεϐίῳ
573 1123 962 1194 καθειργμένος
995 1128 1075 1199 τῷ
1120 1130 1376 1201 οἰκήματι
1425 1132 1817 1203 συνεγράψατο.
1868 1132 1961 1185 καὶ

380 1215 583 1286 ταύτην
609 1218 744 1288 πρὸς
770 1219 896 1282 τοὺς
915 1222 972 1272 ἐν
1008 1221 1289 1291 μετάλλοις
1310 1222 1395 1276 διὰ
1423 1223 1656 1293 Χριστὸν
1688 1222 1963 1275 ταλαιπω-

384 1304 680 1377 ρουμένους
710 1306 1072 1379 διεπέμψατο.
1128 1329 1149 1363 r
1181 1312 1494 1381 ApOIOgiatu
1520 1323 1700 1366 autem
1732 1328 1828 1381 pro
1848 1312 1967 1369 Ori-

382 1410 540 1466 gene,
571 1407 627 1451 ut
650 1398 913 1465 diximus,
941 1399 1255 1470 Pamphilus
1292 1419 1396 1457 una
1435 1421 1556 1459 cum
1586 1405 1822 1460 Eusebio
1847 1421 1958 1461 car-

385 1500 509 1541 cere
557 1486 801 1544 inclusus
830 1490 1204 1555 elucubravit,
1241 1497 1598 1563 eamdemque
1628 1498 1694 1549 ad
1733 1511 1827 1551 eos
1870 1499 1960 1565 qui

385 1578 441 1633 in
471 1580 704 1636 metallis
745 1596 841 1648 pro
886 1582 1104 1639 Christo
1135 1590 1555 1654 exercebantur,
1592 1588 1759 1642 misit.
1800 1609 1819 1641 ι
1858 1591 1966 1643 Eu-

387 1669 568 1725 sebius
613 1672 727 1740 ipse
753 1674 1012 1742 scriptam
1055 1690 1174 1729 eam
1218 1693 1245 1728 a
1279 1692 1336 1730 se
1364 1689 1418 1729 et
1450 1676 1731 1746 Pamphilo
1763 1678 1967 1733 fatetur

390 1759 598 1817 ﬂiuor.
627 1764 752 1818 libr.
805 1781 882 1829 vt,
911 1780 1029 1835 cap.
1063 1766 1155 1831 53,
1180 1767 1322 1819 Ὅσα
1344 1767 1400 1819 δὲ
1441 1769 1735 1836 ἀναγκαῖα,
1775 1771 1962 1837 inquit,

387 1849 498 1903 τῶν
525 1854 653 1921 περὶ
680 1854 855 1907 αὐτῶν
874 1855 1165 1923 διαγνῶναι
1190 1851 1467 1925 ἦν,ταῦτα
1488 1858 1580 1909 καὶ
1602 1860 1666 1910 ἐκ
1696 1862 1794 1929 τῆς
1826 1860 1968 1929 ὑπὲρ

2058 675 2372 728 habeamus.

2128 762 2291 819 XVII.
2324 763 2581 829 Quamvis
2623 772 2811 817 autem
2861 760 3031 816 multa
3079 762 3161 814 vel
3198 761 3265 814 ad
3318 757 3650 813 relellendos

2059 856 2311 925 Origenis
2334 855 2697 919 adversarios,
2735 854 2818 909 vel
2861 854 2927 907 ad
2960 854 3132 923 ipsum
3164 852 3544 906 excusandum
3570 862 3651 903 at-

2062 945 2381 1010 tulerimus,
2407 943 2460 997 in
2506 943 2690 997 multis
2724 952 2904 996 tamen
2941 957 3197 1011 peccasse
3226 940 3514 994 fatendum
3546 949 3649 994 est.

2060 1038 2137 1092 Ac
2171 1036 2457 1105 plerosque
2475 1050 2605 1090 sane
2630 1034 2801 1103 ipsius
2838 1050 3060 1089 errores
3084 1049 3243 1103 supra
3276 1033 3393 1102 jam
3430 1034 3501 1087 ab
3532 1034 3652 1087 aliis

2060 1127 2427 1198 deprehensos
2471 1128 2834 1197 agnovimus,
2902 1125 2983 1181 vel
3024 1127 3276 1205 nondum
3334 1136 3654 1195 perspectos

2065 1222 2388 1284 notavimus,
2416 1235 2539 1277 cum
2564 1221 2683 1290 ejus
2712 1221 2962 1290 dogmata
3003 1220 3494 1290 perpenderemus.
3518 1218 3652 1274 Pec-

2064 1315 2221 1369 candi
2261 1329 2423 1369 causa
2467 1314 2730 1381 judicium
2766 1328 3004 1382 praeceps
3029 1353 3044 1377 ,
3082 1320 3136 1366 et
3168 1311 3534 1366 immoderata
3570 1311 3652 1364 in—

2064 1403 2205 1475 genii
2254 1403 2470 1458 lascivia
2522 1412 2575 1459 et
2626 1404 2888 1467 licentia,
2924 1405 3009 1457 cui
3074 1412 3180 1456 tam
3217 1403 3656 1471 intemperanter

2069 1497 2522 1565 morigerabatur,
2544 1503 2601 1549 ut
2641 1496 2880 1565 cogitata
2917 1495 3118 1558 omnia,
3152 1496 3320 1549 cruda
3352 1496 3655 1550 etiamnum

2068 1588 2433 1642 etimmatura
2465 1587 2839 1657 proluuderet.
2885 1588 3129 1642 Accessit
3176 1588 3357 1656 inepta
3407 1590 3655 1657 quzedam

2070 1678 2367 1747 Scriptura:
2400 1678 2717 1749 plerumque
2739 1680 3074 1751 explicandae
3104 1683 3241 1735 ratio
3261 1726 3275 1748 ,
3314 1697 3514 1736 vocum
3540 1684 3655 1737 sin-

2070 1771 2316 1840 gularum
2342 1773 2654 1828 notionibus
2694 1776 2948 1829 eruendis
2973 1784 3026 1829 et
3069 1776 3445 1844 expendendis
3472 1777 3658 1832 odiose

2082 1878 2145 1917 ac
2171 1864 2353 1932 putide
2385 1864 2631 1931 studens,
2659 1875 2715 1919 et
2747 1865 2798 1918 in
2847 1866 3067 1921 minutis
3119 1868 3429 1937 quibusque
3467 1884 3659 1923 conse-

386 1940 554 1995 αὐτοῦ
587 1944 972 2016 πεπονημένης
998 1946 1129 2016 ἡμῖν
1148 1964 1207 1999 τε
1238 1949 1331 2001 καὶ
1370 1947 1448 2018 τῷ
1478 1948 1599 2002 καθ’
1656 1928 1801 2021 ἡμᾶς
1838 1928 1966 2021 ἱερῷ

2086 1956 2284 2010 :taudis
2315 1969 2379 2010 ac
2400 1955 2626 2010 invicem
2654 1955 3005 2025 conﬁigendis
3031 1973 3244 2013 morose
3271 1968 3326 2013 et
3362 1958 3563 2028 frigide
3585 1959 3661 2013 la-

391 2031 631 2103 μάρτυρι
675 2034 946 2106 Παμφίλῳ
985 2036 1321 2106 ἀπολογίας,
1389 2040 1649 2113 πάρεστιν
1704 2040 1957 2105 ἀναλέξα-

393 2120 539 2174 σθαι.
580 2140 599 2173 ι
634 2122 976 2194 Quaecunque
1021 2141 1152 2181 vero
1203 2129 1270 2183 de
1309 2128 1400 2183 illo
1434 2131 1738 2184 necessario
1766 2146 1966 2201 cogno-

391 2215 590 2267 scenda
613 2226 759 2281 sunt,
782 2231 844 2271 ea
875 2229 1059 2286 petere
1086 2218 1215 2275 licet
1256 2235 1322 2274 ex
1353 2221 1631 2291 Apologia,
1658 2238 1818 2292 quam
1870 2238 1970 2292 pro

392 2319 459 2359 eo
506 2320 606 2377 ego
659 2318 713 2362 et
752 2310 926 2364 sancti
962 2312 1218 2381 temporis
1259 2313 1431 2368 nostri
1465 2326 1676 2385 martyr
1708 2313 1965 2384 Pamphi-

392 2396 477 2453 lus
496 2399 914 2456 elaboravimus.
960 2421 978 2454 ι
1011 2402 1351 2473 Pamphilum
1397 2406 1560 2475 igitur
1599 2416 1653 2461 et
1679 2407 1968 2462 Eusebium

394 2502 645 2547 auctores
678 2495 840 2548 habet
873 2495 1244 2565 Apalogeticus
1276 2498 1378 2552 iste
1407 2538 1423 2565 ,
1470 2508 1525 2552 et
1553 2536 1570 2562 ,
1619 2500 1663 2553 si
1717 2500 1970 2555 Photium

394 2584 664 2649 audimus,
700 2588 1016 2655 primarium
1047 2588 1266 2657 quidem
1293 2600 1348 2644 et
1370 2591 1696 2660 praecipuum
1725 2590 1974 2663 Pamphi-

394 2674 527 2727 lum.
562 2673 900 2729 Posuemum
932 2677 1195 2731 duntaxat
1227 2691 1257 2730 e
1301 2678 1454 2732 libris
1494 2694 1588 2733 sex
1637 2694 1776 2734 unus
1806 2680 1974 2738 Euse-

397 2764 521 2819 bius
548 2765 893 2835 conscripsit.
918 2767 1001 2820 Ad
1027 2768 1078 2821 id
1114 2778 1296 2822 autem
1328 2770 1469 2838 quod
1498 2770 1683 2838 objicit
1710 2771 1973 2844 Hierony-

397 2871 552 2921 mus,
586 2857 732 2913 mille
756 2874 946 2913 versus
975 2859 1249 2914 detractos
1302 2869 1356 2914 et
1408 2874 1684 2929 postremo
1708 2864 1975 2934 Apologia:

398 2949 573 3014 libro,
605 2952 695 3019 qui
728 2951 947 3007 Eusebii
984 2950 1119 3017 l'uit,
1163 2952 1217 3006 in
1263 2953 1499 3022 priorem
1529 2954 1679 3010 illum
1712 2955 1972 3024 Pamphili

399 3038 567 3095 fuisse
592 3041 844 3097 inductos
866 3083 884 3110 ,
917 3043 1253 3113 proindeque
1287 3060 1392 3099 non
1425 3056 1594 3100 totum
1631 3062 1660 3101 a
1692 3048 1977 3119 Pamphilo

400 3131 567 3188 fuisse
605 3133 984 3201 lucubratum;
1025 3135 1327 3205 respondeo
1375 3152 1476 3191 nec
1524 3147 1693 3192 totum
1727 3138 1979 3194 lucubra-

398 3233 514 3279 tum
560 3225 728 3283 luisse
775 3228 843 3283 ab
876 3228 1143 3295 Eusebio;
1192 3240 1247 3284 et
1296 3231 1514 3301 utrique
1544 3233 1742 3288 ascribi
1796 3250 1973 3303 posse.

400 3317 550 3372 Vana
581 3328 665 3374 est
688 3333 815 3374 vero
837 3320 1005 3375 altera
1030 3320 1343 3394 Hieronymi
1363 3324 1572 3394 petitio,
1590 3342 1712 3380 cum
1741 3329 1814 3381 ait
1836 3344 1983 3383 sum-

400 3428 546 3465 ntum
578 3412 743 3468 fuisse
793 3412 1085 3469 Eusebium
1113 3416 1267 3471 inter‘
1311 3426 1367 3473 et
1411 3416 1748 3489 Pamphilum
1775 3420 1985 3489 opinio-

401 3518 531 3558 num
574 3519 936 3568 consensum;
986 3522 1107 3562 cum
1170 3519 1350 3563 autem
1402 3510 1666 3565 Eusebius
1693 3512 1981 3581 Origenem

404 3607 519 3651 toto
545 3597 598 3650 in
629 3613 793 3667 opere
826 3614 923 3653 suo
956 3600 1187 3669 probare
1211 3602 1462 3656 videatur
1481 3604 1668 3656 Ariani
1694 3604 1862 3658 fuisse
1892 3605 1987 3659 de-

405 3690 678 3744 fensorem
704 3691 989 3760 dogmatis,
1014 3692 1325 3761 Pamphilus
1358 3709 1488 3749 vero
1523 3694 1740 3750 Nicena:
1764 3697 1975 3767 synodi,

404 3801 525 3855 qua:
549 3784 652 3839 fuit
676 3796 859 3855 postea
886 3827 903 3852 ,
949 3787 1328 3852 defensorem;
1382 3788 1506 3841 hinc
1534 3787 1673 3843 etlici
1724 3804 1828 3841 non
1868 3804 1988 3843 esse

405 3877 671 3945 Pamphili
702 3888 758 3933 et
791 3879 1012 3934 Eusebii
1043 3888 1215 3934 totum
1254 3879 1387 3934 illud
1430 3896 1563 3949 opus
1585 3920 1602 3945 ,
1652 3881 1745 3935 sed
1779 3893 1986 3951 partem

405 3985 528 4026 esse
556 3972 807 4037 Eusebii,
853 3973 1089 4042 priorem
1124 3988 1252 4028 vero
1283 3974 1478 4027 librum
1519 3973 1738 4028 alterius
1764 3974 1988 4043 cujusli-

405 4065 520 4128 bet,
573 4074 701 4135 puta
737 4065 973 4139 Didymi.
1007 4064 1124 4121 Non
1162 4066 1333 4137 magis
1366 4066 1511 4121 enim
1548 4067 1743 4121 mirum
1788 4076 1874 4122 est
1906 4067 1990 4119 di~

408 4172 569 4212 versa
605 4158 671 4213 de
724 4158 977 4229 Origenis
1027 4158 1270 4213 doctrina
1329 4158 1567 4215 sensisse
1614 4166 1670 4212 et
1707 4157 1993 4227 scripsisse

408 4251 750 4321 Pamphilum
775 4263 829 4306 et
850 4251 1165 4316 Eusebium,
1191 4267 1355 4321 quam
1388 4253 1454 4306 de
1478 4250 1682 4306 Christi
1709 4250 1994 4305 divinitate

408 4344 766 4399 orthodoxam
802 4344 971 4399 luisse
1021 4342 1290 4413 Pamphili
1342 4344 1656 4412 opinionem
1688 4386 1704 4410 ,
1733 4343 1992 4397 Arianam

412 4453 544 4491 vero
573 4446 631 4490 et
676 4438 990 4491 barreticam
1017 4436 1258 4491 Eusebii.
1294 4435 1481 4490 Facile
1522 4450 1740 4505 quoque
1768 4434 1995 4488 diluitur

416 4529 560 4583 aliud
586 4540 963 4598 argumentum
1012 4529 1366 4599 Hieronymi,
1400 4528 1534 4582 nihil
1562 4528 1766 4597 proprii
1815 4529 1996 4595 operis

2069 2053 2289 2108 borans.
2319 2052 2471 2107 Adde
2501 2052 2725 2106 nimium
2758 2053 3108 2122 profanarum
3160 2054 3537 2107 doctrinarum
3557 2095 3572 2118 ,
3597 2070 3658 2107 ac

2085 2144 2378 2199 Platonicae
2423 2145 2721 2214 prmsertim
2764 2145 3138 2215 philosophiae,
3172 2160 3335 2214 quam
3365 2145 3657 2200 Tertullia-

2072 2253 2176 2293 nus
2207 2237 2301 2292 lib.
2340 2236 2417 2291 De
2441 2220 2792 2305 anima‘fcap.
2826 2236 2919 2301 23,
2945 2256 2963 2287 ‹
2998 2238 3381 2293 haereticorum
3414 2239 3657 2293 omnium

2073 2329 2569 2385 condimentarium
2602 2343 2723 2384 esse
2756 2328 2960 2385 factum
2988 2350 3005 2382 ι
3036 2335 3135 2394 ait,
3171 2332 3438 2396 studium,
3482 2332 3547 2384 ad
3569 2347 3660 2385 cu-

2068 2420 2157 2489 jus
2180 2436 2425 2475 normam
2474 2419 2773 2490 theologica
2816 2420 3069 2490 dogmata
3100 2436 3225 2477 cum
3253 2423 3536 2491 exigeret,
3569 2422 3661 2474 ab-

2073 2512 2254 2567 surdis
2287 2511 2630 2582 opinionibus
2654 2513 2768 2582 ipse
2799 2514 3035 2581 primum
3081 2513 3350 2577 imbutus,
3375 2529 3504 2569 mox
3564 2513 3661 2567 Ec-

2074 2604 2300 2660 clesiam
2346 2604 2711 2660 conturbavit.
2769 2603 3014 2659 Platonis
3043 2604 3263 2672 quidem
3314 2603 3658 2673 disciplinam

2077 2699 2331 2753 assectati
2368 2707 2493 2752 sunt
2538 2697 2736 2752 vetusti
2773 2696 2965 2752 Patres
2992 2696 3408 2766 quamplurimi,
3464 2695 3660 2765 partim

2076 2791 2400 2845 vetustiores
2448 2789 2680 2861 Origene
2711 2830 2726 2855 ,
2775 2789 2972 2857 partim
3035 2790 3224 2843 eodem
3285 2789 3661 2851 recentiores,

2076 2883 2385 2951 quicunque
2413 2883 2715 2951 praisertim
2761 2880 3038 2935 Nicmnum
3080 2880 3376 2935 concilium
3411 2890 3661 2934 anteces-

2077 2983 2264 3028 serunt
2294 2991 2309 3026 :
2342 2983 2399 3028 at
2426 2989 2489 3028 ea
2514 2974 2685 3029 solum
2717 2973 2785 3027 ab
2838 2973 2928 3027 illo
2965 2973 3193 3027 mutuati
3235 2982 3390 3036 sunt,
3422 2987 3543 3039 quae
3575 2971 3663 3025 deo

2078 3065 2244 3120 cretis
2269 3066 2528 3121 Ecclesia:
2559 3066 3011 3131 consentiebant;
3046 3064 3312 3135 Origenes
3342 3079 3476 3117 vero
3500 3072 3663 3117 totam

2080 3158 2416 3212 academiam
2448 3159 2595 3213 visus
2619 3168 2700 3212 est
2726 3157 2779 3211 in
2815 3157 3107 3212 Ecclesiam
3128 3155 3512 3210 transtulisse:
3542 3156 3665 3208 licet

2006 3264 2049 3322 ο
2084 3248 2316 3304 fateatur
2344 3250 2491 3304 hom.
2518 3249 2586 3305 M
2609 3250 2662 3303 in
2683 3246 2894 3313 Cenem,
2933 3265 3082 3301 num.
3107 3248 3165 3311 5,
3216 3268 3233 3298 ι
3267 3247 3662 3316 philosophiam

2086 3356 2261 3411 neque
2293 3341 2346 3395 in
2384 3342 2636 3396 omnibus
2666 3342 2768 3411 legi
2803 3342 2894 3397 Dei
2927 3341 3257 3394 contrariam
3295 3355 3419 3393 esse
3444 3380 3460 3401 ,
3498 3353 3665 3405 neque

2086 3433 2140 3487 in
2181 3433 2433 3488 omnibus
2462 3449 2780 3489 consonam.
2822 3454 2840 3485 ο
2873 3434 2997 3488 Inde
3044 3443 3193 3487 tanta
3235 3447 3490 3487 errorum
3518 3445 3666 3500 seges

2086 3526 2239 3579 bona!
2268 3525 2408 3595 frugi
2447 3527 2741 3583 succrevit.
2793 3527 2869 3584 Ex
2900 3527 2987 3582 his
3011 3528 3145 3581 satis
3177 3527 3345 3595 liquet
3372 3541 3534 3594 quam
3566 3525 3666 3576 ina-

2088 3633 2183 3670 nes
2207 3617 2315 3670 sint
2335 3617 2515 3671 Ruﬁni
2547 3629 2796 3684 conatus,
2824 3634 2946 3674 cum
2982 3618 3243 3688 quidquid
3282 3616 3482 3669 falsum
3530 3612 3666 3681 apud

2087 3707 2379 3775 Origenem
2427 3710 2691 3777 occurrit,
2744 3726 2841 3779 pro
2875 3712 3059 3779 spurio
3086 3720 3141 3764 et
3171 3711 3240 3763 ab
3270 3706 3547 3762 ltaareticis
3587 3705 3663 3756 in-

2091 3811 2240 3855 truso
2267 3802 2455 3856 haberi
2483 3802 2669 3873 jubet;
2699 3802 2811 3872 (49)
2850 3819 2971 3858 nam
3002 3803 3168 3855 multa
3198 3800 3421 3869 quidem
3450 3794 3666 3864 Origeni

2090 3892 2261 3947 alﬁcta
2309 3892 2472 3949 fuisse
2516 3910 2703 3949 verum
2764 3905 2868 3958 est.
2926 3894 3017 3950 sed
3062 3894 3210 3963 plura
3261 3901 3465 3955 tamen,
3506 3900 3665 3956 eaque

2094 3982 2253 4036 noxia
2281 3992 2336 4037 et
2389 3983 2651 4038 damnosa
2706 3984 2775 4036 ab
2828 3982 2916 4037 illo
2956 3981 3196 4051 profecta
3228 3992 3354 4032 esse
3380 3973 3663 4031 candidum

2092 4072 2267 4124 virum
2296 4072 2447 4126 lateri
2485 4074 2658 4125 decet.

2163 4162 2350 4217 XVIII.
2386 4162 2543 4217 Nunc
2590 4162 2937 4231 quarrendum
2988 4170 3233 4237 superest
3284 4176 3394 4228 quo
3449 4176 3667 4215 numero

2096 4252 2329 4308 habendi
2361 4253 2471 4308 sint
2496 4253 2616 4307 libri
2643 4251 2911 4323 Origeuis,
2942 4252 3161 4321 ipseque
3193 4251 3329 4305 adeo
3359 4249 3620 4319 Origenes
3650 4289 3664 4300 .

2097 4354 2276 4398 utrum
2323 4344 2409 4399 hic
2439 4344 2581 4398 inter
2611 4344 2932 4408 haereticos,
2960 4343 3058 4407 illi,
3094 4344 3236 4395 inter
3271 4341 3559 4395 damnatas
3611 4354 3670 4393 ac

2100 4436 2419 4506 reprobatas
2448 4435 2780 4505 scriptiones
2817 4434 3046 4502 ponendi
3084 4435 3214 4487 sint.
3242 4432 3396 4499 Quod
3437 4432 3541 4486 erit
3579 4447 3665 4483 ca-

2100 4531 2227 4600 pilis
2260 4528 2422 4603 hujus
2464 4526 2610 4579 velut
2643 4525 3016 4580 corollarium.
3050 4522 3399 4593 Disptttetnus
3447 4522 3668 4590 primum

415 4618 756 4687 Pamphilum
798 4618 1106 4674 condidisse
1154 4619 1489 4673 asserentis:
1519 4632 1617 4671 nec
1669 4616 1812 4671 enim
1865 4631 1992 4683 pro-
2028 4622 2072 4676 ι)
2103 4622 2167 4674 de
2200 4617 2371 4671 libris.
2409 4615 2465 4668 lu
2498 4615 2681 4669 varios
2714 4612 3001 4682 Origeuem
3034 4612 3325 4681 impcgisse
3351 4626 3567 4664 errores
3588 4624 3669 4664 sa-

418 4712 593 4782 prium
622 4710 742 4781 ejus
762 4725 896 4779 opus
920 4711 1290 4784 Apologeticus
1321 4709 1409 4763 ille
1434 4709 1537 4763 dici
1565 4718 1743 4777 potest
1775 4749 1789 4772 ,
1831 4723 1993 4776 quem

418 4802 641 4857 alterius
667 4818 830 4873 opera
878 4802 1095 4870 adjutus
1121 4842 1135 4865 ,
1164 4802 1379 4858 Eusebii
1411 4802 1641 4866 scilicet,
1673 4800 1994 4855 elaboravit.

421 4894 576 4953 Nunc
606 4908 736 4949 vero
762 4893 1096 4948 arbitrentur
1116 4895 1253 4964 aequi
1286 4905 1340 4949 et
1366 4894 1563 4950 eruditi
1598 4892 1850 4957 lectores,
1880 4905 1996 4944 me-

422 4987 604 5040 ritone
636 4985 888 5039 Ruﬁnum
918 4984 1280 5056 Hieronymus
1311 4983 1747 5055 reprehenderit,
1781 4992 1999 5052 pr0pter

422 5077 742 5147 inscriptum
769 5076 1038 5146 Pamphili
1076 5092 1273 5130 nomen
1323 5075 1490 5146 priori
1541 5074 1701 5144 hujus
1728 5074 1998 5143 Apologia:

422 5172 579 5230 libro.
614 5172 883 5226 Cmterum
918 5186 1042 5226 cum
1075 5186 1168 5223 sex
1202 5180 1480 5229 constaret
1515 5168 1667 5225 libris
1702 5168 1817 5222 haec
1841 5165 2002 5220 Pam-

424 5265 554 5333 phili
584 5264 869 5333 Apologia,
902 5263 1060 5332 cujus
1107 5263 1254 5331 prior
1288 5262 1549 5314 duntaxat
1589 5276 1619 5312 a
1649 5258 1843 5312 Ruﬁno
1870 5273 2001 5311 cono

428 5375 615 5414 versus
662 5362 727 5414 ad
773 5374 871 5414 nos
894 5359 1162 5428 pervenit,
1189 5371 1293 5410 non
1318 5365 1403 5409 est
1428 5370 1528 5412 cur
1562 5356 1790 5408 miretur
1836 5353 2002 5405 Baro-

427 5452 546 5508 nius
571 5450 819 5521 Gregorii
844 5448 1298 5507 Neoczesariensis
1318 5446 1760 5502 eucomiasticam
1795 5444 2003 5497 oratio-

429 5560 548 5600 nem
588 5544 808 5611 Origeni
841 5543 1041 5598 dictam
1065 5582 1081 5607 ,
1118 5556 1278 5610 quam
1327 5555 1354 5591 a
1402 5538 1682 5607 Pamphilo
1737 5536 2006 5605 Apologia:

430 5653 539 5697 sua:
569 5640 830 5697 insertam
874 5635 1041 5693 fuisse
1078 5634 1348 5705 proditum
1396 5642 1502 5695 est,
1540 5631 1593 5685 in
1620 5644 1683 5683 ea
1716 5628 1875 5683 hodie
1901 5644 2007 5681 non

2104 4718 2169 4764 tis
2198 4727 2225 4761 a
2264 4709 2417 4763 nobis
2447 4706 2757 4762 confessum
2789 4714 2893 4760 est.
2927 4705 2993 4758 At
3019 4704 3266 4773 quamvis
3296 4719 3392 4758 eos
3424 4702 3671 4771 operibus

2103 4797 2273 4866 ipsius
2308 4796 2528 4850 aliunde
2551 4805 2763 4852 assutos
2793 4798 3062 4855 daremus,
3088 4793 3230 4860 quod
3255 4792 3410 4846 multi
3440 4790 3670 4845 allirma-

2101 4898 2245 4957 runt,
2293 4890 2557 4960 planeque
2604 4890 2670 4945 iis
2703 4891 2997 4944 immunem
3034 4886 3322 4957 Origenem
3350 4902 3667 4957 agnoscere.

2105 4995 2252 5049 mus,
2285 4981 2490 5036 valeret
2526 4981 2576 5035 id
2600 4982 2816 5051 quidem
2851 4982 2916 5034 ad
2954 4976 3369 5033 excusationem
3411 4979 3670 5039 auctoris;

2107 5090 2210 5128 non
2249 5074 2315 5127 ad
2338 5074 2714 5144 purgationem
2746 5072 3030 5127 librorum.
3060 5072 3192 5126 Cum
3229 5081 3442 5125 certum
3472 5070 3543 5123 sit
3582 5068 3676 5137 igi-

2108 5178 2195 5221 tur
2223 5168 2376 5223 falsis
2408 5184 2502 5223 eos
2548 5176 2604 5220 et
2657 5165 2839 5234 impiis
2866 5174 3077 5221 scatere
3111 5163 3407 5219 sententiis
3431 5201 3449 5228 ,
3478 5171 3532 5215 et
3568 5162 3673 5228 jam

2111 5261 2234 5315 inde
2284 5277 2315 5314 a
2379 5259 2608 5315 vetustis
2654 5259 2988 5327 temporibus
3040 5256 3181 5309 malo
3216 5254 3493 5308 fermento
3521 5252 3678 5306 fuisse

2110 5356 2361 5417 infectos,
2407 5352 2673 5422 qureritur
2700 5352 2998 5419 penitusne
3048 5346 3321 5416 repudiari
3366 5360 3462 5399 eos
3503 5342 3679 5412 jubeat

2114 5444 2377 5508 Ecclesia,
2412 5453 2468 5495 et
2498 5441 2683 5509 abjici,
2717 5438 3171 5509 quemadmodum
3205 5437 3580 5490 luereticorum
3620 5431 3681 5483 li-

2116 5536 2196 5590 bri
2233 5536 2429 5599 solent,
2466 5550 2532 5585 an
2575 5534 2812 5601 ipsorum
2848 5547 3005 5585 usum
3032 5531 3223 5584 eadem
3260 5528 3345 5582 vel
3388 5526 3572 5598 probet
3602 5521 3679 5577 vel

2119 5638 2268 5682 certe
2299 5625 2595 5697 permittat.

504 5911 618 5977 (49)
671 5911 807 5965 Nam
865 5912 1028 5965 multa
1070 5909 1279 5973 quidem
1333 5905 1543 5973 Oriqeui
1598 5906 1768 5977 nﬁicta
1816 5906 1977 5973 fuisse
2017 5920 2189 5960 verum
2238 5912 2329 5956 est.
2376 5900 2507 5957 Vide
2557 5896 2933 5954 Prmlationem
2978 5892 3106 5949 tomi
3147 5891 3189 5960 l,
3241 5906 3367 5963 pag.
3398 5886 3582 5945 2et3.
