3906 6550
266 438 410 494 1109

1365 437 1941 497 ORIGENIANORUM
1980 438 2109 493 LIB.
2154 437 2219 503 ll,
2259 437 2412 494 CAP.
2452 439 2539 493 111.

3400 440 3535 494 1110

343 556 553 609 Auctor
579 561 660 609 est
694 552 1007 623 Pamphilus
1038 552 1089 607 in
1114 553 1378 625 Apologia
1409 597 1425 621 ,
1472 556 1849 613 hmreticorum
1880 562 1926 619 Α
1957 570 2075 610 ntus
2109 555 2427 609 Tomitanus
2484 565 2539 609 ct
2570 553 2808 608 Joannes
2851 553 3289 624 Chrysoslomus,
3338 555 3535 623 aliique

268 646 395 701 loco
448 660 546 701 sua
594 655 753 699 aetate
790 662 817 699 a
854 645 1038 700 multis
1069 647 1285 701 habitos
1310 686 1325 709 ,
1363 646 1676 716 quicunque
1703 648 1853 703 libris

265 734 525 805 Origenis
560 720 863 798 uterentur,
898 748 998 787 nec
1030 748 1149 788 eam
1176 734 1397 803 quidem
1428 748 1743 788 concessam
1774 733 1855 802 ip-

265 823 350 876 sis
384 822 548 876 t‘uisse
577 821 813 884 veniam,
846 840 866 872 ι
892 837 1011 891 qua:
1065 822 1327 890 impertiri
1355 822 1510 887 solet,
1543 823 1692 878 verbi
1727 838 1853 893 gra-

269 912 372 981 tia,
401 914 486 969 his
524 915 613 983 qui
644 911 957 968 Graecorum
1001 914 1343 970 saecularium
1382 916 1571 978 libros,
1601 915 1687 969 vel
1720 930 1855 970 non-

270 1022 551 1077 nunquam
578 1007 741 1062 etiam
774 1005 1156 1063 haereticorum
1176 1009 1532 1077 percontandi
1565 1018 1732 1078 atque
1757 1023 1853 1064 co-

268 1099 567 1170 gnoscendi
617 1098 798 1153 studio
842 1098 1163 1154 decurrunt.
1224 1119 1243 1153 ι
1304 1099 1571 1170 Pamphili
1634 1101 1855 1156 circiter

267 1191 608 1261 temporibus
633 1190 856 1246 ﬂorebat
887 1190 1212 1248 Pachomius
1241 1193 1413 1249 abbas
1432 1234 1446 1258 ,
1492 1194 1617 1249 vitae
1646 1195 1851 1250 sancti-

269 1292 385 1339 tate
413 1284 662 1348 illustris,
684 1300 845 1354 quem
873 1284 984 1353 jam
1015 1286 1173 1340 morti
1202 1288 1531 1356 proximum,
1561 1288 1855 1344 monachos

266 1390 398 1430 suos
431 1378 500 1431 ab
531 1392 716 1431 earum
761 1376 1199 1433 lucubrationum
1249 1378 1483 1434 lectione
1513 1380 1853 1450 gravissimis

264 1466 454 1523 verbis
488 1468 837 1537 prohibuisse
877 1478 1104 1534 narrat,
1153 1469 1245 1540 qui
1291 1472 1458 1525 vitam
1493 1474 1609 1540 ejus
1659 1473 1855 1528 litteris

265 1562 606 1630 consignavit
634 1575 650 1616 :
685 1562 777 1616 sed
813 1562 973 1616 iidem
1029 1562 1329 1617 narrationi
1362 1564 1599 1618 detrahit
1631 1580 1852 1633 perspe-

264 1664 414 1709 ctum
442 1654 743 1725 Scriptoris
771 1653 1034 1709 adversus
1069 1653 1469 1725 Origenismum
1495 1656 1697 1711 odium.
1720 1656 1853 1710 Mul-

266 1757 385 1801 tum
417 1746 611 1802 deinde
663 1762 694 1801 a
749 1746 1051 1815 Theophilo
1097 1757 1153 1803 et
1197 1748 1498 1818 Epiphanio
1550 1748 1850 1805 laboratura

262 1846 373 1901 est,
406 1838 649 1893 omnium
685 1838 752 1894 de
797 1838 1056 1894 manibus
1099 1840 1137 1894 ii
1174 1839 1297 1895 libri
1326 1848 1385 1895 ut
1413 1848 1798 1897 excuterentur
1833 1858 1849 1894 :

1955 647 2264 716 complures
2292 648 2554 717 episcopi,
2582 657 2634 701 et
2663 646 3021 719 καθαιρετικὰ
3049 647 3135 700 illa
3174 647 3535 716 Origeniano-

1956 754 2078 793 rum
2105 753 2349 808 operum,
2383 752 2502 806 qua:
2533 737 3051 803 Constantinopolim
3095 738 3378 793 invexerat
3406 740 3535 809 Epi-

1958 830 2191 901 phanius
2215 869 2231 893 ,
2257 829 2657 897 subscriptione
2687 844 2784 883 sua
2818 830 2900 884 vel
2940 844 3165 885 assensu
3204 830 3538 886 confirmare

1958 933 2274 976 renuerunt.
2313 921 2383 975 Ea
2409 922 2569 975 etiam
2603 922 2874 987 videntur,
2906 923 2950 976 si
2982 938 3088 976 non
3128 922 3306 992 palam
3341 938 3534 993 appro-

1956 1014 2115 1070 basse
2141 1052 2157 1079 ,
2188 1024 2243 1069 at
2288 1024 2435 1069 certe
2474 1030 2581 1069 non
2625 1014 2840 1083 penitus
2889 1015 3160 1084 respuisse
3182 1052 3201 1079 ,
3228 1014 3538 1084 quicunque

1956 1122 2084 1163 suas
2107 1122 2174 1162 ex
2226 1107 2294 1162 iis
2322 1105 2618 1175 Scriptura:
2661 1120 2835 1161 sacra;
2868 1106 3349 1175 interpretationes
3382 1115 3535 1159 tran-

1957 1200 2247 1262 stulerunt,
2277 1212 2414 1268 quos
2435 1198 2489 1252 in
2520 1198 2995 1253 observationibus
3016 1213 3113 1268 pro
3150 1208 3395 1265 tempore
3418 1197 3535 1252 lau-

1956 1289 2224 1345 davimus.
2278 1289 2344 1344 Et
2392 1291 2642 1358 quamvis
2682 1290 2939 1346 Ecclesia:
2964 1291 3203 1347 decretis
3241 1290 3536 1361 aliquando

1956 1382 2123 1436 vetita
2139 1390 2288 1438 esset
2316 1396 2504 1438 eorum
2538 1382 2722 1449 lectio,
2744 1383 2829 1438 bis
2865 1392 3041 1438 tamen
3073 1385 3380 1439 contrarius
3406 1398 3537 1439 usus
3582 1444 3595 1457 _

1956 1473 2244 1542 derogasse
2267 1473 2564 1528 diceretur.

2027 1562 2360 1634 Equissima
2410 1567 2525 1620 haec
2557 1564 2804 1635 profecto
2827 1604 2842 1629 ,
2883 1574 2932 1619 et
2968 1574 3229 1634 perpetua
3277 1564 3536 1621 Ecclesia:

1956 1656 2315 1711 consensione
2345 1656 2560 1711 ﬁrmata
2594 1657 2811 1711 videtur
2837 1671 2960 1715 esse
2991 1658 3279 1722 sententia,
3314 1673 3435 1726 qua:
3466 1657 3533 1711 li-

1955 1746 2175 1799 brorum
2211 1745 2464 1816 Origenis
2497 1762 2651 1801 usum
2684 1746 2841 1817 vulgo
2881 1747 3292 1802 concedendum
3320 1746 3533 1808 deﬁnit,

1956 1835 2128 1905 ipsius
2174 1836 2336 1893 modo
2371 1853 2587 1894 errores
2629 1837 2927 1909 fugiautur.
2961 1839 3036 1893 lta
3068 1840 3242 1895 sensit
3268 1838 3534 1910 Hierony-

263 1930 540 2000 proditum
572 1931 769 2000 quippe
804 1940 888 1986 est
916 1947 944 1985 a
973 1930 1201 1987 Socrate
1251 1931 1375 1988 libr.
1406 1947 1480 1997 v1,
1515 1948 1635 2002 cap.
1667 1932 1721 2000 9,
1759 1933 1847 1997 12,
1885 1907 1927 1963 Β
1954 1942 2108 1991 mus,
2167 1929 2567 1997 quantumlibet
2619 1907 2947 1984 Atlatnautio
2994 1929 3242 1985 infensus
3282 1949 3297 1985 :
3341 1949 3359 1981 ι
3394 1907 3547 1996 Quia

262 2035 326 2079 et
370 2025 675 2080 Sozomeno
707 2026 831 2081 libr.
868 2041 986 2089 vut,
1016 2040 1138 2095 cap.
1178 2027 1268 2091 M,
1305 2025 1448 2081 solas
1477 2025 1728 2096 Origenis
1768 2025 1849 2080 lu-

262 2113 616 2171 cubrationes
664 2116 1012 2171 criminatum
1056 2131 1177 2170 esse
1222 2116 1604 2185 TheOpbilum,
1659 2132 1846 2172 earum

264 2204 397 2258 licet
436 2203 765 2259 auctoritate
792 2205 1054 2258 adversus
1084 2205 1317 2260 Arianos
1357 2204 1469 2274 jam
1512 2216 1636 2260 ante
1677 2206 1848 2260 Atha-

263 2297 452 2353 nasius
482 2297 1177 2366 pugnasset;Alexandria3
1217 2299 1505 2354 concilium
1554 2299 1843 2365 conﬂasse,

266 2387 326 2441 in
372 2402 546 2457 eoque
573 2388 675 2442 illa:
702 2397 760 2442 ut
796 2388 1211 2457 repudiarentur
1254 2390 1581 2458 perfecisse;
1630 2392 1845 2446 easdem

265 2478 323 2533 in
346 2477 542 2550 Cypria
570 2479 779 2549 synodo
812 2494 974 2534 suasu
1006 2481 1173 2551 ipsius
1202 2482 1560 2552 Epiphanium
1593 2483 1844 2537 damnas-

261 2585 345 2636 se,
376 2581 431 2625 et
471 2587 539 2626 ne
567 2572 688 2640 quis
716 2572 785 2626 iis
829 2571 1069 2641 legendis
1107 2588 1331 2642 Operam
1380 2574 1537 2629 daret
1574 2577 1842 2642 sanxisse,

260 2664 541 2717 decretum
570 2662 1099 2734 Constantinopolim
1128 2666 1344 2720 misisse
1369 2706 1384 2729 ,
1415 2667 1666 2737 idemque
1690 2680 1749 2723 ut
1775 2667 1846 2722 la-

260 2764 438 2820 ceret,
460 2754 906 2825 Chrysostomum
928 2757 1084 2813 valde
1117 2757 1285 2812 fuisse
1319 2759 1626 2826 hortatum;
1654 2760 1843 2816 eodem

264 2848 442 2916 ipsum
465 2849 843 2913 contendisse,
888 2850 1174 2921 episcopos
1210 2850 1265 2904 itt
1300 2866 1455 2906 suam
1518 2852 1842 2906 sententiam

263 2939 521 3009 pellicere
552 2940 811 3006 voluisse,
840 2951 895 2995 et
922 2940 1248 3011 Origeniana
1283 2941 1518 3010 denique
1559 2943 1759 3011 scripta
1790 2944 1841 2996 in

262 3031 645 3103 Apostolorum
695 3033 894 3102 templo
940 3033 1164 3102 publica
1193 3034 1611 3087 denuntiatione
1649 3049 1838 3101 repros

262 3123 398 3177 bare
425 3132 708 3193 parantem
739 3121 1055 3193 Serapionis
1098 3122 1303 3177 monitu
1332 3123 1680 3177 absterritum
1712 3122 1843 3177 luis-

261 3228 342 3269 se.
383 3213 429 3267 A
458 3212 722 3269 Faustino
755 3228 971 3284 quoque
996 3214 1219 3268 vetitum
1247 3228 1433 3267 eorum
1464 3229 1616 3268 usum
1651 3214 1840 3269 testili-

261 3316 424 3361 catur
455 3305 815 3377 Hieronymus
841 3307 1001 3376 epist.
1031 3306 1121 3371 76,
1156 3306 1222 3359 ad
1258 3305 1560 3375 Tranquill.
1594 3304 1706 3360 Nec
1740 3306 1844 3360 Ba-

265 3398 423 3453 ronio
456 3400 745 3465 assentior,
772 3410 974 3464 contra,
994 3397 1217 3468 Sulpicii
1258 3396 1471 3464 Severi,
1500 3398 1740 3454 Socratis
1787 3407 1841 3453 et

265 3492 561 3546 Sozomeni
611 3489 990 3546 auctoritatem
1042 3490 1237 3545 falsum
1292 3506 1414 3546 esse
1466 3491 1727 3546 assereuti
1779 3491 1843 3558 ιο,

268 3583 629 3652 Epiphanium
681 3582 840 3650 inter,
873 3583 1228 3653 Theophilum
1280 3592 1336 3638 et
1395 3583 1843 3653 Chrysostomum

259 3676 329 3731 de
357 3675 513 3730 libris
564 3674 820 3745 Origenis
851 3675 1204 3744 prohibendis
1238 3677 1341 3731 hac
1389 3684 1709 3746 tempestate
1754 3690 1847 3730 ac-

261 3775 378 3821 tum
406 3804 423 3831 ,
460 3765 547 3820 vel
596 3782 695 3821 eos
750 3768 803 3821 itt
851 3764 1220 3822 Alexandrina
1265 3768 1471 3838 synodo
1504 3777 1600 3821 aut-
1647 3767 1845 3838 Cypria

259 3857 431 3913 fuisse
459 3859 829 3928 proscriptos;
871 3873 969 3912 nec
1009 3857 1317 3926 Genu-adio,
1358 3859 1451 3929 qui
1488 3858 1751 3914 Severum
1791 3861 1844 3915 in

261 3948 486 4019 Dialogo
521 3951 703 4018 priore
734 3946 940 4003 referre
973 3949 1072 4013 ait,
1097 3967 1116 4000 ι
1157 3964 1259 4004 suo
1284 3958 1526 4019 tempore
1552 3952 1693 4018 apud
1723 3950 1848 4004 Ale-

259 4042 591 4096 xandrinam
622 4041 889 4112 synodum
920 4041 1295 4111 episcoporum
1328 4042 1629 4105 decretum,
1660 4041 1845 4111 Orige-

259 4146 390 4187 nem
417 4140 475 4184 et
504 4130 718 4185 cautius
747 4145 778 4183 a
828 4129 1168 4198 sapientibus
1216 4143 1317 4197 pro
1351 4126 1507 4184 bonis
1533 4128 1843 4199 legendum,

258 4233 318 4278 et
341 4238 372 4275 a
396 4221 576 4276 minus
604 4221 897 4291 capacibus
921 4235 1020 4291 pro
1068 4221 1227 4275 malis
1261 4220 1677 4291 repudiandum.
1711 4242 1730 4275 ι
1756 4223 1847 4277 Ait

259 4316 485 4387 quidem
533 4313 807 4384 Sulpicius
854 4315 1147 4368 maximam
1182 4313 1348 4367 fuisse
1376 4314 1676 4369 monachos
1706 4314 1848 4369 inter

259 4418 319 4464 et
355 4406 641 4477 episcopos
662 4406 1125 4462 concertationem
1152 4423 1172 4457 ι
1202 4420 1271 4459 ex
1300 4419 1365 4459 ea
1392 4404 1702 4469 occasione,
1720 4406 1847 4475 quia

260 4499 576 4570 congregati
604 4500 657 4555 in
688 4515 857 4553 unum
895 4499 1095 4567 sa‘pius
1133 4497 1449 4553 sacerdotes
1474 4497 1848 4567 frequentibus

1949 2033 2082 2073 meae
2116 2020 2426 2089 parvitatis,
2482 2039 2501 2073 ι
2560 2021 2737 2091 inquit
2775 2021 2938 2090 epist.
2990 2022 3056 2076 76
3106 2023 3175 2077 ad
3206 2021 3531 2090 Tranquill.,

1954 2128 1973 2163 ι
2041 2113 2236 2181 quieris
2286 2116 2649 2179 sententiam,
2710 2124 2892 2169 utrum
2952 2115 3251 2170 secundum
3302 2113 3527 2168 fratrem

1947 2202 2265 2259 Faustinum
2316 2205 2536 2275 penitus
2582 2207 2921 2275 respuendus
2972 2207 3077 2271 sit,
3131 2224 3199 2262 an
3232 2207 3530 2263 secundum

1948 2297 2209 2366 quosdam
2245 2294 2507 2367 legendus
2541 2311 2606 2351 ex
2640 2308 2793 2366 parte
2820 2319 2833 2353 :
2861 2296 2974 2367 Ego
3002 2295 3289 2367 Origenem
3313 2306 3535 2368 propter

1946 2388 2309 2442 eruditionem
2341 2389 2422 2444 sic
2450 2388 2720 2443 interdum
2767 2388 3056 2458 legendum
3097 2389 3362 2455 arbitror,
3394 2404 3534 2459 quo-

1948 2481 2109 2535 modo
2157 2478 2551 2534 Tertullianum
2577 2519 2593 2546 ,
2625 2478 2929 2549 Novatum,
2969 2481 3293 2548 Arnobium,
3324 2483 3533 2552 Apolli-

1948 2571 2181 2633 narium,
2220 2581 2274 2625 et
2307 2569 2595 2625 nonnullos
2634 2571 3034 2628 ecclesiasticos
3073 2575 3373 2642 scriptores
3392 2572 3536 2627 Gras-

1947 2675 2040 2715 cos
2068 2661 2276 2728 pariter
2305 2670 2360 2717 et
2390 2662 2618 2718 Latinos
2643 2702 2660 2725 ,
2693 2674 2751 2717 ut
2789 2662 2931 2717 bona
2981 2678 3170 2717 eorum
3221 2664 3532 2733 diligamus,

1947 2754 2290 2824 vitemusque
2317 2758 2621 2822 contraria,
2668 2756 2821 2825 juxta
2852 2753 3176 2827 Apostolum
3208 2757 3480 2812 dicentem
3510 2774 3529 2813 :

1948 2846 2139 2901 Omnia
2165 2848 2398 2917 probate,
2420 2850 2560 2919 quod
2586 2849 2776 2903 bonum
2810 2858 2889 2904 est
2925 2857 3090 2903 tenete
3114 2847 3179 2903 “.
3203 2867 3223 2899 ι
3259 2849 3325 2904 Et
3360 2864 3484 2905 mox
3510 2868 3529 2906 :

1951 2956 1969 2988 ε
1996 2937 2105 2992 Nec
2128 2940 2271 2993 enim
2290 2951 2510 3010 propter
2527 2940 2835 2996 doctrinam
2855 2940 2973 3010 ejus
2992 2954 3155 3010 prava
3179 2942 3529 3012 suscipienda

1944 3040 2069 3086 Sunt
2097 3031 2345 3099 dogmata
2371 3071 2387 3095 ,
2442 3045 2541 3085 nec
2571 3042 2791 3101 pr0pter
2834 3032 3146 3102 dogmatum
3177 3034 3523 3102 pravitatem,

1944 3123 1989 3176 si
2018 3136 2158 3191 quos
2191 3122 2628 3177 Commentarios
2654 3124 2706 3176 in
2740 3123 3057 3193 Scripturas
3100 3134 3322 3179 sanctas
3364 3126 3526 3181 utiles

1872 3256 1915 3317 Ο
1947 3213 2137 3276 edidit,
2167 3215 2384 3282 penitus
2421 3217 2707 3284 respuendi
2750 3227 2898 3273 sunt.
2938 3236 2956 3268 ι
2992 3217 3107 3271 Hac
3136 3219 3378 3273 imbutus
3408 3232 3530 3288 per-

1947 3306 2201 3361 suasione
2253 3305 2583 3376 Theophilus
2624 3307 2717 3362 ille
2747 3308 3194 3379 Origenimastix,
3221 3320 3342 3379 post
3365 3326 3531 3364 vexa-

1947 3407 2059 3454 tum
2109 3401 2307 3455 misere
2347 3399 2795 3471 Chrysostomum
2824 3441 2839 3465 ,
2879 3400 3349 3472 Constantinopoli
3398 3402 3528 3458 Ale-

1947 3492 2231 3545 xandriam
2282 3490 2501 3561 redux,
2542 3512 2664 3550 cum
2716 3504 2861 3551 esset
2906 3496 2958 3548 in
2991 3495 3242 3565 Origenis
3298 3495 3532 3551 lectione

1947 3583 2487 3653 deprehensus,scite
2513 3588 2646 3643 dixit
2678 3606 2692 3642 :
2718 3587 2801 3640 Τὰ
2843 3587 3149 3657 Ὠριγὲνους
3175 3588 3320 3641 ἔοικε
3349 3587 3531 3658 βιϐλία.

1946 3675 2172 3747 λειμῶνι
2204 3677 2422 3731 πάντων
2450 3678 2677 3734 ἀνθέωνο
2720 3680 2774 3732 εἴ
2799 3698 2850 3733 τι
2874 3676 2967 3734 οὖν
3000 3681 3059 3735 ὲν
3094 3679 3279 3744 αὐτοῖς
3312 3679 3528 3751 ἐφεύρω

1948 3767 2130 3834 καλὸν,
2162 3767 2318 3821 τοῦτο
2354 3768 2644 3840 δρέπομαι·
2676 3772 2725 3823 ει
2750 3770 2809 3824 δέ
2836 3771 2890 3823 τί
2940 3789 3029 3842 μοι
3079 3770 3388 3834 ἀκανθῶδες
3429 3787 3533 3840 φα.-

1947 3861 2085 3933 νείη,
2116 3861 2275 3916 τοῦτο
2308 3862 2383 3925 ὡς
2412 3862 2635 3935 κέντρον
2668 3863 3003 3936 ὑπερϐαίνω.
3038 3884 3057 3916 ι
3098 3864 3244 3919 Libri
3281 3865 3531 3935 Origenis

1947 3954 2153 4008 similes
2180 3962 2307 4008 sunt
2346 3964 2503 4025 prato
2545 3956 2695 4010 omni
2732 3954 2924 4010 ﬂorum
2971 3969 3169 4026 genere
3198 3956 3431 4009 consito.
3469 3954 3527 4009 Si

1947 4046 2076 4113 quid
2104 4046 2156 4099 in
2200 4046 2267 4101 iis
2302 4062 2433 4117 ergo
2462 4047 2659 4103 bonum
2692 4048 2910 4102 invenio
2937 4087 2953 4113 ,
2983 4048 3034 4101 id
3067 4048 3303 4117 decerpo
3335 4065 3349 4101 :
3381 4047 3524 4117 quod

1947 4140 1994 4193 si
2051 4139 2186 4207 quid
2238 4144 2522 4209 spinosum
2577 4141 2811 4205 videtur,
2867 4141 2918 4195 id
2970 4151 3223 4210 tanquam
3276 4143 3527 4196 aculeum

1952 4231 2219 4286 transitio.
2260 4250 2280 4284 ι
2318 4231 2578 4287 Eamdem
2628 4233 2875 4302 regulam
2929 4236 2982 4288 in
3033 4233 3263 4303 Origene
3304 4231 3531 4300 legendo

1949 4322 2308 4378 Cassiodorus
2359 4325 2566 4378 servari
2610 4325 2779 4395 jussit
2817 4324 2942 4381 libr.
2991 4324 3067 4378 De
3097 4325 3328 4378 iustitut.
3360 4324 3527 4378 divin.

1950 4413 2216 4481 Scriptor.
2243 4429 2365 4484 cap.
2392 4415 2445 4478 1,
2481 4415 2837 4485 habendaque
2872 4416 2950 4470 ait
2974 4415 3092 4485 ejus
3127 4417 3331 4485 scripta
3379 4430 3529 4470 more

1950 4504 2168 4572 anethi;
2193 4504 2311 4574 ejus
2341 4520 2506 4560 succo
2539 4506 2901 4562 condiendam
2926 4522 3097 4562 sacras
3126 4508 3422 4576 Scripturae
3455 4506 3536 4561 le-

261 4593 575 4648 decrevisse
599 4592 825 4662 synodis
860 4590 1204 4655 videbantur,
1245 4605 1314 4647 ne
1346 4590 1470 4661 quis
1498 4589 1747 4658 Origenis
1782 4591 1846 4645 li-
1878 4609 1923 4665 ι)
1951 4598 2221 4663 ctionem,
2258 4597 2542 4652 decoctum
2576 4598 2754 4669 ipsum
2790 4614 3196 4669 exsuccumque
3243 4614 3367 4653 esse
3402 4613 3530 4667 pro-

262 4688 394 4739 bros
423 4682 631 4759 legeret
664 4693 761 4738 aut
804 4683 1053 4738 haberet.
1097 4701 1116 4735 ι
1169 4682 1554 4738 Gratissimum
1587 4692 1850 4753 praeterea

260 4777 368 4832 sibi
402 4777 571 4832 fuisse
595 4786 875 4832 asseverat
901 4776 1227 4833 Anastasius
1273 4791 1409 4847 papa
1437 4776 1489 4830 iu
1521 4776 1752 4844 epistola
1778 4777 1847 4831 ad

260 4869 528 4926 Joannem
583 4868 1098 4940 Jerosolymitanum
1123 4910 1140 4933 ,
1177 4870 1322 4940 quod
1370 4869 1438 4924 ab
1484 4868 1735 4939 Origeuis
1770 4868 1847 4924 leo

262 4961 447 5016 ctione
488 4959 832 5021 Christianos
883 4968 1213 5016 revocarunt
1255 4959 1524 5013 Arcadius
1567 4966 1624 5012 et
1664 4956 1848 5013 Hono-

263 5052 399 5107 rius.
417 5052 492 5107 Eo
508 5066 722 5122 quoque
742 5051 1009 5107 inclinare
1033 5051 1242 5106 videtur
1263 5049 1578 5105 Vincentius
1595 5049 1845 5105 Lirinen-

261 5143 364 5209 sis,
387 5158 509 5213 cap.
531 5142 623 5209 23,
652 5143 835 5199 Contr.
862 5144 1077 5207 harem,
1109 5151 1169 5195 ut
1194 5142 1263 5197 ab
1295 5155 1392 5196 usu
1412 5139 1846 5195 Christianorum

262 5233 389 5289 libri
420 5234 511 5290 isti
540 5246 943 5291 removeantur.
992 5233 1231 5304 Denique
1278 5233 1618 5288 Justinianus
1648 5234 1710 5288 in
1734 5234 1847 5304 epi-

262 5325 404 5383 stola
424 5326 698 5395 encyclica
730 5326 797 5380 ad
814 5325 1023 5381 Menam
1052 5334 1109 5380 et
1130 5325 1263 5381 alios
1286 5326 1598 5397 episcopos,
1649 5338 1849 5396 cupere

261 5432 325 5473 se
373 5418 568 5475 scribit
616 5432 808 5475 omnes
864 5415 1207 5473 Christianos
1258 5431 1589 5486 cognoscere
1637 5418 1846 5486 scripta

260 5508 518 5581 Origenis
544 5525 769 5581 prorsus
796 5524 828 5565 a
858 5508 1172 5566 Christiana
1216 5509 1322 5566 (ide
1360 5524 1484 5567 esse
1528 5509 1703 5567 aliena
1726 5551 1742 5579 ,
1787 5524 1852 5566 ac

260 5603 486 5673 penitus
520 5602 883 5673 explodenda.

335 5691 448 5749 Sed
478 5702 671 5751 contra
700 5707 802 5765 pro
821 5692 976 5750 libris
998 5692 1310 5751 Adamantii
1342 5701 1612 5751 steterunt
1630 5691 1856 5751 Theoti-

338 5903 387 5938 ¹⁰
440 5903 641 5961 Baron.
684 5919 812 5961 ann.
847 5904 951 5962 402
983 5944 997 5973 ,
1044 5920 1164 5975 cap.
1223 5904 1305 5960 l5.

1942 4686 2275 4757 jiciemlum;
2312 4704 2547 4759 cumque
2572 4690 2640 4745 de
2688 4705 2755 4746 eo
2784 4692 2987 4747 dictum
3028 4691 3097 4746 sit
3134 4707 3198 4744 ει
3240 4689 3342 4746 Ubi
3369 4691 3532 4754 bene,

1956 4794 2117 4834 nemo
2150 4780 2381 4847 melius;
2418 4781 2509 4836 ubi
2541 4782 2703 4848 male,
2742 4798 2904 4838 nemo
2935 4785 3106 4852 pejus,
3152 4801 3172 4835 ι
3213 4797 3403 4851 magna
3450 4782 3534 4851 ip-

1950 4886 2069 4927 sum
2104 4872 2357 4927 cautione
2391 4887 2513 4927 esse
2542 4876 2884 4928 tractandum
2918 4893 2933 4930 :
2980 4893 3000 4926 t
3055 4874 3418 4943 Quapropter,
3450 4873 3534 4926 in-

1950 4964 2090 5032 quit,
2119 4964 2172 5017 in
2204 4963 2464 5034 operibus
2490 4965 2735 5035 ejusdem
2758 4966 3030 5036 Origenis,
3062 4975 3322 5035 quantum
3353 4974 3533 5019 trans-

1951 5053 2069 5110 iens
2112 5057 2358 5112 invenire
2411 5058 2706 5125 praevalui,
2749 5058 2868 5113 loca
2914 5074 3035 5128 qua:
3094 5066 3282 5112 contra
3319 5057 3531 5127 regulas

1951 5147 2171 5203 Patrum
2206 5150 2349 5204 dicta
2382 5159 2529 5217 sunt,
2564 5150 2800 5205 achresti
2830 5149 3207 5218 dispunctione
3236 5148 3339 5221 (sic
3383 5150 3531 5204 enim

1958 5240 2098 5310 lego,
2133 5256 2251 5311 pro,
2292 5242 2532 5297 heresim
2559 5240 2933 5313 disputatione)
2957 5242 3188 5313 signavi,
3239 5251 3297 5296 ut
3325 5242 3533 5311 decipe-

1954 5347 2013 5387 re
2043 5347 2147 5387 non
2178 5335 2489 5403 praevaleat,
2523 5335 2615 5404 qui
2664 5334 2758 5388 tali
2785 5335 2941 5404 signo
2976 5334 3029 5388 in
3056 5334 3242 5404 pravis
3281 5335 3532 5390 sensibus

1954 5422 2226 5477 cavendus
2274 5437 2396 5478 esse
2449 5432 2801 5478 monstratur.
2860 5421 3193 5478 Posteriores
3241 5434 3421 5479 autem
3480 5424 3533 5478 in

1959 5521 2072 5569 toto
2104 5514 2292 5568 dicunt
2319 5528 2441 5569 esse
2468 5514 2804 5584 fugiendum,
2839 5523 3125 5585 propterea
3150 5517 3278 5585 quia
3316 5514 3533 5571 subtili-

1960 5614 2043 5660 ter
2069 5606 2268 5675 decipit
2297 5607 2637 5664 innocentes.
2676 5607 2831 5663 iJam
2864 5620 3021 5662 antea
3072 5606 3201 5663 vero
3243 5610 3534 5664 conctlium

1962 5694 2286 5765 Romanum,
2306 5697 2447 5767 quod
2481 5699 2583 5755 sub
2625 5698 2844 5756 Gelasio
2874 5701 3198 5757 celebratum
3232 5709 3341 5767 est,
3367 5698 3443 5755 ita
3472 5698 3538 5753 αι

1390 5907 1427 5936 ¹¹
1482 5904 1501 5959 1
1541 5903 1738 5962 Thess.
1786 5919 1836 5971 ν,
1867 5903 1954 5969 21,
1988 5902 2073 5958 22.
