3906 6562
404 439 529 495 illi

400 573 463 612 ea
498 570 561 610 re
583 555 898 610 decreverat
946 571 961 607 :

400 649 630 718 quavvir
667 649 855 702 beatus
903 645 1263 715 Hieronymus
1293 660 1401 699 non
1439 645 1705 715 repudiat,
1742 644 1966 712 legenda

401 739 760 808 suscipimus,
795 737 1000 805 reliqua
1033 747 1211 790 autem
1238 736 1420 791 omnia
1463 751 1586 789 cum
1621 745 1845 789 auclore
1871 748 1969 788 suo

402 830 635 885 dicimus
676 842 797 883 esse
852 828 1149 882 renuenda.
1203 846 1222 878 ι
1261 826 1601 895 QuaprOpter
1650 834 1797 879 recte
1834 824 1972 878 scri-

403 908 575 989 psisse
599 919 816 974 videtur
871 917 1127 973 Socrates
1156 916 1280 971 libr.
1333 932 1409 981 vt,
1455 931 1574 986 cap.
1621 917 1712 979 15,
1763 916 1971 970 nobiles

400 1010 650 1081 Origenis
674 1009 1038 1072 adversarios,
1062 1008 1409 1074 Methodium,
1436 1007 1796 1072 Eustathium,
1818 1006 1973 1077 Apol-

403 1102 654 1159 linariu’m
688 1112 742 1155 et
774 1101 1154 1170 The0philum,
1206 1114 1235 1153 a
1266 1099 1483 1168 ’quibus
1513 1097 1694 1151 multis
1740 1097 1826 1150 ille
1865 1097 1973 1150 cri-

402 1195 637 1251 minibus
666 1193 1017 1262 compellatus
1058 1199 1185 1256 est,
1234 1191 1366 1244 satis
1410 1191 1717 1245 ostendisse
1753 1187 1983 1258 probari.

401 1287 526 1354 sibi,
557 1300 889 1356 quaecunque
916 1284 1136 1338 minime
1161 1282 1651 1352 reprehendissent.
1674 1281 1824 1348 Quod
1846 1295 1971 1335 cum

403 1380 479 1435 ita
530 1380 620 1446 sit,
669 1394 773 1432 non
804 1378 979 1432 cuivis
1011 1387 1188 1430 tamen
1231 1390 1262 1429 e
1305 1373 1464 1444 vulgo
1491 1373 1928 1428 Christianorum
1953 1413 1969 1438 ,

403 1473 499 1529 sed
551 1472 619 1527 iis
670 1471 843 1526 solum
878 1468 1299 1538 permittendum
1356 1482 1475 1521 esse
1524 1467 1972 1537 Origenianarum

403 1564 760 1634 scriptionum
810 1578 965 1616 usum
999 1575 1236 1624 censeo,
1287 1574 1514 1628 quorum
1572 1568 1856 1629 perspecta
1902 1559 1975 1614 sit

406 1658 541 1712 fides
571 1668 625 1711 et
660 1655 933 1710 diuturnis
964 1654 1350 1724 experimentis
1381 1651 1609 1721 probata
1644 1640 1973 1705 constantia.

407 1748 517 1803 Hos
555 1758 736 1802 autem
763 1748 1020 1816 probatos
1045 1744 1178 1799 efﬁci
1212 1744 1509 1813 trapezitas
1552 1744 1737 1806 velim,
1765 1742 1977 1798 adulte-

406 1840 555 1894 riuos
585 1839 848 1895 doctrina:
880 1854 1125 1894 nummos
1160 1854 1189 1892 a
1237 1837 1493 1909 legitimis
1520 1847 1678 1891 caute
1710 1847 1975 1905 seponere

404 1933 658 1988 scientes.

475 2021 624 2079 XIX.
675 2021 923 2076 Diximus
969 2023 1035 2075 de
1078 2020 1267 2083 libris;
1314 2021 1377 2074 de
1402 2020 1523 2089 ipso
1565 2017 1798 2088 Origene
1841 2016 1971 2086 quid

402 2113 743 2168 sentiendum
774 2114 865 2179 sit,
888 2114 1244 2180 exploremus.
1269 2111 1381 2165 Etsi
1418 2111 1684 2181 geminam
1710 2111 1973 2165 adversus

401 2218 525 2259 eum
554 2202 883 2258 conﬂaverat
930 2203 1194 2273 synodum
1229 2202 1533 2257 Demetrius
1570 2200 1973 2255 Alexandrinus

404 2293 691 2364 episcopus
716 2335 732 2361 ,
765 2309 794 2347 a
830 2295 1027 2364 quibus
1052 2294 1340 2349 sacerdotii
1393 2294 1599 2348 honore
1632 2302 1856 2358 exutus,
1902 2292 1971 2346 ab

404 2384 664 2440 Ecclesiae
714 2385 1094 2441 communione
1150 2386 1486 2454 prohibitus,
1533 2394 1589 2440 et
1644 2384 1969 2439 Alexandria

403 2476 591 2547 pulsus
616 2486 720 2541 est,
757 2479 1131 2532 consentiente
1178 2478 1230 2531 in
1262 2478 1312 2530 id
1342 2478 1616 2531 decretum
1650 2484 1761 2530 toto
1780 2488 1974 2545 prope-

406 2567 624 2622 modum
648 2570 779 2622 orbe
804 2584 820 2620 :
847 2583 951 2622 non
979 2576 1106 2621 ante
1138 2576 1316 2621 tamen
1353 2568 1596 2622 haeretici
1634 2568 1970 2621 notaiterum

406 2658 509 2727 ipsi
540 2658 679 2712 inuri
711 2667 883 2726 empta
916 2668 1018 2722 est,
1050 2673 1211 2727 quant
1245 2658 1570 2728 Epiphanius
1610 2672 1732 2711 cum
1762 2655 1971 2711 Joanne

403 2749 892 2813 Jcrosolymitano,
925 2748 1249 2828 Tltepphilus
1292 2764 1413 2803 cum
1454 2748 1815 2803 Nitriensibus
1859 2762 1973 2800 mo-

405 2841 615 2905 nachis,
640 2838 997 2910 Hieronymus
1015 2856 1136 2897 cum
1166 2839 1360 2896 Ruﬁno
1386 2840 1677 2896 altercatus
1703 2848 1804 2895 est.
1836 2840 1969 2894 Nam

408 2943 692 3001 postquam
730 2933 989 3001 synodum
1019 2931 1360 2985 Alexandriae
1391 2932 1571 3003 coegit
1616 2931 1968 3002 Theophilus,

403 3036 457 3079 et
499 3023 750 3092 Origenis
779 3022 1031 3077 colubros
1061 3022 1370 3093 evangelica
1410 3036 1543 3077 ense
1579 3024 1866 3087 truncavit,
1913 3032 1972 3079 ut

404 3117 518 3185 ipse
548 3120 644 3177 ait,
676 3114 1031 3187 Epiphanium
1067 3116 1277 3185 rogavit
1304 3128 1401 3183 per
1435 3114 1719 3183 epistolam
1740 3153 1757 3180 ,
1790 3124 1849 3168 ut
1879 3130 1971 3185 sy-

404 3210 601 3262 nodum
634 3218 748 3277 tpse
796 3216 1166 3277 congregaret,
1197 3207 1606 3277 perﬁceretque,
1641 3226 1661 3259 ι
1694 3218 1752 3263 ιιι
1778 3208 1968 3278 Orige-

404 3313 498 3353 nes
529 3299 867 3359 nomiuatim,
886 3309 940 3353 et
958 3297 1161 3352 nefaria
1191 3298 1414 3353 haeresis
1446 3299 1915 3365 condemnaretur;
1944 3318 1963 3350 ι

403 3391 556 3459 cujus
607 3388 833 3445 consilio
874 3389 1208 3457 Epiphanius
1248 3388 1466 3442 demum
1535 3388 1823 3443 obsecutus
1863 3399 1968 3443 est.

404 3478 590 3534 Refert
631 3479 987 3547 Hieronymus
1035 3478 1125 3531 ιιι).
1184 3492 1221 3532 ιι
1268 3479 1488 3547 Apotog.
1529 3480 1729 3533 advers.
1764 3477 1970 3546 Rn/in.,

402 3586 523 3641 cap.
557 3572 612 3637 6,
639 3583 693 3625 et
723 3572 776 3623 in
823 3576 979 3639 epist.
1008 3573 1073 3625 ad
1102 3570 1416 3625 Pammacb.
1446 3582 1500 3625 et
1529 3571 1791 3639 Marcell.,
1827 3574 1971 3626 Ana-

404 3665 628 3719 stasiutu
664 3662 964 3715 Romanum
994 3661 1321 3730 pontificem,
1358 3662 1711 3732 Theophilum
1740 3664 1971 3723 Alexan-

402 3756 653 3817 drinum,
704 3753 996 3808 Venerium
1062 3752 1554 3821 Mediolanensem,
1600 3754 1969 3812 Chromatium

404 3848 804 3918 Aquileiensem
826 3887 843 3913 ,
876 3858 932 3902 et
957 3862 1170 3903 omnem
1204 3860 1311 3903 tam
1356 3846 1594 3905 Orientis
1620 3864 1782 3919 quam
1813 3850 1969 3907 Occi-

404 3941 583 3996 dentis
615 3939 1013 3994 Catholicorum
1047 3938 1309 4010 synodum
1343 3940 1457 4008 pari
1482 3944 1747 3996 sententia
1775 3951 1831 3995 et
1855 3942 1971 4012 pari

404 4034 594 4102 spiritu
626 4032 935 4085 lia-relicum
969 4031 1114 4085 illum
1144 4033 1489 4087 denuntiasse
1525 4050 1538 4086 :
1571 4047 1678 4103 quo
1706 4050 1827 4088 eum
1859 4035 1974 4105 ipse

403 4140 619 4194 quoque
679 4125 832 4177 titulo
885 4124 1129 4176 infamat.
1200 4123 1530 4191 Theophilus
1585 4126 1805 4196 hydram
1848 4142 1970 4181 eum

402 4219 642 4272 omnium
676 4217 951 4272 haereseon
991 4224 1045 4271 et
1070 4217 1273 4271 erroris
1318 4218 1632 4287 magistrum
1667 4234 1729 4273 ac
1770 4218 1972 4288 princi-

404 4325 525 4379 pem
558 4312 824 4377 nominat,
853 4308 1047 4373 Pasch.
1079 4325 1121 4371 ι,
1151 4309 1598 4377 quemadmodum
1642 4320 1697 4366 et
1737 4311 1973 4366 Zonaras

406 4405 462 4457 in
493 4403 677 4458 Decio.
711 4403 957 4459 Celasius
1015 4392 1148 4472 papa
1185 4403 1237 4456 in
1268 4403 1514 4459 Romano
1554 4406 1785 4461 concilio
1825 4407 1973 4461 schi-

406 4495 691 4549 smaticum
718 4510 841 4549 eum
858 4494 1106 4564 appellat.
1131 4495 1461 4550 Antiocheua
1496 4497 1780 4565 Ephraamii
1810 4513 1973 4568 synos

1674 435 1733 491 Ρ.
1772 434 2089 490 DANIELIS
2136 433 2224 489 ιιι]
2234 432 2367 488 ETII

1010 572 1028 605 ι
1086 550 1336 623 Origenis
1385 552 1638 608 nonnulla
1689 551 1970 621 opuscula,
2003 549 2262 619 Altaque
2309 547 2654 603 anathemate
2709 548 2986 618 perculsus
3031 549 3097 603 ab
3145 563 3205 602 ea
3266 556 3322 602 et
3362 548 3644 602 haereticus

3508 434 3641 487 "\2

2071 643 2332 712 Origenes
2364 639 2665 711 appellatus
2692 648 2792 693 est.
2831 639 2982 706 Quod
3035 655 3063 692 a
3109 650 3259 693 sexta
3288 639 3520 693 subinde
3558 653 3647 708 sy-

2072 735 2210 785 nodo
2240 732 2338 785 fuit
2365 732 2752 799 approbatum;
2792 743 2915 784 nam
2944 730 3104 799 hujus
3142 730 3283 783 inter
3310 729 3446 783 Acta
3482 731 3645 781 relata

2070 832 2152 875 est
2185 819 2475 890 Soplirouii
2503 820 2569 872 ad
2594 818 2841 886 Sergium
2871 817 3120 886 epistola,
3152 831 3255 885 qua
3283 816 3477 872 eodem
3508 816 3650 867 Ada-

2073 915 2307 966 mantius
2339 910 2613 979 appetitur
2639 908 2928 962 maledicto
2953 924 2967 972 ;
3000 916 3057 962 et
3087 907 3298 962 actione
3328 906 3398 971 8,
3447 907 3650 973 repeti-

2074 1012 2162 1055 tur
2202 999 2466 1071 professio
2505 998 2624 1052 fidei
2679 1013 2708 1052 a
2772 996 3007 1051 Macario
3058 996 3399 1051 Antiochcno
3467 994 3649 1048 oblata

2072 1092 2427 1149 Constantino
2457 1092 2811 1160 imperatori,
2845 1092 2901 1145 in
2940 1106 3045 1158 qua
3079 1091 3300 1144 damnat
3332 1088 3649 1155 Origenem.

2084 1184 2369 1252 Didymum
2397 1190 2452 1237 et
2495 1180 2811 1251 Evagrium,
2840 1193 3135 1249 eorumque
3162 1177 3527 1231 deliramenta
3554 1192 3572 1241 ;
3601 1184 3656 1230 et

2077 1275 2290 1330 actione
2335 1273 2400 1327 17
2449 1283 2502 1328 et
2554 1272 2650 1338 i8,
2699 1276 2957 1341 probatur
3000 1272 3286 1325 anathema
3348 1268 3579 1338 Origeni
3624 1282 3654 1320 θ

2076 1365 2264 1435 quinta
2309 1365 2515 1436 synodo
2559 1362 2854 1428 inﬂictum,
2894 1373 2949 1418 et
2994 1363 3046 1415 in
3087 1362 3262 1415 edicto
3300 1358 3654 1414 Constantini

2081 1457 2425 1527 imperatoris
2482 1456 2547 1509 ad
2600 1455 2849 1524 pepulum
2904 1453 3234 1507 habitantem
3288 1452 3341 1505 in
3395 1450 3660 1506 Occiduis

2074 1547 2366 1618 partibus;
2401 1546 2663 1618 probatur
2719 1547 2952 1615 denique
2997 1547 3049 1598 in
3092 1543 3319 1614 epistola
3370 1541 3578 1597 Leonis
3618 1541 3657 1595 ll

2075 1656 2225 1711 papze
2267 1643 2333 1695 ad
2393 1641 2828 1697 Constantinum.
2885 1640 3171 1695 Facundus
3234 1648 3508 1707 praeterea
3568 1638 3657 1705 qui

2079 1736 2237 1787 triqu
2275 1735 2635 1804 capitulorum
2664 1734 3034 1790 defensionem
3068 1734 3326 1803 suscepit,
3357 1730 3657 1801 Origenem

2078 1828 2221 1883 inter
2255 1830 2536 1885 hzereticos
2577 1830 2699 1884 libr.
2750 1846 2857 1895 xu,
2895 1845 3015 1898 cap.
3046 1829 3072 1881 1
3102 1870 3118 1894 ,
3158 1837 3346 1897 aperte
3380 1833 3654 1883 recenset.

2004 1899 2047 1955 Β
2078 1922 2215 1988 Quin
2246 1933 2301 1977 et
2328 1921 2546 1979 Patrum
2580 1923 2867 1977 multorum
2900 1921 3169 1991 suffragiis
3203 1921 3401 1975 eodem
3428 1932 3662 1971 numero

2078 2014 2319 2069 habitum
2353 2016 2518 2069 tradit
2560 2016 2913 2071 Cassiodorus
2942 2014 3063 2071 libr.
3090 2012 3167 2067 De
3210 2014 3446 2071 inuitat.
3492 2012 3658 2064 divin.

2079 2110 2362 2178 Scriptum,
2394 2127 2512 2180 cap.
2550 2112 2576 2165 1
2600 2153 2616 2179 ,
2652 2113 3133 2167 hicresiarcharum
3169 2111 3539 2165 deterrimum
3568 2124 3661 2177 1p-

2082 2208 2248 2273 pellat
2283 2207 2531 2278 Pelagius
2566 2208 2603 2262 ll
2638 2224 2795 2279 papa.
2822 2209 2904 2263 Ab
2948 2207 3186 2263 Ecclesia
3219 2223 3340 2261 cum
3390 2206 3522 2260 aliis
3555 2207 3663 2259 li:-

2079 2302 2260 2355 reticis
2304 2301 2662 2370 proscribitur
2705 2316 2734 2355 a
2784 2302 2951 2370 prima
3014 2300 3365 2354 Lateranensi
3426 2299 3660 2368 synodo.

2078 2391 2317 2460 Denique
2354 2392 2524 2447 Graeci
2570 2393 2898 2447 recentiores
2929 2432 2945 2458 ,
2991 2392 3189 2462 aliique
3224 2392 3390 2446 etiam
3440 2389 3661 2460 plurimi

2077 2484 2264 2537 eodem
2306 2484 2479 2553 ipsum
2534 2484 2771 2539 convitio
2824 2484 3194 2553 proscindunt.
3239 2482 3364 2535 Haec
3417 2496 3557 2550 ergo
3611 2482 3661 2534 in

2077 2576 2442 2645 pra-judicium
2465 2576 2948 2645 trahuntOrigenis
2967 2573 3288 2639 adversarii,
3310 2587 3415 2627 nec
3444 2572 3663 2627 hiscere

2077 2677 2266 2721 contra
2295 2666 2457 2723 licere
2481 2667 2571 2721 ulli
2599 2666 2936 2722 existimant.

2147 2757 2249 2823 Qui
2282 2759 2587 2813 contrarias
2616 2769 2798 2813 autem
2847 2767 3128 2812 sectantur
3160 2765 3362 2825 partes,
3401 2754 3537 2810 talia
3570 2770 3661 2809 re-

2077 2860 2288 2920 gerunt,
2320 2865 2350 2904 a
2392 2850 2663 2905 Demetrio
2694 2851 2854 2909 licet.
2901 2849 3249 2918 plurimisque
3286 2848 3387 2916 ipsi
3429 2862 3663 2901 consen-

2080 2941 2338 2995 tientibus
2384 2940 2657 3010 epiSCOpis
2706 2948 3018 3009 segregatus
3082 2938 3245 2990 fuerit
3290 2938 3358 2993 ab
3413 2936 3661 2991 Ecclesia

2077 3031 2338 3101 Origenes
2360 3075 2376 3100 ,
2409 3032 2581 3099 ipsius
2609 3040 2787 3084 tamen
2829 3045 3046 3085 causam
3092 3030 3401 3096 suscepisse
3431 3036 3488 3082 et
3532 3044 3660 3097 pro.

2075 3137 2341 3193 pugnasse
2406 3122 2793 3188 Palaestinam,
2850 3122 3142 3189 Arabiam,
3206 3121 3545 3175 Phteniciam
3610 3129 3665 3174 et

2076 3215 2333 3283 Achaiam
2362 3232 2376 3279 ;
2412 3224 2464 3269 et
2486 3208 2653 3284 juxta
2684 3214 3120 3269 testificationem
3157 3213 3512 3284 Hieronymi,
3551 3227 3660 3265 non

2075 3307 2243 3376 ipsius
2285 3320 2519 3371 errores,
2568 3306 2661 3361 sed
2706 3305 3141 3360 adversariorum
3185 3303 3444 3358 invidiam
3478 3303 3583 3356 has
3611 3304 3659 3357 ei

2074 3397 2260 3451 turbas
2296 3397 2609 3465 peperisse:
2662 3395 2864 3450 nullam
2905 3395 3369 3450 Demetrianarum
3419 3394 3664 3464 synodo-

2080 3502 2196 3540 rum
2239 3489 2563 3542 mentionem
2610 3486 2808 3541 factam
2845 3503 2873 3541 a
2923 3487 3223 3554 Theophila
3252 3501 3304 3540 e.
3352 3486 3663 3555 Epiphanio

2078 3578 2460 3634 infensissimis
2525 3578 2772 3649 Origeuis
2858 3578 3228 3641 adversariis,
3294 3592 3358 3631 ac
3450 3577 3661 3631 nullam

2076 3672 2298 3740 proinde
2347 3672 2583 3741 ipsarum
2636 3672 2900 3727 rationem
2958 3670 3227 3724 duxisse:
3286 3670 3547 3723 eumdem
3591 3668 3660 3723 ab

2078 3761 2424 3831 Hieronymo,
2448 3770 2503 3814 et
2544 3759 2655 3827 jam
2702 3770 2830 3814 ante
2874 3775 2905 3814 a
2943 3758 3170 3831 Didymo
3199 3760 3435 3811 alterum
3467 3758 3658 3812 Eccle-

2078 3852 2282 3905 siaruin
2321 3860 2440 3918 post
2468 3850 2738 3918 apostolos
2780 3850 3097 3920 magistrum
3137 3850 3441 3916 nuncupari
3469 3866 3485 3913 ;
3515 3848 3659 3916 quod

2076 3944 2198 4012 quis
2223 3944 2289 3996 de
2331 3943 2549 3997 homine
2581 3943 2837 3997 hieretico
2880 3943 3084 3996 dictum
3131 3942 3315 4010 putet?
3346 3943 3549 3996 horum
3574 3957 3663 3994 au-

2078 4036 2329 4089 ctoritate
2356 4034 2521 4090 refelli
2568 4033 2924 4104 TheOpltilutn
2944 4077 2959 4101 ,
2991 4051 3110 4090 cum
3144 4034 3437 4105 Origenem
3466 4037 3656 4102 queri-

2080 4140 2169 4182 tur
2206 4128 2460 4183 Ecclesiae
2494 4128 2773 4183 doctorem
2817 4128 3116 4198 appellari:
3156 4131 3301 4195 pium
3331 4128 3656 4196 episcopum

2079 4219 2421 4275 Theotimum
2479 4220 2777 4289 Epiphanio
2825 4220 3084 4274 librorum
3130 4218 3382 4288 Origenis
3426 4220 3660 4273 damna-

2083 4313 2280 4365 tionem
2309 4314 2519 4381 urgenti
2568 4312 2935 4378 respondisse,
2969 4309 3108 4364 Οὔτε
3163 4311 3308 4363 ὅσιον
3372 4307 3519 4364 εἶναι
3569 4312 3660 4365 τὸν

2077 4403 2244 4457 πάλαι
2272 4402 2693 4473 τετελευτηκότα
2726 4403 2985 4475 ὑϐρίζειν,
3009 4402 3129 4456 οὔτε
3174 4402 3537 4474 βλασφημίας
3569 4409 3659 4459 ὲκ-

2076 4492 2167 4556 τὸς
2193 4492 2295 4563 τὴν
2331 4491 2440 4545 τῶν
2476 4492 2843 4562 παλαιοτέρων
2870 4492 3173 4546 διαϐάλλειν
3205 4494 3409 4564 κρίσιν,
3464 4497 3564 4547 καὶ
3592 4494 3657 4547 τὰ

404 4584 507 4638 dus
536 4586 825 4639 anathema
851 4586 989 4638 dixit
1019 4585 1233 4655 Origeni
1255 4604 1270 4652 ;
1296 4587 1432 4640 dixit
1456 4597 1510 4641 et
1538 4589 1724 4656 quinta
1754 4590 1971 4643 univer-

2079 4587 2205 4656 παρ’
2250 4586 2472 4638 ἐκείνων
2516 4584 2949 4654 δεδοκιμασμένοι
2984 4585 3231 4639 ἀθετεῖν.
3279 4603 3298 4637 t
3337 4585 3533 4656 Neque
3576 4590 3656 4643 fas

402 4674 557 4730 salis.
583 4673 639 4727 1n
661 4690 723 4728 ea
754 4684 934 4729 autem
960 4687 1083 4729 ante
1105 4676 1285 4729 omnia
1315 4678 1597 4743 quaesitum
1626 4689 1809 4732 narrat
1837 4681 1975 4734 Eva-

405 4767 557 4838 grius
589 4766 715 4820 libr.
747 4781 817 4834 tv,
847 4780 968 4834 cap.
992 4766 1081 4830 58,
1102 4775 1278 4821 utrum
1306 4766 1550 4822 homines
1573 4768 1684 4838 jam
1714 4771 1819 4823 vita
1850 4769 1974 4825 fun-

405 4862 479 4918 cti
509 4861 869 4915 anathematis
900 4858 1092 4927 subjici
1128 4861 1374 4930 possint;
1422 4859 1714 4932 Eutychius
1737 4865 1830 4931 qui
1859 4864 1973 4932 epi-

403 4969 570 5023 scopo
614 4957 885 5008 Amasene
932 4960 1051 5004 erat
1094 4969 1123 5007 a
1172 4954 1484 5023 reSpousis,
1514 4964 1569 5008 et
1604 4957 1972 5027 episcopatum

402 5043 945 5112 Constantinopoleos
971 5046 1312 5113 postmodum
1334 5047 1561 5112 adeptus
1582 5056 1684 5109 est,
1720 5046 1973 5117 quaestio-

402 5152 526 5191 nem
559 5138 719 5193 solvit
743 5139 990 5208 exemplo
1017 5136 1177 5195 .Iosia:
1216 5139 1376 5206 regis.
1408 5140 1501 5209 qui
1534 5154 1639 5194 non
1672 5140 1972 5195 damonum

403 5229 579 5283 solum
624 5232 935 5285 sacerdotes
969 5231 1258 5294 interfecit,
1292 5232 1383 5286 sed
1433 5241 1764 5287 mortuorum
1807 5234 1972 5287 etiam

404 5318 609 5374 loculos
637 5318 865 5387 refodit,
889 5321 1029 5389 quod
1055 5336 1249 5388 magno
1276 5321 1540 5388 omnium,
1559 5323 1651 5376 sed
1683 5320 1972 5378 Justiniani

403 5412 703 5481 praesertim
753 5411 1011 5482 applausu
1072 5421 1354 5481 exceptum
1400 5424 1505 5467 est.
1556 5413 1740 5483 Neque
1785 5413 1970 5480 semel,

403 5502 498 5557 sed
524 5502 719 5557 iterum
747 5503 1050 5572 iterumque
1078 5504 1131 5557 in
1154 5504 1315 5557 variis
1340 5504 1528 5572 synodi
1566 5504 1725 5571 hujus
1745 5504 1974 5559 actioni—

405 5593 509 5648 bus
540 5594 592 5648 id
622 5594 978 5663 disceptatum
1020 5605 1140 5658 est;
1189 5610 1327 5663 quas
1372 5594 1790 5664 disceptationes
1824 5611 1974 5651 sum—

407 5685 594 5739 matim
626 5686 809 5741 retulit
831 5684 1126 5742 Gratianus
1167 5686 1375 5741 Decret.
1417 5696 1559 5754 part.
1588 5702 1662 5752 tl,
1697 5701 1844 5743 caus.
1881 5687 1972 5754 24,

407 5788 599 5847 quaest.
625 5778 683 5843 ‘2,
718 5780 1066 5848 decrevitque
1096 5780 1310 5834 demum
1342 5784 1581 5847 synodus
1608 5772 1892 5835 haereticus
1921 5795 1975 5835 et

406 5871 461 5925 in
498 5870 604 5924 vita
648 5880 702 5925 et
731 5881 851 5938 post
880 5880 1107 5927 mortem
1140 5871 1499 5927 anathematis
1540 5886 1659 5927 esse
1691 5872 1971 5930 obnoxios.

2077 4694 2195 4732 esse
2254 4678 2522 4731 hominem
2571 4677 2895 4746 jampridem
2963 4675 3273 4731 defunctum
3322 4679 3656 4732 contumelia

2079 4766 2320 4830 allicere,
2359 4780 2535 4835 neque
2564 4766 2769 4833 absque
2808 4766 3070 4820 calumnia
3107 4778 3349 4822 veterum
3387 4769 3656 4836 judiciunt

2080 4860 2403 4928 improbare,
2424 4868 2478 4913 et
2500 4873 2619 4926 quae
2637 4858 2705 4911 ab
2725 4859 2858 4926 ipsis
2878 4859 3094 4913 decreta
3112 4868 3239 4913 sunt
3263 4861 3604 4915 rescindere:
3632 4878 3651 4911 ι

2080 4953 2254 5020 ipsum
2279 4951 2639 5020 Epiphanium
2663 4967 2766 5003 non
2792 4948 3041 5021 Origenis
3062 4952 3542 5020 proscriptionem,
3566 4952 3654 5006 sed

2078 5044 2336 5097 librorum
2355 5043 2469 5110 ejus
2484 5044 2744 5096 duntaxat
2766 5043 3162 5097 damnationem
3187 5043 3526 5111 postulasse:
3545 5047 3655 5099 Οὐκ

2082 5135 2246 5189 αὐτὸν
2292 5134 2570 5205 Ὠριγένην
2603 5134 2964 5205 ἀκοινώνητον
3000 5129 3140 5189 εἶναι
3178 5136 3478 5206 ὑπέφηνεν,
3523 5138 3655 5191 ἀλλὰ

2080 5228 2147 5281 τὰ
2199 5226 2378 5298 βιϐλία
2426 5228 2563 5296 μόνα
2605 5224 2841 5278 διέϐαλε.
2905 5243 2926 5278 t
2978 5226 3094 5281 Non
3144 5228 3319 5297 ipsum
3362 5228 3653 5299 Origenem

2079 5331 2229 5374 extra
2265 5325 2694 5375 communionem
2753 5334 2874 5375 esse
2920 5319 3180 5385 decrevit,
3225 5319 3321 5374 sed
3356 5320 3531 5375 libros
3564 5336 3653 5376 se.

2083 5410 2190 5465 lum
2219 5411 2538 5466 criminatus
2565 5423 2669 5499 est,
2708 5431 2728 5464 ι
2766 5413 2940 5482 inquit
2968 5411 3230 5483 Georgius
3248 5414 3651 5469 Alexandrinus

2078 5505 2368 5574 episcopus
2416 5506 2470 5558 in
2510 5503 2633 5559 Vita
2676 5504 3064 5570 Chrysostomt',
3110 5519 3234 5575 cap.
3281 5505 3391 5573 45,
3428 5522 3539 5561 non
3581 5509 3649 5560 ita

2083 5613 2213 5654 vero
2249 5598 2653 5668 intelligendum
2702 5596 3019 5662 Gelasium,
3069 5612 3193 5651 cum
3238 5600 3648 5653 schismaticum

2081 5706 2203 5746 eum
2236 5690 2489 5758 appellat,
2525 5690 2683 5758 quasi
2712 5691 3077 5745 secessionem
3111 5704 3141 5742 a
3172 5704 3430 5758 supremo
3461 5690 3647 5744 Eccle-

2082 5788 2174 5840 δία»
2203 5786 2384 5853 capite
2414 5784 2607 5839 fecisse
2641 5800 2761 5840 eum
2796 5784 3045 5847 voluerit,
3072 5784 3162 5839 sed
3196 5784 3435 5847 dissidia,
3451 5800 3512 5837 ac
3541 5795 3649 5837 tur-

2081 5878 2177 5932 bas
2227 5876 2280 5931 in
2331 5875 2627 5933 Ecclesiam
2676 5878 2964 5943 intulisse;
3010 5877 3282 5946 σχίσματα
3317 5876 3550 5945 βαλόντα
3589 5876 3647 5927 ἐν
