3906 6520
121 461 277 515 Ηῑδ

140 578 460 650 ἐκκλησιᾳ.
484 597 501 630 ι
526 578 659 634 Cum
677 577 967 634 schismata
988 575 1041 628 in
1061 573 1297 627 Ecclesia
1317 568 1666 624 concitasset.

125 683 183 722 ut
221 673 290 725 de
317 686 381 725 eo
407 671 598 725 scribit
627 671 817 725 Petrus
844 666 1243 722 Alexandrinus
1266 664 1318 716 in
1345 658 1700 731 Mystagogia:

124 761 276 828 quod
309 762 374 815 ad
406 762 650 820 auintam
681 761 943 830 synodum
997 760 1211 823 attinet,
1260 755 1507 824 judicare
1544 762 1703 820 posse

123 852 371 921 synodos
395 860 463 906 de
515 852 640 912 fide.
679 868 785 905 non
818 852 883 905 de
914 849 1161 917 personis
1184 888 1199 911 ,
1227 844 1526 911 praesertim
1559 856 1703 895 mor-

129 944 277 1010 tuis;
314 946 440 1000 hinc
468 944 667 999 factum
700 952 757 998 ut
779 959 895 1012 quae
910 944 983 1007 de
1004 941 1314 1002 Theodoro,
1337 937 1699 998 Tlteodoreto,

124 1047 181 1091 et
220 1037 311 1090 Iba
356 1038 596 1092 decrevit
638 1038 883 1107 quintum
942 1034 1070 1088 illud
1104 1031 1414 1087 concilium.
1447 1026 1703 1095 temporis

127 1131 420 1197 progressu
454 1128 560 1181 vim
590 1139 644 1182 et
673 1127 1050 1180 auctoritatem
1079 1138 1217 1194 pene
1248 1121 1566 1174 amiserint:
1597 1117 1704 1171 sci-

127 1229 243 1270 tum
276 1217 404 1272 illud
448 1233 568 1273 esse
605 1217 663 1273 S.
698 1217 918 1271 Thema:
960 1214 1279 1283 Quodlibeto
1325 1225 1491 1273 nouo,
1542 1207 1703 1262 artic.

126 1309 255 1373 ult.,
299 1309 570 1364 neminem
604 1309 671 1363 ad
717 1322 1004 1363 assensum
1051 1304 1306 1360 Ecclesia:
1342 1301 1702 1357 adhibendum

127 1402 444 1456 necessario
490 1401 713 1469 astringi
759 1401 811 1453 iu
860 1400 958 1463 iis,
1004 1411 1123 1467 qua:
1172 1396 1237 1450 ad
1279 1411 1299 1446 ι
1342 1393 1702 1447 substantiam

126 1493 252 1546 fidei
294 1511 313 1544 ι
358 1508 460 1547 non
513 1492 785 1563 pertinent
823 1509 836 1545 :
873 1489 1124 1560 Vigilium
1178 1503 1371 1557 papam
1403 1486 1456 1539 in
1490 1484 1704 1539 Consti-

129 1594 248 1637 tuto
284 1585 353 1638 ad
388 1582 775 1645 Iustinianum,
805 1581 1109 1643 Theodori,
1168 1577 1489 1633 Theodoreti
1521 1585 1575 1629 et
1601 1575 1704 1628 lbze

125 1684 346 1724 errores
372 1670 614 1725 refellere
645 1680 699 1725 et
732 1671 1011 1733 damnare,
1046 1667 1379 1729 auctoribus,
1406 1666 1535 1735 ipsis
1569 1680 1705 1735 quo-

127 1761 273 1814 niam
306 1761 359 1814 in
382 1775 512 1831 pace
543 1762 795 1817 Ecclesia:
826 1762 1100 1823 obierunt,
1129 1759 1279 1829 parci
1305 1758 1495 1827 jubere
1521 1775 1535 1811 :
1559 1755 1701 1825 quod

124 1861 355 1905 eatenus
398 1854 733 1921 probandum
777 1854 853 1907 ait
897 1850 1159 1905 Baronius
1199 1849 1265 1904 ad
1298 1866 1384 1902 an.
1423 1848 1550 1911 555,
1577 1863 1699 1917 cap.

1200 441 1765 508 ORIGENIANORUM
1808 438 1935 495 LIB.
1972 436 2038 502 ll,
2077 432 2231 491 CAP.
2269 430 2359 486 Ill.

1680 582 1699 615 ι
1734 568 1781 623 Α
1809 558 1973 614 semel
2000 557 2180 611 forent
2203 547 2441 607 damnati
2466 586 2480 609 ,
2515 542 2767 598 recedere
2802 552 2860 592 se
2893 533 3033 589 nolle
3064 529 3381 597 neutiquam

3246 409 3385 464 HM

1804 651 2080 721 professus
2126 654 2435 700 estzerror
2481 636 2580 690 fuit
2607 634 2660 687 in
2710 629 2984 685 intellectu
3011 642 3027 689 ;
3056 619 3374 692 pertinaciae

1802 717 2009 795 crimen
2057 740 2110 791 in
2145 734 2419 789 voluntate
2454 742 2559 782 non
2610 725 2731 778 fuit.
2769 720 2882 791 (50)
2941 717 3182 782 Denique
3223 724 3379 765 suam

1803 830 2018 899 Origeni
2053 827 2248 882 famam
2274 835 2331 879 et
2361 833 2554 875 nomen
2582 817 2714 870 satis
2743 810 2975 867 asseruit
2995 807 3103 883 Leo
3129 803 3217 865 Ill,
3244 816 3376 899 pon-

1804 892 1933 980 tife;
1969 922 2260 981 maximus,
2285 930 2407 971 cum
2456 913 2599 967 inter
2638 908 2898 963 lectiones
2927 917 2992 955 ex
3031 898 3251 950 Patrum
3302 892 3384 944 lu-

1802 1013 2213 1071 cubrationibus
2254 1008 2572 1075 decerptas,
2602 1010 2657 1054 et
2709 997 2954 1051 Romano
2985 991 3219 1045 insertas
3250 986 3382 1075 Bre-

1801 1104 1996 1167 viario,
2025 1096 2309 1156 nonnullas
2334 1073 2548 1163 quoque
2582 1104 2649 1145 ex
2676 1083 3019 1155 Origeuianis
3062 1078 3214 1132 libris
3244 1073 3386 1145 peti-

1805 1210 1887 1254 tas
1916 1197 2091 1252 eidem
2126 1188 2374 1246 inseruit.

1873 1288 1973 1357 Qui
2005 1300 2136 1356 ergo
2181 1294 2399 1338 omnem
2447 1277 2720 1332 haereseos
2765 1264 3129 1336 suspicionem
3171 1260 3240 1315 ab
3267 1257 3386 1313 Ori-

1803 1351 1939 1455 gene
1966 1351 2157 1435 abesse
2187 1375 2411 1437 volunt,
2442 1383 2563 1423 cum
2599 1366 2667 1420 iis
2698 1363 2789 1433 qui
2826 1360 3091 1414 invidioso
3136 1351 3382 1407 tneretici

1804 1452 2023 1531 nomine
2050 1470 2228 1540 ipsum
2250 1463 2536 1521 infamant,
2556 1458 2628 1511 ita
2654 1452 2939 1511 conciliari
2968 1463 3126 1519 posse
3150 1458 3381 1508 censeo;

1804 1569 1846 1622 si
1879 1535 2089 1632 duplici
2109 1558 2331 1613 notione
2376 1551 2513 1607 sumi
2552 1545 2793 1603 lueretici
2833 1539 3253 1632 appellationem
3300 1535 3387 1590 die

1803 1631 2009 1721 camus,
2037 1652 2119 1707 vel
2154 1651 2220 1704 ad
2248 1661 2371 1702 eum
2415 1640 2828 1713 significandum
2869 1636 2960 1704 qui
3005 1631 3257 1687 haeresim
3290 1636 3386 1682 aut

1805 1743 2158 1803 fabrefecerit
2189 1746 2283 1793 aut
2308 1746 2528 1790 secutus
2552 1732 2647 1794 sit,
2669 1744 2789 1783 eam
2818 1727 2946 1781 licet
2981 1723 3196 1792 ejurare
3227 1735 3384 1790 para-

1808 1851 1912 1904 tus,
1947 1835 2108 1892 simul
2141 1843 2303 1901 atque
2333 1828 2526 1882 fuisset
2558 1824 2626 1878 ab
2667 1820 2903 1877 Ecclesia
2940 1815 3251 1887 repudiata;
3301 1810 3385 1866 vel

128 1941 250 2007 185,
301 1944 347 1998 si
395 1944 555 1999 modo
602 1953 816 1999 conStet
852 1959 975 1999 eum
1020 1943 1111 2013 qui
1160 1943 1216 1997 in
1270 1940 1527 1995 Ecclesiae
1574 1956 1701 2009 pace

1808 1932 1872 1984 ad
1905 1923 2291 1996 designandum
2340 1931 2464 1973 eum
2507 1914 2599 1985 qui
2653 1927 2758 1966 non
2804 1909 3074 1965 haereseos
3119 1906 3388 1959 duntaxat

124 2037 347 2099 obierit,
388 2052 564 2106 neque
610 2037 856 2093 bzeresim
904 2036 1031 2090 dum
1074 2036 1304 2101 viveret,
1353 2034 1708 2104 pertinaciter

126 2127 457 2193 defendisse,
481 2143 655 2199 neque
684 2129 735 2183 in
763 2128 1016 2184 Ecclesia:
1047 2127 1428 2181 communione
1453 2125 1705 2180 simulate

127 2236 545 2289 perseverasse;
586 2220 874 2292 Origenem
919 2230 1099 2273 autem
1133 2220 1254 2287 quis
1287 2219 1556 2287 dogmatis
1589 2218 1706 2272 suis

127 2314 481 2381 pentinaciter
525 2312 744 2366 hznsisse
784 2311 960 2377 dicat,
994 2326 1153 2380 quem
1186 2320 1295 2364 tam
1345 2310 1611 2367 submisse
1640 2310 1708 2364 de

128 2420 184 2459 se
211 2415 267 2459 et
304 2409 582 2459 moderate
613 2404 851 2459 sensisse
880 2405 1247 2464 ostendinms.
1295 2410 1553 2471 tantaque
1586 2414 1705 2455 mo-

126 2494 331 2558 destia,
372 2510 491 2562 qua:
544 2494 846 2558 sentiebat,
891 2494 1240 2548 declarasse?
1275 2496 1399 2563 quis
1452 2490 1705 2548 Ecclesia:

128 2584 560 2637 communionem
593 2585 841 2640 simulate
866 2594 1111 2639 sccutmn
1140 2600 1265 2638 eum
1291 2583 1700 2650 existimet,qui

128 2672 243 2725 fidei
273 2672 671 2740 professionem
701 2675 768 2728 ad
801 2674 1096 2729 Fabianum
1126 2689 1319 2745 papam
1350 2675 1532 2739 dedit,
1564 2689 1699 2730 exo-

129 2763 332 2816 rientes
361 2763 596 2818 haereses
624 2764 888 2819 acerrime
916 2764 1327 2829 iusectatusest,
1349 2766 1546 2820 nullam
1578 2782 1701 2821 cum

128 2854 395 2910 haereticis
436 2857 751 2912 societatem
799 2857 951 2923 iniit,
982 2856 1383 2911 Catholicorum
1416 2858 1701 2926 episcopo-

130 2960 240 2998 rum
272 2946 651 3002 familiaritate
683 2950 750 3003 ad
778 2961 1003 3001 mortem
1033 2963 1204 3018 usque
1228 2958 1544 3003 constanter
1572 2964 1702 3004 usus

126 3037 507 3091 estiCaverat
557 3047 706 3093 certe
745 3039 855 3109 jam
909 3050 1036 3093 ante
1081 3038 1444 3093 Justinianum
1484 3038 1701 3095 Nicaana

128 3132 385 3199 synodus,
416 3147 482 3185 ue
512 3117 736 3186 absente
763 3115 849 3194 eo,
886 3132 1038 3201 cujus
1068 3134 1328 3201 agebatur
1353 3147 1511 3187 cauea
1532 3172 1546 3195 ,
1577 3148 1701 3187 seu—

129 3220 284 3274 tentia
321 3219 571 3276 ferretur.
613 3222 760 3278 Unde
802 3224 1057 3292 praeclare
1090 3222 1387 3277 Pontianus
1414 3224 1698 3294 episcopus
1728 3262 1770 3317 ο

134 3311 182 3365 in
208 3313 440 3382 epistola
476 3315 542 3368 ad
584 3313 946 3368 Justiniauum
969 3356 983 3378 ,
1025 3333 1044 3366 ι
1082 3315 1139 3368 lu
1176 3326 1421 3369 extremo
1458 3316 1703 3385 epistola:

131 3412 319 3457 vestrae
349 3406 715 3472 cognovimus,
744 3405 885 3471 quod
925 3420 1022 3459 nos
1069 3420 1174 3459 non
1225 3404 1571 3460 mediocriter
1611 3419 1701 3460 re-

132 3496 356 3561 mordet,
383 3497 577 3550 debere
609 3513 704 3552 nos
735 3496 1109 3561 Theodorum,
1138 3505 1192 3551 et
1226 3499 1426 3568 scripta
1455 3497 1703 3553 Theodo-

131 3586 244 3648 reti,
279 3595 338 3640 et
386 3586 667 3654 epistolam
719 3589 821 3642 Iliae
864 3588 1148 3644 damnare.
1203 3591 1401 3644 Eorutn
1438 3591 1580 3644 dicta
1634 3591 1699 3644 ad

132 3688 223 3729 nos
263 3691 439 3745 usque
480 3692 622 3731 nunc
665 3679 888 3733 minime
949 3690 1334 3747 pervenerunt.
1382 3679 1535 3747 Quod
1578 3681 1621 3735 si
1649 3691 1704 3735 et

134 3778 510 3833 pervenerunt,
544 3780 599 3822 et
629 3769 807 3839 aliqua
856 3770 927 3823 ibi
976 3772 1285 3841 apocrypha
1310 3811 1326 3835 ,
1364 3786 1484 3841 qua:
1512 3785 1699 3827 contra

136 3857 248 3911 Iidei
290 3858 535 3925 regulam
565 3861 704 3923 sint,
740 3860 1030 3929 legerimus
1064 3877 1078 3925 ;
1117 3863 1259 3916 dicta
1300 3879 1586 3932 possumus
1617 3879 1705 3918 re-

132 3962 354 4016 spuere,
388 3965 493 4003 nou
535 3961 786 4007 auctores
824 3953 936 4021 jam
979 3962 1221 4009 mortuos
1270 3956 1532 4024 praecipiti
1573 3970 1703 4010 con-

131 4042 468 4097 denmatione
505 4045 784 4100 damnare.
830 4026 983 4111 Quod
1036 4046 1079 4100 si
1124 4049 1303 4101 adhuc
1333 4048 1615 4110 viverent,
1649 4056 1704 4101 et

131 4138 358 4189 correcti
384 4150 624 4190 errorem
674 4152 830 4190 suum
875 4156 978 4192 non
1018 4141 1472 4208 condemnarent,
1509 4141 1701 4209 justis-

131 4226 255 4281 sime
282 4228 694 4284 damnarentur.
731 4252 750 4283 ι
797 4230 932 4285 Cum
978 4232 1053 4284 ait
1095 4247 1223 4301 ergo
1268 4230 1602 4288 Justinianus
1648 4235 1701 4288 in

132 4316 316 4373 Edicto
365 4321 625 4375 adversus
675 4321 773 4375 tria
828 4321 1117 4391 Capitula:
1154 4340 1173 4374 ε
1214 4323 1270 4377 Si
1305 4339 1432 4378 vero
1484 4326 1703 4393 quidam

130 4409 307 4466 dicunt
353 4428 457 4466 non
486 4425 739 4483 oportere
776 4414 1117 4469 Theodorum
1152 4426 1274 4485 post
1315 4429 1543 4472 mortem
1571 4434 1704 4473 ana-

132 4504 493 4573 thematizari,
517 4509 694 4562 sciant
720 4509 810 4576 qui
841 4509 1001 4561 talem
1036 4508 1347 4562 luere-ticum
1379 4508 1701 4575 defendunt,

1808 2030 1996 2074 auctor
2017 2027 2072 2073 et
2096 2012 2327 2074 assecla,
2358 2009 2453 2065 sed
2497 2015 2788 2077 perpetuus
2813 2001 2975 2055 etiam
3012 2003 3383 2067 propugnator

1807 2122 1856 2166 et
1889 2109 2131 2180 pertinax
2170 2105 2428 2158 adversus
2457 2096 2712 2153 Ecclesia:
2740 2092 3115 2149 auctoritatem
3149 2094 3389 2142 assertor

1808 2177 2003 2259 fuerit:
2037 2200 2216 2268 priore
2256 2196 2420 2267 igitur
2463 2190 2684 2245 notione
2722 2183 2963 2241 hzeretici
2995 2194 3192 2236 nomen
3222 2194 3253 2232 a
3281 2177 3386 2231 Pa-

1809 2297 1980 2351 tribus
2008 2290 2333 2347 Adamantio
2363 2281 2601 2352 imponi,
2634 2288 2693 2333 ut
2724 2279 2994 2333 haereseos
3030 2281 3244 2334 auctor,
3277 2283 3383 2322 non

1808 2395 2045 2441 assertor
2085 2379 2448 2453 significetur.
2482 2376 2598 2441 Quo
2629 2386 2791 2428 sensu
2847 2364 3131 2422 orthodoxi
3165 2374 3388 2432 quoque

1807 2478 1997 2533 Patres
2025 2471 2403 2545 quamplurimi
2434 2467 2670 2523 lmrctici
2695 2465 2800 2519 diei
2829 2469 3079 2530 possunt,
3105 2454 3251 2511 velut
3273 2454 3391 2509 Ire-

1809 2586 1972 2632 nacns,
2003 2568 2219 2637 Papias,
2248 2564 2578 2633 Cyprianus,
2602 2570 2657 2613 et
2686 2559 2798 2611 alii.
2830 2554 2956 2609 llaec
2978 2554 3197 2621 insuper
3228 2548 3390 2637 adbi-

1807 2662 1920 2717 beri
1970 2636 2148 2730 potest
2193 2655 2495 2725 responsio,
2546 2649 2965 2722 ignominiosam
3010 2642 3254 2699 haeretici
3297 2636 3389 2709 ap-

1805 2753 2151 2826 pellationem
2192 2765 2298 2804 nou
2330 2748 2484 2801 aliter
2530 2746 2593 2798 ab
2626 2742 2894 2804 Ecclesia,
2922 2752 3086 2808 quam
3116 2751 3186 2791 ex
3214 2736 3390 2804 hypo-

1808 2849 1947 2903 tbesi
1976 2846 2228 2914 cuiquam
2258 2842 2446 2910 inﬂigi,
2475 2841 2546 2892 ita
2572 2839 2615 2891 si
2640 2836 2840 2906 spretis
2868 2830 3128 2886 Ecclesia:
3155 2826 3391 2883 decretis

1807 2941 1861 2995 in
1890 2937 2077 2993 haeresi
2102 2933 2333 2999 obierit;
2366 2947 2487 3002 quae
2512 2930 2729 2999 quidem
2755 2928 2808 2981 in
2838 2925 3131 2994 Origenem
3160 2921 3387 2975 minime

1806 3030 1950 3084 cadit
1981 3025 2310 3082 criminatio.
2358 3021 2780 3090 Acquiescamus
2815 3016 2979 3086 igitur
3024 3015 3075 3068 in
3114 3014 3216 3068 hoc
3260 3010 3387 3066 Ilie-

1807 3117 2015 3189 ronymi
2064 3115 2260 3185 placito
2301 3126 2333 3165 e
2385 3109 2784 3163 Traditionibus
2831 3105 3154 3160 Hebraicis:
3209 3121 3229 3153 ι
3269 3101 3385 3156 Hoc

1808 3224 1971 3265 unum
1999 3207 2119 3263 dico
2155 3223 2168 3259 :
2197 3202 2389 3258 vellem
2437 3214 2560 3253 cum
2591 3199 2787 3252 invidia
2833 3197 3068 3251 nominis
3099 3195 3215 3265 ejus
3240 3235 3256 3260 ,
3287 3194 3388 3247 ha-

1804 3303 1933 3357 bere
1963 3299 2123 3354 etiam
2152 3295 2437 3353 scientiam
2474 3293 2910 3362 Scripturarum,
2952 3290 3105 3345 flocci
3141 3289 3386 3358 pendens

1806 3382 2086 3463 imagines,
2114 3390 2445 3457 umbrasque
2467 3386 2767 3450 larvarum,
2789 3400 3017 3455 quarum
3042 3392 3240 3437 natura
3265 3394 3388 3436 esse

1803 3485 2001 3540 dicitur
2036 3492 2236 3537 terrere
2274 3479 2552 3548 parvulos,
2575 3489 2630 3535 et
2655 3479 2710 3533 in
2745 3477 2957 3548 angulis
2986 3475 3198 3544 garrire
3235 3484 3389 3529 tene-

1805 3578 2015 3644 brosis;
2074 3595 2094 3628 ι
2129 3586 2185 3630 et
2222 3575 2274 3629 in
2319 3574 2407 3629 illo
2445 3590 2512 3628 ex
2552 3573 2713 3643 epist.
2758 3571 2828 3626 65
2865 3571 2930 3624 ad
2982 3568 3304 3623 Pammach.
3334 3578 3393 3623 et

1802 3670 2028 3735 Ocean.,
2054 3685 2175 3740 cap.
2203 3670 2264 3724 ὃς
2304 3689 2322 3721 ι
2358 3669 2510 3737 Quod
2536 3668 2580 3723 si
2614 3668 2735 3737 quis
2761 3665 2928 3721 Judas
2961 3665 3173 3722 Zelotes
3225 3678 3391 3735 oppo-

1804 3765 1973 3819 suerit
2003 3763 2158 3818 nobis
2180 3778 2394 3816 errores
2415 3762 2551 3830 ejus,
2585 3760 2766 3814 audiat
2797 3759 2964 3813 libere
2992 3776 3005 3812 :

2030 3855 2306 3907 Interdum
2335 3871 2551 3923 magnus
2583 3854 2833 3905 dormitat
2866 3850 3149 3914 Homerus,

1884 3924 2077 3980 Verum
2105 3928 2245 3992 operi
2282 3918 2439 3994 longo
2464 3924 2546 3993 {as
2588 3932 2660 3977 est
2694 3925 2938 3990 obrepere
2971 3935 3212 3974 somnum
3248 3918 3315 3972 ".

1804 4038 1921 4093 Non
1952 4038 2229 4092 imitemur
2260 4037 2377 4105 ejus
2404 4038 2557 4103 vitia,
2588 4036 2746 4105 cujus
2778 4035 3012 4088 virtutes
3045 4050 3151 4087 non
3203 4047 3390 4102 pussu-

1805 4148 1925 4187 mus
1949 4131 2125 4202 sequi.
2151 4131 2482 4184 Erraverunt
2514 4130 2564 4182 in
2596 4128 2698 4182 fide
2719 4126 2838 4191 alii,
2861 4136 2969 4179 tam
2999 4124 3197 4188 Grzeci,
3226 4139 3387 4192 quam

1806 4224 1979 4279 Latini
2009 4242 2022 4279 :
2051 4239 2280 4293 quorum
2319 4237 2426 4276 non
2477 4235 2701 4275 necesse
2743 4229 2829 4274 est
2862 4217 3114 4288 proferre
3148 4216 3388 4279 nomina,

1806 4333 1873 4372 ne
1907 4317 2187 4371 videamur
2219 4330 2343 4369 eum
2384 4328 2488 4366 non
2534 4312 2613 4366 sui
2647 4311 2842 4396 merito
2865 4350 2879 4374 ,
2909 4309 3004 4364 sed
3038 4307 3271 4361 aliorum
3296 4322 3390 4360 er-

1808 4424 1931 4465 rore
1961 4409 2340 4464 defendere....
2371 4405 2524 4461 Nunc
2553 4421 2684 4461 vero
2718 4420 2841 4460 cum
2883 4403 3204 4473 simpliciter
3235 4415 3389 4454 erro-

1809 4519 1919 4557 rem
1956 4503 2073 4569 ejus
2100 4502 2292 4564 fatear,
2320 4500 2402 4555 sic
2444 4500 2616 4571 legam
2649 4507 2706 4552 ut
2731 4506 2957 4551 caeteros
2981 4536 2997 4562 ,
3032 4494 3156 4564 quia
3187 4494 3268 4548 sic
3296 4506 3389 4545 er-

133 4596 265 4662 qUOd
297 4598 480 4651 omnis
509 4598 794 4652 haereticus
832 4612 1004 4666 usque
1038 4600 1102 4652 ad
1154 4600 1311 4652 linem
1344 4599 1470 4653 vitae
1505 4599 1557 4653 iu
1603 4614 1701 4653 suo
1734 4609 1776 4663 ι)
1808 4598 1943 4649 ravit
1973 4595 2256 4649 utcaateri.
2291 4595 2395 4647 Sed
2432 4594 2588 4647 dicas
2625 4610 2639 4646 :
2674 4591 2731 4646 Si
2763 4589 3057 4644 multormn
3085 4586 3393 4642 communis

134 4699 311 4742 errore
360 4702 714 4756 permanens,
748 4688 895 4755 juste
943 4699 1203 4757 perpetuo
1246 4689 1618 4753 anathemati,
1647 4698 1704 4743 et

136 4787 247 4840 post
276 4789 509 4834 mortem
536 4776 825 4845 subjicitur
858 4795 872 4832 :
904 4788 958 4831 et
994 4778 1096 4832 hoc
1124 4778 1176 4831 in
1216 4777 1401 4831 multis
1432 4776 1704 4831 haereticis

136 4878 185 4921 et
217 4870 611 4939 antiquioribus
645 4881 699 4924 et
746 4870 1087 4938 pr0pioribus
1134 4869 1336 4924 factum
1379 4878 1496 4931 est,
1539 4866 1590 4922 id
1621 4877 1705 4924 est

140 4961 436 5027 Valentino,
463 4961 724 5027 Basilide,
752 4960 1041 5025 Marcioue,
1075 4961 1356 5027 Cerintho,
1384 4960 1701 5028 Manichaeo,

137 5051 389 5109 Eunomio
420 5065 474 5109 et
516 5054 727 5109 Bonoso
776 5071 789 5107 :
818 5053 921 5107 hoc
957 5062 1138 5106 autem
1168 5054 1309 5107 idem
1342 5061 1398 5106 et
1440 5053 1493 5106 in
1521 5051 1702 5107 Theo-

138 5144 261 5200 doro
290 5146 490 5200 factum
516 5157 621 5213 est,
648 5158 702 5202 et
735 5148 787 5201 in
808 5149 916 5202 vita
946 5157 1221 5212 accusato,
1245 5155 1300 5200 et
1324 5152 1447 5213 post
1472 5155 1700 5198 mortem

139 5240 586 5294 anathematizato
622 5257 651 5293 a
700 5242 904 5297 sanctis
956 5239 1263 5303 Patribus;
1314 5256 1334 5289 ι
1380 5237 1599 5290 minime
1648 5236 1704 5291 id

138 5332 362 5398 pertinet
403 5333 469 5387 ad
507 5332 829 5402 Origenem;
866 5349 989 5387 nam
1024 5332 1125 5386 etsi
1163 5332 1215 5384 iu
1258 5345 1476 5385 errores
1525 5329 1704 5398 lapsus

138 5417 204 5473 sit
229 5420 538 5490 aliquando,
577 5425 645 5478 ab
689 5426 755 5478 iis
785 5435 985 5489 tamen,
1016 5432 1299 5492 postquam
1353 5422 1422 5475 ab
1461 5420 1702 5476 Ecclesia

205 5513 247 5545 ¹¹
277 5511 465 5569 Horat.
510 5515 588 5569 De
626 5529 738 5571 am
776 5527 914 5587 poet.
950 5532 1095 5571 vers.
1124 5514 1260 5571 560.

205 5605 574 5680 (50)De_nique
600 5628 751 5664 suam
784 5611 1002 5680 Origeni
1054 5611 1248 5680 famam
1275 5618 1325 5664 et
1359 5625 1542 5663 nomen
1573 5612 1704 5666 ralis

142 5679 357 5732 asseruit
394 5677 611 5735 Leo!!!
659 5677 900 5751 pontifex?
926 5677 1186 5737 maximus
1209 5721 1224 5748 ,
1259 5693 1365 5738 etc.
1418 5680 1549 5735 Vide
1610 5681 1695 5736 in-

1809 4696 1892 4742 est
1918 4704 2091 4751 error,
2116 4703 2214 4743 cur
2238 4688 2411 4742 solum
2443 4683 2869 4755 perset'juimiui‘!
2898 4683 3033 4749 Quia
3067 4695 3164 4735 vos
3196 4678 3389 4732 lauda-

1812 4781 1881 4834 tis
1909 4789 1967 4834 ut
2000 4779 2341 4849 Apostolum.
2374 4777 2567 4832 Tollite
2604 4776 2806 4832 amoris
2830 4771 3135 4845 ὑπερὸολὴν
3155 4812 3170 4836 ,
3209 4780 3262 4824 et
3289 4784 3389 4823 nos

1814 4873 2053 4926 tollimus
2079 4873 2184 4926 odii
2217 4872 2681 4941 magnitudinem;
2717 4888 2735 4921 ι
2768 4878 2822 4923 et
2850 4870 2953 4921 isto
2982 4881 3012 4919 e
3044 4863 3255 4933 Prolog.
3292 4861 3385 4915 lib.

1815 4978 1851 5017 ll
1889 4963 1944 5017 in
1979 4960 2141 5016 uicit.
2175 4976 2194 5015 :
2230 4981 2248 5013 ι
2282 4961 2418 5015 Nam
2464 4961 2606 5030 quod
2635 4962 2819 5015 dicunt
2842 4959 3089 5027 Origcnis
3116 4974 3202 5010 me
3238 4956 3392 5009 volu-

1812 5055 1955 5110 mina
2000 5070 2120 5109 com
2140 5054 2307 5123 pilare
2329 5092 2345 5117 ,
2373 5062 2430 5108 et
2465 5053 2823 5108 contaminari
2871 5066 2975 5105 non
3007 5052 3198 5103 decere
3239 5058 3390 5100 vete-

1813 5160 1930 5199 rum
1964 5145 2209 5215 scripta;
2247 5145 2391 5214 quod
2438 5144 2512 5197 illi
2564 5142 2911 5197 maledictum
2944 5140 3235 5194 vehemens
3266 5151 3390 5191 esse

1809 5237 2161 5303 existimant,
2210 5240 2453 5294 eamdem
2500 5237 2711 5291 laudem
2755 5249 2855 5306 ego
2901 5235 3191 5289 maximam
3227 5230 3387 5295 duco,

1811 5346 1931 5386 cum
1976 5331 2126 5385 illum
2174 5332 2372 5386 imitari
2400 5331 2542 5396 volo,
2573 5344 2735 5399 quem
2772 5329 2982 5384 cunctis
3035 5322 3391 5398 prudentibus

1810 5432 1866 5476 et
1892 5425 2043 5481 vobis
2068 5426 2283 5495 placere
2312 5440 2417 5479 nou
2445 5424 2651 5479 dubito.
2684 5441 2703 5475 ι

1813 5623 1975 5678 super
2018 5608 2297 5733 fipistolam
2333 5608 2777 5681 nuncupatoriam
2816 5616 2964 5663 tomo
3017 5603 3036 5659 Ι
3090 5603 3386 5677 prmtixatn,

1813 5694 1994 5733 versus
2063 5695 2205 5733 nem.

1806 5694 1994 5736 νει-διεδ
2024 5694 2205 5735 ιιιιειιι.
