3914 6528
3606 432 3743 484 1116

476 446 614 500 1115
1743 440 1801 493 Ρ.
1843 437 2158 494 DANIELIS
2195 436 2429 493 ηυΕτιι

539 576 3730 613 ______________________._..__________—___——_—-—-———————

1788 752 2169 845 CAPUT
2243 751 2405 837 IV.

1484 944 1816 1005 FOBTUNA
1855 939 2225 1000 DOCTRINA'S
2264 935 2727 997 ORIGENIANAS.

546 1244 764 1299 Csems
795 1258 992 1306 QUARTI
1025 1236 1573 1296 narrum—Tribus
1602 1232 1933 1289 sectionibus
1965 1239 2179 1306 constat
2201 1239 2358 1306 caput
2394 1230 2557 1285 istud.
2600 1229 2641 1285 1.
2675 1230 2922 1306 Egplicat
2971 1232 3096 1306 quid
3124 1233 3457 1306 Origeniana
3494 1233 3741 1306 doctrina

476 1315 531 1370 in
560 1316 783 1369 Oriente
803 1301 981 1381 ~passa
1019 1314 1087 1365 sit
1116 1313 1186 1364 ab
1219 1308 1469 1381 Origenis
1504 1306 1675 1381 ipsius
1704 1312 1893 1381 aetate,
1927 1301 2010 1381 ad_
2044 1301 2659 1381 altercatiouemnusque
2712 1301 3023 1381 Hieronymi
3064 1314 3118 1357 et
3164 1303 3342 1357 Ruﬁni
3370 1319 3385 1367 ;
3420 1314 3537 1381 tu_m
3582 1305 3740 1358 etiam

475 1369 707 1455 quanam
745 1385 795 1435 in
827 1369 1118 1455 Occidente
1153 1369 1365 1433 fortuna
1384 1369 1722 1455 jactauzsit.
1752 1370 2108 1455 Il.n(_lontinet
2154 1370 2416 1455 quidqttid
2444 1369 2764 1441 Origenismi
2786 1369 2974 1455 causa.
3001 1383 3180 1455 actum
3220 1384 3346 1454 est,
3388 1372 3743 1455 a_'_l‘beopbili

475 1440 696 1508 dissidio
741 1468 861 1507 cum
893 1451 1138 1521 Egyptis
1186 1440 1466 1502 tuorum-liis
1489 1456 1543 1500 et
1578 1440 1796 1521 joaune
1829 1443 2235 1521 Cbrysostonto,
2279 1441 2345 1493 ad
2390 1440 2629 1521 tempora
2673 1442 2867 1513 synodi
2915 1443 3400 1499 Chalcedonensis.
3436 1442 3528 1499 lll.
3568 1440 3741 1499 Abea

476 1532 823 1594 tempestate,
858 1525 925 1578 ad
959 1511 1099 1577 hanc
1125 1533 1296 1590 usque
1327 1526 1541 1572 aetatem
1569 1514 1898 1585 Origenismi
1925 1513 2191 1567 fortunam
2224 1511 2587 1580 persequitur.

997 1813 1244 1870 SECTIO
1281 1810 1517 1865 PRIMA.
2076 1801 2125 1857 Α
2153 1800 2359 1857 honore
2391 1801 2534 1857 bunc
2564 1803 2835 1871 exuendo,
2868 1812 2923 1860 et
2961 1804 3029 1860 ab
3062 1805 3317 1861 Ecclesiae
3352 1768 3741 1863 communione

476 1913 515 1966 I.
555 1908 915 1966 Procellarum
950 1911 1198 1963 adversus
1239 1906 1481 1974 Origenis
1506 1902 1797 1957 etiamnum
1827 1897 2046 1974 viventis

546 1984 848 2035 doctrinam
884 1981 1209 2034 concitarum
1237 1970 1397 2031 series
1434 1974 1737 2027 summatim
1768 1970 2042 2037 repetitur.

550 2053 612 2106 ll.
661 2051 857 2105 Sedata
893 2049 1144 2113 Origenis
1193 2056 1359 2099 morte
1408 2046 1530 2097 odia
1585 2059 1688 2093 non
1736 2041 1899 2113 multo
1929 2048 2046 2104 post

547 2124 938 2175 recrudescunt.
970 2108 1053 2172 III.
1088 2116 1295 2171 Pierius
1348 2112 1739 2168 Alexandrinus
1796 2108 2047 2177 Origenes

541 2192 728 2260 jnnior
775 2192 965 2243 dictus.
1024 2188 1422 2260 Theognns‘tum-
1448 2181 1868 2260 Aleqandrinunt
1911 2180 2048 2233 inter

549 2250 793 2330 Drigenis
821 2262 1049 2313 asseclas
1084 2250 1242 2330 ponit
1270 2255 1511 2330 Pliotius.
1550 2251 1642 2330 μγ.
1671 2250 1886 2329 Arianis
1918 2258 2047 2301 tem-

547 2320 761 2398 poribus
793 2330 1038 2397 Origenis
1075 2320 1318 2398 doctrina
1339 2325 1509 2398 denuo
1544 2320 1840 2398 impugnari
1882 2329 2047 2398 cat/ita

546 2390 620 2453 est
661 2406 724 2453 ab
752 2390 1076 2459 ori/toiloxis,
1103 2398 1241 2466 quod
1269 2396 1380 2465 ejus
1404 2394 1502 2447 sibi
1529 2390 1879 2466 patrocinium
1910 2391 2049 2441 asci-

542 2481 741 2522 scerent
786 2470 1011 2522 Ariani:
1071 2460 1132 2520 νζ
1158 2460 1315 2536 quam
1361 2460 2049 2536 tamen»benignejnterpre-

552 2542 658 2593 tari
689 2546 987 2591 maluerunt
1024 2528 1362 2599 Athanasius,
1393 2534 1624 2587 Basilius
1677 2528 1725 2584 et
1760 2528 2047 2599 Gregorius

552 2608 947 2662 Nazianzenus.
982 2606 1066 2661 Vl.
1102 2596 1452 2674 Origenianas
1490 2610 1672 2674 partes
1700 2608 1919 2674 tuentur
1945 2596 2048 2674 _lIi-

550 2680 739 2740 larius,
783 2675 1051 2743 Euzoius,
1083 2669 1229 2729 Titus
1256 2669 1577 2743 Βοδινεηὶιδ-2
1610 2669 2048 2743 Didymus,}m-

549 2736 776 2813 brosins,
827 2736 1084 2800 Eusebius
1140 2743 1499 2805 Vercellensis,
1539 2736 1839 2813 Victorinus
1889 2736 2050 2813 P_e_ta-

548 2810 835 2878 bionens—is,
867 2815 1151 2886 Gregorius
1185 2814 1456 2884 Ngssenus
1477 2854 1491 2875 ,
1521 2822 1568 2864 et
1598 2811 1707 2886 ipse
1742 2810 2051 2886 etiam-Hie-

549 2876 940 2957 ranymus,‘qui
973 2876 1212 2957 "subinde
1240 2876 1423 2957 tamen
1462 2880 1683 2934 mutavit
1727 2876 2047 2957 consilium;

547 2946 680 3025 qua}
713 2946 1011 3026 oppugnant
1038 2954 1341 3026 Theodorus
1370 2950 1789 3026 Mopsuestenus,
1815 2957 1862 3000 et
1890 2946 2052 3026 Apol-

559 3020 788 3082 linaris.
811 3020 918 3079 VII.
948 3026 1150 3094 Duplex
1191 3024 1636 3094 Urigenislarumn
1656 3034 1839 3094 genus,
1870 3020 2050 3094 ortno-

552 3100 807 3149 donorum
844 3106 894 3149 et
924 3088 1379 3149 heterodoxorum.
1416 3090 1551 3145 VIII.
1597 3088 1909 3157 Origenistae
1957 3088 2046 3139 Ite-

552 3168 795 3219 terodoxi
844 3182 908 3219 ex
935 3164 1155 3236 ngypti
1197 3155 2047 3236 monasteriis-fereprodierunt.
2083 3161 2124 3215 Β

559 3237 647 3290 IX.
671 3236 894 3290 Joannis
922 3226 1354 3294 Jerb'solymitani
1381 3249 1497 3285 cum
1523 3226 1815 3294 Epiphanio
1842 3235 1889 3279 et
1922 3226 2049 3279 Ilie-

559 3252 647 3290 ΙᾹ.
671 3252 894 3290 Joannis
922 3252 1124 3289 Jeroso'
1172 3252 1352 3286 inuam
1381 3252 1497 3285 cum
1523 3252 1815 3294 Lptpuumu
1842 3252 1889 3279 et
1922 3252 1962 3278 ιι
1976 3252 2049 3279 w-

554 3324 770 3375 ronymo
809 3308 1103 3369 dissensio;
1250 3314 1298 3375 et
1329 3300 1634 3375 Hieronymi
1662 3313 1779 3375 cum
1804 3296 2004 3375 fin/ina
2031 3308 2051 3346 :

556 3367 805 3446 lequos
831 3377 887 3429 in
920 3367 1141 3446 gratiam
1167 3374 1412 3446 reducere
1444 3367 1660 3446 student
1689 3367 1976 3446 Archelaus
2002 3374 2051 3419 et

555 3434 892 3514 Theophilus.
920 3434 1036 3497 XII.
1076 3443 1269 3513 Scribit
1317 3443 1387 3514 ad
1432 3440 1829 3514 Pontinae/tium
1861 3434 2053 3514 (liere-

554 3503 739 3583 uyntus
784 3517 1030 3567 adversus
1072 3503 1273 3566 errores
1294 3510 1536 3583 Ioannis
1575 3506 2050 3583 Jerosolymitani;

557 3578 691 3637 XIII.
726 3595 773 3637 et
800 3586 867 3635 ad
904 3583 1264 3649 Theophilum.
1293 3579 1430 3634 XIV.
1472 3578 1819 3649 Augustinum
1842 3592 2056 3649 quoque

553 3670 647 3721 per
672 3654 875 3708 litteras
906 3655 969 3705 ab
1001 3644 1331 3721 Origenismo
1367 3644 1649 3721 absterret.
1678 3644 2054 3721 XV.__iiomam_

556 3714 831 3778 revertitur
863 3714 1250 3776 Melania'cum
1294 3721 1479 3774 comite
1528 3716 1754 3785 Ruﬁno;
1785 3714 1922 3770 XVI.
1966 3718 2055 3783 qui

555 3810 674 3847 cum
717 3793 1051 3863 Apologiatu
1078 3789 1366 3860 Pamphili,
1402 3788 1638 3863 libellum
1674 3787 1750 3840 De
1785 3786 2058 3863 adultera-

556 3866 701 3933 tione
740 3855 972 3933 Operum
1020 3855 1290 3932 Origcnis,
1330 3858 1532 3933 et__ejus
1569 3856 1738 3933 libros
1776 3856 1915 3923 Περὶ
1950 3855 2056 3923 dp-

557 3932 701 4002 χῶν,
730 3927 937 3986 ἱηήνὺε
964 3927 1297 4009 ρυὸιὶἱαεξει,
1324 3948 1354 3982 a
1380 3927 1634 3982 Marcella
1667 3941 1929 3995 repressus
1957 3938 2053 3979 est.

559 4004 719 4057 XVII.
749 4004 951 4057 Certior
971 4008 1035 4054 de
1051 4005 1131 4055 his
1159 4001 1329 4057 factus
1358 4001 1711 4057 Hieronymus
1743 3998 1901 4050 libros
1920 3996 2058 4057 Περὶ

559 4004 719 4057 XVII.
749 4004 951 4057 Certior
971 4008 1035 4054 de
1051 4005 1131 4055 his
1158 4001 1329 4070 frictus
1358 4001 1711 4068 Hieronymus
1743 4001 1901 4050 libros
1920 4001 2058 4066 Περὶ

554 4074 759 4143 ἀρχῶν
801 4076 1192 4143 interpretatur.
1241 4071 1426 4143 XVIII.
1482 4067 1831 4143 Tresﬂlibros
1876 4080 2058 4143 contra

560 4136 944 4212 Hieronymum
996 4142 1175 4194 scribit
1224 4136 1697 4212 ﬁuﬁnus.__X_IX_._
1746 4140 2058 4212 Anastasius

556 4233 692 4284 papa
729 4206 1179 4284 dinnnatierrores
1206 4206 1473 4284 Origenis.
1499 4208 1624 4284 XX.
1652 4208 1721 4260 Et
1746 4211 1916 4284 ipsum
1948 4206 2060 4259 llu-

555 4279 744 4353 ﬁnum.
768 4281 910 4338 XXI.
938 4283 1292 4353 Hieronymus
1313 4279 1369 4333 et
1398 4279 1620 4347 Ruﬁnus
1652 4279 1858 4353 script-is
1878 4288 2058 4353 mutuo

560 4346 612 4408 se
649 4356 932 4408 lacessunt.
967 4346 1388 4405 XXIIIMortem
1423 4346 1667 4417 oppetunt
1714 4346 1946 4417 Melania
1979 4362 2061 4417 se-

560 4425 698 4487 nior,
731 4435 778 4477 et
816 4422 1057 4491 Ruﬁnus.
1089 4420 1273 4474 XXIII.
1310 4415 1649 4491 origanismi
1676 4415 2059 4491 traduxmlfelnf

559 4483 851 4581 qianisnius
876 4483 1816 4581 ,'.i'elagiaitisiitianestorinnismusj
1868 4483 2055 4581 XXIV.
2088 4523 2130 4581 Ο

563 4557 877 4616 Βεηαισὶιιιν
904 4564 957 4615 in
998 4557 1258 4628 Hispania
1299 4558 1681 4627 Origenismus,
1721 4558 1812 4628 sed
1845 4557 2061 4608 eliditur

558 4649 717 4701 opera
741 4632 1021 4699 Augustini
1051 4648 1071 4695 ;
1100 4625 1413 4697 penitusque
1436 4628 1645 4681 tandem
1682 4628 1737 4680 in
1777 4625 2060 4682 Occidente

558 4702 896 4772 proﬂigetur.

561 4796 603 4851 Ι.
651 4797 823 4864 Quam
874 4793 1023 4848 varia
1093 4791 1370 4848 hominum
1428 4788 1629 4860 judicia
1684 4797 1740 4843 et
1784 4787 2066 4843 voluntate

488 4898 709 4960 experta
761 4888 836 4943 sit
889 4886 1144 4957 Origenis
1193 4885 1436 4939 doctrina
1498 4883 1777 4948 dicturos,
1836 4886 2064 4953 paucula

488 4984 733 5053 quaedam
792 4988 1041 5049 repetere
1094 4988 1343 5050 oportet,
1397 4978 1672 5048 praemissa
1713 4977 1824 5045 jam
1876 4994 1906 5031 a
1964 4995 2066 5033 uo-

487 5076 593 5142 bis,
633 5091 757 5131 cum
798 5075 969 5145 ipsius
1002 5076 1165 5128 vitam
1202 5072 1590 5127 scriberemus.
1629 5072 2063 5127 Demonstratum

489 5182 575 5229 est
612 5182 791 5228 autem
825 5172 1103 5225 turbarum
1144 5170 1408 5233 oumiutn,
1436 5182 1555 5235 qua:
1594 5167 1855 5219 adversus
1877 5161 2066 5233 Orige-

492 5281 615 5319 nem
654 5278 848 5334 magno
892 5262 1151 5317 Ecclesiae
1201 5259 1526 5315 detrimento
1580 5259 1861 5312 concitatae
1914 5267 2063 5317 sunt,

491 5366 766 5411 auctorem
799 5364 853 5409 et
899 5354 1231 5408 iucentnrem
1268 5352 1429 5406 fuisse
1459 5348 1797 5404 Demetrium
1828 5349 2064 5402 Alexan-

489 5447 728 5504 drinum.
760 5446 892 5499 Nam
925 5461 1047 5501 cum
1075 5447 1141 5501 ab
1164 5447 1473 5500 Alexandro
1503 5443 1982 5513 Jerosolymorum,
2011 5448 2066 5493 et

492 5538 802 5594 'l‘beoctisto
831 5538 1089 5593 Ciesarea:
1126 5538 1396 5606 episcopis
1444 5534 1764 5604 presbyterii
1819 5532 2065 5585 ordinem

493 5633 853 5699 suscepisset,
905 5647 1049 5700 aegre
1095 5630 1261 5684 Iatum
1307 5645 1335 5682 a
1390 5628 1696 5691 Demetrio,
1744 5638 1798 5681 et
1844 5628 1896 5680 iu
1941 5641 2064 5680 eum

494 5738 681 5776 severe
705 5722 993 5776 admodum
1018 5721 1320 5775 consultum
1344 5730 1448 5784 est,
1464 5714 1569 5789 qua
1594 5718 1840 5773 ludibriis
1860 5729 2069 5772 castra-

498 5812 696 5865 tionem
738 5812 905 5880 ipsius
936 5812 1296 5880 propinando,
1326 5827 1427 5879 qua
1458 5826 1553 5879 per
1575 5809 1836 5879 synodum
1864 5824 1931 5863 ex
1955 5809 2051 5862 ali-

501 5910 632 5971 quot
669 5899 881 5977 Egypti
927 5901 1192 5972 episcopis
1235 5917 1264 5955 a
1310 5916 1368 5956 se
1414 5899 1697 5956 conﬂatam
1730 5901 2055 5968 presbyterii

2148 1894 2416 1960 arcendo;
2462 1908 2583 1949 cum
2629 1897 2739 1963 jam
2775 1913 2898 1952 eum
2950 1897 3175 1952 docendi
3215 1914 3448 1952 munere
3481 1897 3741 1953 abdican-

2148 1988 2297 2051 dum,
2348 1995 2411 2040 ει·
2459 1986 2785 2041 Alexandria
2840 1988 3272 2042 submovendum
3332 1988 3440 2042 alia
3502 1990 3740 2058 synodus

2148 2079 2435 2133 sanxisset.
2476 2076 2607 2131 Tam
2639 2079 2794 2147 gravi
2828 2090 3006 2134 autem
3040 2080 3321 2134 bomiuum
3357 2080 3631 2151 ﬂagrabat
3664 2082 3742 2136 iu-

2151 2169 2313 2233 vidia,
2363 2177 2421 2223 ut
2474 2172 2803 2240 synodorum
2852 2170 3065 2224 illarum
3115 2171 3352 2226 decretis
3405 2173 3741 2227 consentiret

2150 2260 2432 2314 universus
2458 2262 2630 2323 orbis,
2656 2272 2882 2331 excepta
2911 2264 3219 2331 Palaestina,
3248 2265 3478 2330 Arabia,
3511 2265 3736 2321 Phoeni-

2150 2353 2231 2407 cia
2271 2363 2327 2407 et
2384 2354 2607 2409 Achaia.
2651 2354 2894 2411 Diximus
2934 2372 3148 2426 quoque
3194 2368 3631 2414 consentaneum
3664 2359 3739 2413 vi-

2149 2443 2285 2509 deri,
2326 2446 2554 2500 vexandi
2595 2445 2711 2515 ejus
2769 2448 3125 2517 uudequaque
3163 2462 3359 2504 causas
3404 2458 3739 2519 quaerentem

2150 2536 2507 2604 Demetrium,
2553 2538 2837 2608 opiniones
2887 2546 2956 2595 ob
2991 2540 3284 2593 novitatem
3334 2549 3652 2609 suspectas,
3684 2549 3738 2593 et

2149 2631 2218 2686 ab
2270 2630 2523 2685 Ecclesia:
2567 2646 2666 2686 usu
2718 2630 2928 2686 alienas
2979 2632 3327 2696 traduxisse,
3386 2647 3454 2686 ac
3515 2630 3738 2685 forsitan

2150 2723 2481 2777 damnasse:
2514 2722 2786 2777 Demetrio
2824 2731 3004 2776 autem
3046 2722 3382 2776 successisse
3428 2720 3740 2787 Heraclam,

2151 2811 2392 2867 lleracke
2425 2812 2740 2883 Dionysium
2772 2814 2987 2881 Origeni
3020 2811 3319 2878 faventem,
3358 2826 3463 2868 nec
3496 2813 3742 2867 concitas

2149 2912 2328 2960 tamen
2363 2904 2622 2959 adversus
2657 2904 2944 2975 Origenem
2982 2903 3250 2973 procellas
3289 2903 3558 2958 Demetrii
3591 2903 3739 2959 obitu

2150 2995 2318 3051 fuisse
2349 2997 2678 3065 consopitas,
2712 2995 3218 3066 ingravescentibus
3248 2994 3550 3051 multorum
3581 2995 3737 3060 odiis,

2152 3104 2286 3157 quos
2310 3089 2501 3143 urebat
2528 3088 2695 3157 ipsius
2727 3086 2920 3157 gloria.
2954 3086 3219 3142 Patebant
3243 3087 3523 3155 praecipue
3552 3086 3737 3140 horam

2157 3179 2648 3234 insimulationibus
2685 3178 2853 3248 ipsius
2884 3176 3089 3246 Opera;
3123 3192 3245 3248 qua:
3276 3178 3365 3237 vel
3401 3192 3471 3232 ex
3503 3186 3740 3245 tempore

2156 3272 2406 3336 recitata,
2436 3279 2491 3326 et
2519 3285 2586 3326 ex
2613 3285 2707 3325 ore
2733 3269 3109 3325 couciuuautis
3132 3279 3388 3337 excepta,
3421 3284 3490 3323 ac
3522 3268 3741 3337 proinde

2157 3380 2261 3418 uon
2298 3365 2431 3420 satis
2465 3363 2798 3433 pensiculate
2838 3361 3172 3431 composita;
3219 3362 3306 3415 vel
3347 3361 3416 3414 ad
3454 3362 3738 3415 instituen—

2157 3458 2284 3511 dum
2334 3464 2545 3510 secreto
2592 3453 2955 3516 Ambrosium,
3000 3466 3108 3505 non
3162 3452 3215 3505 in
3251 3451 3533 3520 publicam
3567 3449 3736 3505 lucem

2158 3549 2460 3615 lucubrata,
2500 3556 2554 3603 et
2604 3555 2798 3618 printer
2826 3543 3076 3614 Origenis
3111 3554 3295 3597 tamen
3347 3541 3639 3597 consilium
3675 3538 3738 3593 ab

2156 3643 2444 3699 Ambrosio
2476 3641 2782 3710 publicata;
2819 3637 2900 3693 vel
2937 3638 3296 3692 immoderato
3338 3634 3544 3704 ingenii
3584 3633 3733 3687 lusu-

2158 3736 2349 3792 riautis
2376 3736 2560 3790 calore
2594 3732 2834 3802 profusa,
2869 3729 3260 3785 malevolorum
3288 3724 3732 3796 castigationibus

2158 3832 2388 3885 obnoxia
2434 3837 2625 3889 erant;
2670 3841 2792 3880 cum
2842 3822 3145 3893 praesertim
3199 3818 3529 3874 adulteratis
3575 3817 3734 3886 ipsius

2158 3917 2428 3986 Operibus
2461 3930 2592 3969 suos
2620 3915 2783 3969 etiam
2818 3927 3033 3966 errores
3066 3910 3308 3965 haeretici
3358 3908 3734 3970 inseruissem,

2161 4020 2220 4064 ut
2252 4009 2509 4063 diximus.
2554 4006 2659 4073 Sed
2706 4020 2806 4061 nec
2855 4004 3013 4058 facile
3047 4004 3197 4058 dictu
3246 4013 3352 4068 εει,
3404 3997 3735 4069 majorineei

2160 4105 2359 4159 fuerint
2390 4102 2715 4158 detrimento
2745 4098 3026 4153 calumnia:
3057 4098 3391 4163 invidorum,
3419 4110 3486 4148 an
3518 4091 3732 4147 inﬁnite

2161 4200 2461 4252 amicorum
2492 4194 2681 4248 laudes
2724 4202 2781 4246 et
2820 4192 3110 4260 praeconia,
3152 4188 3350 4256 quibus
3402 4184 3734 4240 adversario-

2164 4306 2281 4345 rum
2318 4286 2698 4344 malevolentia
2732 4284 3048 4339 acuebatur.
3100 4299 3120 4333 ι
3145 4281 3338 4336 Nonne
3370 4280 3490 4343 tibi,
3516 4298 3534 4330 ι
3568 4278 3736 4346 inquit

2163 4381 2422 4452 Origenes
2449 4378 2637 4434 homil.
2669 4376 2741 4430 25
2770 4377 2825 4430 in
2871 4374 3003 4428 Luc.
3041 4393 3060 4425 s
3102 4388 3293 4428 omnes
3336 4373 3589 4425 videntur
3619 4366 3735 4438 plus

2166 4489 2376 4528 amasse
2412 4487 2575 4540 quam
2612 4470 2853 4538 expedit.
2877 4477 2931 4522 et
2958 4467 3082 4521 dum
3118 4466 3376 4520 virtutem
3410 4459 3734 4529 uniuscujus-

2165 4583 2270 4636 que
2320 4566 2605 4629 mirantur,
2661 4561 2967 4616 dilectionis
3030 4559 3334 4628 perdidisse
3398 4549 3735 4611 mensuram?

2165 4657 2314 4724 Quod
2356 4654 2572 4723 quidem
2612 4653 2666 4707 in
2713 4652 2948 4708 Ecclesia
2990 4651 3264 4720 patimur;
3319 4648 3563 4717 plerique
3595 4644 3729 4699 enim

2166 4753 2289 4804 dum
2321 4749 2439 4817 plus
2471 4748 2703 4818 diligunt
2750 4762 2910 4817 quant
2950 4757 3242 4805 meremur,
3277 4742 3393 4795 haec
3419 4739 3640 4809 jactant,
3676 4742 3733 4787 et

2165 4842 2476 4911 loquuntur,
2514 4853 2791 4894 sermones
2814 4844 3036 4891 nostros
3073 4833 3489 4900 doctrinamque
3514 4827 3729 4882 laudan-

2167 4944 2273 4997 tes,
2305 4951 2426 5003 qua:
2453 4932 2785 4989 conscientia
2825 4939 3013 4984 nostra
3063 4944 3169 4982 non
3220 4925 3436 4995 recipit.
3468 4922 3568 4977 Alii
3606 4930 3734 4973 vero

2168 5037 2432 5084 tractatus
2488 5036 2704 5082 nostros
2739 5024 3136 5081 calumniantes
3181 5036 3246 5074 ea
3278 5020 3483 5074 sentire
3510 5030 3603 5070 nos
3629 5012 3736 5066 cri-

2168 5122 2465 5184 minantur,
2496 5133 2616 5188 qua:
2666 5130 2941 5184 nunquam
2985 5112 3226 5167 sensisse
3275 5124 3377 5163 nos
3422 5105 3673 5160 novimus.
3705 5117 3728 5151 s

2166 5212 2463 5269 Calumniis
2505 5213 2689 5279 itaque
2743 5207 3015 5277 appetitus
3055 5202 3344 5272 Origenes,
3384 5208 3440 5252 et
3481 5205 3731 5249 novorum

2169 5304 2477 5373 dogmatum
2504 5309 2809 5369 suspectus,
2840 5296 3047 5366 sparsis
3078 5295 3148 5348 de
3181 5307 3241 5347 se
3283 5286 3585 5345 rumoribus
3614 5296 3731 5334 ma-

2170 5405 2289 5451 ture
2316 5395 2569 5461 occurrit,
2596 5394 2796 5459 scripta
2828 5390 2896 5444 ad
2924 5387 3221 5441 Fabianum
3250 5399 3467 5453 papam,
3497 5378 3732 5444 aliosque

2168 5488 2429 5559 praesules
2462 5487 2709 5557 epistola,
2751 5499 2859 5555 qua
2902 5481 3228 5539 sententiam
3274 5494 3428 5534 suam
3471 5476 3535 5529 de
3576 5471 3731 5526 rebus

2166 5581 2365 5637 divinis
2393 5580 2707 5636 declaravit.

2238 5714 2305 5769 II.
2332 5714 2453 5771 Vita
2500 5716 2739 5768 Iunctum
2778 5709 3025 5762 laudibus
3064 5714 3383 5776 prosecutus
3423 5710 3502 5756 est
3538 5697 3735 5763 Diony-

2172 5810 2284 5862 sius
2323 5804 2719 5861 Alexandrinus
2764 5802 2815 5855 iu
2860 5800 3084 5869 epistola
3126 5795 3192 5850 ad
3223 5795 3600 5851 Tbeotecuum,
3629 5798 3736 5838 seu

2170 5902 2535 5960 'l’hcoctistum
2565 5897 2953 5955 Caesariensem
2989 5892 3324 5953 episcopum,
3368 5896 3425 5943 ut
3458 5900 3489 5941 a
3521 5878 3736 5938 Gobaro
