3906 6528
141 452 274 507 Hi";

1051 445 1622 505 ORIGENIANORUM
1665 447 1795 503 LIB.
1838 450 1905 515 li,
1946 450 2100 506 CAP.
2142 450 2234 516 IV,
2280 450 2475 507 SECT.
2516 452 2560 506 Ι.

3243 450 3380 506 1118

137 563 275 633 apud
316 559 562 615 Photium
613 559 734 615 cod.
760 575 997 625 ccxxx",
1032 564 1298 631 proditum
1324 574 1426 618 est.
1472 566 1537 619 Et
1576 580 1707 621 vero
1737 577 1779 630 Α
1812 568 1978 622 ferme
2016 568 2341 623 Adamantio
2384 569 2835 623 adhrerescerent.
2890 566 3061 635 Quem
3120 579 3297 623 tamen
3348 582 3379 621 a

137 670 273 724 quas
309 654 461 708 vivus
513 652 813 707 animorum
866 654 1048 707 turbas
1089 655 1367 708 exciverat
1412 655 1696 726 Origenes,

137 744 456 798 morientem
500 742 823 798 restinxisse
860 743 1121 798 credibile
1176 754 1292 810 est;
1356 745 1501 798 nulla
1552 746 1697 800 cutim

134 835 533 906 perseverantis
557 843 681 904 post
725 833 843 902 ejus
872 835 1076 889 obitum
1110 835 1218 890 odii
1254 835 1450 891 indicia
1489 845 1703 892 veteres

138 930 299 983 nobis
342 927 615 981 memoria:
661 925 1030 994 suppeditant.
1072 925 1177 981 Sed
1222 941 1329 981 non
1378 928 1547 983 multo
1580 936 1704 997 post

136 1020 189 1073 in
220 1016 566 1086 superstitem
590 1014 707 1083 ejus
749 1015 953 1070 famam
1000 1031 1150 1071 novae
1179 1025 1525 1086 tempestates
1549 1019 1701 1073 iucu-

135 1109 383 1161 buerunt.
430 1104 671 1160 Primum
714 1119 781 1159 eo
806 1106 1077 1161 exstincto
1117 1106 1446 1161 Methodium
1476 1107 1698 1179 Tyrium

133 1198 444 1267 episcopum
475 1196 787 1250 Diocletiani
828 1198 1159 1266 temporibus
1183 1196 1488 1253 doctrinam
1530 1200 1700 1269 ipsius

132 1290 475 1359 impugnasse
516 1288 725 1357 reperio
750 1306 764 1342 :
788 1297 975 1342 narrat
1018 1289 1215 1359 quippe
1256 1289 1617 1361 Hieronymus
1647 1292 1699 1345 in

132 1381 256 1436 libr.
298 1380 373 1434 De
404 1381 587 1448 script.
628 1379 834 1445 eodem,
872 1394 994 1450 cap.
1044 1381 1132 1444 94,
1163 1382 1397 1451 scriptos
1440 1382 1605 1437 fuisse
1633 1384 1703 1438 ab

131 1487 196 1528 eo
231 1474 398 1528 libros
421 1474 498 1529 De
525 1477 901 1530 resurrectione
928 1485 1118 1531 contra
1149 1475 1459 1547 Origenem,
1486 1478 1562 1533 De
1588 1477 1702 1549 Py-

131 1566 388 1631 thoniua,
440 1575 497 1620 et
513 1565 592 1621 De
616 1567 827 1620 arbitrii
855 1567 1115 1623 libertate.
1145 1569 1336 1637 Operis
1361 1569 1439 1623 De
1468 1588 1701 1626 resurre-

130 1659 297 1711 ctione
311 1657 670 1728 fragmentum
691 1659 900 1729 insigne
925 1657 1158 1715 Panario
1184 1676 1286 1716 suo
1315 1662 1546 1718 intexuit
1572 1664 1701 1734 Epi-

130 1749 359 1818 phanius
392 1752 522 1806 batr.
548 1751 639 1816 64,
656 1750 806 1821 cujus
826 1762 1077 1822 excerpta
1098 1753 1259 1808 etiam
1296 1758 1703 1824 repraesentavit

129 1838 353 1895 Photius
380 1843 501 1898 cod.
546 1858 801 1899 ccxxxtv.
832 1843 990 1914 idem]
1010 1846 1132 1899 cod.
1160 1860 1413 1913 ccxxxv,
1447 1858 1698 1918 excerpta

1803 660 1963 714 Petro
1996 660 2360 714 Alexandrino
2389 662 2640 728 episcopo
2670 671 2725 714 et
2751 670 3014 730 martyre,
3047 659 3138 723 qui
3168 657 3379 712 Metho—

1800 749 1872 801 dii
1906 750 2049 802 aetati
2096 764 2295 819 suppar
2350 749 2469 813 fuit,
2504 748 2643 802 male
2682 748 2923 802 habitum
2969 748 3201 817 reperio.
3238 745 3379 799 Loca

1800 837 2043 905 quaedam
2076 853 2141 891 ex
2184 838 2357 906 ipsius
2395 838 2549 891 libris
2587 836 2795 901 profert
2820 835 3163 889 Justinianus
3188 834 3239 887 in
3264 834 3381 903 epi-

1800 929 1937 983 stola
1968 929 2032 981 ad
2070 928 2302 992 Menam,
2342 929 2481 983 unde
2508 944 2670 998 quam
2705 927 2948 981 infensus
2981 926 3085 993 ipsi
3116 925 3381 978 adversus

1801 1021 2088 1090 Origenem
2135 1021 2348 1075 animus
2393 1021 2572 1083 fuerit,
2618 1019 2954 1088 intelligitur.
3008 1016 3159 1072 Tunc
3194 1028 3377 1070 autem

1803 1113 1946 1167 inter
1996 1122 2294 1169 sectatores
2343 1111 2588 1183 Origenis
2634 1112 2976 1167 Alexandriae
3016 1110 3246 1165 ﬂorebat
3298 1108 3381 1163 vir

1802 1207 1979 1275 magni
2022 1206 2257 1259 nominis
2298 1205 2509 1259 Pierius
2541 1206 2844 1275 presbyter,
2878 1217 3037 1272 quem
3076 1217 3199 1256 rara
3244 1217 3377 1254 eru-

1801 1294 1958 1359 ditio,
1989 1295 2290 1349 indefessus
2317 1295 2487 1357 labor,
2525 1293 2654 1348 felix
2681 1293 2984 1362 ingenium,
3010 1292 3382 1361 temperantiae

1801 1400 1866 1441 ac
1897 1386 2228 1454 paupertatis
2253 1385 2515 1448 studium,
2545 1385 2703 1439 utiles
2741 1392 2799 1439 et
2826 1382 3081 1453 jucunda:
3111 1384 3180 1437 ad
3208 1396 3379 1452 popu-

1803 1474 1910 1529 lum
1961 1476 2251 1530 conciones
2300 1482 2508 1528 tantum
2561 1474 3043 1537 commendarunt,
3074 1481 3133 1525 ut
3194 1471 3381 1539 iunior

1802 1567 2061 1637 Origenes
2120 1568 2442 1622 diceretur:
2479 1566 2633 1635 quasi
2689 1566 2742 1619 in
2796 1580 2862 1619 ea
2910 1565 3104 1628 laude,
3156 1562 3378 1617 laudum

1801 1658 2063 1725 omnium,
2084 1674 2205 1727 qua:
2230 1657 2653 1713 ecclesiasticum
2684 1658 2859 1710 virum
2885 1656 3136 1718 deceant,
3167 1667 3381 1708 summa

1803 1745 2339 1805 corttineretur;'liv
2380 1748 2490 1820 γὰρ
2518 1748 2638 1801 τότε
2676 1748 2734 1799 ὲν
2780 1750 2892 1810 τοῖς
2933 1745 3379 1815 ἀξιολογωτάτοις

1816 1841 2123 1912 Ὠριγένης.
2171 1860 2191 1893 ι
2217 1841 2367 1895 Tunc
2403 1842 2547 1896 enim
2592 1842 2731 1894 inter
2763 1839 3145 1895 celeberrimos
3187 1836 3381 1907 Orige-

127 1931 280 1986 all'ert
305 1949 370 1988 ex
401 1935 640 2004 ejusdem
670 1935 861 2005 Ecloga
894 1938 1024 2008 περὶ
1061 1936 1170 1991 τῶν
1192 1938 1459 2011 γενητῶν·
1494 1950 1550 1996 et
1574 1941 1693 1995 cod.

1805 1950 1898 1990 nes
1930 1937 2292 1999 habebatur”
2331 1934 2503 2003 inquit
2544 1933 2769 1987 Photius
2813 1931 2933 1987 cod.
2970 1947 3117 1994 ειμι,
3167 1930 3255 1983 ubi
3311 1930 3379 1983 de

126 2038 377 2092 ccxxxvt,
396 2027 523 2099 περὶ
536 2027 629 2081 τοῦ
643 2027 1005 2094 αὑτεξουσίου,
1020 2030 1212 2099 quibus
1225 2030 1474 2101 Origenis
1484 2032 1700 2102 dogma-

131 2126 182 2169 ta
214 2120 1117 2190 castigantur.Ateumsuidemum
1144 2123 1329 2191 judicii
1361 2125 1694 2195 paenituisse,

128 2218 179 2262 et
202 2210 349 2264 velut
369 2212 694 2279 palinodiam
718 2224 998 2269 canentem
1018 2216 1401 2271 admiratorem
1425 2233 1485 2274 se
1505 2216 1696 2288 Orige-

128 2300 207 2356 nis
241 2301 547 2371 professum
568 2318 688 2360 esse
713 2304 764 2359 in
790 2305 1008 2377 Dialogo
1021 2322 1182 2377 quem
1204 2306 1480 2364 Xenonem
1504 2310 1697 2365 inscri-

126 2393 248 2459 psit,
278 2402 471 2448 auctor
495 2404 579 2449 est
609 2395 861 2452 Socrates
883 2397 1007 2453 libr.
1039 2414 1113 2466 vt,
1141 2414 1262 2470 cap.
1315 2400 1403 2456 13.
1442 2401 1558 2473 (51)
1591 2401 1697 2459 Sed

128 2480 338 2536 Socrati
395 2485 715 2540 contradicit
763 2486 1025 2545 Baronius
1070 2491 1137 2547 ad
1184 2507 1275 2549 an.
1332 2492 1481 2559 402,
1544 2510 1696 2549 men-

131 2574 380 2644 daciiquc
406 2591 554 2632 reum
588 2579 797 2649 peragit
827 2580 928 2635 hoc
961 2592 1301 2651 argumento,
1327 2586 1482 2655 quod
1509 2585 1697 2641 lauda-

128 2674 234 2719 tum
267 2668 446 2737 primo
472 2686 500 2723 a
534 2685 592 2725 se
619 2669 905 2741 Origenem
942 2685 1129 2743 postea
1166 2677 1439 2733 damnarit
1484 2678 1696 2735 Metho-

126 2756 241 2810 dius
264 2798 281 2822 ,
323 2768 381 2812 ut
410 2758 674 2817 Eusebius
704 2765 869 2819 tradit
907 2766 1047 2835 apud
1086 2765 1470 2839 Hieronymum
1502 2770 1623 2825 libr.
1654 2788 1693 2839 ι,

124 2849 345 2920 Apolog.
377 2851 433 2915 in
466 2851 668 2922 Ruﬁn.,
695 2871 814 2926 cap.
850 2857 906 2921 2,
955 2866 1159 2914 tantum
1195 2859 1351 2916 abest
1375 2869 1435 2916 ut
1474 2863 1697 2918 damna-

128 2950 232 2995 tum
263 2958 295 2997 a
324 2959 382 2998 se
408 2948 607 3015 primo,
628 2948 823 3004 deinde
848 2949 1099 3005 laudarit.
1119 2951 1281 3019 Quasi
1310 2968 1417 3010 non
1443 2953 1698 3012 laudasse

126 3036 357 3103 primum
381 3035 669 3107 Origenem
698 3043 932 3111 potuerit
958 3042 1279 3109 Methodius,
1304 3056 1360 3102 et
1389 3050 1695 3117 deprehen-

128 3126 200 3181 sis
224 3129 567 3197 postmodum
601 3133 882 3188 erroribus
912 3134 1267 3205 vituperasse,
1294 3149 1351 3193 et
1378 3140 1568 3195 iisdem
1598 3143 1694 3197 de-

127 3235 264 3275 mum
324 3224 595 3280 excusatis
640 3227 706 3280 ad
768 3228 1002 3296 priorem
1059 3232 1385 3286 sententiam
1446 3235 1693 3291 rediisse.
1724 3269 1770 3330 ρ

126 3313 285 3369 Addit
314 3315 576 3373 Baronius
598 3334 663 3374 ex
694 3319 947 3376 Methodii
991 3332 1177 3378 contra
1217 3322 1501 3396 Origenem
1544 3328 1699 3383 lucu-

126 3404 460 3463 brationibus
482 3410 712 3477 plurima
730 3413 1123 3483 deprompsisse
1141 3416 1495 3486 Epiphaniam
1514 3437 1529 3487 ;
1551 3421 1698 3490 quod

128 3497 311 3553 facere
355 3501 682 3567 erubuisset,
719 3505 764 3560 si
812 3507 1005 3562 scisset
1047 3509 1328 3577 pristinam
1365 3514 1696 3567 sententiam

127 3587 452 3647 Methodium
493 3609 796 3650 revocasse.
820 3596 1036 3653 Valeret
1060 3588 1112 3653 id
1139 3614 1293 3664 sane,
1326 3601 1370 3655 si
1400 3601 1453 3655 in
1476 3601 1698 3672 Dialogo

126 3679 214 3732 illo
243 3679 473 3739 Xenone
506 3687 813 3754 scripsisset
852 3687 1178 3752 Methodius,
1219 3704 1556 3766 quacunque
1580 3712 1610 3752 a
1641 3711 1699 3752 se

126 3772 392 3830 adversus
423 3774 712 3847 Origenem
745 3777 889 3836 dicta
920 3790 1067 3849 sunt,
1106 3780 1237 3838 falsa
1268 3801 1420 3852 esse;
1458 3787 1539 3842 sin
1571 3802 1699 3842 vero

126 3868 174 3920 id
206 3868 315 3923 sibi
359 3870 526 3925 voluit
566 3873 847 3939 duntaxat,
879 3889 1093 3932 errasse
1127 3878 1347 3947 quidem
1381 3881 1694 3951 Origenem,

128 3962 216 4013 sed
255 3976 448 4017 errore
492 3962 872 4032 condonanda,
928 3968 1197 4038 nimisque
1244 3984 1431 4025 severe
1465 3986 1587 4026 eum
1635 3986 1697 4027 ac

126 4053 334 4107 duriter
367 4068 397 4106 a
428 4069 487 4109 se
531 4068 836 4125 exceptum,
885 4057 972 4111 cui
1024 4057 1210 4113 favere
1252 4060 1433 4127 potius
1482 4069 1699 4130 propter

125 4141 402 4209 pietatem,
442 4152 497 4198 et
534 4146 793 4213 praeclara
836 4145 891 4199 in
932 4146 1230 4200 Ecclesiam
1261 4148 1451 4201 merita
1481 4147 1697 4202 debuis-

124 4240 223 4298 set,
250 4246 363 4300 quo
388 4233 599 4287 tandem
627 4234 815 4289 recidit
833 4233 1051 4289 Baronii
1082 4235 1696 4296 ratiocinatio‘lPostre-

127 4336 267 4373 mum
318 4322 464 4377 illius
515 4324 778 4379 adversus
825 4324 1108 4379 Socratem
1164 4336 1542 4397 argumentum
1595 4328 1699 4384 hoc

124 4420 229 4474 est;
264 4413 602 4467 Methodiani
635 4413 846 4483 Dialogi
877 4416 1201 4470 mentionem
1243 4428 1460 4473 exstare
1492 4418 1695 4473 nullam

127 4505 260 4570 apud
310 4503 616 4570 Eusebium,
653 4507 853 4560 nullam
889 4510 1028 4576 apud
1061 4506 1338 4574 Ruﬁnum,
1378 4523 1443 4564 ac
1470 4510 1696 4578 proinde

1806 2027 1965 2082 Pierii
2014 2027 2232 2095 scriptis
2274 2026 2512 2081 disserit.
2547 2026 2691 2079 idem
2739 2025 2859 2079 cod.
2895 2039 3006 2085 cvr,
3049 2020 3375 2090 'l'heoguosti

1802 2118 2147 2174 Alexandrini
2182 2117 2585 2189 Hypotyposeon
2620 2118 2787 2171 libros
2825 2125 3029 2184 septem
3065 2125 3379 2177 recensens,

1803 2224 1925 2265 eum
1963 2211 2041 2265 ait
2075 2211 2190 2267 sive
2227 2209 2550 2276 assectandi,
2599 2210 2715 2263 sive
2754 2205 3073 2262 defendendi
3124 2203 3374 2273 Origenis

1803 2305 1980 2359 studio
2007 2306 2225 2359 ductum
2272 2304 2576 2357 decrevisse
2615 2300 2705 2355 Dei
2736 2300 2931 2354 Filium
2957 2312 3079 2353 esse
3107 2307 3379 2362 creatum,

1801 2406 1859 2451 et
1887 2397 2093 2452 ratione
2132 2394 2372 2465 praeditis
2404 2404 2612 2447 tantum
2659 2406 2913 2461 praeesse,
2956 2390 3256 2457 eademque
3304 2387 3372 2439 de

1804 2488 2007 2556 Spiritu
2041 2496 2231 2544 sancto
2255 2501 2320 2538 ac
2343 2484 2631 2553 Origenem
2666 2481 3034 2552 proposuisse,
3058 2488 3113 2534 et
3143 2492 3371 2546 corpora

1804 2578 2011 2647 angelis
2032 2576 2439 2631 acdzemonibus
2462 2578 2587 2629 item
2607 2583 2664 2627 ut
2682 2573 2829 2626 illum
2852 2572 3121 2625 tribuisse.
3137 2569 3205 2623 At
3227 2569 3379 2621 codi-

1802 2682 1865 2721 ce
1889 2675 2067 2720 tameu
2091 2680 2329 2728 ccxxxu,
2347 2664 2699 2719 Athanasium
2727 2661 2915 2716 scribit
2941 2659 3163 2712 Photius
3198 2656 3375 2710 Theo-

1802 2766 2053 2826 gnostum
2086 2755 2137 2808 in
2171 2754 2357 2808 multis
2386 2752 2523 2807 locis
2546 2750 2851 2805 admittere.
2879 2748 3022 2802 Sane
3046 2744 3377 2802 studiosissi-

1803 2862 1953 2900 mum
1988 2846 2186 2910 virum,
2226 2853 2283 2899 et
2322 2843 2611 2906 disertum,
2642 2851 2697 2896 et
2723 2840 3100 2894 admirandum
3127 2852 3249 2893 eum
3283 2851 3377 2903 ap-

1760 2927 1773 2938 ’
1804 2936 1963 3007 pellat
2010 2936 2337 2989 Athanasius
2382 2934 2449 2989 de
2499 2933 2691 3003 synodi
2758 2930 2989 2986 Nicaeum
3032 2929 3290 2995 decretis,
3320 2936 3380 2983 et

1804 3029 1870 3084 de
1912 3036 2135 3097 peccato
2175 3026 2228 3079 iu
2269 3025 2531 3096 Spiritum
2578 3028 2849 3088 sanctum,
2884 3024 3160 3091 ipsiusque
3184 3022 3383 3092 praesia

1803 3118 1948 3172 dium
1979 3116 2239 3174 adversus
2263 3117 2496 3171 Ariauos
2526 3126 2751 3186 usurpat
2778 3132 2792 3167 :
2820 3125 2978 3184 atque
3010 3114 3212 3169 idcirco
3237 3128 3375 3182 prae-

1807 3210 2111 3265 termissam
2156 3211 2224 3265 ab
2263 3211 2496 3264 Eusebio
2545 3208 2870 3262 mentionem
2909 3207 3052 3261 illius
3098 3207 3375 3274 probabile

1800 3309 1907 3363 est,
1945 3300 2085 3369 quod
2120 3300 2188 3354 ab
2217 3300 2436 3353 Arianis
2476 3298 2722 3368 partibus
2773 3295 2938 3350 fuerit
2966 3296 3194 3350 alienus.
3227 3295 3373 3361 Qua-

1801 3403 2021 3463 propter
2052 3406 2338 3463 corruptas
2378 3393 2497 3461 eius
2531 3391 2893 3463 Hypotyposes
2926 3392 2994 3446 ab
3025 3388 3186 3458 hujus
3213 3396 3376 3442 secta:

1800 3484 2064 3552 patronis,
2081 3483 2539 3552 quemadmodum
2563 3496 2617 3537 et
2639 3483 2936 3537 Clementis
2964 3480 3161 3535 librum
3184 3479 3376 3533 eodem

1802 3575 1954 3633 titulo
1995 3575 2337 3646 inscriptum,
2388 3590 2491 3629 nou
2547 3576 2816 3630 immerito
2842 3573 3091 3627 Andreas
3120 3570 3377 3624 Schottus

1806 3670 2077 3739 cunjectat
2107 3668 2159 3721 in
2206 3665 2387 3720 Schol.
2420 3666 2485 3719 ad
2519 3665 2694 3720 Photii
2727 3666 2848 3720 cod.
2879 3678 2984 3717 ενι.
3021 3661 3174 3729 Quod
3203 3660 3247 3714 si
3292 3659 3376 3713 in-

1798 3770 1948 3830 teger
1972 3759 2038 3813 ad
2089 3773 2188 3812 nos
2216 3754 2389 3812 Photii
2424 3758 2592 3811 codex
2625 3755 2981 3825 pervenisset,
3014 3761 3229 3806 aetatem
3259 3749 3379 3817 ejus

1799 3861 2131 3923 compertam
2158 3851 2501 3905 haberemus.
2529 3849 2703 3905 Unum
2729 3849 2829 3902 hoc
2856 3846 2999 3900 scire
3030 3844 3175 3911 licet,
3200 3843 3375 3897 Atha-

1800 3946 1959 4000 nasio
2010 3942 2370 4012 antiquiorem
2426 3940 2593 3997 fuisse
2646 3940 2830 4007 illum,
2884 3938 3121 4007 Origene
3184 3947 3377 3989 recen-

1799 4036 2011 4090 tiorem.

1870 4126 1959 4183 IV.
2000 4126 2046 4180 A
2088 4124 2339 4180 Methodii
2380 4132 2540 4177 mtate
2584 4122 2652 4178 ad
2700 4123 2900 4177 Ariana
2955 4131 3195 4192 tempora
3245 4134 3378 4174 suus

1802 4216 2018 4287 Origeni
2049 4204 2221 4272 bonos
2247 4216 2464 4271 videtur
2488 4215 2816 4271 constitisse.
2846 4215 2980 4271 Orto
3007 4225 3188 4269 autem
3219 4213 3375 4277 Ario,

1800 4311 2160 4384 patrocinium
2186 4311 2373 4366 haeresi
2399 4325 2513 4366 suae
2533 4318 2835 4378 quaerentes
2858 4308 3071 4374 Ariani,
3099 4307 3377 4385 Adaman;

1801 4404 1858 4459 tii
1883 4418 2074 4458 nomen
2093 4418 2269 4457 causa:
2288 4417 2399 4456 suae
2419 4414 2714 4471 praetexere
2733 4398 3077 4455 studuerunt.
3099 4400 3175 4452 Ex
3206 4399 3376 4468 ipsius

1798 4512 1928 4567 ergo
1945 4495 2202 4565 operibus
2230 4494 2561 4564 collegerunt
2585 4493 2870 4563 diligenter
2893 4508 3229 4562 quaecunque
3252 4490 3376 4546 Filii

128 4596 524 4665 supposititium
574 4612 714 4652 esse.
766 4596 1058 4653 Videratue
1101 4614 1234 4654 vero
1290 4600 1554 4655 Bal-anius
1597 4616 1693 4656 εει
1729 4610 1772 4664 D
1801 4589 2111 4658 dignitatem
2143 4586 2495 4651 labefactare,
2530 4587 2611 4641 vel
2642 4603 2793 4641 suam
2828 4586 3064 4655 denique
3094 4586 3161 4641 de
3193 4584 3377 4639 Trini-

128 4685 403 4755 Apologiw
435 4686 600 4743 libros
631 4705 660 4743 a
693 4688 977 4758 Pamphilo
1014 4698 1070 4743 et
1105 4689 1339 4744 Eusebio
1381 4691 1432 4744 in
1466 4691 1696 4760 gratiam

126 4774 374 4846 Origenis
417 4781 669 4850 scriptos,
714 4781 766 4835 in
812 4780 1009 4851 quibus
1062 4796 1399 4850 quaecunque
1457 4798 1556 4852 pro
1608 4784 1699 4839 illo

126 4865 307 4923 facere
348 4878 619 4939 poterant.
683 4871 971 4943 diligenter
1013 4873 1243 4928 collecta
1296 4872 1538 4941 fuerunt,
1598 4892 1699 4931 nec

126 4955 368 5015 Xenonis
405 4962 629 5030 proinde
667 4962 877 5031 Dialogi
913 4965 1116 5018 mentio
1155 4964 1559 5034 praetermissa?
1648 4954 1651 4955 ν

197 5050 287 5105 lll.
320 5050 467 5107 Sane
509 5062 657 5107 tanta
691 5065 810 5109 erat
851 5056 938 5109 his
980 5057 1316 5125 temporibus
1358 5056 1698 5125 Origenianae

125 5144 387 5197 doctrina!
415 5144 701 5200 celebritas
727 5156 782 5200 et
824 5148 1176 5211 existimatio,
1218 5158 1277 5201 ut
1303 5148 1428 5202 hinc
1461 5147 1528 5201 ad
1569 5147 1697 5203 facti

129 5236 501 5303 paenitentiam
540 5239 825 5293 adductum
871 5240 1040 5295 fuisse
1072 5242 1289 5295 credam
1342 5241 1695 5304 Methodium,

127 5340 248 5380 cum
279 5327 367 5380 vix
390 5342 711 5397 quemquam
739 5330 805 5385 ad
829 5345 956 5385 suas
976 5329 1253 5400 pelliceret
1277 5340 1489 5399 partes;
1512 5331 1693 5385 cuncti

198 5506 314 5577 (bl)
343 5506 447 5561 Sed
478 5506 685 5563 Socrati
702 5509 1021 5577 contradicit
1044 5508 1398 5563 Baronius....
1423 5508 1558 5577 quod
1580 5508 1697 5562 lau-

128 5575 315 5629 datum
349 5581 514 5645 primo
546 5595 578 5628 a
605 5594 660 5631 se
685 5575 961 5646 Origenem
983 5587 1160 5647 postea
1193 5575 1457 5632 damnarit
1491 5578 1697 5632 Metho—

126 5648 273 5718 ἀξια,
320 5655 373 5697 ut
406 5646 669 5718 Eusebius
712 5649 879 5718 tradit
923 5649 1062 5717 apud
1114 5647 1490 5718 Hieronymum
1533 5648 1622 5704 lib.
1657 5665 1696 5713 I,

127 5715 356 5783 Apolog.
400 5716 454 5769 iu
501 5716 677 5769 liulin.
708 5716 783 5769 Eu
816 5717 924 5783 ipsa
960 5715 1188 5771 Eusebii
1219 5715 1383 5772 verba
1434 5735 1499 5772 ex
1528 5719 1616 5772 lib.
1646 5734 1694 5772 vt

128 5784 400 5856 Apologia:
438 5786 607 5856 ipsius
639 5802 735 5853 pro
766 5786 1009 5854 Origene,
1045 5787 1223 5855 qualia
1267 5789 1484 5842 exhibet
1513 5788 1696 5843 Hiero-

130 5869 329 5922 nymus
353 5854 658 5909 loco'citatu
684 5875 697 5909 :
731 5874 749 5906 ι
775 5854 1250 5921 ρυυυωασυυωω
1277 5868 1360 5911 est
1393 5857 1693 5912 Methodius

133 5938 278 5978 nunc
308 5934 493 5980 contra
522 5923 806 5983 Origenem
837 5927 1095 5985 scribere.
1128 5928 1215 5986 (tui
1247 5929 1357 5982 hcce
1398 5940 1449 5982 et
1492 5930 1602 5984 haec
1630 5931 1691 5983 de

1802 4691 1911 4736 tate
1956 4680 2326 4749 opinationem
2365 4680 2556 4749 jnvare
2600 4679 2941 4733 videbuntur.
2980 4680 3155 4748 Atque
3193 4679 3245 4732 id
3290 4690 3375 4731 to-

1801 4773 2023 4828 lerabile
2048 4783 2186 4835 erat,
2211 4774 2255 4826 si
2287 4773 2388 4826 hac
2420 4772 2525 4826 line
2550 4772 2801 4826 vecordia
2832 4774 3070 4841 ipsorum
3099 4772 3372 4837 stetisset;

1801 4882 1987 4921 verum
2022 4867 2241 4921 nefaria:
2281 4866 2444 4918 etiam
2486 4866 2746 4919 doctrinae
2776 4867 2921 4919 virus
2956 4866 3145 4919 iisdem
3176 4866 3372 4933 passim

1800 4958 2105 5012 ali'uderunt
2133 4956 2377 5023 scriptis,
2406 4966 2463 5008 ut
2490 4971 2643 5009 suum
2677 4956 2889 5023 penitus
2914 4957 3202 5025 Origenem
3233 4954 3377 5009 face-

1805 5057 1942 5104 rent.
1967 5048 2132 5116 Cujus
2158 5047 2224 5101 ad
2247 5048 2560 5101 elevandam
2595 5046 2998 5112 auctoritatem,
3024 5062 3127 5115 qua
3165 5056 3373 5101 tantum

1805 5140 2175 5211 gloriabantur
2200 5138 2412 5202 Ariani,
2434 5137 2669 5191 animum
2699 5138 3016 5207 appulerunt
3047 5138 3371 5203 orthodoxi;

1814 5231 2233 5288 reclamantibus
2288 5230 2599 5284 econtrario
2632 5230 2869 5295 Arianis,
2900 5241 2954 5283 et
2986 5245 3140 5284 suum
3186 5231 3374 5299 Orige-

1798 5327 1975 5381 nianat
2016 5322 2276 5378 doctrina:
2321 5337 2385 5377 ac
2436 5318 2592 5374 fatua:
2637 5322 2895 5375 honorem
2941 5323 3144 5376 servari
3177 5325 3373 5387 merito

1805 5507 2052 5576 Origenis
2079 5506 2287 5563 locutus
2322 5516 2407 5562 est
2450 5505 2811 5576 dogmatibus.
2836 5522 2855 5555 ι
2888 5503 3057 5576 Porro
3084 5505 3171 5560 hic
3199 5506 3367 5560 Euse-

1804 5580 1926 5633 bius
1949 5586 2132 5646 aperte
2164 5593 2268 5632 non
2296 5577 2430 5631 dicit
2467 5575 2793 5630 methodium
2839 5575 3002 5628 luisse
3036 5586 3191 5628 antea
3224 5578 3370 5646 locu-

1806 5658 1915 5700 tum
1943 5645 2038 5715 pro
2067 5646 2316 5715 Origene.
2345 5646 2529 5715 Neque
2558 5649 2699 5700 enitn
2731 5645 2880 5705 dicit.
2919 5645 3021 5713 qui"
3038 5651 3146 5697 lucc
3174 5654 3224 5697 et
3257 5645 3368 5698 lucc

1801 5718 1867 5772 de
1901 5716 2144 5788 Origenis
2180 5716 2389 5788 locutus
2417 5716 2593 5770 fuerat
2619 5716 2983 5784 dogmatibus;
3014 5716 3107 5768 sed
3138 5726 3363 5788 tantum,

1800 5786 2111 5841 locutus'est
2142 5804 2161 5840 :
2191 5788 2331 5856 quod
2379 5787 2431 5840 in
2483 5797 2767 5853 utramque
2806 5797 3011 5852 partem
3059 5786 3228 5856 accipi
3277 5800 3367 5853 po-

1805 5868 1926 5910 test.
1958 5856 2073 5911 Non
2107 5854 2266 5924 igitur
2295 5856 2554 5910 mendacii
2588 5856 2925 5908 accusandus
2971 5863 3053 5908 est
3087 5854 3359 5908 Socrates.

1802 5926 2018 5983 llenric.
2053 5925 2312 5988 Valesius,
2358 5924 2484 5981 Νοι.
2524 5927 2580 5980 in
2615 5926 2821 5980 Socrat.
2858 5924 2930 5979 lib
2980 5939 3057 6001 tu,
3103 5940 3222 5990 cap.
3274 5924 3357 5977 1'5.
