3914 6522
464 412 603 475 ⁸1119

1772 433 1831 489 P.
1871 432 2183 487 DANIELIS
2221 429 2453 486 llUETll

3589 420 3727 475 ll‘ﬁl

461 536 792 593 volentibus.
814 540 956 608 Quot
980 559 1109 615 ergo
1139 546 1251 601 fere
1266 551 1348 602 vri
1376 547 1614 603 fautores
1639 550 1822 604 habuit
1847 551 2043 604 Ariana
2076 554 2117 609 Α
2146 563 2251 618 qua
2285 548 2459 618 ipsius
2492 545 2676 600 referti
2719 554 2844 600 sunt
2892 541 3032 607 libri,
3080 538 3531 610 pratermittere;
3566 535 3723 588 noxia

462 626 704 727 fratresis,
757 632 841 685 vel
894 646 1318 727 oppugnatores,
1370 640 1592 694 totidem
1647 641 2036 711 propemodum

459 715 844 786 Origenianam
880 726 1177 782 doctrinam
1214 733 1294 786 vel
1336 732 1571 801 amplexi
1615 744 1762 801 sunt,
1810 734 1894 789 vel
1945 734 2039 789 de-

466 811 644 864 testati
676 829 689 864 :
720 827 818 868 nec
846 816 1060 871 aliunde
1094 829 1447 891 tempestates
1478 824 1741 879 adversus
1783 841 1906 879 eum
1937 826 2055 880 hoc

462 909 703 967 tempore
744 914 962 961 coortas
990 910 1268 967 existimo.
1316 912 1557 967 Partiunt
1605 915 1833 969 istarum
1862 914 2035 969 studia

462 990 750 1049 manifesto
796 1012 989 1055 cernas
1042 1001 1092 1056 in
1136 1002 1458 1061 clarissimis
1501 1006 1696 1061 borum
1737 1016 2035 1077 temporum

468 1084 810 1183 tirmsttlibiis,
841 1090 1125 1149 Enstatbio
1146 1092 1484 1153 Antiocheno
1528 1107 1581 1153 et
1606 1098 1837 1154 Eusebio
1858 1098 2039 1155 Caesa-

468 1175 654 1230 riensi.
702 1177 799 1235 llic
842 1185 1057 1241 Arianae
1105 1186 1357 1244 factionis
1404 1190 1650 1260 signifer,
1690 1191 2038 1260 quemadmo-

459 1266 585 1319 dum
619 1273 917 1340 appellatur
967 1278 1035 1332 ab
1090 1278 1415 1351 Hieronymo
1471 1283 1596 1337 libr.
1620 1297 1664 1349 1,
1717 1284 1771 1336 in
1830 1282 2033 1351 Ruﬁn.,

459 1374 580 1427 cap.
617 1362 670 1426 2,
706 1375 761 1417 ut
788 1366 1124 1437 Origcniana:
1149 1372 1302 1427 fama:
1340 1376 1667 1441 consuleret,
1698 1375 1763 1429 ad
1798 1378 2036 1431 scriben-

459 1452 580 1504 datn
608 1468 706 1521 pro
726 1456 956 1528 Origene
987 1464 1288 1533 Apologinm
1316 1466 1523 1519 induxit
1549 1469 1779 1521 amicum
1809 1484 1963 1521 suum
1985 1476 2038 1523 et

466 1544 783 1602 familiarem
840 1551 1179 1619 Pamphilum
1235 1560 1632 1628 presbyterum,
1676 1560 1923 1628 Origenis
1965 1562 2035 1614 ita

460 1637 788 1708 studiosum,
833 1651 891 1695 ut
932 1658 1122 1700 onmes
1153 1646 1403 1716 Origenis
1459 1651 1623 1705 libros
1677 1653 2035 1723 undequaqne

460 1731 798 1800 conquisitos
845 1734 1167 1792 (Ζιεείιι-ἰθιιθί
1227 1740 1481 1795 Ecclesiae
1533 1743 1808 1798 dedicaret
1851 1746 2036 1815 (verba

462 1830 589 1874 sunt
619 1821 930 1896 Hieronymi
977 1830 1027 1882 in
1054 1832 1213 1900 epist.
1262 1833 1327 1885 ad
1356 1832 1615 1905 Marcell.)
1652 1844 1703 1889 et
1741 1837 2030 1890 maximam

2145 651 2374 707 qumque
2407 644 2461 691 et
2498 633 2863 689 criminationi
2896 641 3195 700 opportuna
3235 630 3301 682 ad
3336 626 3601 681 invidiam
3642 622 3724 676 fa-

2145 729 2392 784 ciendam
2419 726 2704 797 colligere;
2733 724 3018 779 nonnullos
3047 721 3212 775 etiam
3256 718 3309 773 in
3346 716 3467 785 ejus
3497 714 3726 769 lectione

2148 827 2419 883 versatos,
2450 829 2735 888 postquam
2768 830 2868 886 per
2892 828 3013 869 eum
3041 812 3175 866 satis
3205 809 3505 880 profecisse
3539 821 3603 861 se
3643 805 3725 860 in-

2150 908 2506 972 tellexissent,
2560 917 2671 961 tum
2721 920 2851 961 vero
2877 919 2909 958 a
2942 902 3203 971 magistro
3240 914 3341 956 suo
3373 897 3723 961 discessisse,

2146 1011 2202 1056 et
2227 1000 2589 1055 anathematis
2617 1014 2743 1054 eum
2779 995 3108 1060 confodisse,
3140 1008 3210 1049 ne
3238 991 3368 1063 quid
3416 989 3490 1045 ab
3529 1003 3598 1044 eo
3620 989 3729 1044 sci-

2144 1095 2269 1149 licet
2292 1094 2565 1167 accepisse
2591 1090 2923 1152 viderentur.
2958 1087 3159 1143 Deinde
3187 1083 3445 1153 subjicit:
3478 1100 3498 1134 ‹
3523 1081 3580 1136 In
3609 1088 3725 1135 tan-

2149 1197 2259 1242 tum
2300 1194 2478 1241 autem
2529 1185 2722 1239 horum
2766 1182 2835 1239 de
2880 1180 3077 1252 quibus
3119 1194 3282 1248 supra
3320 1176 3565 1231 diximus
3607 1186 3727 1243 pro—

2148 1295 2333 1350 gressa
2361 1277 2561 1332 malitia
2588 1285 2693 1341 est,
2724 1283 2782 1330 ut
2809 1274 3026 1344 quidam
3052 1272 3219 1326 etiam
3248 1266 3605 1325 conscribere
3634 1263 3729 1318 ad-

2150 1387 2339 1427 versus
2370 1387 2493 1427 eum
2523 1371 2638 1424 ansi
2682 1370 2811 1435 sint,
2847 1376 2903 1422 et
2946 1366 3142 1421 libellis
3173 1363 3336 1419 editis
3381 1363 3653 1429 derogare
3676 1356 3727 1412 ei

2146 1463 2285 1526 viro,
2333 1462 2423 1530 qui
2471 1473 2568 1528 per
2598 1466 2677 1512 tot
2724 1471 2896 1511 annos
2947 1454 3209 1521 magister
3253 1448 3517 1505 Ecclesia:
3556 1446 3726 1501 fuit.s

2150 1554 2340 1610 Tradit
2370 1554 2590 1620 insuper
2620 1550 2788 1604 libros
2811 1562 2906 1604 eos
2936 1546 3277 1616 potissimum
3314 1542 3487 1596 fuisse
3516 1537 3729 1619 appetie

2147 1655 2253 1709 tos,
2288 1663 2309 1697 ι
2338 1658 2477 1714 quos
2496 1616 2602 1712 per
2638 1641 2872 1712 spatium
2911 1650 2969 1694 et
2996 1638 3234 1707 quietem
3262 1636 3316 1689 in
3349 1642 3569 1687 secreto
3596 1616 3731 1683 con?

2145 1740 2457 1807 scripserat,
2484 1753 2503 1788 ι
2539 1734 2683 1804 quod
2720 1734 2772 1787 in
2806 1732 2874 1787 iis
2902 1718 3141 1800 apertius
3165 1725 3500 1780 disseruisse
3537 1720 3729 1777 existi-

2148 1839 2424 1893 maretur;
2460 1842 2571 1896 pra:
2601 1825 2724 1880 aliis
2752 1839 2879 1879 vero
2904 1823 3067 1877 libras
3095 1818 3236 1887 Περὶ
3262 1814 3492 1886 ἀρχῶν,
3531 1813 3586 1867 in
3613 1811 3731 1880 qui-

465 1927 652 1968 eorum
696 1929 906 1986 partem
948 1938 1110 1976 manu
1161 1939 1255 1979 sna
1313 1900 1666 1990 describeret,
1717 1931 1808 1998 qui
1862 1928 2046 1986 lliero-
2076 1920 2118 1973 B
2148 1924 2248 1978 bus
2277 1923 2590 1991 dogmatum
2622 1932 2842 1972 suorum
2869 1914 3014 1970 velut
3042 1926 3183 1983 penu
3216 1908 3605 1965 collocaverat.
3626 1900 3733 1957 No-

468 2006 610 2074 nyini
652 2018 812 2063 aetate
861 2011 915 2064 in
960 2014 1284 2069 Caesariensi
1337 2014 1659 2071 bibliotheca
1706 2018 1868 2074 etiam
1930 2030 2041 2074 tum

467 2097 843 2155 servabantur.
910 2102 1140 2158 Causam
1219 2107 1490 2177 Apologia:
1544 2110 1841 2165 scribenda:
1902 2113 2046 2168 hanc

469 2183 634 2240 fuisse
660 2201 845 2243 narrat
875 2190 1096 2248 Pbotius
1122 2197 1242 2250 cod.
1263 2211 1455 2264 cxvtn,
1481 2208 1537 2252 Ill
1564 2198 1630 2252 ad
1658 2201 1775 2269 pios
1800 2199 2045 2257 homines

468 2275 532 2329 ad
580 2281 790 2335 metalla
852 2284 920 2338 ob
973 2285 1174 2340 Christi
1224 2302 1446 2341 causam
1525 2288 1813 2344 damnatus
1867 2289 2041 2344 solatii

467 2382 598 2439 ergo
627 2372 946 2429 mitteretur.
972 2378 1106 2431 Cum
1139 2392 1259 2432 eam
1290 2393 1421 2433 vero
1456 2381 1719 2451 martyrio
1744 2382 2045 2436 exstinctus

469 2462 753 2521 absolvere
778 2484 880 2520 non
921 2472 1207 2539 potuisset,
1252 2486 1562 2540 supremam
1599 2474 1794 2544 adjecit
1827 2490 2043 2529 manum

467 2551 754 2623 Eusebius,
778 2568 831 2609 et
864 2560 914 2611 in
950 2558 1186 2615 Historia
1208 2578 1425 2633 quoque
1447 2563 1775 2616 ccclesiatica
1800 2579 1896 2628 pro
1922 2563 2045 2619 Ori-

467 2646 697 2744 gen-iana
748 2665 912 2703 causa
963 2653 1222 2718 praeclare
1254 2657 1578 2713 decertavit.
1628 2655 1795 2725 Egre
1826 2656 2042 2724 quidem

468 2736 519 2787 id
554 2736 659 2789 fert
681 2736 1003 2795 Anastasius
1038 2742 1510 2811 Bibliothecarins,
1557 2763 1679 2801 nam
1720 2748 1770 2801 in
1800 2746 2044 2802 Historia

467 2825 533 2917 ad
561 2841 688 2880 ann.
716 2828 847 2886 Chr.
880 2831 987 2884 244
1017 2845 1071 2887 et
1109 2834 1238 2902 246,
1279 2852 1383 2891 non
1423 2838 1588 2893 semel
1622 2840 1868 2908 queritur
1906 2839 2043 2893 mul-

469 2926 647 2972 torum
678 2922 877 2988 pietate
903 2940 966 2978 ac
995 2926 1243 2981 doctrina
1270 2928 1558 2984 illustrium
1590 2931 1829 2986 virorum
1862 2932 2046 2988 laudes

468 3007 756 3065 Eusebium
790 3013 976 3083 iniquo
1003 3016 1217 3073 silentio
1250 3019 1561 3086 obtrivisse,
1589 3024 1671 3077 vel
1708 3022 1896 3078 leviter
1927 3034 2047 3078 tan-

468 3105 579 3153 tum
611 3110 665 3156 et
714 3103 980 3161 invidiose
1025 3109 1296 3180 attigisse,
1332 3128 1440 3182 quo
1476 3129 1687 3168 summa
1734 3116 1913 3170 omnia
1950 3117 2046 3171 tri—

466 3190 658 3247 bueret
687 3194 904 3264 Origeni
941 3214 1062 3266 suo,
1106 3203 1394 3259 «nesciens
1442 3220 1562 3273 qua:
1600 3206 1826 3272 diceret,
1861 3208 1945 3261 vel
1978 3209 2045 3266 de

466 3282 661 3350 quibus
690 3284 1001 3344 aflirmaret.
1028 3309 1044 3341 ι
1081 3291 1244 3356 Quasi
1279 3308 1407 3348 vero
1446 3296 1610 3350 alium
1644 3298 1786 3351 fama
1821 3315 1886 3354 ac
1928 3316 2042 3354 me-
2071 3274 2113 3332 θ

469 3374 585 3428 ritis
616 3391 798 3446 parem
833 3379 1050 3450 Origcni
1090 3383 1275 3437 tulerit
1312 3386 1427 3441 haec
1459 3399 1613 3446 mtas.
1642 3389 1791 3444 Illius
1824 3391 2043 3461 quidem

469 3466 654 3522 laudes
690 3472 828 3524 mala
878 3473 1103 3528 forsitan
1148 3488 1328 3532 mente
1378 3480 1716 3548 congessisse
1754 3481 2043 3537 Eusebium

468 3557 742 3615 fatendum
775 3575 880 3629 est,
926 3570 1018 3620 Sed
1068 3570 1245 3636 quoad
1296 3586 1474 3624 rerum
1526 3582 1798 3640 gestarum
1854 3576 2049 3629 attinet

472 3651 654 3717 Iidem,
687 3651 1048 3723 Epiphaninm
1082 3658 1215 3723 fere,
1253 3663 1336 3714 vel
1386 3660 1803 3733 Hieronymum,
1845 3666 2048 3721 aliosve

468 3746 871 3801 consentientes
900 3748 1107 3804 habuit.
1137 3750 1207 3803 At
1234 3752 1549 3808 Eustathius
1586 3764 1736 3809 stans
1766 3756 1833 3809 ab
1857 3758 2047 3809 ortho-

470 3834 646 3901 doxis,
684 3850 1080 3911 proptereaque
1122 3842 1522 3900 Sabellianismi
1561 3847 1630 3899 ab
1659 3846 1875 3901 Arianis
1920 3848 2049 3901 insi-

472 3930 724 3996 mulatus,
786 3933 1072 4003 Origenem
1123 3939 1346 3992 adortus
1402 3947 1506 4001 est,
1550 3938 1777 4007 ejusque
1832 3946 2049 3992 senten-

471 4020 596 4073 tiam
621 4022 689 4077 de
712 4023 1156 4097 Engostrimytho
1184 4029 1439 4097 peculiari
1465 4045 1629 4099 opere
1657 4030 2046 4098 explodendam

468 4115 725 4183 suscepit.
757 4117 959 4171 Scribit
996 4120 1307 4190 Pamphilus
1345 4120 1397 4175 in
1436 4122 1615 4189 priore
1670 4123 1810 4177 libro
1846 4122 2046 4188 Apolo-

467 4204 590 4270 fiw,
626 4222 786 4275 quem
823 4209 1207 4279 interpretatus
1246 4224 1331 4267 est
1379 4211 1630 4278 Rufinus,
1688 4222 1839 4268 tanto
1872 4213 2048 4267 homi-

470 4310 595 4348 mnn
627 4296 838 4352 illorum
880 4303 1005 4356 odio
1040 4314 1164 4356 tunc
1199 4304 1456 4373 temporis
1493 4305 1694 4359 arsisse
1736 4305 2046 4373 Origenem,

469 4398 527 4439 ut
562 4404 665 4442 non
696 4391 785 4446 ille
829 4393 1004 4447 solum
1045 4414 1063 4445 ι
1093 4394 1238 4449 velut
1269 4397 1559 4451 haereticus
1591 4408 1962 4462 accusaretur,
1993 4407 2049 4453 et

468 4479 766 4547 corruptio,
801 4491 853 4533 et
900 4483 1130 4547 perditio
1168 4485 1496 4549 animarutn,
1528 4505 1546 4538 ι
1591 4490 1685 4541 sed
1722 4487 1839 4556 ejus
1884 4490 2046 4542 etiam

467 4566 794 4635 scriptorum
826 4570 1041 4627 lectioni
1076 4575 1242 4628 dediti
1275 4577 1770 4644 proscinderentur,
1801 4590 1853 4633 et
1895 4582 2045 4635 venia

469 4671 823 4714 censerentur
870 4663 1094 4733 indigni,
1144 4683 1264 4734 qua:
1312 4669 1379 4723 iis
1430 4671 1724 4725 condonari
1768 4670 1925 4737 solet,
1956 4674 2046 4739 qui

472 4751 713 4821 profanis
741 4753 821 4808 vel
854 4754 1122 4813 haereticis
1158 4760 1313 4814 libris
1351 4762 1551 4815 addicti
1604 4773 1753 4826 sunt,
1784 4762 2048 4834 planeque

470 4860 567 4912 pro
613 4845 884 4903 haereticis
925 4849 1275 4907 haberentur.
1328 4872 1346 4904 ι
1376 4853 1635 4924 Denique,
1684 4854 1881 4924 inquit,
1925 4870 2046 4909 cum

470 4934 653 4991 multis
684 4938 925 4994 honestat
956 4941 1104 5006 vitae,
1138 4953 1195 4997 et
1232 4943 1469 5014 religiosi
1506 4944 1761 5013 propositi
1799 4946 1954 5013 viris,
1991 4947 2045 5000 in

467 5032 666 5099 quibus
709 5032 842 5086 nihil
891 5050 1112 5104 prorsus
1152 5036 1326 5105 cttlpze
1373 5037 1678 5102 inveniunt,
1735 5038 2049 5093 inimicitias

470 5132 688 5191 propter
721 5124 820 5178 hoc
848 5124 1020 5179 solum
1068 5128 1290 5192 habent,
1336 5129 1383 5184 si
1417 5145 1606 5185 eorum
1638 5129 1875 5184 studium
1902 5131 2045 5185 circa

471 5219 753 5271 memorati
787 5219 886 5272 viri
921 5220 1086 5274 libros
1128 5223 1456 5291 propensius
1484 5238 1606 5277 esse
1652 5224 2046 5292 perspexerint,

469 5310 791 5365 invidiosius
816 5311 980 5365 etiam
1018 5312 1117 5367 ism
1152 5315 1440 5383 fingentes,
1470 5315 1612 5384 quod
1640 5315 1707 5368 ab
1734 5315 1815 5367 his
1850 5315 1903 5367 in
1933 5313 2049 5369 loco

470 5414 783 5458 sanctorum
806 5406 1195 5472 apostolorum,
1225 5407 1303 5459 vel
1331 5408 1744 5476 prophetarum,
1771 5419 1877 5460 tam
1913 5407 2047 5476 ipse,

470 5506 629 5558 qnam
676 5491 817 5546 dicta
866 5492 983 5561 ejus
1016 5495 1339 5553 habeantur.
1364 5516 1383 5547 ι
1419 5496 1581 5550 Addit
1614 5496 1777 5567 paulo
1810 5506 1931 5566 post
1968 5498 2050 5550 itt-

471 5585 662 5642 doctos
693 5586 1001 5660 plerosque,
1038 5605 1101 5645 ac
1150 5592 1203 5645 in
1236 5592 1685 5663 Origenianorum
1716 5593 2045 5648 voluminum

473 5681 795 5735 tractatione
818 5685 1000 5746 rudes,
1025 5684 1106 5737 vel
1142 5700 1321 5737 rerum
1352 5686 1404 5737 in
1432 5685 1730 5753 quaestione
1751 5686 2046 5754 positarum

474 5774 714 5838 ignaros,
747 5774 1017 5844 incognita
1048 5784 1225 5828 tamen
1252 5792 1412 5829 causa
1439 5776 1817 5830 Adatnantiutn
1843 5777 2049 5830 calculo

476 5881 574 5920 suo
623 5866 880 5922 damnare
925 5865 1095 5921 fuisse
1146 5866 1359 5934 solitus;
1408 5866 1542 5922 alios
1581 5868 1775 5923 bonam
1816 5869 2045 5937 frugem,

2149 2031 2265 2071 vem
2307 2022 2492 2067 autem
2534 2009 2821 2081 praecipuis
2856 2005 3123 2077 capitibus
3170 1998 3502 2057 constabant
3543 1994 3732 2050 crimi—

2149 2110 2394 2165 nationes
2423 2106 2683 2161 advcrsus
2713 2102 2886 2170 ipsum
2913 2113 2943 2151 a
2973 2093 3256 2152 malevolis
3286 2088 3567 2152 conflata,
3595 2098 3731 2155 quas

2151 2209 2395 2256 recenset
2440 2207 2497 2253 et
2532 2194 2733 2250 refellit
2777 2187 3110 2258 Pamphilus,
3158 2194 3215 2239 et
3256 2198 3357 2238 nos
3398 2193 3571 2250 Supra
3616 2177 3732 2231 fuse

2145 2291 2505 2347 excussimus.
2542 2287 2732 2355 Itaque
2762 2284 2998 2338 moriens
3030 2278 3357 2333 Pacbomius
3404 2273 3584 2327 abbas
3616 2283 3728 2323 mo—

2148 2384 2353 2441 nachos
2391 2396 2522 2437 suos
2563 2380 2631 2433 ab
2678 2374 3129 2445 Origenianarum
3178 2365 3624 2422 lucubrationum
3655 2360 3732 2415 le-

2147 2479 2327 2532 ctione
2352 2488 2543 2530 severa
2581 2468 2945 2526 obtestatione
2972 2461 3292 2517 absterruit.

2218 2568 2282 2622 V.
2313 2568 2420 2622 Has
2451 2566 2637 2620 turbas
2663 2560 2882 2631 Origeni
2910 2560 3115 2628 peperit
3142 2553 3345 2609 Ariana
3381 2547 3575 2612 factio,
3606 2544 3728 2599 dum

2147 2664 2263 2733 ejus
2295 2659 2608 2729 suffragium
2640 2654 2933 2710 studiosius
2955 2650 3126 2705 ambit
3153 2667 3167 2702 :
3197 2659 3361 2716 quam
3394 2657 3523 2699 cum
3553 2639 3731 2694 acrius

2147 2732 2537 2809 ulciscerentur
2572 2746 2896 2809 orthodoxi,
2927 2742 3175 2812 Origenis
3204 2752 3431 2795 causam
3463 2749 3572 2789 non
3604 2732 3732 2787 satis

2146 2846 2512 2901 distinxerunt
2557 2840 2625 2895 ab
2664 2839 2888 2900 Ariona,
2939 2845 2995 2890 et
3041 2844 3331 2900 utramque
3372 2829 3727 2882 damnarunt.

2147 2936 2384 2993 Affectus
2409 2946 2623 3004 quoque
2638 2931 2827 2985 eadem
2850 2927 3047 2998 injuria
3069 2934 3154 2979 est
3174 2921 3470 2992 Dionysius
3489 2917 3731 2973 Alexam

2145 3030 2333 3084 drinus
2375 3025 2631 3096 Origenis
2676 3021 2992 3092 discipulus,
3032 3027 3088 3073 et
3143 3016 3198 3070 in
3247 3015 3393 3069 laesa:
3440 3009 3732 3067 Trinitatis

2147 3120 2507 3190 suspicionem
2559 3124 2807 3177 vocatus,
2846 3110 2989 3165 unde
3021 3108 3075 3163 in
3123 3104 3308 3160 multis
3332 3118 3364 3157 a
3391 3100 3600 3157 Basilio
3630 3114 3730 3153 non

2149 3213 2471 3276 admissum,
2499 3207 2736 3262 maxime
2770 3205 2858 3259 ubi
2886 3202 3209 3257 Arianorum
3235 3195 3601 3253 confirmaret
3630 3193 3730 3247 hat-

2153 3305 2337 3371 resim,
2365 3302 2554 3357 scribit
2584 3299 2834 3356 Gobarns
2856 3295 2998 3363 apud
3026 3294 3180 3347 Phot.
3204 3288 3331 3345 cod.
3374 3300 3629 3343 ccxxxtt.
3669 3284 3733 3337 At

2154 3408 2450 3466 utrumque
2486 3393 2715 3448 crimine
2745 3387 2977 3443 exsolvit
3010 3382 3363 3444 Athanasius,
3391 3389 3457 3435 ut
3486 3377 3731 3447 superius

2151 3506 2180 3545 a
2210 3488 2364 3545 nobis
2394 3485 2650 3541 traditum
2688 3490 2803 3548 est;
2839 3494 2940 3535 nec
2973 3477 3146 3547 pluris
3178 3475 3255 3529 illi
3285 3473 3394 3527 fuit
3433 3470 3728 3527 catholica-

2152 3598 2266 3637 rum
2298 3579 2552 3651 partium,
2582 3590 2745 3645 quam
2785 3571 3030 3627 veritatis
3057 3567 3301 3623 studium
3326 3581 3341 3618 :
3369 3564 3601 3633 ipseque
3630 3559 3730 3613 Ba-

2151 3646 2382 3731 silius-et
2408 3667 2701 3736 Gregorius
2722 3661 3028 3730 'l‘heologus
3051 3657 3262 3725 objecta
3293 3652 3396 3708 sibi
3418 3650 3491 3705 ab
3522 3646 3731 3704 Arianis

2152 3757 2458 3814 Adamantii
2480 3750 2812 3816 testimonia,
2832 3749 2885 3802 in
2908 3745 3251 3803 commodum
3280 3742 3508 3797 trahere
3533 3737 3731 3793 malues

2153 3862 2275 3907 runt
2299 3864 2540 3912 sensum,
2564 3860 2727 3915 quam
2756 3839 3079 3910 contemptis
3100 3836 3294 3891 iisdem
3320 3834 3511 3888 debito
3536 3832 3730 3886 honore

2152 3947 2427 3990 auctorem
2465 3933 2739 3986 fraudare.
2769 3928 2880 3983 lmo
2914 3940 3046 3979 vero
3076 3938 3142 3979 ex
3180 3919 3432 3991 ejusdem
3470 3916 3729 3988 Operibus

2150 4023 2367 4077 assidua
2395 4021 2629 4076 lectione
2676 4032 2706 4071 a
2736 4032 2797 4072 se
2819 4013 3090 4078 contritis,
3121 4011 3345 4083 egregia
3380 4021 3613 4079 quaeque
3644 4018 3725 4059 se-

2152 4116 2288 4170 lecta
2331 4114 2384 4168 in
2431 4127 2596 4167 unum
2647 4116 3039 4179 congesserunt
3086 4102 3383 4163 volumen,
3436 4108 3496 4153 et
3534 4098 3603 4151 ob
3651 4108 3729 4147 res

2153 4208 2413 4280 praeclare
2475 4207 2744 4275 cogitatas
2802 4199 3116 4258 Pbilocalize
3190 4194 3350 4250 titulo
3414 4190 3725 4257 inscriptum

2151 4278 2318 4370 funde
2364 4307 2420 4353 et
2471 4289 3093 4365 Origenemxptltéxakov
3139 4284 3390 4340 nominat
3440 4278 3728 4348 Gregorius

2152 4395 2523 4451 Nazianzenus
2571 4391 2624 4444 in
2669 4386 2929 4457 epistolis)
2960 4382 3031 4436 ad
3065 4379 3415 4434 Theodorum
3459 4372 3724 4441 Tyaneutn

2154 4488 2466 4558 episcopum
2500 4482 2781 4537 miserunt.
2834 4474 2975 4542 Quin
3001 4472 3165 4526 etiam
3219 4467 3473 4521 feruntur
3530 4460 3721 4518 iidem,

2155 4550 2585 4647 quotiescunque
2631 4566 2881 4637 Origenis
2926 4563 3126 4628 scripta
3182 4557 3450 4647 legentes,
3486 4550 3721 4647 dogmata

2156 4641 2329 4735 ipsius
2358 4660 2597 4732 propria,
2624 4672 2678 4715 et
2708 4672 2738 4710 a
2766 4650 3043 4711 communi
3076 4663 3173 4701 usu
3203 4641 3571 4712 discrepantia
3602 4650 3720 4690 nano

2154 4759 2525 4818 ciscerentur,
2588 4750 2863 4821 geminum
2913 4762 2948 4815 χ
2988 4740 3264 4800 affixisse,
3327 4732 3721 4788 Platonicorum

2156 4865 2328 4914 more,
2356 4849 2448 4918 qui
2488 4819 2613 4901 cum
2661 4843 2944 4898 Platonem
2981 4835 3315 4895 lectitarent,
3350 4829 3475 4883 loca
3505 4819 3719 4891 insignia

2157 4946 2258 4999 hoc
2285 4943 2605 4997 charactere
2632 4937 2931 4991 notabant:
2966 4941 3024 4985 ut
3057 4928 3225 4985 refert
3250 4922 3504 4980 Laertius
3534 4918 3585 4969 in
3611 4913 3719 4968 Pla-

2156 5044 2301 5090 tone.
2344 5032 2461 5087 Hac
2503 5029 2735 5105 lectione
2782 5028 3079 5080 instructus
3126 5028 3357 5087 uterque
3404 5012 3716 5067 Arianorum

2155 5128 2385 5197 impetus
2436 5104 2651 5178 fortiter
2700 5118 2919 5174 retudit.
2960 5115 3017 5171 ω
3056 5128 3125 5169 ex
3172 5111 3402 5165 Socrate
3449 5101 3714 5197 discimus,

2153 5187 2327 5287 quiet
2366 5216 2493 5271 illud
2528 5212 2679 5268 addit
2707 5212 2831 5266 libr.
2870 5226 2945 5274 IV,
2972 5221 3093 5273 cap.
3126 5204 3219 5267 26,
3250 5200 3415 5267 Μέγα
3442 5194 3551 5287 γὰρ
3575 5187 3715 5287 utea;

2152 5282 2215 5360 ’έδ
2252 5306 2562 5378 Ὠριγένους
2604 5301 2725 5355 καθ’
2776 5299 2904 5369 ὅλης
2945 5296 3069 5349 τότε
3123 5293 3223 5362 τῆς
3262 5286 3583 5358 οἰκουμένης
3630 5282 3715 5345 ἐφ’

2154 5400 2398 5472 ήπλωτο·
2429 5398 2653 5451 «Totum
2674 5392 2868 5460 quippe
2885 5391 3068 5444 orbem
3102 5395 3229 5440 tunc
3252 5381 3513 5449 temporis
3541 5386 3713 5440 magna

2156 5466 2409 5565 Origenis
2438 5491 2608 5562 gloria
2642 5493 2971 5557 pervaserat.
2994 5500 3014 5533 ι
3052 5478 3283 5547 Scriptis
3326 5473 3567 5544 profecto
3594 5466 3716 5531 Apo-

2156 5587 2310 5657 logiis
2346 5586 2501 5641 tutati
2530 5590 2658 5638 sunt
2689 5580 2861 5650 ipsum
2894 5577 2995 5632 viri
3043 5575 3307 5632 illustres,
3356 5580 3467 5636 quo
3499 5566 3715 5625 ιεηιρθτε

2158 5678 2458 5735 defensioni
2488 5676 2605 5743 ejus
2648 5687 2872 5743 operam
2904 5684 3060 5724 suam
3090 5661 3409 5731 Pamphilus
3450 5664 3716 5712 consecrato

2159 5772 2267 5836 bat,
2303 5777 2362 5822 ut
2386 5767 2707 5823 testificatur
2737 5763 2961 5817 Photius
2984 5757 3105 5813 cod.
3134 5769 3329 5812 exvnt.
3356 5750 3525 5820 Ipsius
3554 5753 3711 5797 tamen

2159 5860 2439 5929 nonnulla,
2495 5857 2837 5917 dissimulato
2881 5858 3007 5915 licet
3045 5853 3166 5924 ejus
3212 5852 3454 5913 nomine,
3506 5844 3716 5910 carptim
