3914 6576
230 453 356 515 11-21

235 673 554 735 animarum,
608 683 665 727 et
701 675 1081 728 conversiones
1123 689 1154 728 e
1205 677 1474 730 mentibus
1505 676 1558 730 in
1596 676 1805 731 animas

236 762 580 833 reprehendit
632 782 647 819 :
693 765 781 819 hic
829 765 882 818 iit
956 767 1114 820 tertio
1172 765 1694 821 Commentariorum
1749 767 1807 820 in

240 853 602 909 Hexaemeron
637 856 853 911 damnat
885 859 1206 927 anagogieas
1234 858 1401 928 ipsius
1422 860 1803 930 expositiones,

238 945 422 1015 quibus
453 944 689 1001 virtutes
727 948 985 1016 quasdam
1016 950 1346 1016 superiores,
1382 965 1501 1018 quae
1545 951 1716 1005 locum
1752 952 1804 1005 in

240 1039 368 1094 cceln
407 1048 600 1095 tenere
635 1040 843 1094 meritae
868 1052 1017 1104 sunt,
1041 1042 1197 1110 aquis
1224 1058 1342 1111 quae
1372 1051 1499 1096 sunt
1525 1059 1685 1111 supra
1715 1044 1806 1098 lir-

238 1141 589 1195 mamentum,
618 1131 912 1200 signiﬁcari
942 1131 1132 1197 docet;
1165 1147 1291 1201 qua:
1311 1147 1439 1186 vero
1472 1134 1601 1188 inde
1630 1134 1807 1189 detur-

238 1222 363 1277 batze
394 1230 543 1283 sunt,
575 1222 736 1290 aquis
765 1221 936 1275 notari
963 1237 1083 1290 qum
1120 1231 1249 1276 sunt
1276 1223 1375 1276 sub
1398 1224 1558 1279 cudo.

302 1311 381 1366 VI.
414 1311 549 1365 Dum
577 1327 675 1380 pro
699 1310 927 1381 Origene
952 1323 1154 1365 starent
1182 1328 1461 1367 sermones
1490 1313 1586 1377 illi,
1627 1313 1803 1383 ipsum

240 1406 330 1459 sibi
363 1405 414 1457 itt
444 1404 739 1458 scribendo
779 1405 1154 1458 assectandutn
1189 1404 1523 1474 proponebat
1572 1405 1806 1463 Hilarius

239 1497 600 1551 Pictavieusis.
651 1494 846 1550 Narrat
880 1496 1077 1565 quippe
1118 1497 1474 1567 Hieronymus
1507 1496 1551 1529 ³³
1581 1498 1722 1554 hunc
1751 1501 1803 1553 itt

236 1589 458 1660 Phrygia
510 1588 851 1643 exsulantem
898 1604 1146 1658 magnam
1201 1587 1536 1653 Psalmorum
1599 1603 1806 1662 partem

236 1680 979 1743 commentariis,illustrasse,
1020 1682 1072 1735 in
1112 1697 1287 1752 eoque
1329 1698 1493 1751 opere
1540 1684 1805 1739 imitatum

236 1772 389 1826 fuisse
414 1770 728 1842 Origenem,
775 1772 1046 1827 nonnullis
1076 1783 1252 1828 tamen
1298 1775 1366 1828 de
1404 1789 1504 1828 suo
1545 1774 1804 1843 adjectis;

233 1862 595 1932 expositiones
656 1864 818 1918 etiam
872 1865 927 1918 in
977 1864 1168 1917 Jobum
1212 1872 1268 1919 et
1322 1866 1378 1918 in
1435 1862 1804 1920 Matthamm'e

233 1952 410 2007 Gmo
437 1951 691 2023 Origenis
731 1953 785 2007 in
833 1952 1064 2022 linguam
1119 1953 1362 2009 Latinam
1422 1956 1798 2011 transfudisse.

232 2046 423 2098 Auctor
467 2056 550 2099 est
588 2052 851 2115 praeterea
913 2045 1272 2116 Hieronymus
1315 2046 1574 2103 Euzoium
1619 2047 1804 2102 Caesa-

234 2137 455 2192 riensem
481 2139 793 2208 episcopum
823 2140 1068 2208 Gregorii
1097 2138 1424 2194 Nazianzeni
1459 2141 1803 2210 condiscipu-

232 2229 331 2283 lum
360 2239 411 2284 et
439 2231 729 2299 azqualem,
773 2248 791 2281 t
827 2241 1134 2297 corruptam
1187 2229 1567 2284 bibliothecam
1616 2228 1803 2299 Orige-

234 2325 308 2379 nis
365 2333 419 2378 et
476 2323 741 2393 Pamphin
798 2323 852 2377 itt
923 2324 1252 2377 membranis
1314 2322 1622 2377 instaurare
1682 2336 1804 2376 esse

231 2425 517 2469 conatum:
548 2433 568 2466 ι
618 2413 975 2484 Origenianas
1014 2415 1177 2469 etiam
1212 2422 1394 2482 partes
1438 2421 1655 2468 secutos
1686 2427 1805 2467 esse

231 2503 400 2559 Titum
435 2505 757 2559 Bostrorum
783 2505 1124 2575 episcopum,
1156 2514 1212 2559 et
1239 2505 1520 2573 Didymum
1568 2503 1805 2558 Alexan-

230 2597 455 2660 drinum,
494 2611 657 2664 quem
706 2596 1108 2663 apertissimum
1150 2594 1457 2649 Adatuantii
1498 2609 1805 2664 propugna-

231 2696 388 2742 torem
419 2687 678 2757 appellat,
708 2687 904 2758 quique
934 2688 1093 2741 editis
1132 2687 1183 2741 in
1222 2686 1387 2742 libros
1424 2686 1566 2755 Περὶ
1604 2686 1806 2757 ἀρχῶν

228 2779 696 2835 Commentariulis
726 2779 860 2833 nihil
899 2795 1002 2833 non
1047 2780 1411 2835 orthodoxam
1440 2780 1504 2835 iis
1538 2780 1802 2835 contineri

230 2873 510 2943 pertendit,
548 2872 1003 2941 quemadmodum
1044 2883 1098 2925 ct
1135 2872 1417 2926 Eusebius.
1455 2871 1800 2928 Ambrosium

231 2978 435 3034 quoque
468 2961 951 3028 Mediolanensem,
982 2962 1269 3016 Eusebium
1302 2961 1721 3027 Vercellensem,
1749 2972 1805 3018 et

234 3056 559 3115 Victorinum
586 3053 1035 3108 Petabionensem
1064 3053 1228 3107 multa
1263 3053 1512 3123 Origenis
1538 3055 1620 3109 vel
1651 3053 1801 3109 Lati-

229 3150 373 3202 nitati
410 3149 671 3209 donasse,
703 3146 786 3200 vel
816 3146 1054 3201 imitatos
1083 3146 1249 3201 fuisse
1295 3146 1463 3202 tradit
1501 3147 1641 3201 idem
1677 3147 1804 3203 llic-

228 3253 499 3315 ronymus.
544 3239 679 3293 Tam
725 3246 908 3309 aperte
935 3246 1117 3293 autem
1151 3236 1369 3309 Origeni
1405 3238 1629 3294 adhaesit
1661 3239 1799 3294 Gre-

225 3335 399 3403 gorius
422 3330 703 3401 Nyssenus
726 3370 742 3395 ,
776 3339 834 3383 ut
866 3345 971 3384 non
1008 3346 1132 3385 etnn
1173 3331 1346 3386 solum
1376 3344 1690 3401 prosecutus
1731 3333 1803 3388 sit

226 3425 490 3489 laudibus,
521 3423 617 3477 sed
648 3423 898 3491 dogmata
936 3422 1101 3477 etiam
1131 3421 1249 3491 ejus
1287 3423 1492 3494 aliquot
1525 3426 1753 3479 tenuerit
1784 3443 1798 3479 :

226 3518 350 3570 adeo
394 3527 453 3569 ut
490 3514 563 3569 ab
606 3512 929 3582 Origenistis
977 3524 1232 3583 corrupta
1272 3515 1438 3585 ipsius
1481 3517 1703 3586 scripta.
1748 3527 1803 3573 ct

226 3608 524 3662 adulterata
572 3605 832 3677 peculiari
869 3605 1009 3660 libro
1048 3607 1427 3664 demonstrare
1456 3620 1683 3665 conatus
1730 3610 1802 3665 sit

224 3697 524 3755 Germanus
558 3699 891 3769 patriarcha,
942 3700 1099 3769 cujus
1149 3710 1405 3770 excerpta
1457 3700 1617 3756 habet
1661 3702 1801 3756 Pho-

224 3788 323 3844 tius
348 3789 468 3846 cod.
494 3804 758 3845 ccxxxtu.
788 3790 951 3845 Certe
977 3791 1027 3843 in
1058 3790 1423 3860 disputatione
1472 3794 1537 3846 de
1561 3795 1797 3859 homine,

224 3882 519 3936 animarum
549 3880 893 3952 προῦπαρξιν
933 3890 987 3936 et
1021 3882 1519 3954 μετενσωμάτωσιν
1549 3886 1800 3953 reprobat

224 3973 551 4045 Gregorius,
610 3989 639 4027 a
697 3974 916 4027 nomine
977 3986 1158 4028 autem
1231 3973 1481 4044 Origenis
1542 3977 1797 4031 abstinet.

227 4067 605 4137 Hieronymum
666 4080 880 4134 quoque
940 4065 1115 4135 ipsum
1163 4066 1325 4121 etiant
1365 4075 1474 4120 tum
1521 4067 1798 4137 juvenem,

224 4168 584 4227 portentosum
630 4156 879 4226 Origenis
914 4157 1208 4227 ingenium,
1257 4168 1313 4212 et
1357 4159 1649 4228 singularis
1679 4176 1798 4214 eru-

224 4251 345 4303 ditio
391 4252 461 4304 ita
494 4259 775 4319 ceperant,
824 4259 881 4303 Ill.
927 4251 979 4303 in
1022 4250 1137 4318 ejus
1176 4250 1363 4305 laudes
1403 4266 1546 4320 saepe
1599 4266 1797 4307 excur-

227 4352 377 4405 reret,
415 4352 469 4395 et
496 4356 595 4409 pro
625 4354 776 4393 mero
800 4340 1107 4409 Origenista
1135 4340 1321 4395 haberi
1351 4352 1531 4410 posset
1557 4360 1573 4398 :
1607 4357 1795 4397 verum

224 4448 309 4500 per
363 4432 518 4502 ignes
573 4432 745 4485 cineri
804 4433 989 4486 doloso
1047 4434 1357 4501 suppositos
1432 4434 1684 4489 incedere
1739 4452 1797 4492 se

224 4526 438 4579 subinde
464 4524 797 4592 intelligens,
826 4524 1012 4593 pedem
1046 4524 1250 4589 retulit,
1277 4534 1335 4579 ut
1362 4526 1414 4580 in
1440 4528 1796 4596 sequentibus

1145 459 1712 516 ORIGENMNOIEUM
1755 459 1880 515 LIB.
1925 461 1989 528 ll,
2028 461 2182 519 CAP.
2227 463 2314 530 IV,
2361 464 2553 521 SECT.
2594 465 2633 522 l.

1832 40 2063 51 θην-μ-
2078 36 3864 102 ἡ

3357 471 3496 527 H22

234 578 564 635 Athanasius
622 590 678 635 et
721 580 971 635 Basilius.
1006 580 1097 634 Ille
1127 582 1179 635 in
1220 581 1335 635 Vita
1372 582 1582 636 Antonii
1621 583 1807 653 lapsus
1834 584 1880 641 Α
1909 585 2089 655 inepta
2143 595 2199 641 et
2240 586 2435 657 frigida
2493 588 2758 642 allusioue
2783 628 2799 653 ,
2854 588 3049 657 quales
3119 589 3355 661 scriptor
3406 592 3494 647 ille

1910 677 2250 734 comminisci
2300 690 2567 735 antatzet
2616 680 3002 738 ἀνοσιώτατον.
3057 684 3188 739 Item
3238 687 3489 757 dogmata

1908 765 2026 833 ejus
2060 765 2382 839 δηλητήρια,
2408 769 2724 842 φθοροποιὰ,
2768 773 2897 837 τοὺς
2927 773 3330 847 ἁπλουστέρους
3363 793 3489 831 σκε-

1908 856 2127 921 λίζοντα
2152 875 2274 915 esse
2299 863 2451 917 dicit.
3486 894 3489 895 '

1982 947 2324 1005 Manifestum
2367 966 2528 1019 porro
2569 961 2652 1007 est
2697 967 2763 1008 ex
2810 954 3179 1025 superioribus
3225 967 3485 1028 quantum

1908 1040 2172 1093 erraverit
2196 1040 2473 1097 Halloxius
2514 1043 2600 1099 lib.
2642 1059 2695 1099 tv
2753 1044 2899 1114 Orig.
2933 1046 3169 1115 ἀείσω..
3207 1061 3396 1118 quaest.
3428 1051 3485 1115 4,

1909 1131 2109 1199 aliique
2158 1133 2420 1195 nonnulli,
2461 1135 2552 1202 qui
2602 1144 2728 1189 ante
2774 1136 3053 1205 Epiphanii
3098 1154 3219 1192 cum
3275 1138 3486 1196 Joanne

1908 1220 2363 1294 Jerosolymitauo
2387 1234 2442 1279 et
2470 1225 2857 1296 Chrysustomo
2902 1228 3267 1283 dissensiones
3289 1268 3306 1293 ,
3364 1230 3486 1286 Oris

1909 1329 2098 1382 genem
2129 1331 2157 1369 a
2188 1318 2423 1371 netnine-
2446 1332 2543 1387 pro
2579 1320 2836 1374 haeretico
2870 1319 3115 1374 habitum
3159 1321 3345 1387 fuisse,
3374 1326 3486 1393 prim

1912 1420 2164 1475 mumque
2193 1407 2551 1477 Epiphaniam
2589 1410 2640 1464 in
2674 1426 2797 1465 eum
2832 1411 2982 1479 signa
3010 1411 3246 1466 movisse
3279 1425 3486 1467 memo-

1912 1497 2004 1552 ria:
2030 1498 2428 1564 prodiderunt:
2470 1515 2593 1553 nam
2645 1517 2665 1553 ι
2709 1500 2857 1556 velut
2903 1502 3213 1556 hiereticnm
3258 1516 3486 1573 accusa-

1913 1596 2023 1640 tum
2054 1607 2073 1640 ι
2116 1588 2283 1644 fuisse
2308 1589 2510 1645 diserte
2535 1590 2730 1645 scribit
2768 1590 3079 1661 Pamphilus
3107 1592 3159 1647 in
3183 1593 3438 1663 Apologia
3464 1612 3484 1659 ;

1909 1684 1963 1729 et
1985 1689 2147 1743 quam
2173 1677 2427 1744 gravibus
2454 1686 2732 1747 peteretur
2756 1680 3075 1737 criminibus
3098 1682 3342 1737 declarat
3371 1684 3481 1752 ipsa

1909 1765 2026 1820 hmo
2062 1768 2336 1837 Apologia,
2382 1784 2505 1822 nam
2556 1787 2575 1820 ι
2606 1770 2781 1837 Ipsum
2821 1786 3014 1826 nomen
3070 1772 3429 1842 Apologetici,
3459 1792 3478 1826 ι

1910 1866 1970 1914 ut
1995 1858 2069 1912 ait
2094 1858 2451 1932 Hieronymus
2465 1863 2623 1931 epist.
2653 1863 2720 1916 65
2746 1864 2811 1917 ad
2834 1862 3148 1918 Pammach.
3173 1876 3226 1920 et
3251 1865 3481 1929 Ocean.,

1838 1922 1880 1981 Β
1914 1966 1934 2000 t
1960 1950 2195 2004 ostendit
2229 1922 2662 2019 accusationem;
2706 1967 2810 2006 non
2843 1954 2989 2006 enim
3032 1956 3338 2008 defenditur
3380 1954 3483 2009 nisi

1908 2043 2051 2112 quod
2082 2043 2388 2098 incrimine
2417 2054 2534 2112 est;
2566 2064 2585 2095 ι
2632 2045 2911 2100 declarant
2937 2055 2991 2100 et
3026 2046 3299 2115 Apologia:
3327 2061 3481 2100 com-

1907 2136 2090 2204 plures
2114 2152 2234 2205 qua:
2258 2152 2286 2190 a
2314 2138 2497 2193 multis
2530 2139 2709 2207 magni
2754 2139 2988 2193 nominis
3033 2138 3167 2194 viris
3213 2137 3478 2210 Pamphili

1907 2231 2146 2293 tempore
2169 2240 2267 2294 pro
2292 2225 2525 2295 Origene
2547 2231 2868 2297 conscriptae
2889 2239 3034 2284 sunt.
3058 2229 3169 2283 Nec
3195 2241 3480 2301 repugnat,

1903 2317 2046 2388 quod
2070 2318 2405 2389 Augustinus
2433 2320 2818 2392 Hieronymum
2856 2334 3013 2393 rogat
3048 2340 3146 2394 per
3170 2326 3478 2393 epistolam,

1906 2420 1966 2466 ut
1986 2410 2090 2465 sibi
2114 2411 2365 2480 Origenis
2400 2425 2618 2467 errores
2652 2414 2893 2485 aperiat;
2926 2430 3049 2470 nam
3078 2428 3297 2487 propter
3325 2417 3481 2474 Grae-

1907 2519 1983 2559 ca:
2009 2504 2203 2574 lingua:
2243 2504 2532 2572 inscitiam,
2572 2506 2626 2560 in
2671 2519 2735 2560 ea
2777 2508 3115 2578 ignoratione
3158 2510 3262 2566 fuit
3302 2511 3482 2584 Augu-

1903 2596 2104 2650 stinus.

1981 2686 2085 2742 νη.
2118 2688 2308 2743 Adhuc
2353 2703 2477 2742 eum
2521 2687 2756 2760 Origene
2807 2691 3069 2760 praaclare
3111 2702 3292 2748 actum
3338 2706 3478 2762 erat,

1905 2791 2079 2847 neque
2107 2787 2315 2833 tantum
2349 2779 2423 2831 illi
2467 2778 2775 2848 ignominia:
2810 2782 3121 2838 inusserant
3158 2786 3481 2851 adversarii,

1905 2881 2162 2939 quantum
2187 2871 2538 2934 celebritatis,
2577 2872 2967 2928 inclaresccnte
2995 2875 3045 2927 iit
3077 2876 3195 2929 dies
3219 2877 3481 2931 dot-trinae

1905 2961 2068 3023 fama,
2100 2959 2275 3014 fuerat
2300 2961 2525 3029 adeptus
2550 2978 2564 3026 ;
2591 2978 2711 3016 cum
2736 2965 3004 3031 susceptis
3032 2965 3293 3032 quosdam
3337 2966 3481 3020 inter

1902 3050 2297 3105 ecclesiasticos
2341 3052 2487 3105 virus
2515 3053 2841 3117 inimicitiis,
2893 3055 3087 3123 partim
3128 3055 3479 3127 Origenismi,

1904 3142 2099 3212 partim
2141 3143 2338 3213 privati
2390 3146 2496 3199 odii
2547 3161 2734 3211 causa,
2771 3148 3024 3201 max-imis
3071 3149 3307 3204 mo‘tibus
3358 3152 3478 3204 uni-

1907 3246 2063 3286 versa
2096 3233 2333 3288 Ecclesia
2374 3249 2637 3289 concussa
2675 3244 2778 3291 est.
2825 3237 2977 3303 Quod
3007 3237 3051 3291 si
3081 3247 3337 3292 accurate
3364 3239 3477 3293 sin-

1906 3322 2028 3391 gula
2057 3325 2361 3378 consectari
2398 3325 2553 3379 nobis
2578 3336 2724 3379 esset
2765 3327 3121 3395 propositum,
3162 3327 3215 3381 in
3250 3327 3477 3383 immen-

1904 3433 2023 3474 sum
2078 3427 2350 3472 cresceret
2394 3418 2533 3472 istud
2571 3432 2739 3486 opus,
2790 3427 2845 3471 et
2898 3418 3035 3473 ultra
3087 3420 3479 3489 circumseptus

1904 3510 2268 3566 lucubrationi
2331 3511 2460 3566 huic
2512 3513 2781 3567 cancellos
2841 3527 3296 3580 excurreremus,
3347 3514 3480 3569 adeo

1903 3602 2060 3668 longa
2091 3612 2176 3657 est
2204 3603 2423 3672 injuria,
2447 3602 2617 3673 longa:
2642 3604 2926 3673 ambages;
2954 3604 3047 3659 sed
3085 3620 3296 3660 summa
3340 3606 3477 3660 dun-

1904 3702 2055 3750 taxat
2088 3711 2266 3749 rerum
2310 3695 2521 3764 fastigia
2550 3710 2961 3766 persequemur.
2999 3696 3150 3763 Quod
3186 3708 3244 3752 ut
3287 3699 3477 3755 ordine

1903 3791 2176 3856 procedat,
2208 3804 2295 3843 res
2323 3789 2484 3843 altius
2528 3790 2817 3858 repetenda
2861 3799 2965 3843 est.
3008 3789 3393 3846 Consentiente
3421 3792 3474 3846 in

1900 3878 2148 3947 Origenis
2177 3879 2365 3934 laudes
2403 3890 2515 3934 toto
2551 3881 2937 3949 propemodum
2963 3882 3121 3945 orbe,
3153 3884 3377 3952 contigit
3418 3895 3478 3938 ut

1902 3971 2143 4026 nonnulli
2194 3974 2410 4042 egregia
2469 3972 2590 4040 ejus
2635 3973 2775 4027 dicta
2828 3973 3077 4043 factaque
3134 3990 3233 4044 pro
3282 3978 3477 4039 merito

1899 4062 2250 4127 demirantes,
2284 4061 2453 4131 ipsius
2483 4061 2647 4115 etiam
2691 4077 2907 4117 errores
2947 4078 3137 4130 parum
3185 4068 3477 4134 prudenter

1900 4161 2200 4215 tuerentur,
2228 4154 2423 4207 studiis
2456 4153 2568 4207 suis
2596 4155 2864 4207 moderari
2899 4155 3232 4221 nescientes,
3283 4156 3476 4227 Orige-

1899 4245 2061 4311 nique
2102 4254 2245 4296 recte
2269 4244 2522 4298 sentienti
2557 4245 2950 4310 adhaerescere,
2981 4248 3185 4301 erranti
3227 4250 3472 4304 nuntium

1899 4335 2193 4388 remittere.
2213 4334 2351 4389 Hinc
2371 4335 2561 4405 duplex
2597 4337 2796 4405 prodiit
2827 4336 3251 4407 Origenistarum
3279 4356 3470 4410 genus,

1895 4427 2330 4498 ortltodoxoruml
2393 4436 2446 4484 et
2515 4430 2991 4486 heterodoxorum.
3052 4430 3199 4487 Inter
3283 4438 3473 4489 ortho-

1899 4520 2065 4575 doxos
2096 4520 2368 4590 ponimus,
2406 4520 2496 4588 qui
2525 4524 2787 4590 proxime
2814 4521 3015 4577 laudati
3059 4534 3206 4589 sunt,
3250 4525 3469 4596 Origeni

224 4616 635 4671 declarahimus.
682 4615 789 4669 Nec
840 4622 917 4670 tot
970 4626 1148 4670 tamen
1201 4616 1514 4686 Origeniani
1559 4619 1793 4675 nominis
1824 4615 1868 4670 D
1896 4626 2108 4665 summa
2145 4612 2330 4667 omnia
2362 4612 2567 4666 calculo
2598 4627 2696 4668 suo
2730 4614 3047 4680 tribuentes,
3105 4617 3170 4669 ab
3225 4616 3343 4685 ejus
3392 4622 3471 4672 vel

224 4710 451 4773 patronis
518 4708 793 4762 absterriti
839 4718 963 4762 sunt
1006 4708 1324 4763 Theodorus
1369 4708 1790 4780 Mepsuestenus

222 4800 641 4869 etApollinaris.
677 4800 964 4867 quominus
1002 4799 1076 4854 illi
1121 4801 1295 4868 palam
1342 4801 1430 4856 hic
1459 4803 1794 4868 detraheret,

224 4890 303 4943 ille
328 4891 511 4945 multis
536 4891 701 4945 etiam
729 4891 945 4959 scriptis
985 4893 1256 4960 opusculis
1291 4904 1664 4964 oppugnaret;
1700 4897 1792 4951 sed

223 4983 343 5039 levis
375 4995 459 5040 est
491 4983 749 5038 momenti
784 4983 1161 5038 hatreticorutn
1210 4987 1485 5040 hominum
1516 4986 1791 5042 obtrecta-

225 5076 307 5130 tio.
347 5076 554 5131 Auctor
588 5090 803 5146 quoque
846 5074 1213 5146 Dialogorum,
1248 5078 1338 5145 qui
1371 5077 1607 5132 Caesarie
1650 5078 1790 5134 Gre-

223 5170 346 5234 gorii
406 5167 743 5223 Nazianzeni
812 5167 965 5221 fratri
1026 5178 1394 5230 ascrmuntur,
1460 5177 1515 5223 et
1570 5168 1788 5224 Maximi

226 5269 389 5317 tamen
440 5261 679 5316 Ctesario
738 5260 1088 5325 recentioris,
1146 5270 1199 5313 et
1258 5258 1502 5328 Gregorii
1560 5258 1789 5330 Nysseni

225 5350 531 5422 fragmentis
561 5351 689 5405 farti
728 5358 882 5416 sunt;
915 5361 1124 5415 auctor,
1172 5352 1411 5421 inquam,
1456 5351 1544 5405 ille
1572 5352 1638 5406 de
1666 5352 1788 5408 Ori-

222 5462 345 5513 gene
400 5446 542 5501 male
591 5444 761 5499 sensit
809 5457 873 5496 ac
922 5443 1141 5513 scripsit
1188 5442 1252 5508 “,
1318 5441 1613 5512 μυθολόγον
1666 5458 1789 5496 eum

220 5538 501 5607 appellans,
533 5535 705 5599 ἀκοὰς
760 5536 855 5607 μὲν
904 5535 1184 5604 Θέλγοντα,
1241 5534 1418 5605 ψυχὰς
1454 5534 1510 5586 δὲ
1556 5535 1618 5587 οὐ
1658 5534 1787 5606 τρέ-

220 5646 407 5697 φονται·
450 5647 469 5681 t
498 5630 673 5683 Aures
716 5626 933 5696 quidem
980 5627 1338 5688 mulcentem,
1389 5626 1603 5679 animas
1659 5640 1786 5678 vero

220 5721 427 5775 minime
498 5719 918 5782 nutrienteth
985 5727 1039 5773 et
1088 5717 1189 5785 τῆς
1247 5716 1413 5788 ὀργῆς
1470 5714 1782 5787 ἐπώνυμον,

1898 4702 2260 4769 discedentes,
2301 4705 2385 4759 vel
2415 4705 2695 4760 discedere
2731 4716 2950 4774 paratus
2976 4709 3274 4773 erroribus,
3312 4711 3473 4764 simul

1895 4808 2059 4867 atqtte
2094 4796 2323 4852 fuissent
2357 4799 2643 4867 perspecti,
2697 4808 2750 4853 et
2800 4797 2867 4853 ab
2923 4797 3162 4855 Ecclesia
3209 4801 3468 4856 damnati.

1894 4888 2087 4942 Iisdem
2110 4904 2463 4943 aecensemus
2488 4888 2747 4943 Joannem
2778 4888 3247 4958 Cltrysostomum,
3297 4891 3473 4946 Theo-

1899 4981 2086 5034 timum
2111 4980 2479 5049 Tomitanupt,
2505 4981 2781 5049 ctaliquos
2801 4997 2869 5034 ex
2898 4982 2963 5035 iis
2991 4997 3125 5049 quos
3146 4981 3467 5051 Origenismi

1895 5086 2057 5126 causa
2084 5079 2309 5125 vexatos
2344 5070 2509 5124 fuisse
2538 5070 2677 5123 infra
2714 5071 3090 5134 narrabimus;
3122 5072 3471 5127 hcterodoxis

1896 5161 2216 5215 ascribimus
2240 5159 2518 5229 Dydimum
2551 5158 2992 5223 Alexandrinum,
3019 5158 3281 5215 Joannem
3313 5161 3468 5216 Jeru-

1894 5252 2298 5322 solymitanum,
2332 5251 2622 5319 Evagrium
2658 5248 2965 5314 Ponticum,
2992 5250 3285 5305 Palladium
3313 5252 3471 5308 Gala-

1895 5356 2026 5407 tam,
2058 5342 2317 5397 lsidorum
2344 5383 2359 5408 ,
2425 5341 2703 5405 Ruﬁnum,
2752 5350 2808 5395 et
2853 5342 3159 5410 complures
3191 5359 3259 5397 ex
3293 5344 3462 5415 Egy-

1895 5438 2021 5509 ptiis
2073 5425 2351 5489 monachis
2407 5434 2499 5503 qui
2550 5432 2782 5487 Nitriam
2853 5446 3088 5487 montem
3120 5434 3464 5502 incolebant,

1897 5542 2137 5600 quosque
2159 5526 2512 5595 'Origenismi
2553 5539 2762 5580 veneno
2793 5526 2999 5593 primos
3030 5524 3195 5580 fuisse
3228 5527 3469 5584 imbutos

1899 5619 2321 5678 narratNicetas
2351 5616 2606 5671 Thesaur.
2656 5616 2866 5670 ortltod.
2912 5616 3007 5685 ﬁd.
3042 5617 3163 5671 libr.
3208 5634 3282 5682 tv,
3333 5621 3463 5677 hasr.

1895 5715 1984 5770 51.
2037 5709 2301 5767 Peculiari
2341 5709 2736 5764 commentario
2780 5706 3115 5777 Origenistas
3171 5714 3466 5768 monachos

281 5834 321 5863 "
347 5832 493 5886 llier.
523 5831 600 5902 De
634 5832 811 5897 script.
851 5832 1028 5902 ere/es.
1075 5831 1127 5882 in
1169 5829 1404 5902 Hilario;
1438 5838 1490 5883 et
1524 5829 1657 5902 libr.
1692 5847 1706 5884 ι
1748 5831 1897 5889 Apol.
1943 5829 2091 5902 adv.“
2115 5824 2288 5902 lia/in.
2315 5838 2433 5902 cap.
2469 5822 2526 5886 2,
2563 5832 2617 5877 et
2828 5839 2888 5890 tt,
2919 5836 2969 5879 c.
3000 5821 3071 5889 ἃς
3148 5835 3202 5882 et
3250 5828 3463 5902 Prolog.

218 5903 264 5954 in
290 5902 408 5958 libr.
444 5917 481 5955 tt
514 5900 714 5956 Comm.
751 5904 800 5955 in
859 5900 1041 5965 Miclt.,
1078 5910 1132 5953 et
1160 5902 1317 5970 epist.
1343 5901 1430 5965 75,
1465 5901 1583 5953 adv.
1621 5900 1981 5968 Vigilantiam.

2061 5898 2101 5929 “
2138 5886 2344 5959 Dialog.
2374 5886 2427 5957 3,
2465 5910 2609 5953 reso.
2655 5886 2773 5949 ιδί.
