3914 6518
484 393 622 448 H23

1741 396 1802 451 P.
1843 394 2161 451 DANIELIS
2190 394 2425 455 HUETH

3600 409 3625 462 Ι
3644 410 3744 464 Ι-ΞΙ

481 514 701 568 laudare
726 511 1032 569 instituerat
1058 515 1307 581 Ruﬁnus,
1340 518 1489 573 utab
1533 516 1860 589 Hieronymo
1897 532 2051 573 acce-
2081 521 2128 578 Α
2156 537 2371 591 genem,
2408 523 2490 578 vel
2522 538 2619 591 pro
2660 524 2897 597 Origene
2935 535 3253 595 argumenta
3293 526 3536 583 studiose
3583 527 3743 580 colli-

480 605 683 672 pimus,
743 603 897 671 cujus
962 606 1073 660 lucc
1114 617 1242 662 sunt
1298 610 1457 662 verba
1512 612 1583 663 ad
1634 608 2050 678 Ctesiphontem,

480 710 600 763 cap.
634 695 669 748 2
700 713 716 748 :
756 713 776 746 ι
799 696 1019 751 Librum
1043 713 1256 769 quoque
1302 703 1521 771 scripsit
1561 705 1712 774 quasi
1770 704 1835 757 de
1869 718 2053 757 mona-

477 787 615 848 chis,
641 785 943 856 multosque
976 788 1029 841 in
1063 804 1128 843 eo
1154 804 1459 857 enumerat,
1512 796 1601 862 qui
1638 809 1909 864 nunquam
1938 793 2053 847 fue-

478 884 627 941 runt,
681 886 737 931 et
789 893 927 946 quos
976 879 1143 935 fuisse
1191 883 1404 946 scribit,
1460 882 1823 954 Origenistas,
1877 895 1933 939 et
1983 886 2052 941 ab

475 968 746 1037 episcopis
781 970 1060 1025 damnatos
1100 986 1222 1028 esse
1273 990 1381 1029 non
1418 975 1640 1030 dubium
1671 986 1775 1035 εει.
1833 978 2051 1032 Διηωο-

476 1054 625 1109 nium
686 1056 954 1123 videlicet,
1006 1069 1061 1115 et
1104 1061 1429 1130 Eusebium;
1488 1074 1544 1118 et
1594 1065 1940 1133 Euthymion,
1997 1074 2053 1121 et

476 1147 649 1214 ipsum
677 1147 985 1218 Evagrium,
1011 1149 1087 1206 0r
1111 1168 1348 1223 quoque,
1388 1165 1442 1209 et
1466 1154 1746 1219 lsidornm,
1771 1165 1826 1209 et
1857 1156 2050 1211 multos

473 1233 630 1301 alios,
668 1250 809 1305 quos
837 1252 1160 1296 enumerare
1204 1242 1421 1296 aedium
1450 1252 1557 1299 est.
1622 1243 1686 1299 Et
1724 1245 1879 1314 juxta
1920 1244 2049 1299 illud

483 1325 721 1383 Lucretii
747 1345 763 1382 :

651 1438 725 1509 Ac
754 1438 911 1492 veluti
948 1442 1124 1509 pueris
1152 1442 1419 1498 absinthia
1456 1453 1584 1498 tetra
1610 1446 1869 1501 medentes

649 1508 780 1585 Qum
812 1508 1251 1585 dare'conotttur,
1280 1515 1439 1585 prius
1472 1531 1593 1569 oras
1631 1518 1820 1585 pocula
1847 1518 2044 1570 circum

649 1577 971 1646 Contingunt
1004 1582 1171 1635 mellis
1195 1577 1336 1636 dulci
1367 1585 1604 1656 ﬂavoque
1631 1577 1831 1655 liquore
1856 1586 1896 1618 ¹⁸
1922 1606 1937 1654 ;

472 1693 542 1747 ita
577 1693 664 1749 ille
693 1711 858 1749 unum
897 1695 1161 1752 Joannem
1205 1699 1258 1753 in
1302 1700 1468 1770 ipsius
1507 1701 1632 1757 libri
1683 1705 1862 1772 posuit
1894 1706 2049 1775 prin~

469 1786 632 1853 cipio,
664 1801 823 1855 quem
861 1798 916 1842 et
949 1788 1277 1845 catholicum
1333 1800 1388 1846 et
1429 1803 1676 1849 sanctum
1720 1794 1886 1852 fuisse
1933 1813 2039 1851 non

2155 618 2426 685 gentibus,
2447 617 2663 671 minime
2692 634 2823 673 sane
2846 618 3033 672 fuisset
3055 620 3497 687 praetermissum.
3528 617 3741 680 Super-

2154 716 2241 761 est
2290 706 2475 774 igitur,
2518 716 2578 760 ut
2624 709 2866 761 dicamus
2910 708 3245 777 Origenistas
3296 707 3467 761 fuisse
3506 705 3741 775 duplicis

2154 801 2402 870 generis,
2431 802 2780 865 orthodoxos,
2802 814 2857 857 et
2882 803 3277 867 heterodoxos;
3308 809 3366 856 et
3401 799 3737 855 invidiosum

2155 892 2259 947 hoc
2291 907 2483 947 nomen
2535 894 2717 947 multis
2752 893 3060 959 dmmerito,
3096 894 3344 964 pluribus
3395 892 3561 947 etiam
3617 890 3737 960 jure

2153 982 2319 1039 fuisse
2344 984 2621 1038 tributum.
2651 984 2837 1038 Fidem
2866 984 3101 1053 opinioni
3134 994 3334 1039 nostra:
3373 982 3581 1037 faciunt
3610 982 3740 1035 hinc

2151 1072 2341 1128 Graeca
2372 1073 2695 1145 menolagia,
2731 1089 2854 1144 quae
2889 1074 3182 1129 nonnullos
3223 1089 3287 1129 ex
3316 1072 3651 1145 Origenistis
3681 1072 3735 1126 in

2149 1177 2463 1219 sanctorum
2508 1166 2686 1219 album
2755 1165 3034 1231 referunt,
3100 1175 3155 1219 et
3203 1174 3449 1232 spectata
3493 1163 3741 1233 Chryso-

2148 1259 2310 1313 stomi
2341 1259 2511 1312 virtus
2554 1273 2616 1313 ac
2661 1259 2865 1327 pietas,
2902 1260 2995 1328 qui
3036 1274 3127 1313 eos
3165 1258 3238 1312 ita
3293 1266 3500 1311 tutatus
3541 1264 3649 1319 est,
3679 1260 3743 1307 ut

2151 1348 2400 1403 eamdem
2451 1363 2665 1419 quoque
2698 1349 2803 1403 sibi
2852 1349 3270 1418 appellationem
3320 1347 3735 1411 conscisceret;

2152 1438 2272 1493 inde
2303 1438 2612 1509 Hieronymi
2639 1449 2694 1492 et
2721 1437 3008 1507 Epiphanii
3038 1437 3285 1508 partibus
3328 1436 3435 1490 illis
3464 1437 3739 1490 hereseos

2150 1540 2331 1583 notam
2360 1531 2746 1600 imponentium
2784 1528 3117 1584 testificatio.
3145 1527 3399 1584 Profecto
3427 1543 3530 1580 nou
3561 1541 3731 1579 unam

2150 1619 2317 1674 fuisse
2338 1618 2763 1690 Origenistarnm
2782 1620 3021 1675 omnium
3046 1619 3370 1683 doctrinam,
3390 1630 3491 1671 nec
3510 1616 3735 1671 eosdem

2148 1726 2328 1766 mores
2353 1711 2482 1767 satis
2506 1727 2573 1767 ex
2605 1712 2907 1781 Epiphanio
2926 1712 3214 1774 evincitur,
3253 1710 3345 1780 qui
3395 1709 3528 1762 haer.
3561 1706 3631 1761 65
3677 1714 3738 1760 et

2148 1801 2238 1867 64,
2272 1802 2543 1873 geminum
2591 1801 2802 1856 illorum
2832 1801 3077 1869 agnoscit
3103 1813 3268 1870 genus
3298 1812 3315 1851 :
3347 1796 3402 1851 in
3432 1809 3543 1864 quo
3592 1794 3735 1849 licet

468 1878 688 1931 dubium
724 1888 827 1942 est,
856 1889 913 1933 ut
946 1895 1041 1947 per
1085 1880 1228 1936 illius
1253 1885 1596 1940 occasionem
1628 1897 1875 1952 caeteros,
1911 1904 2045 1958 quos
2074 1865 2119 1920 Β
2150 1865 2350 1947 incerta
2384 1893 2701 1963 prodiderit,
2727 1902 2784 1947 et
2812 1865 2927 1963 post
2953 1892 3125 1961 ipsum
3163 1888 3520 1959 Augustinus,
3556 1885 3741 1943 multis

468 1979 725 2038 posuerat
741 1972 1049 2038 haereticos,
1065 1973 1314 2030 Ecclesia
1330 1976 1714 2033 introduceret.
1743 1998 1761 2031 ι
1778 1979 2042 2034 Joannem

468 2060 916 2132 Chnysostomum
956 2066 1041 2121 bis
1084 2065 1381 2136 signiﬁcari
1431 2082 1578 2127 recte
1616 2073 1814 2128 asserit
1851 2071 2046 2127 Maria-

468 2169 571 2207 nns
597 2154 866 2211 Victorius
892 2173 908 2221 ;
934 2158 1029 2212 sed
1055 2157 1281 2225 fallitur,
1314 2160 1476 2216 alium
1504 2164 1647 2218 hunc
1668 2181 1789 2220 esse
1814 2166 2045 2235 Opiuans

467 2244 759 2316 Evagrium
791 2247 859 2302 ab
897 2248 1127 2321 Evagrio
1171 2252 1396 2309 Pontico
1433 2255 1808 2327 Hyperborita,
1845 2260 1923 2314 uti
1976 2262 2044 2317 ab

471 2335 799 2407 Hieronymo
824 2339 949 2395 alibi
990 2344 1313 2413 appellatur.
1354 2346 1816 2412 Quemadmodum
1863 2362 2042 2407 autem

466 2428 804 2497 Origenistas
841 2432 1035 2488 Latine
1065 2434 1346 2491 celebrare
1392 2436 1620 2493 [tulinus
1653 2439 1923 2507 instituit;
1970 2444 2043 2497 ita

469 2518 697 2587 idipsum
728 2519 915 2574 Graece
947 2537 977 2575 a
1022 2521 1260 2579 Palladio
1290 2525 1492 2580 factum
1535 2536 1638 2590 est,
1693 2527 1744 2582 in
1784 2527 2044 2583 Lausiaca

465 2609 685 2661 historia
722 2624 741 2663 :
768 2626 875 2678 quo
907 2626 1069 2680 opere
1116 2612 1302 2668 lsidori
1330 2655 1346 2679 ,
1400 2616 1652 2671 Dornthei
1674 2656 1691 2680 ,
1734 2617 2030 2685 Ammonii,

469 2698 708 2767 Evagrii,
757 2701 855 2764 Or,
911 2702 1253 2759 Potamizenze
1305 2706 1559 2777 Origenis
1598 2708 1896 2779 discipula,
1950 2709 2045 2765 Di-

466 2788 640 2859 dymi,
668 2790 1008 2863 aliorumque
1038 2796 1345 2851 Adamantii
1373 2808 1702 2853 sectatorum
1733 2801 1872 2856 vitas
1898 2816 2046 2856 com-

464 2879 654 2949 plexus
682 2890 783 2936 est.
821 2880 990 2938 Porro
1022 2901 1119 2940 nos
1143 2902 1495 2957 quoscunque
1518 2890 1661 2943 inter
1690 2890 2047 2947 heterodoxos

464 2971 804 3041 Origenistas
856 2977 1128 3045 ponimus,
1171 2994 1267 3048 pro
1312 2980 1583 3035 haareticis
1629 2980 1816 3035 haberi
1850 2982 2043 3048 velim;

466 3063 778 3118 tralatitium
808 3067 955 3120 enim
982 3079 1086 3134 est,
1118 3086 1220 3122 non
1247 3085 1514 3135 errorem,
1540 3073 1633 3125 sed
1658 3074 2044 3141 pertinaciam,

464 3154 777 3210 limrcticum
813 3158 1016 3214 facere.
1045 3160 1292 3227 Melania,
1314 3172 1460 3231 puta,
1482 3178 1550 3219 ex
1576 3163 1678 3218 hoc
1703 3165 1829 3220 licet
1860 3181 2041 3236 grege,

464 3246 609 3303 inter
647 3258 868 3304 sanctos
918 3261 1095 3308 tamen
1136 3254 1306 3308 relata
1354 3263 1475 3321 est;
1527 3265 1583 3310 et
1633 3270 1703 3310 ex
1761 3259 2043 3314 monachis

464 3338 570 3393 illis
627 3339 996 3400 Nitriensihus
1075 3346 1317 3401 nonnulli
1381 3349 1433 3402 in
1494 3350 1915 3421 pseudosynodo
1973 3352 2043 3406 ad

462 3434 735 3499 Quercum
769 3436 953 3490 habita
999 3447 1181 3493 errata
1206 3454 1303 3495 sua
1329 3441 1434 3496 sibi
1467 3444 1768 3498 condonari
1798 3443 2039 3515 postula—

462 3536 586 3577 runt
622 3536 677 3580 et
700 3527 1076 3597 impetrarunt.

530 3620 707 3687 Atque
754 3622 869 3675 hare
928 3621 1360 3694 Origenistarum
1420 3626 1696 3685 distinctio
1754 3630 2042 3700 diligenter

459 3710 694 3762 notanda
732 3720 860 3765 est:
892 3728 1016 3767 nam
1067 3718 1362 3773 monachos
1402 3718 1523 3775 illos
1565 3719 1896 3789 Nitricnses,
1948 3724 2038 3793 qui

462 3795 565 3849 hac
593 3806 911 3866 tempestate
941 3801 1381 3872 Origenistarum
1424 3810 1784 3878 appellatione
1815 3812 2040 3867 infama-

460 3887 676 3951 hantur,
714 3888 1001 3946 haereticos
1058 3894 1230 3949 fuisse
1277 3910 1463 3953 censet
1504 3916 1695 3957 omnes
1746 3901 2033 3971 Baronius,

457 3984 557 4032 nec
583 3990 691 4032 tam
717 3980 966 4051 Origenis
991 3986 1179 4054 gloria:
1201 3987 1253 4041 fa
1265 3989 1427 4055 tisse,
1451 4006 1613 4061 quam
1644 3993 1814 4064 ipsius
1846 3997 2040 4065 opina-

456 4070 693 4125 tionihus
735 4075 1007 4130 mordicus
1064 4078 1359 4135 adhaesisse
1415 4096 1585 4150 :quae
1642 4084 1772 4138 mihi
1826 4086 2039 4140 videtur

454 4164 720 4218 sententia
786 4165 1178 4236 Chrysostomo
1251 4180 1310 4225 et
1393 4172 1678 4229 Theotimo
1742 4175 2030 4233 Tomitana

453 4255 732 4325 episcopo,
764 4261 1126 4317 sanctissimis
1171 4264 1327 4329 viris,
1369 4281 1629 4337 perquam
1676 4284 1799 4324 esse
1840 4283 2036 4326 contu-

455 4347 699 4402 meliosa.
763 4350 844 4403 Ah
878 4351 1011 4420 ipsis
1039 4355 1130 4408 alii
1156 4370 1377 4411 omnem
1424 4360 1625 4414 erroris
1671 4361 2033 4431 suspicionem

454 4448 691 4493 amotam
721 4454 841 4496 esse
874 4444 1082 4510 volunt,
1118 4455 1173 4501 et
1215 4448 1380 4503 totius
1430 4453 1855 4508 concertationis
1898 4454 2034 4509 invi-

2148 1989 2339 2057 plicem
2370 1998 2546 2043 tamen
2580 1987 2859 2041 hominum
2894 1985 3105 2040 illorum
3135 1984 3303 2040 fuisse
3327 1991 3532 2038 sectam
3564 1995 3635 2035 ex
3665 1994 3737 2034 eo

2146 2082 2488 2150 perspicuum
2519 2090 2621 2135 est.
2666 2078 2813 2133 lnter
2842 2094 2934 2135 eos
2968 2089 3026 2134 ut
3068 2076 3430 2148 integerrimis
3480 2071 3735 2129 nonnulli

2148 2173 2363 2226 fuerunt
2394 2173 2654 2237 moribus,
2673 2172 2749 2227 ita
2777 2172 2975 2228 foedam
2998 2170 3271 2224 libidinem
3294 2177 3350 2222 et
3370 2165 3739 2221 Onanismum

2150 2264 2361 2331 aliquos
2391 2264 2703 2319 exercuisse
2734 2262 2987 2317 referenti
3017 2260 3314 2330 Epiphanio
3344 2257 3510 2313 facile
3534 2258 3728 2318 credo;

2147 2354 2409 2424 quidquid
2434 2354 2772 2408 contradicat
2794 2352 3113 2407 Halloxies:
3142 2366 3208 2405 ex
3230 2363 3406 2418 eoque
3434 2348 3731 2402 adductum

2144 2443 2392 2512 suspicor
2424 2442 2806 2511 Epiphanium,
2845 2452 3047 2496 utcum
3086 2448 3348 2510 praeterea
3394 2450 3500 2491 non
3541 2437 3731 2490 eadem

2144 2537 2345 2589 sentire
2369 2534 2709 2605 Origenistas
2738 2549 2931 2589 omnes
2965 2532 3286 2596 inaudisset,
3319 2538 3541 2601 putaret
3575 2536 3732 2593 turpe

2145 2626 2274 2680 illud
2310 2625 2530 2689 factum,
2581 2625 2725 2695 quod
2767 2638 2976 2678 morum
3031 2631 3150 2676 erat
3197 2622 3409 2687 vitium,
3468 2618 3733 2673 doctrinae

2144 2732 2383 2773 errorem
2429 2716 2617 2782 fuisse,
2658 2728 2825 2787 atque
2860 2717 2932 2770 ita
2966 2714 3233 2785 duplicem
3267 2722 3477 2768 sectam
3521 2710 3728 2765 consti-

2148 2819 2343 2864 tueret.
2384 2809 2589 2865 Utmiti
2614 2810 2859 2880 plerique
2883 2809 3099 2863 fuerunt
3128 2807 3365 2876 ingenio,
3400 2806 3474 2858 ita
3511 2814 3732 2858 conten-

2147 2902 2268 2957 tiosi
2330 2902 2445 2968 alii,
2495 2902 2793 2957 refractarii
2842 2910 2896 2955 et
2926 2898 3392 2964 cervicosi;velut
3422 2911 3515 2965 qui
3565 2893 3729 2946 l'bt-o-

2147 2995 2293 3064 philo
2326 2992 2691 3048 Alexandrino
2740 2991 2953 3062 pnesuli
3002 2988 3265 3043 violentas
3320 3000 3493 3056 prope
3541 2997 3732 3037 manus

2147 3088 2464 3152 intulerunt,
2507 3098 2566 3141 ut
2615 3085 2895 3140 dicemus:
2928 3083 3141 3137 dicaces
3173 3079 3264 3133 alii
3301 3088 3356 3133 et
3398 3075 3727 3148 petulantes,

2147 3183 2389 3238 dicteriis
2413 3195 2554 3252 saepe
2574 3188 2629 3235 et
2651 3176 2989 3234 contumeliis
3008 3176 3321 3232 Catholicos
3344 3170 3691 3228 lacessebant
3711 3187 3726 3236 ;

2145 3281 2289 3329 velut
2339 3276 2392 3329 in
2431 3290 2527 3338 eo,
2573 3273 2712 3339 quod
2758 3286 3063 3333 narramus,
3120 3268 3371 3331 dissidio,
3413 3265 3727 3321 Catholicos

2144 3367 2483 3438 appellabant
2510 3362 2990 3432 Pelusiotas,quod
3023 3371 3275 3430 tanquam
3309 3359 3427 3412 luto
3463 3355 3725 3416 immersi.

2142 3467 2197 3512 et
2226 3458 2375 3511 curvi
2408 3458 2459 3510 in
2499 3468 2672 3511 terras
2705 3472 2769 3509 ac
2817 3453 3117 3509 caelestium
3158 3452 3352 3506 inanes
3384 3456 3613 3513 essent;
3659 3447 3725 3499 ad

2142 3562 2329 3602 vocem
2376 3548 2570 3618 πῆλος,
2603 3558 2657 3600 et
2691 3561 2883 3600 nomen
2924 3543 3143 3608 Pelusii,
3202 3541 3256 3596 in
3293 3539 3721 3611 Origenistarum

2141 3637 2518 3701 Nitricnsium,
2550 3647 2813 3692 eteorum
2859 3637 2948 3705 qui
2993 3637 3045 3689 in
3095 3634 3383 3689 Palaestina
3439 3632 3719 3701 degebant,

2142 3730 2338 3784 vicinia
2370 3730 2484 3795 siti,
2515 3729 2710 3799 frigido
2742 3740 2796 3783 et
2833 3728 3044 3784 scurrili
3076 3728 3200 3797 joco
3234 3725 3565 3779 alludentes.
3600 3722 3723 3775 Hie-

2112 3884 2113 3887 η
2143 3837 2399 3893 ronymus
2419 3823 2681 3891 epist.6l,
2711 3826 2778 3876 ad
2814 3820 3291 3888 Pammach.,cap.
3317 3818 3387 3871 5:
3426 3835 3444 3867 ι
3479 3815 3572 3869 Hae
3603 3822 3724 3868 sunt

2140 3914 2375 3982 strophae
2406 3924 2602 3968 vestrae
2642 3926 2805 3982 atque
2828 3912 3132 3981 prmsligize,
3167 3912 3371 3980 quibus
3420 3924 3520 3963 nos
3563 3905 3718 3959 Pi-lu-

2141 4009 2328 4071 siotas,
2372 4017 2426 4063 et
2461 4006 2737 4074 iumenta,
2788 4016 2843 4061 et
2896 4006 3157 4059 animales
3211 4005 3464 4058 homines
3517 4002 3714 4059 dicitis,

2140 4099 2397 4167 quianon
2429 4098 2717 4165 recipimus
2758 4112 2821 4150 ea
2863 4110 2983 4164 qua:
3030 4094 3253 4163 Spiritus
3300 4102 3448 4148 sunt.
3480 4111 3500 4144 ι
3555 4091 3719 4145 Baro-

2140 4190 2287 4243 nium
2319 4187 2459 4258 fugit
2488 4188 2616 4241 dicti
2647 4187 2804 4256 hujus
2842 4185 3166 4256 signiﬁcatio
3187 4226 3202 4246 .
3231 4195 3286 4238 et
3320 4200 3422 4253 pro
3442 4224 3457 4250 ,
3522 4200 3540 4233 ι
3564 4181 3718 4236 Pelu-

2138 4280 2324 4346 siotas,
2352 4298 2371 4332 ι
2428 4279 2527 4347 legi
2569 4280 2741 4348 jubet,
2802 4297 2820 4330 ε
2845 4277 3153 4339 Pilosiotas,
3178 4295 3197 4328 ι
3239 4278 3387 4346 quod
3442 4285 3719 4330 uterentur

2137 4369 2458 4440 Origenistaa
2510 4386 2530 4419 ι
2558 4369 2658 4423 hac
2700 4383 2852 4432 voce,
2914 4368 3265 4438 suggillantes
3297 4376 3465 4434 atque
3492 4365 3718 4419 subsan-

2138 4472 2331 4517 nantes
2361 4461 2688 4526 Catholicos,
2733 4460 2889 4529 quasi
2929 4460 3214 4514 crederent
3260 4467 3510 4512 mortuos
3540 4470 3718 4511 resur-

454 4528 597 4581 diam
636 4543 959 4587 convertunt
996 4537 1048 4589 in
1090 4538 1372 4607 episcopos
1397 4540 1726 4612 Origenistis
1768 4545 2029 4610 infensos,
2066 4547 2109 4600 D
2136 4564 2378 4609 mauros
2400 4555 2563 4607 etiam
2595 4568 2718 4607 cum
2752 4528 2910 4622 ipilis,
2954 4551 3077 4605 dum
3121 4558 3269 4604 recte
3321 4549 3573 4603 dicerent
3621 4559 3717 4600 eos

453 4635 590 4687 quos
621 4624 855 4692 prepriis
885 4626 1255 4683 simultatibus
1287 4630 1614 4701 Origenismi
1640 4650 1858 4690 causam
1890 4654 2028 4708 prte-

455 4720 721 4778 texentes,
749 4715 931 4784 inique
971 4720 1115 4773 viros
1148 4721 1388 4777 insontes
1418 4739 1648 4782 vexasse
1676 4732 2027 4796 pertendunt;

452 4804 818 4873 piis‘simorum
884 4810 1161 4865 hominum
1232 4812 1547 4886 Hieronymi
1608 4830 1664 4873 et
1738 4819 2027 4890 Epiphanii

450 4898 834 4953 auctoritatem
902 4917 966 4956 ac
1029 4905 1397 4962 testimonium
1451 4909 1671 4979 insuper
1722 4912 2026 4979 habentes,

450 4988 626 5058 iisque
642 4989 893 5057 Palladii,
917 4996 1054 5050 meri
1084 4995 1431 5067 Origenistte,
1460 5015 1490 5054 a
1516 5017 1622 5071 quo
1646 5004 2025 5075 Chrysostomi

449 5080 559 5132 vita
585 5083 887 5152 conscripta
920 5096 1029 5152 est,
1064 5088 1383 5159 suffragium
1417 5104 1829 5162 anteponentes.
1875 5096 2026 5150 Heri-

452 5168 635 5224 bertns
667 5172 1031 5243 ltosweydus,
1060 5178 1302 5233 historiae
1330 5182 1718 5239 ecclesiastica:
1752 5197 2028 5241 scrutator

2138 4653 2545 4698 resurrecturus
2591 4658 2711 4696 cum
2762 4642 2986 4712 singulis
3019 4641 3264 4710 corporis
3302 4642 3562 4695 membris
3587 4640 3645 4691 ".
3686 4657 3706 4687 ι

2138 4730 2335 4785 Verum
2402 4730 2761 4800 expositionis
2818 4742 3015 4785 nostrae
3082 4730 3457 4798 lidejussorem
3527 4731 3714 4783 damna

2134 4821 2521 4892 Hieronymum
2571 4822 2768 4891 ipsum,
2819 4824 2980 4893 epist.
3029 4822 3118 4885 65,
3175 4823 3244 4877 ad
3275 4821 3601 4876 Pammach.
3649 4831 3710 4873 et

2131 4912 2358 4977 0cean.,
2392 4928 2513 4982 cap.
2542 4913 2597 4969 5.
2635 4929 2653 4962 ι
2678 4910 2999 4977 Pelusiotas,
3027 4913 3226 4982 inquit,
3274 4928 3376 4968 nos
3420 4913 3709 4983 appellant,

2131 5014 2185 5059 et
2213 5004 2410 5068 Iuleos,
2446 5004 2846 5072 animalesque,
2879 5012 2935 5057 et
2962 5018 3216 5066 carneos,
3251 5006 3398 5072 quod
3443 5021 3545 5058 non
3576 5004 3712 5057 reci.

2130 5097 2342 5163 piamus
2370 5111 2432 5152 ea
2460 5112 2582 5167 qua;
2612 5097 2836 5166 spiritus
2865 5106 3027 5159 sunt;
3070 5115 3088 5146 ι
3128 5106 3184 5149 et
3210 5112 3333 5166 cap.
3369 5097 3391 5150 l
3423 5114 3438 5149 :
3468 5116 3489 5148 ι
3515 5095 3713 5150 Putant

2128 5188 2272 5241 enim
2296 5203 2381 5244 me
2407 5204 2563 5244 suum
2592 5204 2713 5244 esse
2735 5190 3080 5261 ςυμμύστην,
3113 5198 3167 5243 et
3195 5199 3419 5257 propter
3446 5186 3711 5241 animales

450 5259 700 5329 diligens,
750 5265 847 5319 hos
891 5266 1032 5323 inter
1070 5271 1283 5326 medius
1321 5272 1544 5340 incedit,
1607 5286 1661 5330 et
1712 5278 1859 5331 viros
1904 5278 2026 5333 illos
2124 5288 2181 5334 et
2208 5279 2379 5335 luteos
2416 5282 2554 5337 nolle
2583 5282 2757 5350 palam
2807 5259 3063 5352 dogmata
3110 5283 3382 5336 confiteri.
3414 5300 3433 5333 ι
3482 5280 3709 5334 Manife-

448 5351 541 5420 qui
591 5353 913 5424 Origenismi
966 5360 1182 5415 nomine
1241 5364 1474 5418 traducti
1529 5377 1655 5420 sunt
1688 5407 1705 5430 ,
1768 5368 2022 5438 dogmata

449 5443 681 5512 primum
700 5445 948 5517 Origenis
974 5451 1303 5519 defendisse,
1335 5456 1528 5511 deinde
1554 5473 1681 5513 vero
1712 5461 2023 5527 repudiasse

450 5534 713 5600 conjectat
740 5552 756 5590 :
784 5542 945 5608 quod,
974 5544 1018 5597 si
1045 5544 1118 5597 ita
1146 5555 1314 5611 esset,
1340 5548 1408 5601 ab
1437 5548 1671 5613 illorum,
1699 5550 1781 5603 vel
1798 5565 2023 5620 sequen-

452 5623 582 5677 tium
616 5637 915 5699 temporum
960 5636 1341 5706 scriptoribus,
1383 5639 1562 5693 omnia
1601 5643 1859 5697 adversus
1897 5642 2016 5697 Ori-

2129 5371 2267 5427 SIius
2299 5374 2460 5428 etiam
2490 5376 2544 5426 in
2562 5373 2757 5427 Jerem.
2800 5389 2956 5439 XXIX,
2989 5372 3093 5427 id:
3130 5392 3149 5424 ε
3180 5374 3311 5440 Quae
3343 5390 3465 5429 cum
3488 5373 3716 5427 audiunt

2129 5461 2390 5532 discipulii
2418 5464 2537 5531 ejus
2581 5462 2905 5534 (Origenis)
2955 5474 3011 5519 et
3059 5463 3389 5519 Grunnianae
3430 5464 3567 5534 (hoc
3615 5472 3710 5516 est

2130 5552 2351 5626 Rufini)
2388 5556 2607 5609 familiae
2641 5564 2905 5623 stercora,
2956 5565 3149 5627 putant
3193 5571 3254 5611 se
3310 5557 3487 5611 divina
3518 5554 3712 5609 audire

2128 5650 2427 5717 mysteria;
2488 5663 2697 5717 nosque
2763 5650 2854 5719 qui
2908 5650 3012 5705 ista
3059 5650 3496 5716 contemnimus,
3547 5646 3711 5717 quasi

517 5809 560 5841 ’⁸
586 5810 797 5877 LUCret.
828 5818 921 5875 lih.
959 5837 1034 5890 Iv,
1066 5839 1205 5885 vers.
1237 5827 1323 5882 ll.
1402 5827 1445 5859 “
1483 5827 1681 5886 Baron.
1707 5830 1773 5886 ad
1804 5847 1895 5891 an.
1919 5833 2047 5901 595,
2077 5847 2195 5902 cap.
2232 5830 2318 5898 lO,
2353 5840 2406 5887 et
2433 5830 2501 5886 ad
2528 5846 2618 5885 an.
2654 5829 2774 5897 400,
2814 5831 3041 5903 cap.86.
