3914 6518
137 399 300 467 nes

181 620 395 683 σιώτας,
427 636 498 675 eo
531 623 674 689 quod
720 622 773 673 in
814 619 925 673 luto
967 617 1121 671 istius
1167 616 1410 683 corporis
1451 616 1748 677 constituti,

180 726 278 764 non
310 709 596 779 possimus
621 711 825 764 sentire
846 708 1140 764 cmlestia.»
1176 706 1457 777 Egyptios
1490 704 1753 774 praecipue

182 802 495 864 monachos,
540 802 682 870 apud
703 815 840 870 quos
870 800 1100 853 maxime
1142 798 1311 867 viguit
1358 794 1750 865 Origeuismus,

183 893 393 962 ingenio
436 893 556 946 fere
601 893 765 947 fuisse
810 893 1049 961 inquieto
1096 900 1151 944 et
1181 890 1415 951 turbido,
1470 899 1524 941 et
1574 901 1751 940 rerum

184 997 437 1038 novarum
479 986 762 1047 studioso,
791 995 1183 1052 proptereaque
1222 981 1274 1034 in
1305 979 1487 1033 varias
1520 979 1754 1032 haereses

185 1075 434 1129 incidisse
461 1074 666 1129 litteris
689 1076 961 1143 proditum
984 1082 1091 1127 est.
1120 1071 1250 1126 lude
1277 1070 1520 1133 Aeriani,
1564 1069 1754 1122 Eusta-

186 1165 369 1227 thiani,
418 1165 1023 1234 Anthropomorpbiue,
1068 1160 1361 1224 .Ioviniani,
1412 1159 1752 1229 Eutychiani,

185 1258 373 1326 aliique
407 1258 461 1310 id
491 1270 667 1327 genus
711 1257 953 1311 sexcenti
988 1255 1237 1324 prodiere
1269 1272 1283 1306 :
1324 1261 1377 1308 et
1414 1267 1444 1305 a
1473 1252 1753 1306 vetustiori

185 1364 387 1419 quoque
419 1366 540 1404 arvo
598 1349 895 1403 Melelianis
923 1356 977 1402 et
1029 1347 1245 1401 Arianis
1279 1346 1580 1410 haerentes,
1612 1344 1757 1398 anti~

186 1445 353 1495 stitem
409 1456 572 1494 suum
637 1442 991 1495 Athanasium
1044 1439 1256 1508 probris
1311 1438 1565 1491 ﬁxerunt.
1595 1435 1746 1490 Unde

189 1534 544 1605 Hieronymus
592 1535 814 1603 Apolog.
866 1536 1078 1587 advers.
1132 1530 1313 1598 Ruﬁn.
1364 1529 1486 1582 libr.
1520 1545 1599 1587 Ill.
1635 1544 1754 1599 cap.

189 1626 258 1681 7:
323 1627 647 1681 ctiontendi
724 1626 1071 1698 IEgyptum,
1147 1622 1366 1676 lustravi
1434 1624 1755 1676 monasteria

187 1717 395 1781 Nitriae,
425 1728 482 1773 et
535 1718 678 1774 inter
718 1728 1029 1773 sanctorum
1070 1714 1288 1781 choros,
1328 1714 1543 1783 aspides
1592 1714 1759 1770 latere

187 1824 443 1880 perspexi.
480 1827 501 1863 ι

249 1991 379 2046 Vlll.
410 1992 492 2047 Ex
522 1994 629 2049 hoc
662 2008 941 2051 nmreseon
988 2003 1044 2050 et
1082 1995 1459 2053 haereticorum
1518 1998 1754 2053 semina-

186 2084 259 2138 rio
282 2083 608 2154 Origenistae
649 2087 963 2142 heterodoxi
1012 2091 1358 2144 exstiterunt.
1405 2089 1599 2144 Narrat
1629 2092 1755 2160 Epi-

187 2177 405 2244 phanius
438 2178 572 2232 haer.
612 2177 703 2244 64,
737 2194 858 2248 cap.
892 2179 946 2244 4,
991 2181 1043 2234 in
1081 2180 1313 2251 Egypto
1358 2184 1588 2251 prinunn
1631 2200 1755 2252 pro-

188 2276 427 2340 pagatura
478 2265 888 2337 Origenismum
937 2269 1076 2336 apud
1127 2268 1409 2338 Egyptios
1464 2271 1756 2325 monachos

189 2373 278 2413 suo
301 2368 547 2426 tempore
572 2356 851 2411 ﬂoruisse.
900 2357 978 2410 Ac
1024 2358 1253 2426 prinunn
1293 2358 1519 2412 Melania
1553 2360 1752 2423 senior,

191 2450 371 2504 nobilis
422 2450 665 2512 femina,
723 2464 845 2502 cum
899 2447 1073 2517 patria
1129 2448 1313 2502 relicta
1364 2446 1755 2519 Jerosolymant

190 2543 391 2614 pietatis
417 2557 587 2597 causa
615 2542 960 2606 concederet,
1001 2543 1144 2596 facta
1176 2542 1315 2596 inter
1346 2541 1530 2597 Nitriae
1566 2557 1755 2596 mena-

189 2639 309 2692 chos
367 2637 647 2692 mensium
707 2636 915 2705 aliquot
971 2651 1146 2700 mora,
1200 2635 1452 2705 aditoque
1508 2636 1755 2705 Didymo,

192 2729 524 2798 Origenianis
560 2729 674 2783 illic
700 2729 977 2784 erroribus
1018 2744 1122 2783 una
1152 2744 1275 2783 eum
1314 2729 1506 2784 Ruﬁno
1550 2729 1759 2785 itineris

189 2822 372 2875 comite
431 2820 635 2875 infecta
693 2830 796 2875 est.
867 2820 1109 2889 Contigit
1169 2820 1298 2874 illud
1357 2821 1504 2875 circa
1556 2835 1756 2874 annum

190 2913 374 2968 Christi
429 2912 559 2968 572.
586 2912 708 2979 Quo
732 2922 973 2982 tempore
1012 2912 1292 2982 epistolam
1322 2912 1471 2966 dedit
1500 2912 1569 2964 ad
1606 2911 1757 2979 Ruﬁ-

192 3022 300 3057 num
333 3005 705 3075 Hieronymus
734 3005 804 3069 ‘7,
831 3020 937 3074 qua
961 3006 1027 3059 ad
1052 3020 1110 3060 se
1138 3005 1190 3059 in
1215 3004 1432 3076 Syriam
1466 3014 1524 3058 ut
1555 3004 1756 3069 veniat,

192 3100 349 3155 amice
376 3100 602 3154 invitat.
632 3097 922 3167 Postquam
952 3108 1130 3152 autem
1156 3096 1503 3166 Jerosolymae
1528 3095 1760 3150 ﬁxerunt

193 3192 384 3258 sedem,
419 3192 675 3246 fovendis
697 3190 1034 3261 peregrinis,
1063 3198 1118 3243 et
1134 3188 1296 3244 rebus
1325 3188 1756 3244 Christianorum
1783 3228 1827 3286 ο

188 3282 426 3348 iuvandis
457 3296 596 3351 opes
628 3290 684 3335 et
720 3295 939 3349 operam
982 3287 1393 3345 consumentes,
1426 3284 1758 3347 exceperunt

194 3372 471 3443 Evagrium
547 3372 833 3427 Ponticum
901 3370 1375 3438 Constantinopoli
1443 3377 1623 3423 certas
1689 3366 1759 3422 ob

193 3479 374 3520 causas
411 3466 813 3528 discedentem,
859 3464 1134 3534 ipsiusque
1182 3462 1364 3516 animo
1425 3460 1625 3531 primos
1662 3457 1760 3513 Ni-

197 3556 401 3611 triensis
423 3556 756 3624 Origenismi
789 3564 939 3608 satus
963 3562 1336 3622 asperserunl.
1371 3550 1447 3604 Ita
1477 3550 1761 3604 institutus

195 3645 465 3715 Evagrius,
519 3656 574 3699 et
618 3660 647 3697 a
677 3643 909 3697 Melania
962 3651 1109 3697 veste
1159 3640 1461 3696 monastica
1520 3655 1586 3695 ex
1634 3648 1760 3692 voto

198 3737 421 3802 indutus,
442 3738 498 3791 in
539 3735 833 3807 Egyptum
869 3736 1036 3799 abiit,
1071 3743 1127 3788 et
1170 3742 1455 3804 postquam
1497 3745 1618 3785 cum
1665 3731 1757 3784 Di-

197 3827 341 3897 dymo
363 3842 696 3899 congressus
722 3837 824 3890 est,
859 3827 911 3880 in
934 3825 1126 3880 Nitriae
1164 3824 1383 3878 tandem
1413 3821 1761 3876 monasteriis

199 3932 305 3972 sese
349 3919 583 3982 abdidit,
633 3926 690 3971 et
734 3918 874 3971 inter
927 3916 1185 3971 florentes
1241 3914 1356 3968 illic
1420 3912 1761 3981 Origenistas

201 4025 378 4064 nomen
409 4012 581 4065 dedit.
609 4012 812 4063 Auctor
845 4019 926 4063 est
955 4008 1313 4077 Hieronymus
1335 4007 1387 4060 in
1425 4004 1662 4073 Epistula
1692 4003 1759 4056 ad

200 4101 616 4172 Ctesiphontem,
654 4116 775 4170 cap.
800 4101 858 4165 2,
887 4101 1165 4169 scripsisse
1199 4098 1349 4152 illum
1396 4096 1463 4150 ad
1493 4096 1756 4165 virgines,

200 4191 258 4243 ad
287 4192 603 4253 monachos,
635 4198 729 4241 etc
771 4190 836 4242 ad
876 4203 994 4241 eam
1039 4187 1193 4257 cujus
1227 4201 1422 4241 nomen
1462 4186 1759 4256 uigredinis

202 4289 417 4335 testatur
464 4282 707 4351 perﬁdia
762 4283 1052 4335 tenebras»
1102 4278 1424 4350 (Melaniam
1486 4279 1756 4334 seniorem

202 4369 451 4441 intellige)
483 4379 540 4424 et
564 4371 802 4425 edidisse
828 4370 1048 4438 insuper
1078 4370 1272 4423 librum
1297 4368 1438 4438 Περὶ
1472 4368 1759 4432 ἀπαθείας

201 4474 295 4527 quo
316 4461 526 4529 insigne
556 4459 809 4528 Origenis
831 4460 1023 4528 dogma
1070 4472 1233 4528 supra
1266 4472 1297 4511 a
1329 4472 1416 4512 me
1442 4455 1754 4511 ventilatqu

202 4553 602 4616 continebatur;
645 4551 813 4605 libros
848 4565 977 4605 vero
1027 4550 1194 4618 ipsius
1240 4564 1271 4603 a
1324 4548 1521 4603 Ruﬁno
1563 4546 1758 4601 Latine

206 4643 575 4715 interpretatos
613 4643 960 4698 Occidentem
988 4644 1280 4699 lectitasse.
1316 4642 1536 4712 Appulit
1567 4642 1758 4696 eodem

207 4736 391 4806 aliquot
417 4746 540 4807 post
571 4736 732 4789 annis
772 4734 1040 4790 Palladius
1079 4734 1306 4800 Galata,
1345 4744 1401 4789 et
1438 4732 1673 4787 triennio
1712 4732 1765 4786 in

209 4829 470 4884 asceteriis
539 4833 855 4889 transacto,
909 4826 1249 4894 Origenismo
1320 4826 1586 4888 imbutus,
1643 4837 1765 4877 cum

209 4918 493 4974 valetudine
552 4926 874 4980 tentaretur,
919 4916 974 4970 in
1021 4916 1362 4991 Palaestinam
1415 4914 1675 4976 secessit,
1714 4922 1770 4967 et

210 5009 440 5065 haustum
468 5012 520 5065 in
548 5009 785 5079 Egypto
817 5006 1141 5077 Origenismi
1178 5007 1326 5061 virus
1348 5006 1550 5074 passim
1582 5003 1766 5073 profu-

211 5102 299 5155 dit.
325 5101 577 5156 Florebat
606 5112 734 5154 tunc
774 5100 825 5152 in
877 5100 961 5153 his
1003 5099 1139 5153 locis
1173 5098 1461 5153 sanctitate
1489 5105 1543 5149 et
1564 5096 1764 5148 virtute

210 5196 359 5253 Paula
387 5199 637 5255 Romana
665 5214 680 5250 :
711 5197 850 5251 bane
876 5194 1117 5248 adoritur
1146 5190 1436 5254 Palladius,
1463 5197 1519 5241 et
1556 5188 1609 5240 in
1639 5202 1766 5241 suas

212 5291 553 5357 pertraxisset
608 5295 822 5355 partes,
890 5285 994 5338 nisi
1050 5281 1299 5354 gliscenti
1367 5280 1509 5333 malo
1559 5285 1767 5331 mature

211 5385 524 5438 occurrisset
572 5379 956 5447 Hieronymus,
1006 5386 1061 5430 et
1113 5371 1349 5429 hominis
1416 5368 1767 5438 petulantiam

212 5470 376 5528 habita
403 5490 525 5529 cum
568 5487 637 5526 eo
671 5468 1048 5524 dissertatione
1080 5464 1433 5519 coercuisset.
1471 5459 1566 5513 Rei
1597 5458 1770 5511 histo-

215 5570 333 5622 riam
360 5570 569 5639 prolixe
604 5565 803 5630 narratl
829 5562 1184 5630 Hieronymus
1223 5557 1275 5610 in
1310 5552 1588 5620 Epilapltio
1622 5546 1773 5602 Pau-

211 5661 287 5727 ιω,
315 5680 431 5733 cap.
458 5664 519 5716 ll
550 5669 608 5715 et
640 5659 729 5722 η,
758 5670 919 5725 quam
950 5651 1055 5707 sibi
1083 5652 1150 5705 ab
1175 5662 1240 5703 eo
1263 5655 1501 5715 ereptam
1528 5639 1775 5710 queritur

274 5845 309 5875 "
335 5843 551 5899 Hieron.
602 5838 750 5907 Epist
795 5834 893 5901 .41,
935 5835 1001 5888 ad
1048 5828 1226 5898 Ruﬁn.
1304 5813 1774 5885 "‘Alias,llO,c.
1806 5812 1856 5866 1.

1092 404 1658 464 ORIGENIANORUM
1694 402 1822 457 LIB.
1864 400 1923 459 ll.
1966 398 2116 455 CAP.
2158 399 2248 461 IV,
2294 394 2488 452 SECT.
2521 395 2561 452 l.

3289 399 3429 455 ΗΞάὶ

178 545 263 598 pro
289 529 473 585 brutis
519 532 721 585 habent
755 528 1149 590 animantibus,
1204 536 1259 581 et
1307 536 1499 579 vocant
1548 524 1751 595 πηλου-
1788 531 1827 584 Α
1859 519 2127 574 Palladius
2180 518 2233 571 in
2284 515 2580 580 Lausiacis,
2642 524 2779 570 seet.
2827 514 2895 569 78
2948 522 3004 571 et
3051 516 3428 585 sequentibus,

1856 616 1981 671 item
2013 623 2148 669 sect.
2177 612 2306 675 124,
2334 610 2831 681 Hieronymumque
2869 607 3141 677 suggillat.

1926 704 2017 761 IX.
2046 706 2121 759 At
2156 704 2422 759 Joannem
2447 701 2963 772 Jerosolymitanum
2999 698 3284 769 praesulem
3310 697 3425 769 jam

1855 798 2007 853 labes
2032 798 2219 852 isthaec
2250 796 2605 865 corripuerat.
2661 793 2712 847 ls
2751 802 2876 848 ante
2914 792 3163 861 adeptum
3215 793 3427 861 episco-

1855 898 2041 957 patum
2073 886 2392 951 monachus,
2424 884 2644 937 Arianis
2674 892 2728 939 et
2770 883 3171 938 Macedonianis
3216 897 3429 936 accom-

1856 979 2174 1034 modaverat
2238 991 2421 1039 aures,
2483 975 2657 1043 iisque
2711 973 2913 1027 relictis
2964 974 3031 1026 ad
3092 972 3426 1041 pontiﬁciam

1855 1072 2176 1142 dignitatem
2231 1078 2451 1124 evectus
2500 1066 2828 1136 Origenistis
2885 1080 3005 1120 sese
3066 1064 3423 1135 applicuerat.

1856 1162 2024 1232 Egre
2048 1162 2099 1215 id
2122 1160 2245 1214 tulit
2269 1159 2478 1215 scilicet
2506 1157 2839 1227 Epiphanius
2871 1155 3200 1210 Salaminius
3219 1155 3428 1225 episco-

1857 1268 1958 1322 pus
1998 1267 2094 1320 pro
2121 1266 2184 1305 eo
2206 1266 2269 1305 ac
2308 1249 2529 1315 debuit,
2555 1260 2608 1302 et
2637 1248 2831 1302 blande
2863 1261 3048 1302 coram
3080 1245 3263 1299 multis
3288 1259 3429 1313 pra:-

1856 1359 1983 1399 sens
2045 1351 2371 1412 prmsentem
2418 1340 2622 1395 erroris
2676 1336 3109 1400 commonefecit,
3174 1351 3281 1406 quo
3340 1334 3429 1389 ille

1857 1451 1977 1489 cum
2003 1433 2274 1504 partiariis
2310 1445 2482 1497 usque
2524 1429 2659 1483 adeo
2688 1429 3001 1491 excanduit,
3046 1437 3103 1480 ut
3130 1426 3429 1495 Epiphanio

1857 1519 2540 1591 Anthropomorpbitarum
2587 1515 2837 1571 haeresim
2874 1515 3087 1583 publice
3132 1513 3425 1583 obji‘ceret;

1858 1627 2119 1681 suamque
2169 1620 2320 1663 tanta
2379 1604 2677 1677 pertinacia
2740 1605 3009 1669 defendit,
3064 1614 3122 1659 ut
3177 1605 3427 1657 eumdem

1858 1702 2215 1774 Epiphaniam
2253 1700 2449 1754 habita:
2482 1714 2604 1751 cum
2644 1696 2749 1750 illis
2805 1696 3201 1751 communionis
3251 1694 3428 1763 poeni-

1859 1803 2014 1849 teret.
2052 1793 2188 1846 Hinc
2227 1789 2484 1845 efferatus
2530 1785 2770 1841 Joannes
2806 1787 2988 1840 animo
3025 1784 3234 1839 rixandi
3270 1784 3430 1838 arido

1855 1902 2048 1943 causas
2071 1884 2324 1940 vindictae
2368 1880 2666 1950 quaerebat,
2728 1894 2848 1933 cum
2904 1892 3032 1932 ecce
3082 1876 3427 1933 commodum

1855 1976 2230 2031 Paulinianum
2316 1970 2626 2039 Hieronymi
2714 1968 2937 2022 fratrem
3014 1968 3068 2022 in
3144 1966 3428 2021 Palmstina

1854 2078 2011 2121 extra
2068 2064 2329 2118 ditionem
2378 2075 2529 2115 suam
2580 2058 2959 2128 Epiphanius,
3014 2058 3241 2112 invitum
3306 2057 3432 2111 licet

1856 2174 1921 2213 ac
1980 2155 2339 2211 reluctantem
2375 2192 2391 2217 ,
2470 2150 2535 2205 ad
2608 2150 2929 2204 diaconatus
2992 2157 3048 2203 et
3110 2149 3430 2220 presbyterii

1856 2251 2170 2321 dignitatem
2231 2245 2521 2316 promovit.
2594 2242 2755 2297 Multa
2811 2241 3024 2312 publice
3079 2250 3132 2294 et
3179 2240 3430 2310 privatim

1858 2348 2182 2409 conquestus
2240 2346 2324 2392 est
2381 2335 2652 2398 Joannes,
2705 2348 2819 2387 rem
2867 2346 2987 2387 sese
3031 2332 3175 2401 apud
3241 2345 3432 2384 omnes

1860 2447 1954 2503 per
2010 2432 2223 2485 litteras
2288 2426 2667 2495 evulgaturum
2734 2423 3026 2486 minitans;
3105 2422 3157 2475 in
3238 2435 3304 2475 eo
3374 2436 3432 2475 se

1860 2523 2043 2577 laesum
2106 2520 2327 2587 insuper
2383 2515 2634 2578 addens,
2704 2513 2846 2581 quod
2913 2526 3035 2564 cum
3100 2511 3208 2563 Deo
3271 2523 3430 2563 sacra

1860 2616 2062 2669 faceret
2089 2610 2416 2681 Epiphanius
2437 2607 2618 2660 dicere
2645 2604 2843 2658 soleret
2889 2617 2904 2655 :
2956 2600 3198 2663 Domine,
3240 2611 3432 2669 praesta

1859 2706 2075 2769 Joanni,
2112 2714 2167 2758 ut
2204 2714 2336 2758 recte
2369 2701 2567 2755 credat.
2610 2698 2830 2766 Objecta
2857 2695 3088 2751 crimina
3119 2694 3285 2747 diluit
3307 2693 3435 2761 Epi-

1860 2805 2093 2875 phanius
2147 2800 2264 2854 miti
2314 2797 2562 2868 epistola,
2622 2810 2743 2865 qua:
2790 2794 2929 2847 inter
2984 2790 3435 2860 llieronymianas

1862 2910 2084 2953 numero
2100 2892 2432 2963 sexagesima
2463 2889 2691 2943 habetur
2719 2888 2818 2949 ‘7‘;
2852 2886 2904 2939 in
2957 2898 3062 2953 qua
3095 2898 3197 2936 non
3232 2891 3339 2934 tam
3367 2895 3428 2934 se

1860 2990 2156 3060 appetitum
2193 2988 2260 3040 ab
2291 3000 2355 3039 eo
2383 2980 2673 3051 signiﬁcat,
2713 2986 2933 3048 pr0pter
2964 2974 3271 3043 impositum
3295 2969 3435 3023 Pan-

1862 3081 2068 3136 liniano
2095 3074 2414 3148 presbyterii
2441 3073 2811 3127 characterem
2856 3074 3010 3121 extra
3058 3080 3213 3119 suam
3271 3065 3434 3117 ditio-

1866 3190 2008 3241 nem,
2041 3188 2164 3229 cum
2197 3171 2250 3227 id
2280 3171 2330 3225 in
2351 3167 2705 3231 monasterio,
2735 3178 2842 3217 non
2878 3162 2930 3215 in
2958 3159 3209 3230 parochia
3242 3156 3434 3211 Joanni

1860 3267 2101 3337 subjecta
2154 3278 2183 3315 a
2223 3275 2281 3316 se
2310 3261 2509 3314 factum
2552 3265 2720 3319 esset,
2763 3264 2812 3308 et
2851 3261 3064 3321 recepta
3106 3253 3246 3305 inter
3278 3248 3436 3320 Cypri

1860 3360 2139 3430 episcopos
2179 3351 2571 3408 consuetudine
2618 3349 2796 3401 facere
2848 3346 3055 3408 liceret,
3093 3357 3252 3412 quam
3294 3342 3437 3410 quod

1860 3452 2114 3508 violatam
2147 3443 2491 3514 Origenianis
2521 3438 2860 3511 dogmatibus
2893 3436 3051 3490 ﬁdem
3088 3435 3212 3489 huic
3236 3448 3435 3502 capro-

1861 3548 2091 3600 brasset.
2120 3540 2311 3610 Capite
2356 3550 2483 3589 vero
2531 3534 2688 3588 tertio
2726 3533 2841 3586 ha:c
2878 3527 3065 3583 scribit
3095 3542 3111 3580 :
3145 3544 3163 3578 ι
3197 3524 3361 3578 Doleo
3385 3532 3440 3577 et

1859 3636 2014 3690 valde
2042 3634 2221 3698 doleo,
2247 3630 2440 3684 videns
2460 3627 2721 3698 plurimos
2750 3623 2997 3685 fratrum,
3026 3629 3079 3673 et
3106 3633 3290 3673 eorum
3315 3631 3444 3686 prae-

1859 3732 2015 3798 cipue
2044 3728 2132 3796 qui
2165 3723 2554 3794 professionem
2582 3718 2783 3771 habent
2815 3730 2919 3768 non
2971 3711 3271 3774 minimam,
3300 3721 3354 3762 et
3386 3708 3440 3762 in

1860 3819 2084 3890 gradum
2125 3830 2340 3887 quoque
2378 3809 2666 3867 sacerdotii
2716 3806 3009 3861 maximum
3055 3806 3442 3871 pervenerunt,

1860 3913 1975 3981 ejus
2003 3905 2293 3980 (Origenis)
2330 3898 2769 3973 persuasionibus
2800 3898 3075 3963 deceptos,
3113 3902 3168 3946 et
3217 3904 3443 3981 perver-

1858 3979 2071 4057 sissiina
2118 3998 2367 4052 doctrina
2402 3993 2555 4047 cibos
2598 3990 2774 4043 factos
2807 4001 2927 4041 esse
2955 3983 3173 4038 diaboli.
3207 4001 3226 4033 ι
3287 3979 3444 4036 Unde

1860 4102 2083 4164 apparet
2113 4105 2273 4157 quam
2305 4085 2507 4141 multos
2530 4082 2640 4150 jam
2684 4089 2797 4134 tum
2831 4074 3156 4145 Origenisnti
3202 4087 3331 4126 aura
3364 4070 3446 4123 af-

1858 4163 2058 4239 flasset.
2086 4182 2306 4234 Domum
2333 4180 2385 4230 in
2415 4177 2530 4229 ham
2554 4172 2717 4227 verba
2744 4168 3024 4223 concludit
3052 4179 3067 4218 :
3098 4182 3116 4215 ι
3148 4163 3443 4218 Palladiqu

1860 4292 1988 4331 vero
2007 4273 2252 4329 Galatam
2269 4271 2362 4339 qui
2390 4266 2660 4338 quondam
2685 4262 2843 4316 nobis
2866 4260 3068 4341 charus
3092 4258 3284 4321 fuit,et
3305 4268 3449 4307 nunc

1865 4364 2244 4421 misericordia
2283 4361 2375 4415 Dei
2411 4360 2635 4427 indiget,
2663 4369 2815 4417 cave,
2843 4350 2966 4421 quia
3006 4349 3254 4416 Origems
3282 4347 3451 4427 haere-

1860 4461 1961 4516 sim
1987 4459 2244 4529 praedicat
2267 4464 2321 4509 et
2347 4425 2613 4515 docet,—ne
2642 4446 2782 4500 forte
2804 4444 3015 4512 aliquos
3036 4441 3100 4495 de
3131 4437 3325 4509 populo
3351 4425 3448 4488 tibi

1863 4526 2071 4607 cred-ito
2112 4546 2178 4600 ad
2211 4541 2618 4614 perversitatem
2650 4537 2730 4591 sui
2772 4536 2989 4587 inducat
3014 4529 3238 4584 erroris.
3260 4545 3278 4577 ι
3316 4526 3449 4579 Data

1872 4653 1957 4697 est
1978 4643 2092 4695 haec
2110 4637 2341 4708 epistola
2371 4649 2516 4687 anno
2538 4630 2741 4686 Christi
2767 4626 2895 4688 592,
2929 4623 3160 4679 Arcadio
3186 4632 3240 4675 et
3254 4617 3453 4708 Ruﬁno

1871 4745 2040 4795 coss.,
2068 4707 2175 4799 qua
2204 4726 2498 4796 publicata,
2531 4721 2755 4789 aliisque
2784 4716 3023 4786 ejusdem
3053 4708 3357 4781 argumenti
3382 4707 3449 4759 ad

1874 4821 2192 4877 Palaestinos
2219 4816 2501 4886 episcopos
2548 4822 2603 4865 et
2652 4808 2965 4871 monachos,
2994 4816 3050 4857 et
3093 4801 3156 4854 ad
3196 4799 3448 4852 Siricitnn

1877 4930 2065 4986 papam
2095 4911 2163 4964 ab
2205 4924 2270 4963 eo
2308 4907 2470 4970 datis,
2523 4899 2874 4957 dissensionis
2913 4910 3096 4949 rumor
3140 4891 3449 4944 universum

1875 4984 2060 5059 orbem
2108 5000 2362 5055 continuo
2410 5002 2735 5064 pervagatus
2788 4998 2893 5043 est.
2935 4984 3222 5039 Sciendum
3270 4988 3450 5031 autem

1872 5098 2257 5163 Hieronymum
2301 5102 2518 5157 quoque
2555 5086 2695 5137 inter
2743 5092 2797 5133 et
2849 5078 3133 5137 Joannem,
3200 5069 3450 5138 ejusdem

1873 5160 2197 5242 Pauliniani,
2247 5175 2414 5231 multo
2473 5187 2604 5226 vero
2654 5169 2821 5223 maris
2876 5160 3201 5229 Origenismi
3265 5171 3451 5216 causa,

1872 5274 2095 5330 dissidia
2127 5265 2537 5328 intercessisse;
2570 5276 2691 5313 nam
2717 5274 2840 5313 cum
2872 5258 2938 5309 ab
2962 5250 3261 5321 Epiphanio
3284 5254 3454 5302 staret

1876 5363 2255 5430 Hieronymus,
2284 5365 2339 5409 et
2374 5368 2479 5407 non
2514 5349 2688 5404 solum
2728 5362 2813 5401 res
2852 5345 2903 5398 in
2937 5339 3240 5395 Pauliniani
3285 5350 3452 5406 uego-

1879 5454 1955 5507 tio
1983 5458 2162 5520 gestas
2194 5443 2592 5512 comprobaret,
2629 5438 2724 5492 sed
2773 5433 3020 5505 Origenis
3049 5431 3212 5484 etiam
3238 5440 3455 5482 errores

1878 5543 2052 5613 palam
2075 5540 2378 5598 damnaret,
2405 5546 2473 5586 eo
2506 5529 2801 5585 iracundia:
2829 5521 3091 5596 processit
3114 5521 3370 5580 Joannes,
3396 5526 3457 5570 ut

1878 5638 1947 5692 ab
1970 5632 2227 5689 Ecclesia:
2262 5625 2645 5685 communione
2681 5622 3073 5690 Hieronymum
3123 5619 3454 5684 segregaret,
