3906 6530
584 402 719 457 “21

584 521 1034 583 quemadmodum
1072 522 1221 593 apud
1241 523 1650 579 Pammachium
1694 525 1935 592 queritur
1968 523 2155 577 lliero-

584 626 778 681 nymus
830 615 992 683 epist.
1026 616 1125 680 6i,
1181 632 1300 685 cap.
1330 615 1418 672 15.
1458 635 1476 667 ι
1515 616 1623 686 Ego
1668 616 1930 678 misellus,
1961 616 2152 684 inquit,

581 703 708 758 dum
732 704 783 757 in
820 704 1109 761 solitudine
1137 707 1417 773 delitesco,
1446 725 1475 762 a
1504 720 1653 762 tanto
1682 706 1934 777 pontifice
1959 724 2155 776 repen-

581 801 635 846 te
668 802 947 850 tauncatus
972 798 1269 868 presbyteri
1305 812 1499 853 nomen
1541 799 1715 854 amisi.
1752 816 1771 851 ι
1807 798 1918 854 Nec
1952 800 2156 853 idcirco

582 893 757 939 tamen
796 887 1037 942 ecclesia:
1072 889 1336 958 ingressu,
1380 891 1464 944 vel
1512 892 1884 960 episcOporum
1913 907 1975 945 ac
1997 893 2154 947 Chri-

580 979 882 1032 stianorum
912 978 1175 1034 societate
1203 996 1262 1035 se
1292 982 1623 1051 prohibitum
1660 983 1762 1037 isto
1790 984 1964 1053 capite
1992 998 2044 1039 et
2072 1001 2156 1039 se-

578 1070 765 1138 quenti
801 1079 1048 1128 testatur.
1076 1071 1237 1126 Addit
1264 1073 1489 1141 epistola
1514 1072 1602 1134 62.
1628 1089 1746 1143 quae
1774 1086 1854 1129 est
1883 1076 1948 1128 ad
1979 1074 2155 1129 Theo-

577 1160 808 1228 philum,
857 1177 976 1233 cap.
1004 1162 1058 1227 ι,
1099 1165 1352 1219 exsilium
1384 1165 1482 1218 sibi
1526 1180 1555 1218 a
1589 1161 1797 1220 Joanne
1830 1169 2152 1235 postulatum

577 1250 746 1307 fuisse
781 1262 835 1307 et
874 1254 1253 1324 impetratum;
1287 1256 1509 1311 minime
1542 1266 1718 1313 tamen
1743 1273 1802 1313 se
1830 1259 1883 1313 in
1906 1260 2152 1314 exsilium

578 1343 747 1398 fuisse
779 1344 1087 1413 depulsum.

650 1433 718 1489 X.
748 1434 1002 1489 Rufinum
1028 1437 1228 1491 interea
1265 1437 1380 1492 haec
1411 1455 1623 1509 quoque
1653 1440 1938 1494 discordim
1969 1453 2155 1496 conta-

581 1528 667 1595 gio
698 1528 914 1593 infecit;
961 1544 1084 1582 nam
1132 1544 1252 1583 cum
1291 1533 1452 1587 semel
1480 1534 1721 1588 haustam
1766 1534 2020 1606 Origeuis
2058 1539 2154 1588 do-

577 1617 806 1669 ctrinam
832 1617 882 1669 in
913 1617 1031 1671 sinu
1056 1616 1279 1685 foveret,
1315 1622 1555 1675 eamdem
1599 1624 1649 1676 iu
1685 1621 1893 1679 Joanne
1947 1637 2001 1679 et
2032 1626 2153 1679 Pal-

578 1705 743 1770 ladio,
778 1707 1009 1777 aliisque
1037 1722 1396 1783 oppugnatam
1428 1713 1684 1769 defendit.
1724 1715 1861 1770 llinc
1913 1717 2039 1771 illud
2069 1727 2155 1772 est

576 1796 861 1867 Epiphanii
892 1800 944 1853 in
973 1801 1199 1869 epistola
1229 1803 1295 1857 ad
1329 1802 1586 1858 Joannem
1612 1802 1868 1871 Jerosol.,
1902 1823 2021 1877 cap.
2053 1808 2088 1862 4
2134 1828 2147 1864 :

583 1906 602 1939 ι
635 1885 711 1942 Te
745 1898 945 1954 autem,
976 1890 1162 1957 frater,
1188 1892 1379 1947 liberet.
1410 1895 1568 1960 Deus,
1602 1906 1656 1949 et
1687 1907 1932 1951 sanctum
1985 1914 2153 1967 popu-

576 1977 685 2033 lum
731 1980 934 2035 Christi
961 1982 1053 2049 qui
1086 1982 1182 2037 tibi
1214 1984 1452 2037 creditus
1492 1994 1693 2050 est,-et
1730 2003 1917 2044 omnes
1959 1990 2153 2047 fratres

576 2070 666 2139 qui
696 2083 868 2127 tecum
890 2082 1036 2136 sunt,
1063 2082 1117 2128 et
1142 2074 1373 2129 maxime
1401 2075 1650 2130 Rufinum
1679 2080 2050 2150 presbyterum
2084 2084 2152 2138 ab

578 2160 769 2217 haeresi
791 2162 1060 2232 Origenis,
1085 2174 1139 2220 et
1174 2164 1243 2219 ab
1269 2164 1391 2221 aliis
1420 2167 1717 2224 haeresibus
1772 2182 1825 2225 et
1851 2174 2153 2241 perditione

573 2265 781 2308 earum.
824 2273 843 2306 ι
880 2254 989 2311 Nec
1020 2257 1177 2312 aliam
1211 2259 1280 2312 ob
1311 2275 1529 2314 causam
1557 2278 1584 2314 a
1617 2263 1848 2317 conﬂata
1876 2264 1988 2334 jam
2028 2267 2151 2323 inde

574 2355 605 2394 a
646 2342 829 2398 multis
855 2346 1011 2401 annis
1054 2361 1178 2402 cum
1209 2345 1536 2420 Hieronymo
1573 2348 1971 2411 necessitudine
2001 2355 2153 2412 [iull-

578 2448 683 2488 nus
715 2434 930 2491 defecit.

643 2524 736 2580 XI.
763 2525 1268 2597 lngravescentibus
1320 2530 1370 2584 in
1402 2531 1517 2587 dies
1575 2531 1836 2590 Joannem
1878 2536 2153 2611 Jerosoly-

575 2617 835 2670 mitanum
864 2618 1003 2672 inter
1027 2630 1079 2673 et
1102 2619 1457 2689 Epiphanium
1479 2623 1635 2692 odiis,
1653 2636 1831 2682 tantos
1857 2630 2150 2684 amicormu

576 2714 756 2759 motus
779 2722 1122 2777 compescere
1152 2712 1356 2766 studuit
1384 2714 1683 2770 Archelaus
1726 2730 1927 2783 comes,
1956 2719 2059 2783 vir,
2097 2731 2154 2774 ut

574 2797 650 2851 ait
701 2796 1081 2869 Hieronymus,
1142 2819 1162 2853 ι
1207 2803 1597 2862 disertissimus
1657 2818 1711 2862 et
1763 2810 2147 2866 christianissi-

577 2902 718 2942 mus.
769 2907 788 2940 ι
823 2888 1029 2945 Placuit
1067 2893 1118 2947 in
1160 2894 1371 2963 primis,
1403 2908 1461 2952 ut
1498 2898 1748 2968 quoniam
1796 2901 2003 2957 violata:
2031 2903 2150 2958 fidei

572 2980 811 3049 suspicio
865 2985 1162 3052 peperisset
1214 2987 1558 3056 discordiam,
1612 2991 1850 3061 ejusdem
1888 2992 2152 3071 professio

573 3070 716 3125 viam
752 3072 818 3127 ad
851 3077 1193 3131 concordiam
1225 3082 1480 3136 muniret.
1509 3081 1773 3139 Condicto
1824 3084 2044 3142 ftederis
2069 3086 2150 3139 lo-

572 3177 658 3229 co,
688 3172 741 3218 et
764 3162 874 3231 jam
902 3176 1092 3221 coacto
1114 3171 1521 3238 monachorum,
1547 3175 1885 3245 aliorumque
1905 3178 2150 3248 complu-

574 3252 903 3319 riumcmtu,
936 3270 1074 3310 unus
1129 3260 1544 3328 exSpectabatur
1597 3264 1866 3329 Joannes,
1910 3282 2029 3321 cum
2062 3268 2148 3323 ille

572 3343 901 3400 muliercula:
949 3348 1129 3402 nescio
1169 3347 1323 3418 cujus
1354 3355 1598 3407 morbum
1628 3367 1908 3424 eausatns,
1946 3374 2059 3413 rem
2094 3360 2146 3413 in

569 3435 714 3489 aliud
746 3436 954 3492 distulit
987 3448 1216 3508 tempus,
1278 3444 1624 3512 monentique
1673 3448 1957 3511 Archelao,
2000 3458 2055 3503 et
2079 3451 2147 3503 ad

571 3527 951 3595 paciscendum
981 3529 1255 3595 invitanti,
1283 3534 1470 3587 eadem
1502 3553 1630 3591 usus
1661 3541 2013 3597 excusatione
2041 3557 2146 3598 non

570 3618 771 3685 paruit.
796 3618 933 3673 Tum
962 3634 1090 3675 vero
1117 3623 1277 3676 ollicii
1307 3626 1389 3678 sui
1426 3641 1545 3681 esse
1581 3633 1794 3685 censuit
1820 3629 2148 3703 Theophilus

568 3706 969 3764 Alexandrinus
1020 3711 1285 3767 laboranti
1333 3714 1587 3771 Ecclesiae
1638 3735 1985 3789 succurrere;
2033 3725 2149 3779 sive

570 3799 712 3853 fama
749 3801 1039 3869 excitatus,
1087 3806 1224 3871 sive,
1255 3808 1396 3875 quod
1428 3810 1607 3877 potius
1630 3812 1969 3880 crediderim,
2008 3815 2149 3871 iuvi-

571 3898 714 3945 tatus
735 3907 764 3945 a
794 3891 1023 3948 Joanne.
1060 3896 1318 3952 lsidorum
1354 3900 1538 3969 itaque
1569 3902 1985 3958 Alexandrinum
2022 3920 2148 3975 pre-

569 3982 848 4051 sbyterum
870 3999 935 4038 ac
966 3989 1310 4052 monachum,
1342 3992 1557 4059 pietatis
1590 3992 1730 4046 fama
1775 3997 2147 4064 conspicuum,

570 4070 804 4142 legatum
829 4076 895 4128 ad
924 4074 1210 4144 Joannem,
1240 4081 1504 4150 aliosque,
1541 4085 1902 4141 sedandarum
1928 4099 2148 4144 conten-

571 4163 776 4216 tionum
809 4180 970 4220 causa
1002 4169 1168 4223 mittit
1218 4185 1339 4224 cum
1382 4171 1594 4238 litteris,
1651 4176 1848 4242 quibus
1899 4176 2149 4235 incensos

571 4252 783 4308 animos
829 4254 1075 4324 delinire,
1107 4268 1160 4313 et
1210 4262 1262 4315 in
1312 4264 1537 4333 gratiam
1583 4267 1840 4319 reducere
1884 4271 2145 4324 tentabat.

575 4340 771 4398 Verum
826 4361 921 4400 sua
976 4364 1099 4417 spes
1147 4352 1504 4424 'l‘heOphilum
1539 4360 1695 4429 longe
1729 4362 1944 4427 fefellit;
1986 4378 2146 4430 quem

569 4436 715 4488 enim
769 4437 1093 4507 allegaverat
1134 4442 1420 4512 lsidormn,
1467 4465 1647 4505 merus
1672 4464 1790 4507 erat
1821 4454 2145 4523 Origeuista,

569 4523 892 4594 Origenistis
917 4530 1121 4597 favens,
1144 4538 1424 4592 turbandis
1454 4543 1612 4595 rebus
1639 4560 1798 4611 quam
1825 4560 2148 4613 componen-

571 4616 653 4670 dis
676 4620 881 4686 aptior;
918 4639 1041 4675 nam
1072 4635 1197 4680 ante
1236 4636 1347 4683 tres
1374 4646 1587 4687 menses
1623 4651 1782 4703 quam
1821 4640 2027 4692 veniret
2050 4638 2144 4694 Je-

570 4710 915 4779 rosolymam,
942 4713 1147 4771 litteras
1192 4721 1415 4775 dederat
1443 4726 1508 4779 ad
1550 4725 1885 4782 Vincentiqu
1919 4736 2144 4802 presby-

570 4806 767 4865 terum,
799 4804 991 4870 quibus
1017 4819 1140 4859 eum
1175 4817 1233 4862 ut
1265 4811 1316 4863 in
1351 4814 1649 4869 orthodoxa
1683 4817 1804 4881 fide,
1846 4819 1947 4872 hoc
1978 4831 2063 4874 est
2089 4823 2141 4875 in

566 4890 926 4963 Origenismo,
953 4912 1327 4967 perseveraret
1356 4905 1706 4973 hortabatur;
1747 4910 2054 4966 adfuturum
2084 4929 2142 4967 se

568 4988 876 5054 propediem
924 4990 990 5043 ad
1036 5006 1238 5048 cuneos
1281 4997 1710 5054 adversariorum
1762 5004 2137 5068 proterettdos.

574 5077 741 5132 Verba
772 5092 897 5133 sunt.
924 5081 1231 5156 Hieronymi
1257 5089 1413 5158 epist.
1434 5091 1523 5157 6|,
1547 5092 1613 5146 ad
1646 5091 1985 5159 Pamtnach.,
2017 5111 2136 5165 cap.

570 5165 659 5231 l‘a,
693 5169 845 5237 cujus
898 5174 1123 5243 vestigia
1168 5188 1418 5232 accurate
1450 5182 1846 5250 persequimur.
1898 5183 1990 5238 Sic
2015 5199 2144 5254 ergo

570 5258 845 5313 animatus
872 5266 1125 5330 egregius
1175 5267 1261 5321 ille
1306 5272 1454 5337 pacis
1510 5282 1811 5342 sequester,
1856 5274 2142 5343 Joannem,

568 5347 807 5417 aliosque
834 5350 1188 5410 dissensionis
1227 5357 1382 5425 hujus
1428 5364 1717 5432 participes
1762 5365 1895 5430 adit,
1927 5364 2146 5435 legatio-

568 5454 801 5509 nemque
830 5456 981 5495 suam
1018 5445 1307 5503 renuntiat.
1343 5447 1407 5501 Et
1442 5463 1626 5517 pacem
1659 5453 2001 5509 canciliasset
2028 5454 2141 5510 for-

568 5538 731 5595 tasse,
761 5530 805 5585 si
836 5547 940 5586 non
963 5534 1199 5588 animum
1225 5534 1546 5607 Origeuismi
1587 5539 1855 5596 fermento
1877 5542 2140 5599 imbutum

569 5620 924 5689 prodidisset;
958 5640 1080 5679 cum
1108 5629 1249 5681 enim
1279 5631 1538 5686 doctrinae
1571 5634 1697 5688 huic
1729 5633 1995 5690 infensum
2021 5636 2144 5692 Hie-

573 5724 853 5779 ronymum
912 5732 1031 5772 esse
1059 5721 1241 5785 sciret.
1301 5723 1494 5777 iterum
1534 5726 1745 5792 quidem
1776 5740 1838 5781 ac
1871 5728 2031 5784 tertio
2076 5731 2141 5783 ad

571 5820 694 5861 eum
735 5809 1015 5876 Theophili
1063 5817 1277 5872 nomine
1325 5819 1578 5885 accessit,
1610 5820 1927 5879 commissas
1960 5831 2139 5878 autem

1859 404 1917 458 P.
1955 400 2269 458 DANIELIS
2307 401 2542 460 HUETII

3648 413 3735 467 "28

2188 525 2232 581 Α
2260 520 2362 575 sibi
2396 521 2602 575 litteras
2635 520 2863 575 reddere
2898 520 3092 575 noluit.
3130 518 3383 586 Querenti
3431 527 3586 574 autem
3608 520 3733 579 Hiero-

2258 624 2421 681 nymo
2455 627 2520 665 ac
2545 612 2743 666 dicenti
2779 630 2792 664 :
2834 631 2852 663 ι
2890 612 2946 665 Si
2992 612 3199 681 legatus
3225 625 3304 673 es,
3344 612 3502 664 redde
3539 613 3735 682 legatioais

2257 703 2549 771 epistolas;
2575 704 2618 758 si
2648 704 2903 774 epistolas
2930 720 3035 759 non
3065 705 3253 769 habes,
3286 705 3544 773 quomodo
3578 706 3734 778 legatum

2259 801 2312 848 te
2360 795 2649 861 probabis?
2688 812 2708 847 ι
2744 795 2949 851 litteras
2982 798 3198 866 quidem
3245 799 3313 851 ad
3356 812 3478 851 eum
3522 799 3675 854 habere
3701 818 3735 856 te

2260 884 2560 953 respondit,
2593 895 2837 953 rogatum
2873 901 2932 941 se
2959 897 3134 941 tamen
3162 902 3192 940 a
3222 885 3431 941 Joanne
3466 902 3527 941 ne
3552 891 3734 945 redderet.

2256 974 2334 1031 lta
2381 975 2582 1031 favoris
2636 977 2689 1031 in
2718 977 2942 1032 alteram
2993 989 3201 1047 partem
3246 980 3547 1049 suspicione
3589 982 3734 1048 injecta.

2257 1081 2406 1137 spem
2441 1068 2591 1137 pacis
2619 1068 2867 1136 peremit,
2901 1084 3066 1139 reque
3102 1069 3294 1125 infecta
3342 1072 3590 1125 discessit.
3622 1071 3736 1127 bisa-

2257 1159 2402 1214 denti
2426 1161 2740 1230 Apologiam
2769 1176 2866 1230 pro
2899 1177 2994 1217 sua
3024 1178 3187 1218 causa
3221 1168 3286 1218 ad
3317 1165 3636 1233 Theophilum
3666 1178 3736 1220 tra-

2258 1252 2392 1304 didit
2416 1251 2677 1315 Joannes,
2718 1252 2870 1321 cujus
2899 1254 3255 1309 lucubrationi
3298 1256 3598 1310 interfuerat
3631 1259 3735 1312 Isido-

2257 1356 2368 1405 rus,
2410 1353 2463 1396 et
2487 1358 2706 1411 operam
2746 1360 2895 1398 suam
2930 1345 3259 1411 contulerat;
3288 1365 3309 1399 ι
3348 1357 3406 1401 ιιι
3443 1348 3569 1403 idem
3585 1363 3735 1414 esset,»

2255 1435 2330 1488 ait
2371 1434 2747 1506 Hieronymus,
2785 1438 2943 1507 epist.
2975 1439 3063 1505 6i,
3096 1454 3217 1507 cap.
3244 1440 3279 1494 Ξ
3304 1450 3361 1494 et
3399 1440 3482 1504 15,
3516 1460 3533 1492 ι
3558 1453 3603 1495 et
3629 1445 3739 1497 dicu-

2259 1533 2345 1579 tor
2370 1535 2427 1580 et
2462 1525 2672 1591 baiulus
2706 1528 3028 1584 litterarum.
3060 1548 3079 1581 ι
3115 1528 3407 1585 Maximam
3465 1532 3644 1587 interim
3669 1536 3735 1587 fn-

2257 1625 2398 1670 trum
2441 1618 2858 1685 multitudinem,
2897 1629 2951 1675 et
2981 1623 3368 1677 monachorum
3405 1624 3583 1679 choros
3611 1627 3649 1678 in
3676 1624 3737 1678 Pa-

2256 1707 2462 1763 laestina
2492 1708 2592 1763 sibi
2630 1724 2735 1762 non
2761 1711 3224 1766 communicantes
3269 1714 3456 1769 (verba
3483 1724 3591 1768 sunt
3615 1713 3735 1768 Hiero-

2257 1799 2425 1870 nymi)
2457 1798 2609 1868 quasi
2633 1800 2815 1855 hostes
2842 1801 3085 1870 publicos
3107 1802 3395 1855 aestimavit
3423 1801 3737 1869 Joannes;cm

2184 1884 2226 1940 Β
2254 1892 2321 1945 ad
2354 1889 2470 1960 ejus
2505 1892 2875 1962 refugiendam
2908 1895 3343 1949 communionem
3403 1878 3645 1964 Epiphauii
3669 1912 3737 1949 me

2256 1984 2370 2038 nitu
2403 1970 2631 2039 fuissent
2664 1986 2952 2055 compulsi.
2988 1986 3327 2058 Responsum
3355 2000 3594 2057 pra'terea
3616 1990 3665 2041 ad
3682 2007 3737 2040 suo

2255 2091 2353 2147 pra
2385 2090 2736 2132 memoratam
2772 2079 3052 2148 Epiphauii
3084 2079 3371 2147 epistolam
3417 2080 3539 2134 dare
3562 2080 3737 2148 dedigna-

2257 2175 2363 2232 tus,
2397 2168 2619 2238 legatos,
2660 2170 2802 2238 quod
2845 2170 2996 2238 prius
3045 2171 3325 2225 minitatus
3357 2171 3548 2234 fuerat,
3571 2184 3737 2239 quaqua-
3828 2158 3829 2169 “

2253 2275 2446 2315 versus
2460 2262 2639 2326 mittit,
2659 2262 2748 2331 qui
2767 2262 3133 2317 accusatorias
3158 2263 3208 2317 in
3239 2260 3583 2332 Epiphaniam
3603 2262 3738 2316 litteras

2256 2355 2321 2408 ad
2348 2354 2707 2424 Theophilmn
2757 2356 3180 2411 Alexandrinum
3228 2374 3259 2412 a
3291 2374 3353 2413 se
3380 2357 3667 2425 conscriptas
3682 2369 3738 2422 per

2255 2456 2422 2501 totum
2446 2447 2629 2502 orbem
2660 2449 3099 2514 disseminarenl,
3134 2450 3225 2504 sed
3256 2451 3310 2503 iu
3361 2446 3737 2515 Occidente

2253 2538 2468 2601 simum,
2501 2540 2717 2609 quibus,
2770 2552 2824 2594 ut
2870 2540 3108 2609 loquitur
3143 2541 3499 2612 Hieronymus
3538 2536 3736 2607 cpistﬁ.
3828 2582 3829 2603 Ξ

2254 2647 2373 2701 cap.
2419 2633 2488 2696 5,
2525 2632 2948 2688 Occidentalium
3004 2634 3348 2687 sacerdotum
3400 2646 3548 2685 aures
3573 2644 3737 2683 comnio-

2255 2734 2422 2779 veret.

2324 2814 2436 2871 XII.
2472 2814 2564 2870 llis
2591 2816 2802 2871 excitus
2829 2814 3228 2879 Pammachius,
3258 2815 3430 2869 Roma
3446 2812 3737 2881 Hieronymum

2254 2919 2407 2977 rogat
2440 2921 2537 2976 per
2566 2907 2794 2972 litteras,
2825 2918 2884 2962 ut
2910 2910 3166 2977 quottiam
3194 2908 3487 2962 multorum
3515 2909 3678 2958 animos
3707 2901 3737 2951 in

2253 2999 2464 3053 diversa
2514 2984 2856 3054 tlistraltebat
2888 3001 3003 3053 haec
3033 3000 3339 3062 altercatio,
3381 2995 3733 3067 Epiphauiican-

2254 3106 2367 3146 sam
2396 3092 2538 3154 aliis,
2573 3091 2693 3145 aliis
2716 3089 2939 3145 Joannis
2969 3091 3269 3155 tuentibus,
3298 3104 3449 3143 suam
3480 3090 3577 3157 ipse
3597 3093 3737 3140 senten-

2256 3183 2383 3237 tiam
2417 3194 2776 3252 expromeret.
2809 3181 3012 3235 Morem
3036 3182 3202 3250 gessit
3232 3182 3593 3251 Hieronymus,
3618 3192 3665 3229 ac
3688 3176 3735 3226 lu-

2249 3272 2462 3328 culenta
2494 3274 2860 3344 responsione.
2886 3289 3031 3327 anno
3082 3272 3286 3327 Christi
3329 3273 3433 3327 595
3460 3272 3587 3335 data,
3619 3282 3735 3321 veram

2249 3380 2313 3419 ac
2334 3365 2622 3435 genuinam
2644 3364 3008 3419 contentionis
3035 3378 3256 3418 causam
3281 3378 3410 3418 esse
3435 3360 3653 3422 ostendit,
3672 3371 3735 3408 om

2249 3454 2549 3512 Pauliniani
2601 3457 3094 3519 consecrationem,
3145 3469 3310 3524 quam
3371 3451 3627 3508 iracundia:
3668 3461 3738 3501 sn:
3828 3451 3829 3511 ι

2247 3547 2480 3603 Joannes
2526 3548 2913 3619 pmtendebat,
2959 3549 3051 3601 sed
3085 3544 3509 3617 Origenismum.
3539 3556 3661 3614 quem
3696 3538 3735 3589 al

2248 3652 2371 3697 octo
2396 3650 2705 3697 revocatum
2745 3641 2922 3710 capita
2959 3640 3149 3696 Joanni
3178 3640 3452 3707 obiectum
3481 3636 3619 3691 fuisse
3656 3646 3735 3685 nar-

2251 3742 2353 3797 rat,
2405 3745 2438 3787 e
2487 3733 2684 3803 quibus
2718 3733 2819 3787 tria
2876 3742 3084 3787 tantum
3128 3732 3464 3801 purgaverit.
3504 3725 3733 3795 Atquehat

2248 3823 2536 3893 diligenter
2564 3824 2741 3878 notari
2778 3823 2965 3892 jubeo,
3003 3832 3062 3877 ut
3106 3822 3231 3877 inde
3254 3821 3643 3893 Origenistarum
3675 3815 3733 3866 lu.

2243 3916 2333 3985 jus
2362 3916 2536 3970 aetatis
2556 3917 2799 3971 doctrina
2829 3925 2884 3970 et
2912 3916 3161 3984 dogmata
3187 3915 3240 3968 in
3264 3910 3605 3968 controversia

2248 4006 2483 4076 spectari
2511 4006 2740 4076 possint.
2769 4006 3006 4060 Priinum
3055 4004 3184 4057 illud
3211 4014 3334 4069 est;
3376 4019 3473 4059 nec
3513 4001 3733 4095 Filium

2248 4098 2379 4153 dere
2417 4111 2577 4168 posse
2620 4095 2860 4161 Patrem,
2911 4110 3011 4150 nec
3037 4096 3299 4164 Spiritum
3343 4086 3733 4162 vidi-reposui"-

2249 4187 2378 4243 lium
2403 4205 2418 4253 ;
2447 4189 2769 4251 secundum,
2800 4188 3033 4240 animam
3071 4197 3293 4253 propter
3331 4196 3539 4257 peccata
3584 4195 3610 4233 e
3643 4178 3733 4231 c010

2249 4279 2419 4334 fuisse
2436 4281 2488 4333 in
2520 4294 2739 4349 corpus,
2764 4279 2842 4333 sic
2860 4290 3115 4347 tanquam
3140 4280 3192 4332 in
3217 4292 3488 4331 carcerem
3516 4274 3729 4343 dcjccum;

2251 4374 2493 4436 tertium,
2524 4372 2759 4425 futurqu
2793 4380 2853 4425 ut
2890 4370 3160 4424 diabolum
3190 4378 3247 4423 et
3272 4369 3533 4424 daemones
3564 4370 3732 4434 pem!"

2250 4478 2366 4517 rum
2390 4462 2681 4531 aliquando
2710 4460 2996 4530 pmniteat,
3017 4469 3074 4514 et
3100 4476 3221 4513 cum
3257 4460 3460 4514 sanctis
3480 4460 3525 4512 in
3550 4454 3657 4509 curio
3678 4467 3729 4501 rr-

2177 4589 2225 4648 ο
2250 4563 2443 4622 Sileni;
2475 4561 2754 4622 quartum,
2796 4552 3060 4606 Adamum
3086 4561 3141 4605 et
3173 4549 3343 4605 Evam
3376 4561 3494 4605 ante
3524 4553 3727 4648 peccaturo

2248 4658 2474 4713 corpore
2503 4645 2763 4710 caruisse,
2794 4646 3029 4700 humana
3075 4657 3256 4701 autem
3316 4658 3530 4713 corpora
3564 4641 3615 4693 iis
3655 4641 3727 4733 past

2249 4724 2528 4804 peccatum
2572 4736 2955 4807 circumposita
2998 4739 3192 4792 tunicis
3224 4738 3459 4807 pelliceis
3482 4724 3727 4803 signiﬁcari;

2248 4826 2519 4894 quintum,
2573 4841 2791 4882 carnem
2844 4830 3154 4897 neutiquam
3199 4831 3511 4884 suscitatum
3559 4822 3625 4881 iri.
3661 4830 3724 4869 ho"

2250 4918 2488 4971 membra
2533 4919 2709 4979 denuo
2744 4914 2904 4973 simul
2932 4934 3052 4975 esse
3080 4921 3483 4990 compingenda.
3528 4927 3632 4971 sexo
3667 4910 3727 4961 δυ·

2247 5009 2419 5063 mines
2466 5011 2678 5079 penitus
2721 5011 3018 5074 carituros;
3083 5024 3322 5077 sextum,
3358 5008 3630 5083 paradisum
3659 5011 3726 5053 ια·

2248 5108 2475 5153 restrem
2506 5099 2791 5167 allegorice
2832 5101 3234 5171 intelligendum
3262 5117 3277 5166 ;
3304 5102 3591 5170 septimum,
3614 5104 3725 5157 aqua,

2247 5204 2367 5258 qua:
2419 5204 2582 5258 super
2607 5191 2803 5245 coelum
2853 5192 2908 5245 in
2941 5193 3222 5262 Scriptura
3253 5209 3375 5248 esse
3407 5192 3638 5247 dicuntur.
3665 5194 3723 5229 “"

2248 5279 2397 5346 gelos
2425 5294 2568 5342 esse,
2596 5294 2719 5349 qua
2748 5295 2911 5349 supra
2970 5292 3028 5343 et
3070 5282 3204 5336 infra
3239 5294 3458 5347 terram,
3501 5280 3722 5367 όκωουεξὶ

2248 5380 2605 5439 postremum,
2637 5373 2926 5441 imaginem
2959 5373 3049 5428 Dei
3074 5376 3351 5444 peccando
3380 5373 3616 5427 hominem
3636 5374 3724 5458 IIII:

2247 5466 2405 5520 sisse.
2441 5462 2679 5519 Plurima
2718 5475 2976 5534 prmterea
3021 5465 3160 5519 lectu
3191 5466 3350 5535 digna
3379 5466 3526 5519 habet
3550 5461 3724 5519 haece?“

2240 5556 2399 5620 stola,
2432 5556 2478 5610 si
2508 5557 2630 5626 quis
2659 5567 2968 5611 accuratam
2999 5567 3300 5625 teiuporum
3329 5558 3524 5611 illorum
3550 5543 3721 5605 notitiam

2240 5648 2497 5717 consequi
2536 5648 2705 5717 cupit.
2741 5648 2799 5701 ld
2845 5649 3114 5717 pnecipue
3161 5648 3456 5703 manifestis
3501 5638 3721 5698 rationibus

2240 5736 2557 5805 comprobat
2585 5735 2963 5805 Hieronymus,
2990 5738 3133 5806 quod
3157 5738 3409 5802 diximus,
3442 5744 3552 5789 ante
3571 5728 3721 5785 ordior

2245 5836 2355 5881 tum
2403 5826 2800 5893 Paulinianum,
2842 5829 2952 5897 jam
2988 5828 3237 5899 Origenis
3268 5845 3424 5887 causa
3453 5829 3660 5883 Joannem
3684 5824 3718 5865 ει
