3906 6538
183 459 338 518 1129

1058 456 1626 517 ORIGENIANORUM
1666 460 1792 517 LIB.
1836 458 1899 527 Il,
1939 458 2090 517 CAP.
2130 457 2221 524 IV,
2264 453 2457 512 SECT.
2498 452 2541 507 1.

3311 452 3448 508 H30

177 573 551 648 Epiphanium
594 572 734 627 inter
762 586 821 629 se
854 572 1020 629 fuisse
1064 575 1370 631 altercatos.
1402 576 1760 643 Quamobrem
1794 580 1837 638 Α
1866 576 2024 631 Certe
2056 576 2123 628 ab
2157 573 2241 629 his
2271 564 2698 625 dissensionibus
2729 567 2965 619 animum
3003 564 3184 635 procul
3227 565 3313 618 hic
3350 567 3449 618 ha.

185 669 499 727 llalloxium
565 668 754 732 miror,
810 678 865 722 et
929 669 1256 723 recentiores
1316 671 1613 738 quosdam,
1671 674 1761 739 qui

184 762 460 830 uodieque
487 758 886 824 contradicant,
920 774 1020 815 nec
1056 758 1368 833 Hieronymi
1399 762 1573 817 solum
1615 764 1766 818 testi-

183 852 435 908 monium
485 851 637 906 flocci
687 850 909 917 faciant,
967 852 1061 905 sed
1112 860 1165 907 et
1204 852 1507 922 Epiphanii,
1550 853 1642 924 qui
1691 854 1764 909 ita

181 944 455 999 Joannem
488 943 798 1012 alloquitur
830 959 845 995 :
884 960 904 993 ι
945 940 1111 996 Video
1150 943 1297 997 enim
1347 943 1489 1013 quod
1550 954 1767 1014 propter

186 1034 338 1089 hanc
361 1047 581 1087 causam
616 1032 795 1087 omnis
827 1039 1003 1086 vestra
1046 1030 1344 1102 indignatio
1375 1032 1641 1087 concitata
1672 1032 1764 1099 sit,

184 1126 339 1196 quod
360 1124 586 1179 dixerim
618 1122 788 1185 vobis.
820 1122 932 1176 Arii
960 1130 1187 1191 patrem,
1219 1120 1502 1192 Origenem
1537 1124 1764 1191 scilicet,

183 1228 254 1273 et
281 1217 506 1272 aliarum
538 1216 815 1270 haereseon
843 1214 1079 1268 radicem
1126 1223 1180 1269 et
1215 1226 1495 1285 parentem
1550 1215 1769 1271 laudare

186 1326 302 1365 non
328 1308 551 1364 debetis.
593 1306 661 1361 Et
694 1321 815 1361 cum
852 1321 949 1361 vos
976 1321 1249 1376 rogarem,
1278 1322 1346 1361 ne
1378 1308 1448 1361 ita
1484 1306 1769 1373 erraretis,

182 1408 253 1454 et
281 1413 577 1464 monerem,
612 1396 1041 1459 contradixistis.
1072 1408 1124 1450 et
1164 1412 1249 1452 me
1295 1398 1360 1452 ad
1395 1397 1670 1451 tristitiam
1714 1406 1770 1451 et

184 1490 463 1561 lacrymas
502 1489 802 1543 adduxistis
846 1503 861 1540 :
902 1502 1011 1543 non
1035 1489 1207 1544 solum
1235 1498 1414 1544 autem
1456 1504 1561 1555 me,
1591 1488 1684 1543 sed
1715 1498 1770 1543 et

183 1583 330 1637 alios
357 1582 619 1652 plurimos
668 1582 985 1647 catholicos,
1032 1582 1121 1651 qui
1153 1581 1473 1635 intererant.
1520 1580 1666 1644 Inde,
1710 1587 1771 1634 ut

187 1675 456 1743 intelligo,
492 1675 606 1728 haec
640 1680 722 1727 est
762 1673 939 1729 omnis
995 1674 1316 1743 indignatio,
1359 1680 1414 1726 et
1445 1672 1546 1726 iste
1581 1670 1767 1737 furor;

184 1776 255 1822 et
298 1766 498 1820 idcirco
561 1764 989 1829 comminamini,
1032 1764 1176 1833 quod
1220 1764 1448 1817 mittatis
1483 1763 1768 1816 adversum

186 1876 287 1917 me
315 1858 591 1929 epistolas,
638 1868 699 1913 ut
726 1858 830 1912 huc
863 1857 1095 1927 illucque
1128 1870 1308 1912 sermo
1343 1866 1523 1910 vester
1562 1855 1773 1910 discur-

1875 665 2010 729 buit,
2042 677 2215 731 neque
2238 661 2464 713 multum
2510 672 2628 713 sese
2655 656 2980 726 interposuit
3022 654 3447 725 Origenistarum

1873 757 2035 811 rebus
2073 772 2086 807 :
2122 768 2339 809 errores
2401 752 2662 807 duntaxat
2725 748 3037 805 Adamantii
3088 762 3186 817 pro
3233 763 3289 802 re
3324 756 3449 802 nata

1874 845 2226 916 impugnavit,
2252 843 2397 897 velut
2428 842 2480 895 in
2511 840 2665 895 libris
2698 838 2771 893 De
2802 839 3007 893 civitate
3038 838 3149 892 Dei.
3188 839 3452 911 Hierony-

1874 953 2018 991 mum
2046 944 2225 991 autem
2265 934 2331 988 ad
2366 931 2827 1001 redintegrandam
2871 943 2993 983 cum
3032 928 3229 983 Rutiuo
3262 928 3452 985 amici-

1876 1030 2004 1082 tiam
2041 1028 2196 1081 valde
2227 1025 2469 1079 hortatus
2487 1029 2591 1075 est.

1945 1120 2059 1175 XV.
2082 1121 2237 1174 Anno
2264 1132 2295 1171 a
2315 1116 2514 1171 Christi
2541 1122 2661 1167 ortu
2690 1111 2813 1178 397,
2843 1120 2961 1181 post
3003 1112 3187 1182 viginti
3216 1112 3452 1181 quinque

1876 1224 2136 1264 annorum
2160 1206 2544 1263 discessionem
2576 1202 2802 1256 Romam
2833 1217 3047 1257 reversa
3080 1213 3161 1257 est
3201 1202 3449 1269 Melania,

1876 1298 2071 1354 Rufino
2126 1298 2382 1352 itinerum
2432 1294 2579 1350 socio
2641 1292 2919 1349 comitata.
2969 1292 3199 1347 Causam
3246 1295 3453 1352 reditus

1874 1408 1993 1448 eam
2022 1391 2188 1446 fuisse
2208 1390 2339 1444 dicit
2372 1385 2644 1441 Palladius
2672 1400 2687 1439 :
2713 1384 2995 1439 Melaniam
3030 1394 3243 1454 neptem
3273 1401 3451 1453 suam,

1876 1481 2085 1537 Piniani
2137 1494 2381 1546 uxorem,
2436 1479 2765 1547 nuptiarum,
2805 1477 3096 1546 mundique
3143 1487 3451 1546 pertzrsam,

1875 1574 2094 1631 Christo
2120 1574 2383 1643 reliquum
2407 1573 2533 1627 vita:
2556 1586 2875 1627 consecrare
2902 1570 3037 1625 velle
3067 1584 3185 1624 cum
3216 1570 3457 1639 accepis-

1876 1676 1978 1730 set,
2023 1666 2252 1721 veritam
2294 1664 2563 1719 seniorem
2619 1678 2684 1717 ne
2720 1664 2772 1717 in
2812 1675 3098 1731 perversos
3129 1660 3456 1715 secessionis

1877 1771 1987 1811 suae
2017 1756 2180 1811 duces
2220 1755 2396 1824 neptis
2422 1769 2518 1808 sua
2562 1753 2845 1814 incideret,
2882 1752 3105 1807 Romam
3151 1751 3455 1821 advolasse,

1876 1859 2107 1914 eamque
2136 1844 2375 1899 consiliis
2404 1842 2694 1911 adjuvisse.
2752 1842 2925 1895 Aliam
2972 1840 3184 1895 itineris
3237 1856 3456 1896 causam

184 1962 305 2008 ηε,
357 1971 376 2004 ,
417 1952 658 2020 Denique
715 1950 1049 2018 propositum
1102 1947 1209 2003 sibi
1260 1961 1381 2002 esse
1423 1946 1664 2002 declarat
1716 1946 1769 1999 in
1803 1939 2118 2009 Bassignat
2186 1936 2487 2001 Baronius,
2559 1934 2784 1989 Romam
2877 1948 3067 2003 nempe
3133 1932 3460 2005 Origenismi

187 2045 387 2098 eadem
416 2043 643 2111 epistola
668 2042 1046 2111 Hieronymus,
1064 2054 1228 2111 opere
1246 2038 1501 2110 peculiari
1525 2040 1775 2110 dogmata

185 2134 448 2205 Origenis
469 2134 796 2189 convellere.

268 2246 404 2303 XIII.
434 2248 652 2304 Veritus
677 2248 881 2304 interea
912 2263 980 2303 ne
1004 2248 1201 2305 litteris
1227 2249 1478 2315 Joannis,
1506 2259 1561 2306 et
1587 2250 1774 2307 Isidnri

188 2342 718 2398 insusurrationibus
746 2350 1040 2413 occupatus
1073 2341 1353 2411 Theophili
1400 2343 1615 2399 animus
1641 2344 1780 2399 male

191 2436 266 2490 de
286 2436 707 2489 orthodoxorum
741 2449 904 2489 causa
930 2435 1173 2497 sentiret,
1196 2450 1407 2504 :nquum
1435 2435 1587 2490 duxit
1604 2444 1783 2506 gesta-

192 2544 319 2583 rum
348 2543 526 2583 rerum
560 2527 838 2583 historiam
878 2528 945 2582 ad
987 2543 1110 2583 eum
1153 2530 1511 2598 perscribere,
1540 2546 1705 2600 seque
1727 2537 1781 2584 et

191 2620 443 2691 gregales
468 2633 596 2674 suos
626 2621 767 2688 apud
796 2635 918 2673 eum
950 2634 1203 2690 purgare.
1242 2620 1433 2674 Pacem
1463 2634 1591 2689 ergo
1622 2632 1781 2690 opta-

193 2726 263 2766 re
286 2725 364 2777 se,
430 2709 496 2763 ad
537 2724 766 2779 eamque
804 2709 1195 2764 conciliandam
1236 2719 1485 2777 paratum
1536 2708 1782 2766 declarat

191 2819 297 2876 per
348 2802 654 2872 epistolam,
705 2801 1018 2871 quaa'inter
1062 2800 1511 2873 Hieronymianas
1562 2817 1784 2857 numero

199 2894 538 2963 sexagesima
600 2892 834 2946 secunda
889 2891 1135 2955 habetur,
1184 2902 1239 2946 et
1292 2893 1476 2967 eodem
1510 2907 1653 2948 anno
1679 2894 1786 2949 395

194 2987 325 3042 data
354 2996 438 3040 est
476 3002 497 3040 :7
530 2984 695 3038 multa
730 2984 923 3040 deinde
954 2984 1199 3053 imposita
1229 2984 1329 3038 sibi
1373 2999 1403 3037 a
1442 2983 1651 3041 Joanne
1679 2986 1786 3040 cri-

198 3078 347 3132 mina
369 3077 646 3143 confutat;
674 3076 727 3130 in
757 3076 953 3147 quibus
981 3077 1367 3131 advertendum
1398 3085 1482 3131 est
1507 3078 1787 3132 insimula-

196 3182 317 3226 tum
362 3185 483 3225 eum
526 3185 555 3223 a
598 3168 828 3233 Joanne,
862 3170 1002 3239 quod
1043 3167 1290 3239 Origenis
1323 3183 1485 3238 opera
1539 3172 1782 3240 quaedam

196 3262 397 3318 Latine
424 3262 696 3327 vertisset,
733 3261 1071 3331 respondisse
1105 3280 1119 3315 :
1155 3280 1174 3310 ε
1211 3259 1322 3315 Hoc
1364 3277 1470 3315 non
1514 3263 1659 3317 solus
1684 3277 1785 3331 ego

198 3358 331 3422 feci,
362 3358 452 3412 sed
490 3367 544 3410 et
583 3356 861 3411 confessor
883 3355 1119 3410 Hilarius
1148 3354 1275 3410 fecit
1298 3373 1312 3421 ;
1338 3364 1392 3410 et
1422 3365 1598 3410 tamen
1632 3365 1782 3412 uter-

196 3467 308 3522 que
334 3460 576 3504 nostrum
611 3450 773 3504 noxia
802 3463 1025 3518 qumque
1069 3450 1395 3503 dctruncans
1428 3450 1574 3503 utilia
1608 3458 1784 3506 trans-

196 3543 357 3607 tulit;
397 3561 415 3594 ι
445 3550 496 3595 et
515 3542 673 3611 paulo
699 3552 816 3611 post
848 3558 862 3596 :
895 3560 913 3593 ι
948 3541 1256 3596 Sicuteuim
1288 3542 1783 3611 interpretationem

196 3647 260 3692 et
290 3638 543 3691 idiomata
575 3634 977 3705 Scripturarum
1034 3634 1249 3705 Origeni
1290 3650 1504 3707 semper
1539 3638 1782 3702 attribui,

201 3730 278 3783 ita
335 3728 643 3798 dogmatum
696 3725 1132 3782 constantissime
1180 3727 1378 3782 abstuli
1412 3729 1718 3783 veritatem.
1760 3747 1779 3781 ι

200 3819 279 3875 Ut
307 3820 557 3874 ostendat
580 3828 841 3889 praeterea
880 3832 1039 3887 quam
1091 3832 1229 3873 vana
1276 3828 1419 3873 esset
1452 3816 1675 3873 Joannis
1719 3818 1787 3873 de

202 3912 507 3967 Pauliniani
528 3911 873 3965 ordinatione
899 3911 1137 3980 querela,
1167 3911 1468 3965 ordinatum
1490 3926 1611 3965 eum
1641 3925 1789 3964 asse-

204 4002 280 4055 rit
321 4003 373 4055 in
404 4000 939 4070 Eleutheropolitano
968 4001 1263 4066 territorio,
1296 4017 1402 4055 non
1443 4002 1493 4055 in
1535 4000 1784 4057 Eliensi.

204 4094 641 4162 Eleutheropolis
677 4102 853 4147 autem
885 4108 948 4147 ea
972 4102 1053 4147 est
1084 4091 1331 4157 liehron;
1366 4092 1535 4159 IElia,
1567 4093 1790 4149 Jerusa-

203 4188 338 4244 lem.
366 4187 605 4255 Denique
630 4196 908 4256 postquam
933 4185 998 4239 ad
1022 4185 1419 4253 procurandum
1438 4185 1539 4239 sibi
1562 4186 1788 4239 exitium

202 4280 472 4337 Joannem
505 4280 799 4345 laborasse,
826 4286 880 4332 et
913 4276 1286 4331 auctoritatem
1318 4277 1586 4346 publicam
1619 4292 1681 4330 ac
1706 4292 1792 4331 re-

206 4374 413 4444 scripta
443 4373 766 4427 sollicitasse
804 4380 1027 4440 questus
1058 4379 1161 4435 est,
1186 4384 1381 4439 cupere
1415 4384 1474 4423 se
1502 4369 1790 4439 signiticat,

207 4475 272 4519 ut
294 4465 577 4519 discordia:
606 4479 794 4519 omnes
829 4462 1130 4532 sopiantur.
1175 4463 1413 4532 Utraque
1440 4474 1588 4533 parte
1613 4463 1792 4517 audita

207 4559 496 4613 veritatem
554 4558 826 4628 perspexit
886 4555 1234 4627 Theophilus,
1279 4567 1335 4611 et
1380 4556 1534 4609 malis
1586 4558 1796 4612 artibus

1880 2029 2167 2085 invehendi
2222 2028 2481 2091 Studium,
2535 2028 2618 2083 cui
2686 2027 2931 2081 Melania:
2990 2026 3219 2095 junioris
3277 2039 3460 2081 seces-

1879 2139 1970 2179 sus
2022 2123 2160 2193 apttd
2213 2121 2427 2192 vulgum
2488 2122 2709 2175 obtentu
2778 2120 2957 2175 fuerit.
3004 2118 3291 2189 Opinionis
3350 2134 3461 2175 sua

1881 2225 2158 2271 auctorem
2211 2230 2316 2270 non
2350 2213 2529 2279 dedit;
2558 2212 2890 2281 eonjecturis
2922 2221 3128 2265 tantum
3172 2210 3462 2266 obsecutus

1879 2318 1982 2364 88!.

1952 2398 2091 2454 XVI.
2122 2399 2293 2453 Simul
2322 2408 2483 2467 atque
2515 2397 2739 2451 Romam
2770 2395 2970 2465 appulit
3002 2392 3253 2456 Rufinus,
3294 2391 3463 2446 libros

1884 2490 2139 2561 Origenis
2165 2490 2305 2557 Περὶ
2329 2489 2532 2558 ἀρχῶν
2564 2504 2593 2542 a
2617 2504 2674 2541 se
2698 2487 2978 2541 Latinitati
3014 2484 3253 2539 redditos
3282 2484 3332 2537 iu
3360 2498 3460 2552 pu-

1885 2583 2084 2638 blicum
2119 2581 2386 2643 editurus,
2415 2581 2648 2648 priorem
2672 2578 2944 2647 Apologia!
2973 2575 3238 2645 Pamphili
3268 2575 3463 2631 librum

1885 2686 2207 2727 conversum
2235 2671 2417 2725 itidem
2452 2686 2479 2723 a
2512 2685 2571 2724 se
2593 2679 2643 2724 et
2672 2668 3079 2738 interpolatum,
3107 2680 3159 2723 et
3182 2683 3285 2721 una
3313 2682 3466 2722 suam

1887 2762 1963 2817 De
1998 2762 2387 2816 adulteratione
2435 2762 2692 2814 librorum
2727 2759 2971 2828 Origenis
3034 2758 3463 2814 lucubrationem

1886 2852 2167 2922 praemisit,
2224 2852 2289 2904 ad
2349 2851 2490 2903 viam
2558 2850 2897 2920 Origenismo
2964 2849 3463 2904 communiendam.

1890 2942 2192 3013 Utrumque
2223 2942 2447 2997 Macarii
2476 2943 2693 2996 hortatu
2722 2956 3034 3011 aggressum
3060 2956 3118 2996 se
3153 2950 3381 2995 testatur
3410 2940 3467 2997 in

1889 3031 2294 3103 praefationibus
2338 3047 2350 3082 :
2381 3040 2437 3085 at
2464 3032 2515 3086 id
2536 3031 2605 3085 ab
2633 3046 2699 3086 eo
2739 3046 2835 3099 per
2864 3030 3258 3085 simulationem
3295 3028 3470 3098 jacta-

1902 3130 2013 3176 tum
2063 3123 2260 3177 asserit
2301 3121 2663 3192 Hieronymus
2706 3121 2922 3189 Apolog.
2959 3120 3054 3174 lib.
3078 3135 3136 3186 It,
3168 3135 3287 3189 cap.
3320 3121 3373 3175 5.
3410 3118 3470 3174 in

1890 3212 2207 3284 prazfatione
2250 3213 2317 3267 ad
2349 3212 2639 3267 Macarium
2686 3212 2949 3282 Pamphili
3010 3212 3277 3281 Apologia:
3333 3228 3470 3281 pra:-

1811 3294 1856 3351 C
1898 3314 2066 3373 texta,
2104 3320 2209 3360 non
2241 3305 2469 3359 obscure
2496 3304 2666 3375 tangit
2700 3302 2786 3358 ille
2814 3303 3169 3373 Epipltanium
3194 3313 3247 3357 et
3276 3302 3469 3357 Hiero-

1886 3411 2134 3466 nymum,
2185 3410 2309 3450 cum
2366 3395 2432 3449 de
2470 3410 2564 3449 sua
2604 3396 3050 3464 interpretatione
3102 3395 3181 3449 sic
3212 3393 3467 3449 disserit:

1890 3504 1909 3537 ‹
1948 3486 2077 3541 Mihi
2155 3496 2335 3541 tamen
2405 3502 2509 3540 non
2559 3485 2744 3541 dubito
2810 3487 2939 3555 quin
2988 3473 3245 3541 oﬂ‘en‘sant
3296 3487 3474 3543 maxi—

1887 3595 2030 3633 mam
2081 3588 2355 3647 comparet
2408 3593 2614 3644 eorum,
2645 3578 2735 3647 qui
2784 3592 2846 3631 se
2883 3578 3037 3632 laesos
3075 3587 3260 3648 putant
3292 3579 3359 3632 ab
3385 3592 3472 3643 eo,

1887 3669 1979 3737 qui
2030 3669 2095 3722 de
2128 3670 2361 3739 Origene
2394 3683 2497 3723 non
2537 3669 2738 3739 aliquid
2764 3670 2903 3724 male
2934 3668 3187 3725 senserit.
3229 3688 3248 3721 ι
3292 3670 3473 3739 Atque

1888 3759 2002 3814 haec
2044 3760 2276 3815 similem
2332 3760 2501 3830 ipsius
2553 3763 3000 3830 conquestionem
3050 3762 3100 3815 in
3158 3761 3473 3816 memoriam

1890 3863 2165 3919 revocant,
2189 3867 2349 3922 quam
2386 3854 2437 3907 in
2458 3854 2860 3922 perorationem
2888 3855 2953 3907 ad
2977 3851 3476 3923 interpretationem

1890 3941 2418 3997 Commentariorum
2446 3943 2693 4011 Origenis
2721 3945 2773 3996 in
2794 3941 3092 4010 Epistolam
3126 3943 3194 3994 ad
3213 3941 3477 3996 Romanos

1894 4033 2106 4088 intersit
2142 4050 2155 4084 :
2196 4052 2213 4085 ι
2251 4033 2354 4088 Sed
2396 4034 2708 4098 delectabit,
2735 4034 2927 4103 inquit,
2958 4032 3243 4087 indulsisse
3273 4033 3477 4087 labori-
3508 4060 3509 4063 η

1892 4124 2015 4190 bus,
2046 4126 2090 4178 si
2117 4127 2275 4180 modo
2299 4141 2427 4189 non,
2457 4135 2514 4179 ut
2556 4127 2608 4180 in
2652 4128 2774 4181 aliis
2810 4127 3015 4195 experti
3047 4140 3260 4189 sumus,
3304 4125 3477 4180 male-

1892 4218 2026 4270 vola:
2060 4227 2268 4271 mentes
2292 4217 2487 4288 vigiliis
2532 4218 2730 4272 nostris
2761 4218 3114 4273 contumelias
3148 4217 3395 4283 reddant,
3430 4216 3479 4273 si

1896 4322 1998 4360 non
2029 4306 2203 4361 studia
2232 4305 2744 4374 obtrectationibus,
2790 4318 2845 4363 et
2876 4308 3089 4363 labores
3128 4323 3478 4364 remuneren-

1899 4406 1984 4449 tur
2028 4396 2258 4450 insidiis.
2310 4396 2517 4452 Novum
2571 4400 2768 4469 quippe
2806 4400 2947 4468 apud
2974 4414 3067 4454 eos
3099 4399 3268 4469 culpa:
3309 4415 3482 4471 genus

1896 4487 2170 4552 subimus;
2208 4507 2227 4541 ι
2262 4498 2315 4543 et
2347 4504 2466 4543 mox
2507 4506 2522 4543 :
2556 4510 2572 4542 ι
2614 4490 2726 4545 Hoc
2774 4502 2955 4546 autem
2980 4502 3175 4563 ,totum
3219 4491 3350 4546 mihi
3381 4492 3483 4544 do-

1900 4587 2053 4640 nant,
2077 4594 2181 4633 non
2211 4594 2395 4634 amore
2422 4584 2547 4644 mei,
2574 4582 2669 4635 sed
2697 4582 2820 4638 odio
2869 4582 3107 4637 auctoris
3165 4582 3319 4652 [Sed
3361 4582 3482 4637 red-

208 4668 319 4706 non
350 4650 545 4704 bonam
567 4663 787 4703 causam
818 4663 849 4703 a
882 4647 1089 4704 Joanne
1124 4636 1351 4717 aliisque
1379 4648 1544 4704 foveri
1577 4664 1795 4719 compe-

1897 4636 2084 4725 eamus
2122 4671 2187 4725 ad
2208 4671 2476 4741 Apologia:
2511 4636 2898 4744 praefationem.
2935 4642 3227 4744 Postquam
3250 4688 3482 4744 purgan-

212 4739 382 4805 riens,
409 4737 690 4809 adversam
740 4738 813 4792 ita
864 4737 1144 4808 amplexus
1174 4747 1275 4801 est,
1322 4746 1380 4791 ut
1420 4750 1676 4807 utrosque
1708 4748 1790 4792 ta-

210 4844 339 4885 men
372 4832 439 4883 ad
467 4830 734 4883 sinceram
759 4830 1108 4884 concordiam
1147 4845 1409 4885 revocare
1438 4830 1720 4897 niteretur,
1740 4841 1792 4887 et

211 4932 579 4994 repugnantes
600 4922 936 4992 Origenistas
967 4922 1201 4978 molliter
1229 4939 1292 4978 ac
1312 4922 1544 4992 benigne
1570 4923 1795 4978 adhibe-

212 5026 319 5070 ret.

288 5126 429 5182 XIV.
460 5128 748 5191 Caeterum,
776 5127 844 5182 ad
891 5126 1249 5181 coercendam
1300 5126 1568 5194 serpentis
1608 5125 1797 5197 Orige-

216 5221 376 5277 nismi
418 5220 579 5285 luem,
602 5230 859 5289 sequente
889 5232 1031 5272 anno
1057 5217 1415 5287 Hieronymus
1440 5217 1796 5288 Augustinum

218 5319 419 5387 pietate
455 5313 736 5368 ﬂorentem
776 5321 831 5367 et
867 5311 1191 5376 eruditione,
1226 5314 1443 5382 quicum
1474 5312 1575 5367 sibi
1610 5312 1797 5367 notitia

217 5406 396 5475 aliqua
424 5405 825 5470 intercesserat,
852 5403 1069 5471 parario
1091 5402 1281 5473 Alypio
1309 5403 1626 5473 Tagastensi
1652 5413 1800 5471 post-

219 5499 442 5552 modum
481 5496 757 5563 episcopo,
786 5494 986 5564 quique
1015 5494 1127 5563 jam
1157 5504 1281 5549 ante
1313 5502 1500 5564 optare
1530 5509 1591 5549 se
1629 5494 1800 5564 signi-

222 5590 503 5653 ﬂcaverat,
548 5596 605 5639 ut
635 5584 888 5654 Origenis
913 5599 1077 5654 opera
1125 5587 1193 5639 ab
1242 5584 1568 5655 Hieronymo
1610 5581 1802 5638 Latine

222 5680 603 5741 redderentur,
631 5685 814 5731 monet
838 5690 932 5745 per
951 5676 1255 5745 epistolam,
1290 5690 1407 5744 qua:
1428 5675 1718 5739 intercidit,
1744 5681 1801 5729 ut

222 5771 276 5825 iu
306 5768 559 5837 Origenis
582 5768 969 5836 scriptionibus
996 5776 1184 5823 cautus
1215 5768 1446 5831 incedat,
1492 5766 1804 5837 approbatis

222 5859 561 5922 melioribus,
589 5857 932 5927 sequioribus
957 5857 1208 5925 rejectis;
1232 5867 1288 5912 at
1310 5858 1553 5927 Origenis
1574 5857 1672 5912 sibi
1700 5870 1800 5911 no-

224 5952 326 6006 tari
361 5965 575 6005 errores
612 5951 958 6017 responsione
986 5965 1080 6004 sua
1128 5951 1456 6021 Augustinus
1490 5950 1798 6022 postulavit.

470 6048 743 6109 Pnaon.
785 6050 903 6113 Gn.
934 6048 1126 6110 XVII.

1900 4762 1951 4815 di
1983 4762 2065 4816 sui
2099 4777 2286 4829 causa,
2316 4765 2461 4817 velut
2507 4765 2899 4834 professionem
2954 4768 3075 4821 lidei
3111 4767 3337 4821 Ruﬁnus
3367 4768 3482 4821 edi-

1900 4853 1981 4906 dit
2013 4869 2027 4905 :
2065 4870 2083 4903 ι
2118 4853 2265 4919 "sec,
2314 4854 2507 4923 inquit,
2555 4856 2910 4927 Jerosolymis
2947 4857 2997 4910 in
3029 4857 3266 4911 Ecclesia
3306 4856 3397 4911 Dei
3451 4872 3481 4909 a

1902 4953 2094 4997 sancto
2129 4946 2410 5000 sacerdote
2444 4948 2558 5013 ejus
2584 4944 2790 5001 Joanne
2810 4930 3215 5016 praedicantur,
3243 4948 3356 5000 haec
3383 4962 3483 5001 nus

1903 5047 2025 5085 cum
2074 5032 2188 5101 ipso
2241 5042 2296 5089 et
2350 5034 2581 5089 dicimus
2637 5045 2693 5090 et
2735 5047 3000 5091 tenemus.
3033 5056 3053 5090 ι
3096 5036 3483 5107 Hieronymum

1904 5123 2067 5176 etiam
2120 5122 2205 5177 his
2235 5122 2417 5179 verbis
2462 5124 2691 5179 defricat
2740 5128 2792 5180 in
2833 5142 2931 5181 suo
2974 5127 3048 5182 De
3098 5128 3483 5182 adulleratione

1904 5212 2156 5266 librorum
2182 5211 2421 5286 Origenis
2445 5214 2622 5269 libello
2658 5234 2671 5269 :
2713 5234 2730 5266 ι
2762 5218 3024 5272 Auctores
3055 5219 3481 5273 obtrectatorum

1905 5306 2021 5375 ejus
2058 5304 2348 5379 (Origenis)
2380 5308 2413 5361 ii
2442 5317 2566 5361 sunt
2604 5309 2694 5377 qui
2727 5310 2811 5364 vel
2842 5310 2893 5363 in
2926 5310 3162 5366 Ecclesia
3206 5310 3485 5377 disputare

1906 5397 2068 5453 latius
2098 5400 2290 5463 solent,
2320 5402 2401 5456 vel
2431 5402 2591 5454 etiam
2612 5400 2779 5456 libros
2808 5401 3067 5469 scribere,
3093 5400 3185 5472 qui
3219 5410 3388 5455 totum
3418 5401 3487 5452 de

1908 5488 2143 5559 Origene
2184 5491 2265 5544 vel
2292 5491 2603 5561 loquuntur,
2622 5492 2705 5547 vel
2735 5492 2982 5548 scribunt
3008 5511 3023 5548 :
3054 5509 3122 5549 ne
3152 5507 3282 5564 ergo
3305 5491 3487 5562 plures

1908 5583 2147 5652 ipsormu
2185 5582 2329 5637 furta
2358 5596 2867 5659 cognoscant,,qu:e
2920 5588 3129 5657 utique,
3183 5588 3231 5641 si
3290 5585 3485 5655 ingrati

1910 5673 1962 5727 in
1994 5674 2308 5744 magistrum
2350 5692 2456 5730 non
2484 5690 2689 5741 essent,
2715 5695 3053 5749 nequaquam
3084 5677 3375 5745 criminosa
3401 5682 3485 5729 vi-

1910 5763 2186 5831 derentur,
2216 5768 2573 5838 simpliciores
2596 5785 2837 5840 quosque
2868 5773 2935 5825 ab
2964 5771 3082 5840 ejus
3113 5769 3344 5824 lectione
3395 5768 3488 5821 de-

1912 5866 2138 5913 terrent.
2182 5878 2200 5911 ι
2225 5858 2361 5914 Nam
2390 5876 2514 5915 cum
2544 5858 2828 5932 Origenem
2884 5862 3113 5919 miriﬁce
3160 5860 3487 5916 celebrasset

1910 5951 2268 6025 Hieronymus
2291 5955 2455 6011 etiam
2487 5965 2596 6012 tum
2617 5956 2848 6027 juvenis,
2874 5966 2926 6012 et
2958 5957 3074 6027 plus
3091 5954 3350 6027 quamjo
3380 5953 3485 6008 ho-

3117 6052 3195 6111 36
