3914 6538
490 434 621 495 Ηδι

1747 444 1808 502 Ρ.
1844 446 2155 504 DANIELIS
2195 447 2427 505 HUETH

3589 456 3717 509 1152

487 561 751 618 mileticos
794 562 958 632 ipsius
1006 561 1190 626 libros,
1234 563 1393 617 multa
1442 564 1600 617 etiam
1651 566 1719 620 de
1770 568 1929 621 tomis
1994 568 2047 621 in
2079 574 2125 628 A
2223 570 2385 624 XVII.
2422 570 2487 621 At
2533 568 2906 623 Pammachius
2952 579 3007 622 ct
3044 568 3290 624 Oceanus
3345 571 3410 624 de
3461 573 3622 626 rebus
3669 574 3716 626 in

483 654 799 723 Apostolum
847 654 1061 723 scriptis
1108 653 1299 709 Latine
1331 656 1673 723 reddidisset,
1717 672 1785 713 ex
1827 659 2051 728 ejusque

483 743 637 798 libris
663 744 1092 799 Commentarios
1123 760 1249 800 suos
1270 746 1669 814 locupletasset,
1697 764 1818 802 mox
1847 750 1898 803 in
1927 765 2048 804 eum

482 835 766 888 calcitrare
814 836 998 904 coepit.
1054 834 1375 907 Neutiquam
1428 854 1552 894 vero
1615 840 1699 895 his
1760 843 2048 911 perstringi

399 933 409 944 ‘
479 923 864 997 Hieronymum
895 935 1047 995 putat
1083 926 1378 996 llalloxius,
1402 933 1526 1000 quia
1552 931 1664 1000 jam
1705 935 2048 990 reconciliata

477 1015 654 1070 fuerat
682 1019 827 1072 inter
857 1033 951 1074 eos
973 1021 1167 1090 gratia,
1191 1030 1245 1076 et
1275 1023 1434 1092 paulo
1456 1025 1702 1094 superius
1733 1027 2043 1098 Hieronymi

475 1122 595 1162 cum
622 1109 779 1164 laude
801 1112 1120 1167 meminerat
1148 1114 1230 1169 his
1245 1115 1424 1170 verbis
1451 1134 1463 1169 :
1490 1135 1507 1167 ε
1536 1119 1816 1173 Damasius
1838 1120 2047 1188 cpisco-

473 1216 596 1270 pus,
615 1217 734 1255 cum
760 1201 826 1257 de
855 1205 1174 1274 recipiendis
1191 1207 1580 1274 Apollinaristis
1607 1210 1918 1265 deliberatio
1943 1214 2042 1265 ha-

472 1297 712 1359 beretur,
738 1295 1025 1350 editionem
1054 1299 1433 1354 ecclesiastica;
1463 1301 1602 1365 ﬁdei,
1631 1303 1714 1356 cui
1746 1303 1902 1358 iidem
1925 1304 2041 1358 edi-

473 1385 626 1450 tioni,
651 1385 693 1440 si
725 1385 983 1442 Ecclesim
1008 1387 1155 1459 iungi
1183 1390 1368 1452 velint,
1393 1392 1735 1448 subscribere
1757 1395 2038 1461 deberent,

467 1477 905 1532 conscribendam
934 1480 1210 1534 mandavit
1239 1483 1412 1535 amico
1445 1497 1544 1536 suo
1571 1485 1784 1538 cuidam
1818 1486 2038 1556 presby-

466 1575 583 1621 tero
612 1567 730 1621 viro
773 1568 1152 1637 disertissimo,
1184 1572 1272 1640 qui
1305 1571 1405 1626 hoc
1443 1572 1515 1626 illi
1554 1588 1622 1628 ex
1667 1591 1817 1630 more
1871 1592 2034 1645 nego-

465 1657 594 1711 tium
618 1659 963 1728 procurabat.
990 1679 1008 1712 ι
1032 1662 1244 1716 Addere
1262 1672 1474 1731 poterat
1496 1663 1770 1720 llalloxius
1785 1668 2032 1720 eumdem

461 1766 490 1804 a
514 1749 712 1804 Ruﬁno
736 1751 961 1806 honoris
992 1767 1151 1807 causa
1182 1754 1513 1808 nominatum
1539 1757 1590 1808 in
1621 1757 1933 1823 praefatione
1965 1759 2032 1811 li-

457 1841 678 1896 brorum
708 1844 846 1912 Περὶ
891 1844 1110 1912 ἀρχῶν,
1140 1846 1230 1914 qui
1272 1847 1374 1902 hoc
1413 1857 1652 1917 tempore
1692 1851 2026 1918 prodierunt.

2155 660 2297 716 Urbe
2321 660 2484 731 gestis
2516 659 2898 729 Hieronymum
2930 661 3214 715 certiorem
3246 661 3475 725 faciunt,
3495 673 3552 716 et
3581 663 3722 716 Ruﬁ--

2151 753 2368 805 nianam
2400 751 2658 805 librorum
2688 751 2825 818 Περὶ
2848 750 3052 819 ἀρχῶν
3082 752 3582 820 interpretationem
3605 768 3717 806 cum

2150 842 2458 913 praafatione
2491 843 2886 907 transmittunt,
2932 841 3308 910 postulauitque
3337 851 3396 895 ut
3421 842 3591 896 libros
3611 857 3720 897 eos-

2148 936 2268 990 dem
2303 935 2509 989 meliori
2539 935 2641 988 ﬁde
2667 943 2966 1000 convertat,
3000 944 3053 987 et
3096 935 3319 1003 injectas
3353 935 3420 988 de
3458 949 3518 990 se
3554 936 3719 1002 suspi-

2145 1027 2332 1081 ciones
2367 1025 2560 1080 diluat.
2590 1025 2844 1078 Retlierat
2867 1040 2988 1079 cum
3013 1024 3100 1078 illo
3117 1023 3228 1091 jam
3249 1029 3372 1077 tum
3407 1023 3460 1077 in
3493 1023 3716 1091 gratiam

2146 1115 2392 1178 Ruﬁnus,
2429 1130 2551 1169 cum
2587 1112 2938 1184 Jerosolymis
2989 1114 3439 1182 proﬁcisceretur.
3490 1109 3715 1166 Subdola

2145 1211 2327 1280 itaque
2359 1210 2534 1264 Ruﬁni
2565 1209 2881 1279 praefatione
2908 1210 3046 1263 clam
3075 1224 3318 1264 arrosum
3360 1223 3420 1263 se
3461 1218 3517 1264 et
3553 1208 3713 1278 impe-

2144 1304 2300 1357 titum
2331 1302 2568 1356 sentiens
2601 1301 2987 1372 Hieronymus,
3007 1313 3059 1356 et
3092 1301 3233 1354 inter
3261 1297 3606 1369 Origenistas
3624 1313 3710 1365 po-

2143 1395 2329 1457 situm,
2359 1393 2499 1448 hanc
2521 1409 2639 1448 cum
2672 1407 2737 1447 eo
2773 1392 3026 1462 injuriam
3053 1393 3226 1446 amice
3254 1402 3308 1446 et
3341 1391 3539 1444 leuiter
3559 1404 3714 1459 expo-

2140 1486 2364 1541 stulavit
2415 1501 2510 1554 per
2555 1486 2875 1555 epistolam,
2911 1482 3216 1552 cujus.boc
3267 1493 3350 1537 est
3391 1481 3709 1536 exordium:

2145 1596 2164 1630 r
2191 1579 2285 1632 Diu
2317 1587 2369 1632 te
2400 1577 2583 1632 Romae
2611 1585 2878 1631 moratum
2902 1591 3083 1630 sermo
3108 1575 3357 1644 proprius
3385 1572 3704 1634 indicavitp

2137 1673 2278 1726 unde
2319 1670 2442 1723 licet
2491 1669 2764 1738 conjicere
2795 1668 2905 1737 jam
2950 1675 3076 1720 ante
3113 1666 3178 1719 ad
3209 1680 3329 1719 eum
3359 1665 3575 1718 litteras
3610 1661 3710 1715 Ru-

2138 1761 2300 1815 ﬁuum
2337 1760 2565 1815 dedisse.
2609 1757 2715 1813 Sed
2756 1773 2877 1811 cum
2923 1771 3019 1825 per
3061 1765 3296 1810 vecturae
3337 1768 3524 1808 moras
3546 1753 3708 1808 serius

2134 1851 2357 1906 Romam
2394 1851 2569 1904 delata
2605 1848 2798 1902 fuisset
2829 1845 3141 1918 Hieronymi
3175 1844 3476 1913 responsio,
3516 1857 3706 1896 renun-

458 1932 656 1988 Verum
689 1934 790 1988 hoc
817 1945 935 1988 erat
964 1913 1180 2006 ingenio
1217 1936 1480 2002 Rufinus;
1514 1913 1708 2007 palam-
1735 1941 1786 1994 in
1814 1955 1876 1997 os
1905 1943 2023 1997 lau-
2063 1913 2103 1966 Β
2137 1944 2323 1998 tiatum
2359 1943 2565 1996 interea
2591 1940 2770 1995 fuerat
2816 1939 3009 1992 Ruﬁno
3037 1913 3240 1990 novam
3275 1935 3544 1990 librorum
3576 1934 3705 2003 Περὶ

455 2021 639 2085 dabat,
666 2023 806 2076 clam
834 2023 1182 2090 detrahebat;
1211 2027 1534 2082 simuhatem
1569 2028 1778 2085 fovebat
1809 2032 1859 2086 in
1881 2032 2022 2101 sinu,

453 2113 746 2168 amicitiam
779 2113 952 2169 fronte
987 2117 1228 2184 gerebat.
1260 2117 1440 2186 Itaque
1475 2119 1688 2188 palpum
1719 2135 1903 2176 coram
1924 2123 2025 2176 ob-

453 2205 706 2260 trudebat
755 2205 1104 2277 Hieronymo,
1151 2218 1208 2261 ut
1250 2210 1429 2264 acrius
1477 2212 1687 2268 occulte
1729 2215 2020 2269 morderet.

449 2295 562 2352 Hoc
601 2298 851 2366 amplius,
880 2299 1237 2372 Hieronymus
1262 2302 1374 2372 ipse
1402 2303 1621 2374 Apolog.
1665 2305 1700 2358 2
1728 2306 1782 2358 in
1814 2305 2020 2374 Ruﬁn.,

447 2403 567 2456 cap.
593 2388 644 2453 6,
667 2390 779 2445 haac
812 2393 974 2444 verba
1009 2392 1079 2446 ita
1111 2395 1323 2462 repetit,
1351 2396 1503 2464 quasi
1535 2398 1848 2466 neutiquam
1873 2400 1938 2453 ad
1964 2415 2023 2455 se

446 2481 751 2548 pertineant
785 2497 797 2534 :
834 2484 928 2536 sed
960 2483 1040 2540 vel
1063 2485 1224 2549 tacite
1254 2487 1430 2541 notari
1462 2503 1520 2542 se
1544 2504 1647 2542 non
1683 2491 1890 2557 sensit;
1939 2492 2021 2547 vel

445 2581 786 2640 perspectam
831 2575 1158 2630 calumniam
1191 2578 1440 2635 simulate
1475 2582 1710 2636 reticuit.
1751 2581 1881 2639 Utut
1912 2594 2016 2653 est,

445 2677 602 2717 suum
631 2676 846 2721 maneat
873 2666 1334 2737 lectorijudicium
1366 2687 1378 2724 :
1415 2677 1695 2742 sequentia
1726 2685 1875 2732 certe
1903 2695 2018 2732 ma-

444 2751 638 2808 nifeste
680 2755 1033 2825 Epiphanium
1083 2768 1314 2827 petunt:
1349 2779 1368 2814 ‹
1410 2764 1650 2835 Denique
1680 2767 1900 2834 quidam
1947 2784 2014 2823 ex

442 2844 592 2913 ipsis,
634 2846 725 2916 qui
771 2863 830 2902 se
879 2849 1024 2904 velut
1073 2853 1472 2925 evangelizandi
1519 2859 1894 2914 necessitatem
1922 2876 2020 2930 per

439 2949 626 2990 omnes
655 2949 842 3006 gentes
865 2949 917 2994 et
947 2956 1044 3010 per
1072 2957 1258 2999 omnes
1298 2945 1506 3016 linguas
1539 2948 1736 3004 habere
1765 2959 1918 3018 putat
1952 2952 2019 3007 de

441 3025 672 3098 Origene
713 3031 851 3085 male
900 3031 1170 3100 loquendi,
1209 3049 1301 3090 sex
1327 3037 1491 3092 millia
1525 3037 1783 3094 librorum
1816 3040 1933 3110 ejus
1959 3058 2018 3099 se

438 3118 651 3188 legisse,
683 3122 1075 3192 quamplurima
1104 3124 1334 3181 fratrum
1377 3128 1714 3184 multitudine
1743 3132 2016 3200 audiente,

436 3210 721 3266 confessus
745 3222 849 3267 est.
891 3231 910 3265 ι
939 3216 1082 3284 Ipsos
1115 3217 1308 3272 deinde
1337 3220 1476 3288 Περὶ
1494 3219 1696 3289 ἀρχῶν
1731 3222 1898 3279 libros
1922 3223 2018 3279 Ur-

434 3301 490 3356 bi
516 3304 808 3372 propinans
838 3303 1083 3371 Ruﬁnus,
1117 3323 1220 3376 quo
1263 3311 1433 3380 magis
1487 3310 1717 3367 lectores
1765 3313 2012 3379 illiceret,

433 3393 805 3463 pmfationem
841 3399 989 3466 operi
1034 3399 1294 3466 praeﬁxit,
1344 3415 1514 3470 eaque
1554 3402 1849 3458 declaravit
1893 3421 2015 3461 sese

433 3486 653 3555 reliquis
675 3486 1011 3557 dogmatibus
1039 3489 1255 3544 intactis
1284 3490 1446 3546 falsas
1475 3491 1724 3563 Origenis
1749 3497 1812 3551 de
1832 3495 2012 3552 Trini-

436 3588 546 3632 tate
591 3581 924 3645 sententias,
976 3591 1157 3652 utpote
1209 3584 1274 3638 ab
1319 3584 1586 3641 hzereticis
1642 3587 1895 3660 insertas,
1927 3591 2011 3645 vel

431 3669 772 3737 emendasse,
807 3671 891 3727 vel
919 3673 1324 3742 praetermisisse
1359 3691 1371 3728 :
1401 3690 1656 3745 grassans
1711 3679 1854 3732 enim
1909 3682 2012 3736 hoc

431 3767 673 3829 tempore
703 3760 1040 3816 Arianismus
1069 3763 1327 3819 adversus
1350 3764 1658 3836 Origenem,
1691 3768 1845 3838 cujus
1891 3786 2010 3824 am-

428 3848 614 3904 biebat
637 3849 1017 3919 patrocinium,
1049 3852 1355 3911 Catholicos
1382 3867 1767 3914 commoverat.
1814 3860 2011 3916 Exem-

428 3946 518 4010 pl'o
548 3957 762 4011 quoque
808 3941 1143 4016 Hieronymi,
1182 3947 1472 4002 multorum
1513 3949 1626 4017 jam
1664 3950 1917 4021 Origenis
1942 3954 2010 4009 li-

425 4031 650 4087 brorum
692 4034 1025 4104 interpretis,
1064 4036 1351 4092 adductqu
1380 4054 1438 4094 se
1469 4041 1735 4112 signiﬁcat
1760 4043 1862 4098 hac
1894 4043 2008 4114 ipsa

428 4124 742 4192 praefatione
789 4125 1052 4192 Rufinus,
1109 4138 1167 4182 ut
1219 4131 1529 4202 scriptionis
1582 4133 1726 4188 illius
1775 4149 2005 4190 conver-

423 4217 632 4271 sionem
667 4219 986 4289 susciperet.
1023 4221 1088 4276 Et
1121 4238 1300 4280 causa:
1343 4233 1526 4278 tamen
1556 4224 1629 4279 ita
1667 4224 1871 4281 diﬁisus
1897 4235 2002 4294 est,

423 4320 484 4364 ut
530 4311 834 4381 praefationi
878 4327 1072 4368 nomen
1112 4330 1268 4370 suum
1299 4317 1571 4372 ascribere
1602 4332 1707 4372 non
1739 4318 1998 4386 auderet;

421 4412 478 4456 et
509 4407 733 4458 assensu
757 4415 1017 4473 praaterea
1048 4405 1328 4477 Theophili
1365 4417 1418 4463 et
1453 4409 1765 4480 Hieronymi
1794 4408 2001 4479 gloria-

425 4502 597 4547 retur.

2130 2035 2331 2105 ἀρχῶν
2355 2033 2854 2104 interpretationem
2879 2031 2948 2084 ab
2969 2043 3034 2083 eo
3064 2027 3268 2097 parari,
3291 2042 3458 2094 quam
3491 2040 3560 2079 eo
3591 2041 3705 2079 con-

2129 2129 2251 2182 silio
2279 2126 2549 2181 conditam
2583 2139 2612 2178 a
2643 2138 2700 2178 se
2734 2121 2925 2177 scribit
2947 2118 3305 2189 Hieronymus
3332 2118 3562 2186 Apolog.
3616 2115 3701 2168 lib.

2131 2233 2168 2285 ι,
2199 2231 2316 2286 cap.
2348 2216 2405 2283 ‘2,
2441 2229 2544 2269 non
2576 2223 2635 2267 ut
2664 2212 2911 2267 crederet
2935 2211 3102 2266 lector
3133 2209 3198 2263 iis
3232 2223 3352 2276 qua:
3384 2207 3703 2276 interpreta-

2131 2307 2323 2372 batur;
2353 2304 2447 2360 sed
2493 2318 2561 2358 ne
2603 2301 2850 2356 crederet
2897 2301 2962 2355 iis
3007 2314 3126 2369 qua:
3171 2307 3298 2351 ante
3354 2295 3702 2351 transtulerat

2131 2395 2376 2450 Ruﬁnus.
2398 2396 2573 2464 Atque
2611 2393 2686 2448 ita
2723 2393 2986 2460 dirempta
3019 2392 3159 2447 inter
3185 2405 3279 2444 eos
3309 2391 3510 2455 gratia,
3530 2389 3700 2443 datam

2127 2486 2193 2540 ad
2253 2484 2505 2538 Ruﬁnum
2559 2482 2846 2554 epistolam
2885 2480 3198 2552 Hieronymi
3250 2478 3575 2544 familiares,
3618 2481 3700 2559 qui

2125 2577 2419 2630 curandam
2455 2590 2572 2630 eam
2614 2582 2972 2644 acceperant,
3009 2581 3454 2642 suppresserunt.
3511 2569 3703 2626 Susceo

2126 2669 2532 2741 ptamiuterim,
2567 2667 2906 2724 Pammachii
2944 2674 2998 2721 et
3029 2666 3232 2721 Oceani
3274 2675 3491 2735 rogatu,
3528 2665 3699 2718 since-

2126 2763 2324 2816 riorem
2350 2762 2608 2815 librorum
2638 2760 2715 2813 De
2736 2758 3008 2829 principiis
3031 2756 3444 2811 conversionem
3472 2754 3700 2810 absolvit

2124 2835 2498 2918 Hieronymus,
2517 2861 2572 2906 et
2598 2851 2663 2905 ad
2686 2865 2782 2906 eos
2821 2850 3042 2904 Romam
3070 2847 3232 2910 misit,
3269 2861 3394 2901 cum
3432 2845 3700 2901 luculenta

2123 2946 2374 3016 epistola,
2393 2929 2498 3015 qua
2524 2945 2775 3014 Origenis
2797 2944 3094 2999 doctrinam
3116 2952 3171 2996 et
3195 2931 3561 2996 eruditionem
3591 2941 3699 2994 lau-

2124 3041 2280 3095 dasse
2306 3054 2364 3094 se
2383 3039 2604 3102 fatetur,
2642 3038 2894 3105 dogmata
2922 3034 3160 3090 tenuisse
3200 3042 3484 3102 pernegat.
3515 3050 3534 3083 ε
3566 3031 3699 3086 Lau-

2123 3130 2279 3193 davi,
2327 3127 2520 3197 inquit,
2573 3127 2958 3194 interpretem,
3009 3138 3112 3176 non
3160 3123 3560 3190 dogmatisten;
3623 3122 3700 3176 in-

2123 3223 2362 3292 genium,
2409 3235 2513 3274 non
2549 3219 2704 3273 ﬁdem
2734 3233 2750 3282 ;
2783 3215 3182 3288 philosophum,
3231 3229 3340 3267 non
3373 3213 3696 3280 apostolum.

2122 3313 2274 3382 Quod
2295 3313 2338 3367 si
2371 3310 2553 3367 volunt
2576 3325 2738 3379 super
2770 3309 2999 3377 Origene
3038 3321 3216 3360 meum
3248 3306 3394 3360 scire
3412 3304 3694 3372 judicium,

2117 3407 2294 3476 legant
2345 3405 2395 3458 in
2447 3402 2799 3456 Ecclesiasten
2849 3399 3308 3461 Commentarios,
3345 3397 3613 3466 replicent
3645 3396 3694 3449 in

2114 3497 2410 3567 Epistolam
2450 3495 2514 3548 ad
2544 3492 2805 3562 Ephesios
2846 3491 2948 3545 tria
2991 3490 3287 3556 volumina,
3312 3500 3369 3543 et
3399 3488 3695 3558 intelligent

2115 3605 2200 3644 me
2215 3601 2426 3656 semper
2451 3585 2565 3655 ejus
2590 3583 2926 3652 dogmatibus
2950 3582 3304 3646 contraiisse;
3337 3599 3356 3634 ν
3379 3590 3435 3636 et
3463 3582 3689 3636 iterum:

2117 3699 2136 3732 ι
2171 3680 2226 3736 Si
2253 3680 2380 3736 mihi
2415 3675 2999 3744 creditis,Origenistcs
3033 3689 3308 3743 nunquam
3355 3673 3432 3727 fui
3465 3692 3481 3740 ;
3517 3674 3560 3728 si
3593 3688 3690 3726 non

2109 3771 2350 3836 creditis,
2382 3784 2524 3824 nunc
2566 3783 2684 3822 esse
2739 3767 2987 3830 cessavi;
3023 3783 3041 3816 ι
3085 3777 3140 3818 et
3183 3765 3441 3833 sequenti
3479 3763 3686 3833 capite:

2114 3882 2135 3917 ι
2169 3863 2278 3918 Fac
2311 3875 2398 3916 me
2421 3874 2638 3915 errasse
2668 3861 2721 3913 in
2749 3856 3199 3920 adolescentia,et
3224 3856 3684 3925 philoSOphorum,

2107 3955 2161 4010 id
2205 3963 2287 4010 est
2318 3952 2594 4024 gentilium
2642 3949 2838 4004 studiis
2889 3943 3157 4003 eruditum
3191 3949 3243 4001 in
3276 3949 3545 4017 principio
3572 3948 3682 4002 ﬁdei

2106 4048 2356 4117 dogmata
2409 4046 2689 4115 ignorasse
2727 4041 3038 4098 Christiana
3074 4058 3089 4106 ;
3123 4049 3179 4094 et
3228 4042 3333 4096 hoc
3385 4052 3606 4109 putasse
3633 4040 3682 4094 in

2105 4136 2383 4206 apostolis,
2414 4135 2558 4205 quod
2598 4135 2652 4187 in
2699 4131 3025 4203 Pythagora,
3048 4141 3103 4185 et
3131 4130 3380 4196 Platone,
3408 4141 3466 4186 et
3500 4131 3680 4199 Empe-

2103 4229 2258 4285 docle
2287 4229 2520 4299 legeram
2555 4245 2569 4282 :
2599 4241 2693 4280 cur
2723 4223 2930 4294 parvuli
2959 4224 3014 4277 in
3040 4222 3255 4278 Christo
3283 4233 3452 4291 atque
3482 4223 3680 4276 lacten-

2103 4322 2173 4376 tis
2201 4333 2441 4375 errorem
2471 4314 2758 4386 sequimini
2785 4313 2808 4366 ?
2834 4329 2931 4368 cur
2958 4315 3025 4368 ab
3051 4327 3116 4368 eo
3151 4311 3488 4381 impietatem
3521 4309 3676 4364 disci-

2103 4412 2196 4474 tis,
2231 4409 2323 4479 qui
2377 4407 2604 4462 necdum
2659 4408 2914 4476 pietatem
2967 4401 3239 4455 noverat?
3277 4400 3529 4456 Secunda
3564 4406 3674 4467 post

2100 4501 2436 4571 naufragium
2467 4498 2647 4554 tabula
2683 4507 2765 4552 est
2801 4495 3016 4565 culpam
3052 4492 3377 4563 simpliciter
3411 4489 3667 4547 conﬁteri.

491 4584 672 4639 Multis
709 4587 985 4642 enimvero
1027 4589 1177 4643 cordi
1228 4589 1328 4643 fuit
1383 4606 1517 4660 opus
1551 4593 1679 4649 illud
1728 4613 1757 4650 a
1805 4596 1999 4654 Ruﬁno
2029 4608 2074 4662 ι)
2101 4592 2299 4648 Imitati
2330 4593 2461 4648 estis
2503 4599 2798 4653 errantem,
2842 4586 3129 4642 imitamini
3180 4595 3231 4640 et
3285 4596 3607 4640 correctum.
3645 4600 3663 4631 ι

421 4678 761 4742 translatum,
795 4689 850 4734 et
890 4678 1109 4749 Origeni
1157 4681 1493 4747 sacerdotes,
1542 4679 1835 4742 monaChos
1868 4699 1923 4742 et
1966 4702 1999 4743 e

417 4767 854 4825 Christianorum
877 4771 1035 4842 vulgo
1064 4772 1259 4827 multos
1293 4773 1628 4842 adjunxit,et
1657 4774 1838 4833 Siricii
1863 4795 1996 4850 quo-

416 4877 522 4934 que
553 4877 702 4932 papa:
743 4864 1078 4934 simplicitati
1115 4865 1300 4920 illusit.
1345 4869 1416 4920 At
1455 4867 1636 4937 plures
1673 4879 1853 4925 tamen
1901 4873 1998 4926 do-

417 4956 608 5008 ctrina:
658 4955 870 5011 novitas
899 4957 1169 5026 perculit;
1201 4959 1336 5012 adeo
1366 4968 1424 5011 ut
1456 4967 1628 5013 totum
1657 4963 1846 5015 urbem
1880 4973 2000 5032 post

414 5045 598 5100 Ruﬁni
619 5047 1122 5118 interpretationem
1147 5049 1199 5102 in
1225 5049 1473 5120 Origenis
1491 5050 1671 5104 odium
1697 5053 1993 5118 exarsisse,

415 5149 470 5192 et
518 5138 838 5193 translatum
872 5140 1022 5209 jopus
1075 5141 1360 5210 expavisse
1411 5141 1688 5195 tradiderit
1732 5141 1994 5213 llicrony-

413 5244 535 5283 tnus
563 5229 656 5290 lib.
716 5246 731 5282 ι
766 5230 944 5298 Apol.,
992 5247 1114 5300 cap.
1160 5232 1214 5285 3.
1247 5233 1449 5286 Auctor
1502 5247 1718 5302 quoque
1762 5232 1850 5287 ille
1884 5242 1989 5297 est,

411 5320 640 5388 primam
667 5319 998 5390 {Marcellam
1063 5321 1389 5384 Romanam,
1435 5322 1718 5376 nobilitate
1747 5323 1987 5390 generis,

410 5421 466 5466 et
487 5410 684 5480 pietate
715 5410 1002 5477 illustrem,
1048 5411 1480 5467 subolescentem
1515 5427 1757 5466 errorem
1795 5412 1990 5482 depre-

409 5501 664 5556 hendisse
697 5517 762 5556 ac
793 5503 1137 5573 repressisse.
1165 5503 1473 5558 Discessum
1501 5503 1684 5572 itaque
1713 5502 1990 5557 destinan—

410 5600 492 5645 tes
513 5592 641 5646 facti
663 5602 934 5660 auctores,
965 5608 1086 5647 cum
1109 5594 1222 5663 jam
1251 5593 1362 5648 fere
1390 5603 1447 5648 ut
1475 5595 1716 5650 haeretici
1743 5595 1992 5665 designa-

409 5691 617 5748 rentur,
653 5685 1052 5740 ecclesiasticas
1094 5683 1351 5752 epistolas
1385 5699 1414 5736 a
1442 5682 1638 5738 Siricio
1676 5685 1986 5753 impetrant,

407 5780 470 5825 ut
506 5771 760 5826 Ecclesiae
813 5774 1191 5828 communione
1248 5773 1469 5844 gloriari
1526 5785 1742 5842 possent
1777 5791 1790 5826 :
1821 5782 1984 5844 atque

405 5864 493 5921 his
528 5865 887 5922 communitus
912 5864 1154 5939 .Ruﬁnus
1181 5866 1480 5933 Aquileiam
1519 5869 1798 5922 remeavit.

2101 4685 2361 4740 Similiter
2389 4684 2443 4736 in
2475 4682 2631 4750 epist.
2657 4681 2748 4742 62,
2780 4680 2847 4733 ad
2879 4677 3234 4746 Theophilum
3264 4695 3278 4730 :
3303 4695 3323 4727 ‹
3352 4677 3505 4731 Sicut
3531 4673 3663 4728 enim

2100 4775 2594 4845 interpretationem
2642 4783 2695 4826 et
2726 4772 2980 4826 idiontata
3017 4767 3426 4837 Scripturarum
3458 4764 3660 4835 Origeni

2099 4882 2312 4936 semper
2345 4866 2585 4929 attribui,
2620 4864 2694 4917 ita
2728 4865 3036 4932 dogmatum
3065 4860 3511 4915 constantissime
3550 4859 3662 4911 abs-

2102 4959 2195 5013 tuli
2226 4957 2528 5011 veritatem.
2569 4975 2588 5007 »
2625 4955 2689 5009 Ει
2720 4963 2898 5008 tamen
2937 4968 3057 5006 cum
3089 4951 3521 5006 Commentarios
3544 4964 3660 5004 suos

2099 5053 2152 5104 in
2186 5049 2565 5113 Ecclesiasten,
2595 5055 2648 5100 et
2677 5045 2970 5114 Epistolam
2991 5049 3059 5096 ad
3090 5043 3346 5114 Ephesios
3373 5041 3657 5098 Adamanlii

2099 5140 2251 5196 scitis
2285 5138 2579 5203 referserit,
2606 5136 2696 5189 vix
2729 5137 2793 5190 iis
2824 5134 2990 5190 semel
3012 5135 3381 5189 contradixit:
3417 5135 3520 5188 imo
3543 5145 3658 5184 vero

2099 5249 2166 5287 ne
2199 5231 2483 5299 Origencm
2519 5227 2734 5297 quidem
2776 5234 3051 5278 auctorem
3102 5224 3314 5278 citavit.
3351 5224 3498 5290 Quod
3525 5237 3564 5276 ει
3596 5235 3653 5270 ea

2098 5339 2194 5394 pro
2219 5321 2369 5376 falsis
2393 5319 2600 5382 habuit,
2628 5331 2726 5370 cur
2760 5329 3004 5370 censura:
3032 5322 3213 5367 notam
3249 5329 3358 5368 non
3387 5308 3656 5383 apposuit?

2092 5430 2190 5468 cur
2217 5428 2336 5466 cum
2380 5412 2431 5464 id
2472 5407 2574 5463 sibi
2603 5407 2736 5460 vitio
2761 5407 2997 5466 daretur,
3043 5403 3093 5456 id
3122 5402 3224 5456 sibi
3259 5403 3444 5472 gloria:
3467 5401 3602 5455 duxit
3629 5397 3652 5448 ἲ

2098 5525 2115 5557 ι
2152 5504 2284 5558 Nam
2317 5501 2459 5572 quod
2483 5500 2684 5558 dicunt,
2718 5516 2735 5549 ι
2758 5496 2933 5564 inquit
2963 5494 3174 5564 Prolog.
3199 5494 3253 5548 in
3288 5493 3385 5548 lib.
3440 5507 3476 5546 tt
3513 5488 3650 5542 Com-

2095 5607 2252 5648 ment.
2288 5595 2344 5646 in
2372 5591 2562 5653 Mich.,
2595 5607 2613 5640 ι
2654 5586 2904 5657 Origenis
2934 5601 3021 5640 me
3053 5586 3324 5640 volumina
3355 5582 3642 5650 compilare,

2094 5696 2148 5740 et
2178 5680 2533 5740 contaminari
2576 5694 2682 5734 non
2727 5678 2916 5731 decere
2943 5685 3226 5750 -veterum.
3246 5674 3444 5741 scripta
3474 5686 3488 5722 :
3518 5663 3646 5735 quod

2094 5777 2169 5830 illi
2207 5773 2549 5830 maledictum
2583 5771 2878 5825 vehemens
2905 5781 3025 5822 esse
3051 5764 3402 5831 existimant?
3415 5761 3640 5818 eamdem

2083 5870 2297 5932 laudem
2321 5881 2417 5933 ego
2443 5866 2730 5922 maximam
2753 5861 3072 5928 duco,2cum
3104 5859 3256 5915 illum
3287 5853 3479 5915 imitari
3510 5845 3638 5912 vola,
