3914 6536
1108 449 1674 510 ORIGENIANORUM
1712 457 1838 512 LIB.
1882 457 1945 523 II,
1986 461 2136 516 CAP.
2180 464 2266 532 IV,
2311 463 2502 522 SECT.
2543 465 2584 522 I.

1985 20 1996 24 ς
2021 23 2026 26 .
2043 18 2370 31 ...ημέη-ῄνεέέμε-έ
2387 21 2540 33 .'_.;.‘.;.'~_'

222 583 371 641 quem
399 569 623 627 eunetis
668 571 1025 641 prudentibus
1050 584 1106 628 et
1136 575 1289 631 vobis
1323 576 1540 646 placere
1565 594 1672 634 non
1702 581 1802 635 du-
1835 583 1880 639 A
1907 597 2004 646 pro
2027 599 2208 640 rerum
2245 603 2309 643 ac
2343 597 2645 660 temporum
2675 594 2907 663 ratione,
2938 599 3079 654 trahi
3117 616 3176 656 se
3199 612 3252 655 et
3273 605 3468 673 jactari

222 665 355 728 bito;
393 680 414 714 ι
446 678 551 718 cur
592 663 649 719 in
679 665 998 733 praefatione
1030 667 1097 721 ad
1142 667 1342 723 librum
1383 669 1461 725 De
1495 672 1792 727 nominibus

226 758 520 825 Hebraicis,
555 760 637 816 ait
659 761 928 816 neminem
966 761 1067 818 nisi
1102 761 1431 834 imperitum,
1458 781 1654 838 negare
1675 765 1796 823 Ori-

222 865 403 920 genem
427 859 554 920 post
585 853 860 923 apostolos
881 854 1248 911 Ecclesiarum
1276 871 1396 912 esse
1431 859 1795 930 magistrum?

280 938 449 1012 Igitur
489 959 603 1001 non
651 946 770 1001 sine
819 962 978 1002 causa
1026 949 1250 1004 Rufinus
1289 948 1650 1022 Origenistam
1689 951 1792 1006 ali—

216 1033 426 1103 quando
470 1035 642 1093 fuisse
674 1038 1056 1114 Hieronymum
1098 1041 1359 1112 iactabat.
1399 1061 1419 1096 (
1453 1043 1578 1100 Haec
1627 1055 1729 1113 est,
1765 1063 1786 1097 ι

216 1128 405 1199 inquit,
441 1131 644 1188 invect.
675 1149 716 1200 ι,
761 1153 781 1185 ‹
824 1142 912 1188 tua
965 1137 1098 1190 tanti
1147 1136 1386 1206 magistri
1428 1148 1695 1208 gravrtas,
1734 1147 1795 1194 ut

213 1237 330 1276 eum
385 1237 551 1292 quem
588 1225 642 1279 in
685 1225 808 1281 aliis
856 1225 1065 1293 laudas,
1107 1229 1432 1285 condemnes
1473 1232 1528 1286 in
1565 1232 1686 1287 aliis
1736 1241 1793 1288 ct

213 1330 367 1383 quem
399 1315 453 1369 in
486 1316 904 1385 praefationibus
949 1320 1057 1374 tuis
1092 1321 1317 1376 alterum
1356 1332 1476 1392 post
1518 1324 1790 1392 apostolos

213 1405 578 1462 Ecclesiarum
613 1409 929 1478 magistrum
954 1411 1158 1479 dixisti,
1196 1429 1339 1470 nunc
1369 1415 1680 1472 haareticum
1709 1417 1791 1472 di-

211 1511 301 1552 cas
328 1497 353 1550 ?
387 1498 522 1564 Quis
557 1498 848 1553 hazreticus
875 1498 1238 1558 Ecclesiarum
1263 1505 1518 1574 magister
1543 1505 1788 1576 aliquan-

210 1587 276 1643 do
301 1589 405 1642 dici
438 1589 617 1658 potuit
643 1589 668 1644 ?
704 1607 723 1641 ι
759 1590 950 1646 Futilis
977 1593 1043 1647 ad
1075 1593 1192 1648 haec
1225 1593 1534 1666 Hieronymi
1563 1611 1790 1653 excusa-

210 1681 301 1744 tio,
335 1681 427 1750 qui
459 1681 700 1736 Promm.
732 1682 785 1737 in
817 1683 907 1739 lib.
940 1700 994 1740 ιι
1045 1683 1337 1744 Comment.
1379 1687 1542 1742 Isaia:
1568 1704 1790 1759 respon-

210 1774 296 1825 det
343 1770 667 1842 Origenem,
704 1775 1014 1841 Eusebium,
1048 1777 1462 1847 Apollinarium,
1491 1781 1730 1852 aliosque
1755 1797 1787 1838 a

208 1878 262 1919 se
303 1865 356 1919 in
403 1867 818 1922 commentariis
866 1869 932 1924 ad
984 1868 1151 1924 libros
1207 1868 1462 1938 Daniclis,
1499 1873 1788 1943 magistros

211 1954 466 2010 Ecclesia:
496 1959 810 2012 nominatos
832 1998 848 2021 ,
877 1959 945 2012 ad
977 1959 1379 2015 distinctionem
1427 1963 1787 2031 quorumdam
1818 1933 1862 1989 Β

208 2049 294 2117 qui
321 2063 352 2102 a
387 2048 593 2103 Christi
631 2051 736 2104 ﬁde
773 2059 927 2104 erant
967 2049 1150 2106 alieni.
1178 2051 1362 2122 Pergit
1398 2053 1787 2127 Hieronymum

207 2137 472 2194 lacessere
499 2140 1007 2212 Ruﬁnus.eumque
1041 2141 1289 2212 Origenis
1323 2145 1479 2202 ﬁdem
1510 2163 1788 2219 nunquam

206 2245 259 2286 se
296 2231 550 2288 laudasse
589 2230 888 2302 iactantem
943 2236 1176 2306 propriis
1217 2239 1385 2309 ipsius
1419 2239 1599 2296 verbis
1633 2255 1791 2296 coar-

206 2322 334 2392 guit.
354 2321 566 2388 Quibus
587 2323 682 2378 ille
712 2324 856 2380 velut
903 2326 1185 2383 convictus
1227 2329 1414 2384 scribit
1436 2329 1529 2385 lib.
1557 2347 1616 2386 ιη
1643 2330 1788 2401 Apo-

205 2412 332 2483 log.,
364 2429 488 2484 cap.
522 2415 575 2469 5.
621 2433 641 2466 ι
696 2416 897 2472 Eodem
936 2418 1147 2474 fervore
1182 2434 1289 2489 quo
1333 2419 1617 2492 Origenem
1666 2432 1788 2478 ante

203 2503 561 2568 laudavimus,
584 2520 732 2560 nunc
762 2507 1074 2562 damnatum
1101 2517 1215 2566 toto
1237 2509 1369 2565 orbe
1399 2511 1715 2566 damnemus
1734 2530 1781 2578 ;›

204 2605 255 2652 et
280 2612 402 2652 mox
439 2615 501 2652 ε(
543 2599 858 2654 Erravimus
884 2601 1131 2668 juvenes,
1163 2603 1512 2658 emendemur
1538 2618 1727 2670 senes;
1761 2623 1780 2657 ι

202 2699 251 2744 et
273 2690 472 2745 iterum
505 2708 521 2745 :
572 2709 591 2744 ι
639 2692 862 2762 Ignosce
897 2693 1030 2748 mihi
1069 2693 1212 2763 quod
1243 2692 1495 2763 Origenis
1523 2695 1787 2750 eruditio-

203 2793 338 2841 nem,
370 2788 427 2834 et
463 2780 706 2835 studium
737 2779 1170 2850 Scripturarnm,
1210 2791 1499 2852 antequam
1530 2783 1648 2854 ejus
1670 2782 1782 2839 haec

203 2869 356 2922 resim
396 2868 612 2937 plenius
666 2886 903 2936 nossem,
931 2873 984 2926 in
1027 2872 1251 2942 juvenili
1293 2883 1453 2928 aetate
1480 2873 1715 2929 laudavi.
1760 2893 1779 2925 ι

203 2958 320 3013 Inde
346 2959 777 3017 Posthumianus
805 2963 944 3032 apud
972 2962 1266 3033 Sulpicium
1295 2963 1554 3019 Severum
1592 2964 1786 3019 merito

205 3051 273 3104 ait
303 3069 316 3105 :
355 3070 375 3102 ι
419 3050 556 3106 Illud
589 3051 675 3106 me
702 3052 990 3108 admodum
1021 3055 1388 3123 permovebat,
1417 3056 1563 3125 quod
1598 3055 1785 3112 Hiero-

201 3155 411 3210 nymus,
444 3142 530 3195 vir
575 3142 810 3197 maxime
837 3142 1167 3228 Catholicus,
1204 3153 1260 3198 et
1281 3159 1452 3199 sacrae
1476 3143 1610 3215 legis
1632 3147 1780 3214 peri-

204 3230 459 3297 tissimus,
498 3231 790 3304 Origenem
830 3246 1051 3291 secutus
1077 3236 1256 3303 primo
1285 3243 1526 3305 tempore
1554 3237 1780 3304 putaba-
1809 3275 1852 3333 ο

203 3331 304 3388 tur,
334 3340 500 3395 quem
555 3342 700 3383 nunc
753 3328 893 3384 idem
946 3328 1356 3398 praecipue,vel
1411 3330 1594 3384 omnia
1641 3329 1782 3384 illius

202 3418 394 3488 scripta
427 3421 738 3474 damnaret.
791 3438 811 3472 ι
865 3419 993 3476 Inde
1026 3430 1080 3475 et
1117 3419 1446 3491 Vigilantius
1496 3421 1668 3491 ipsum
1703 3420 1783 3476 sic

203 3513 455 3576 tanquam
487 3507 858 3579 Origenistam
892 3509 1218 3578 incessebat,
1264 3524 1425 3580 quam
1458 3519 1634 3565 tamen
1668 3511 1778 3565 eri-

204 3599 551 3655 minationem
581 3601 852 3671 depellere
887 3612 1119 3656 conatur
1139 3604 1298 3674 epist.
1327 3603 1566 3661 75.1nde
1596 3612 1651 3658 et
1680 3604 1782 3656 Au-

203 3691 443 3760 gustinus
473 3692 899 3749 inconstantiam
931 3704 986 3752 et
1021 3696 1376 3752 mobilitatem
1426 3696 1626 3767 ingenii
1654 3695 1782 3751 Hie-

203 3796 420 3853 ronymo
441 3782 735 3854 Origenem
767 3787 866 3841 sibi
896 3788 1024 3843 olim
1042 3803 1326 3858 percarum
1356 3787 1468 3858 jam
1494 3787 1777 3842 infamanti

205 3875 532 3934 subobscure
579 3879 897 3948 exprobrat,
930 3881 1090 3951 epist.
1134 3881 1188 3936 8.
1264 3899 1283 3933 ι
1323 3879 1564 3937 Petimus
1627 3896 1778 3952 ergo.

205 3967 390 4036 inquit,
445 3979 502 4026 et
545 3971 826 4027 nobiscum
857 3975 992 4042 petit
1030 3975 1207 4029 omnis
1256 3974 1634 4028 Africanarum
1670 3973 1777 4026 Ec-

205 4063 482 4118 clesiarnm
518 4065 762 4120 studiosa
794 4066 1046 4131 societas,
1069 4075 1128 4119 ut
1159 4065 1212 4118 in
1244 4064 1662 4134 interpretandis
1684 4079 1778 4117 eo-

204 4168 316 4208 rum
370 4153 560 4220 libris,
597 4155 689 4224 qui
751 4153 938 4210 Grazce
987 4153 1298 4225 Scripturas
1346 4163 1560 4209 nostras
1615 4168 1774 4222 quam

203 4247 395 4314 optime
423 4253 814 4313 tractaverunt,
843 4260 1030 4301 curam
1055 4254 1216 4316 atque
1249 4259 1466 4316 operam
1503 4244 1776 4313 impende-

204 4349 260 4388 re
299 4353 401 4391 non
429 4337 718 4408 graveris:
757 4345 910 4408 potes
953 4338 1098 4393 enim
1145 4336 1376 4404 efﬁcere,
1412 4347 1470 4390 ut
1508 4352 1605 4390 nos
1644 4351 1777 4404 quo-

205 4443 301 4496 que
349 4430 647 4486 habeamus
688 4431 806 4486 illos
857 4432 991 4488 tales
1039 4431 1205 4496 viros,
1253 4439 1308 4485 et
1340 4445 1506 4484 unum
1565 4429 1777 4499 potissi-

205 4533 344 4573 mum
371 4560 386 4583 ,
423 4536 584 4591 quem
635 4530 690 4576 tu
739 4521 994 4578 libentius
1030 4522 1083 4576 in
1136 4521 1243 4576 tuis
1289 4520 1486 4576 litteris
1519 4534 1715 4575 sonas:
1751 4539 1770 4571 ι

1898 671 2166 740 scivisset,
2186 691 2570 749 nonnunquam
2601 683 2764 737 etiam
2789 686 3055 743 maximos
3083 691 3227 748 viros
3253 671 3472 754 amaris-

1897 763 2047 820 simis
2074 767 2329 858 conviciis
2352 771 2674 840 perfudisset
2697 791 2709 826 ε
2730 776 3002 834 fatendum
3027 783 3222 853 quippe
3249 798 3333 844 est
3349 789 3473 858 jure

1892 867 2020 908 eum
2047 870 2188 925 saepe
2210 871 2240 911 a
2270 856 2468 916 Ruﬁno
2493 860 2663 918 fuisse
2688 867 3072 935 reprehensum
3099 891 3114 939 ;
3137 889 3278 944 saepe
3305 856 3468 935 etiam

1896 942 2150 1000 Ruﬁnum
2179 949 2246 1004 ab
2281 951 2472 1006 eodem
2494 953 2612 1008 sine
2637 970 2799 1012 causa
2829 959 2995 1017 fuisse
3038 942 3471 1034 culpatum.Haae

1893 1051 2056 1106 porro
2078 1053 2198 1095 cum
2231 1054 2538 1112 agerentur,
2579 1061 2754 1105 annus
2779 1049 2980 1109 Christi
3019 1057 3335 1118 trahebatur
3359 1072 3471 1121 tre-

1893 1132 2222 1188 centesimus
2249 1135 2625 1208 nonagesimus
2651 1155 2847 1200 nonus.

1961 1263 2146 1321 XVIII.
2187 1266 2306 1334 Quo
2363 1277 2611 1340 tempore
2677 1275 3152 1352 Hieronymianam
3201 1288 3464 1350 librorum

1890 1356 2031 1424 Περὶ
2060 1355 2263 1426 ἀρχῶν
2291 1359 2795 1430 interpretationem
2817 1367 3196 1432 Pammachius
3217 1383 3464 1436 contine-

1891 1441 1986 1498 bat
2025 1460 2041 1510 ;
2071 1460 2256 1500 verum
2285 1449 2353 1503 ab
2379 1451 2557 1508 amico
2589 1454 2755 1524 ipsius
2775 1459 3008 1521 quodam
3036 1462 3226 1521 fraude
3255 1469 3467 1527 deseri»

1890 1547 1979 1606 pta
2007 1539 2056 1594 in
2086 1541 2275 1611 vulgus
2300 1545 2495 1601 emissa
2527 1558 2629 1602 est.
2662 1547 3129 1621 Interpretationis
3158 1571 3337 1618 autem
3354 1579 3467 1622 sure

1889 1631 2170 1700 perﬁdiam
2204 1648 2272 1690 ex
2301 1635 2462 1704 hujus
2491 1639 2742 1697 conﬂictu
2767 1657 3110 1716 perspectum
3144 1651 3244 1720 iri,
3271 1669 3465 1713 versu-

1890 1724 2100 1794 tiasque
2140 1741 2267 1783 suas
2290 1728 2402 1798 jam
2446 1733 2688 1799 proditas
2739 1735 3042 1810 intelligens
3091 1741 3354 1813 Ruﬁnus,
3391 1750 3462 1804 ad

1889 1831 2125 1907 eumque
2149 1819 2394 1907 perlatis
2439 1823 2737 1893 Aproniani
2779 1843 2944 1898 opera
2987 1832 3200 1902 litteris,
3234 1852 3370 1907 quas
3394 1843 3462 1895 ad

1888 1898 2300 1960 Pammachium
2330 1918 2385 1962 et
2421 1908 2693 1967 Oceanum
2730 1931 2834 1970 una
2863 1932 2984 1972 cum
3016 1920 3165 1978 libris
3188 1898 3330 1994 Πέρὶ
3362 1929 3466 1998 ἀρ-

1889 1989 2016 2060 χῶν
2035 2007 2226 2050 recens
2255 2010 2284 2049 a
2316 2011 2374 2052 se
2396 1996 2692 2057 Latinitate
2718 2003 2934 2061 donatis
2960 1989 3320 2083 Hieronymus
3358 1989 3462 2069 nii-

1891 2093 2060 2150 serat,
2086 2085 2380 2142 triennium
2404 2088 2455 2143 I'I
2482 2090 2808 2148 elaboranda
2832 2097 3031 2166 duplici
3053 2101 3312 2174 Apologia
3336 2119 3465 2160 con-

1888 2176 2065 2230 trivit.
2099 2175 2254 2232 Prior
2273 2189 2546 2237 vetustate
2576 2183 2846 2263 intercidit
2879 2204 2895 2242 :
2929 2193 3197 2258 posterior
3218 2209 3466 2265 superest

1889 2266 1944 2322 in
1974 2267 2108 2325 duas
2159 2270 2357 2327 divisas
2404 2283 2610 2342 partes,
2646 2261 2876 2346 Aquarum
2911 2285 3082 2351 prima
3121 2261 3462 2345 criminatio-

1888 2373 1985 2414 nes
2036 2361 2103 2415 ab
2138 2360 2470 2434 Hieronymo
2499 2367 2764 2437 impactas
2803 2371 3018 2442 refellit,
3055 2375 3224 2432 altera
3270 2379 3462 2435 Hiero-

1887 2467 2109 2524 nymum
2140 2453 2318 2525 ipsum
2351 2460 2622 2530 suggillat.
2657 2462 2788 2529 Quae
2825 2480 2946 2520 cum
2979 2469 3031 2522 in
3063 2480 3298 2539 apertam
3334 2488 3465 2529 cen-

1890 2543 2187 2599 tentionem
2238 2559 2609 2615 erumperent,
2637 2551 2770 2606 duas
2819 2555 2873 2608 in
2908 2567 3088 2624 partes
3108 2597 3125 2624 ,
3156 2569 3216 2614 ut
3243 2560 3324 2627 fit,
3353 2561 3462 2616 Ro-

1887 2651 2172 2692 manorum
2197 2637 2633 2698 Christianorum
2664 2647 2829 2701 animi
2857 2649 3062 2712 abiere,
3098 2667 3222 2707 cum
3265 2652 3464 2710 Ruﬁno

1887 2728 2000 2796 alii,
2031 2730 2121 2785 alii
2157 2730 2489 2805 Hieronymo
2539 2735 2820 2806 faverent;
2853 2756 2951 2796 nec
3000 2742 3226 2801 Romani
3266 2749 3464 2804 dunta-

1887 2830 2004 2886 xat,
2031 2821 2124 2876 sed
2152 2828 2207 2877 et
2255 2833 2521 2894 quotquot
2550 2826 2666 2881 fere
2715 2844 2812 2898 per
2855 2830 3042 2887 orbem
3076 2836 3249 2904 sparsi
3283 2848 3463 2911 erant,

1886 2911 2116 2968 diversis
2145 2913 2341 2969 studiis
2371 2915 2701 2972 ferebantur.

1955 3044 2099 3101 XIX.
2144 3044 2282 3100 Tum
2320 3060 2449 3102 vero
2495 3049 2734 3116 partium
2778 3065 2997 3108 suarum
3035 3068 3157 3111 esse
3193 3056 3463 3116 intellexit

1883 3137 2204 3193 Anastasius
2232 3152 2392 3207 papa,
2423 3155 2529 3193 non
2569 3140 2789 3210 quidem
2832 3145 3140 3202 exorientes
3173 3159 3351 3205 motus
3390 3152 3463 3208 le—

1885 3229 2146 3286 nimentis
2173 3231 2434 3286 adhibitis
2459 3233 2769 3302 consopire,
2799 3238 2944 3305 quod
2984 3238 3185 3296 factum
3208 3257 3239 3297 a
3276 3243 3462 3301 deces-

1883 3334 2007 3376 sore
2042 3321 2162 3392 ejus
2201 3321 2403 3378 Siricio
2442 3325 2775 3390 notavimus,
2841 3331 2936 3384 sed
2989 3330 3187 3386 malum
3250 3337 3462 3394 occulte

1883 3428 2139 3470 crescens
2175 3416 2478 3483 apostolica
2527 3417 2858 3472 auctoritate
2888 3420 3218 3479 rescindere.
3253 3424 3334 3480 Re
3359 3427 3461 3481 ita-

1882 3520 1988 3575 que
2038 3507 2127 3562 diu
2167 3521 2231 3562 ac
2259 3517 2472 3564 mature
2514 3509 2568 3564 in
2597 3520 2885 3582 utramque
2921 3521 3129 3583 partem
3171 3531 3458 3587 perpensa,

1881 3597 2136 3670 Origenis
2167 3601 2378 3654 tandem
2401 3601 2680 3658 erroribus
2717 3603 2986 3660 hazreseos
3007 3613 3188 3660 notam
3227 3607 3456 3679 impres-

1881 3687 1954 3742 sit
1977 3702 2119 3743 anno
2145 3687 2276 3744 400.
2305 3688 2587 3761 Theophili
2617 3693 2851 3748 studium
2879 3695 3139 3761 imitatus,
3176 3697 3266 3766 qui
3300 3713 3460 3769 supe-

1883 3781 2029 3834 riore
2055 3793 2199 3834 anno
2228 3781 2282 3834 in
2312 3779 2682 3836 Alexandrina
2723 3785 2930 3855 synodo
2965 3785 3184 3841 eosdem
3230 3787 3458 3844 damna-

1881 3883 2054 3929 verat.
2079 3873 2275 3928 Statim
2301 3888 2429 3928 vero
2453 3874 2691 3929 dimissis
2724 3876 2777 3929 in
2808 3891 3000 3933 omnes
3027 3889 3210 3948 partes
3232 3881 3455 3948 nuntiis,

1879 3966 2331 4035 Origenianorum
2384 3980 2630 4020 errorum
2690 3967 3090 4023 damnationem
3151 3971 3458 4040 promulgat

1878 4057 2234 4122 Anastasius;
2293 4071 2398 4126 qua
2439 4066 2661 4126 accepta
2715 4058 2874 4112 iidem
2924 4060 3125 4128 passim
3181 4064 3456 4129 reprobati

1879 4155 2023 4203 sunt.
2057 4146 2131 4200 Ea
2166 4147 2233 4202 de
2277 4162 2337 4200 re
2377 4147 2738 4204 disserentem
2779 4151 3063 4205 audiamus
3097 4149 3454 4222 Theophilum

1878 4238 1932 4292 in
1975 4235 2215 4305 Epistola
2267 4242 2336 4291 ad
2388 4241 2647 4308 quosdam
2692 4242 3007 4304 monachos,
3040 4257 3203 4310 quam
3252 4244 3460 4314 profert

1878 4327 2120 4383 Julianus
2157 4327 2211 4382 in
2248 4326 2490 4398 Epistola
2536 4331 2606 4384 ad
2651 4329 2860 4385 Menam
2889 4347 2908 4385 :
2931 4331 3139 4386 Οὐκοῦν
3183 4334 3458 4406 ἀναθεμα-

1877 4418 2114 4484 τεζοντες
2163 4420 2254 4474 τὸν
2289 4419 2590 4492 Ὠριγένην,
2615 4421 2708 4475 καὶ
2746 4422 2872 4486 τοὺς
2906 4421 3098 4486 ἄλλους
3125 4424 3455 4495 αἱρετικοὺς,

1878 4511 2066 4584 ὥσπερ
2096 4499 2256 4584 ἡμὲῖς
2303 4512 2446 4565 καὶὸ
2475 4511 2574 4582 τῆς
2619 4511 2900 4583 Ῥωμαίων
2940 4514 3102 4582 ἁγίας
3134 4515 3459 4587 Ἐκκλησῑας

205 4608 484 4680 Origenem
541 4613 837 4677 nimirum,
881 4611 1032 4681 cujus
1086 4625 1334 4680 magnam
1397 4621 1508 4664 tum
1559 4625 1776 4680 quoque

1886 4605 2173 4670 ἐπίσκοπος
2234 4604 2604 4670 Ἀναστάσιος,
2639 4606 2704 4659 ἐκ
2738 4605 3109 4679 παλαιοτέρων
3144 4608 3457 4679 ἀγωνισμά-

206 4701 363 4758 fuisse
391 4705 444 4759 in
486 4705 671 4759 Africa
700 4704 1068 4760 celebritatem
1101 4719 1166 4758 ex
1199 4719 1264 4758 eo
1295 4703 1639 4758 manifestum
1669 4712 1773 4755 est.

208 4792 324 4849 Inde
347 4808 402 4850 et
429 4794 681 4866 Pelagius
707 4812 841 4866 papa
865 4796 930 4861 II,
962 4798 1014 4852 in
1036 4795 1276 4866 Epistola
1306 4796 1374 4848 ad
1408 4794 1580 4848 Etiam
1614 4794 1777 4863 Aqui-

206 4886 464 4954 leiensem,
481 4898 531 4944 et
557 4889 691 4944 alios
715 4887 890 4944 Istria:
914 4891 1206 4958 episcopos,
1232 4905 1251 4939 t
1292 4888 1483 4941 Annon
1505 4925 1521 4951 ,
1575 4886 1771 4955 inquit,

208 4992 259 5035 et
304 4982 671 5054 Hieronymus
711 4992 906 5037 nostra:
941 4982 1193 5036 Ecclesiae
1231 4981 1535 5051 presbyter,
1576 4988 1630 5031 et
1668 4979 1774 5031 sin.

209 5075 398 5142 gdlaris
437 5075 650 5130 Hebraei
693 5075 960 5130 sermonis
1005 5074 1271 5143 interpres
1310 5081 1458 5126 tanto
1485 5084 1610 5138 erga
1653 5069 1776 5124 Ori-

210 5179 388 5231 genem
414 5166 603 5221 favore
627 5167 943 5230 intenditur,
959 5175 1016 5219 ut
1036 5180 1173 5232 pene
1201 5162 1496 5232 discipulus
1519 5161 1637 5228 ejus
1654 5175 1776 5215 esse

176 5259 502 5315 'videatur?
543 5279 562 5312 ι
602 5259 728 5313 Inde
777 5258 1008 5329 denique
1053 5257 1156 5312 sub
1211 5253 1522 5323 Hieronymi
1556 5254 1774 5306 nomine

211 5353 429 5406 conﬁcta
460 5363 546 5409 est
575 5352 825 5421 epistola,
857 5352 912 5406 in
957 5365 1062 5420 qua
1111 5365 1170 5405 se
1214 5345 1436 5416 Origeni
1483 5344 1776 5412 aliquando

212 5444 490 5500 adhaesisse
521 5445 678 5499 dolet.

276 5537 528 5602 Quamvis
571 5545 752 5590 autem
783 5535 882 5589 viri
915 5534 987 5604 pii
1029 5542 1082 5589 et
1121 5529 1404 5588 orthodoxi
1437 5528 1610 5583 oﬂieio
1657 5526 1771 5580 fun-

213 5637 321 5680 ctus
361 5629 451 5694 sit,
482 5643 607 5684 cum
649 5626 860 5696 agnitus
887 5624 1208 5694 Origenismi
1245 5634 1458 5674 errores
1493 5617 1726 5684 cjnravit
1758 5633 1774 5681 ;

211 5720 432 5786 optabile
486 5729 670 5773 tamen
725 5717 891 5780 foret,
930 5727 990 5770 ut
1037 5717 1413 5770 sanctissimus
1467 5711 1554 5765 ille
1585 5712 1775 5765 doctor

214 5811 538 5865 constantior
571 5809 734 5863 animi
766 5807 956 5862 fuisset
983 5817 1037 5864 et
1067 5805 1416 5869 moderatior,
1453 5817 1626 5872 neque
1662 5812 1771 5856 tam

219 5899 360 5956 facile
385 5902 476 5958 bili
522 5916 636 5958 suae
669 5899 859 5955 fuisset
888 5899 1268 5968 morigeratus,
1296 5905 1363 5954 ut
1390 5897 1443 5952 in
1471 5893 1769 5963 contraria,

1883 4713 1990 4750 των
2031 4694 2238 4762 ἔνδοξος
2262 4695 2563 4767 στρατηγὸς
2585 4697 2856 4766 ἐπισήμου
2883 4695 3012 4750 λαοῦ
3037 4697 3454 4769 χειροτονηθεὶς,

1882 4785 1927 4861 ᾧ
1955 4792 2046 4846 καὶ
2072 4793 2222 4845 πᾶσα
2251 4790 2358 4844 τῶν
2391 4791 2672 4862 μακαρίων
2701 4793 2841 4845 κατὰ
2861 4792 2959 4864 τὴν
2974 4793 3121 4846 δύσιν
3143 4795 3456 4848 ἐπισκόπων

1879 4884 2069 4939 ἕπεται
2083 4882 2315 4946 σύνοδος,
2333 4883 2702 4954 ἀποδεχομένη
2717 4884 2816 4954 τῆς
2827 4883 3056 4936 τῶνἈλε
3063 4883 3325 4954 ξανδρέων
3342 4883 3456 4937 Ἐκ-

1878 4975 2102 5046 κλησίας
2122 4975 2220 5046 τὴν
2234 4975 2375 5028 κατὰ
2401 4974 2494 5027 τοῦ
2516 4973 2744 5038 ἀσεϐοῦς
2761 4975 2959 5045 ψῆφον.
2984 4994 3001 5026 t
3028 4973 3195 5043 Igitur
3231 4975 3455 5027 anathe-

1877 5080 1964 5119 ma
1991 5065 2234 5118 dicentes
2268 5065 2319 5115 in
2351 5061 2926 5133 0rigenem,aliosque
2948 5064 3251 5126 haereticos,
3271 5078 3454 5133 quem-

1879 5157 2170 5212 admodum
2204 5155 2404 5208 factum
2446 5165 2531 5209 est
2567 5169 2596 5206 a
2638 5155 2813 5218 nobis,
2835 5166 2888 5209 et
2915 5154 2982 5208 ab
3019 5154 3308 5209 Anastasio
3333 5169 3455 5208 san-

1875 5259 1975 5304 cta:
2002 5247 2368 5302 Romanorum
2395 5246 2648 5302 Ecclesia:
2676 5247 2951 5316 episcopo,
2969 5245 3060 5314 qui
3081 5261 3147 5298 ex
3181 5243 3453 5299 veteribus

1877 5339 2266 5396 certaminibus
2320 5338 2530 5402 clarus,
2570 5339 2674 5392 dux
2740 5336 2967 5392 illustris
3011 5335 3190 5406 populi
3235 5344 3452 5390 creatus

1877 5441 1980 5498 est,
2020 5447 2177 5500 quem
2211 5441 2268 5486 et
2294 5431 2472 5485 omnis
2508 5431 2790 5485 beatorum
2815 5428 3127 5484 Occidentis
3169 5427 3451 5496 episcopo-

1878 5541 1996 5580 rum
2022 5524 2266 5594 sequitur
2297 5533 2489 5587 coetus,
2525 5519 3016 5578 Alexandrinorum
3051 5517 3308 5572 Ecclesia:
3334 5530 3454 5571 sen-

1879 5617 2099 5672 tentiam
2130 5615 2392 5670 adversus
2428 5615 2650 5683 impium
2694 5612 2855 5666 latam
2909 5609 3227 5679 suscipiens.
3269 5625 3289 5658 ›
3323 5605 3452 5660 Hie-

1877 5722 2134 5779 ronymus
2165 5715 2312 5761 certe
2350 5706 2448 5762 lib.
2483 5722 2522 5762 ιι
2557 5704 2962 5776 Apolog.,lcap.
3005 5701 3057 5768 6,
3083 5708 3278 5769 printer
3305 5697 3451 5750 Ana-

1879 5802 2106 5857 stasium
2153 5809 2206 5854 et
2241 5797 2602 5869 Theophilum
2627 5836 2642 5861 ,
2685 5797 2849 5851 tradit
2886 5794 3179 5850 Venerium
3234 5804 3451 5860 quoque

1880 5891 2332 5950 Mcdiolanensem
2389 5891 2740 5956 episcooum.
2782 5898 2838 5947 et
2877 5885 3248 5946 Chromatium
3283 5879 3451 5948 Aqui-
