3906 6540
465 469 601 526 H35

1736 450 1798 506 P.
1835 444 2150 503 DANIELlS
2189 440 2424 499 HUETII

3569 437 3674 492 “36

465 592 742 652 ‘eiensem,
776 585 1067 655 Origenem
1106 577 1369 647 subjectis
1409 575 1513 630 sibi
1561 571 1773 643 populis
1821 569 2043 625 haereti-
2071 572 2116 627 Α
2147 565 2234 635 pio
2267 564 2338 618 ita
2380 559 2569 618 haberi
2605 572 2634 613 a
2674 556 2876 614 nostris
2916 553 3160 626 partibus
3199 551 3455 615 alienum,
3502 555 3676 622 utquid

466 695 585 737 cum
625 677 1004 733 denuntiasse.

528 767 653 825 XX.
694 767 765 821 At
790 779 979 835 parum
1005 773 1130 817 sese
1153 756 1488 829 promovisse
1525 763 1675 807 ratus
1703 749 2046 812 Anastasius,

465 861 507 916 si
548 873 656 915 non
709 853 969 911 tumultus
1011 858 1290 906 auctorem
1329 845 1604 907 Ruﬁnum,
1639 850 1694 898 et
1731 839 1930 896 bellum
1965 852 2050 892 re-

465 962 756 1007 novantem
793 945 1133 1010 retunderet,
1172 940 1404 996 Romam
1435 951 1560 991 eum
1608 935 1675 988 ad
1717 942 1938 988 causam
1969 929 2051 984 di-

466 1041 693 1116 cendam
719 1035 952 1094 accersit
1003 1051 1018 1090 :
1052 1033 1438 1103 tergiversatur
1471 1025 1735 1089 Ruﬁnus,
1770 1032 1825 1078 et
1855 1020 2052 1092 Apolo-

467 1135 607 1208 giam
647 1115 843 1189 scribit
867 1129 934 1184 ad
961 1125 1333 1186 Anastasium,
1373 1136 1479 1191 qua
1517 1119 1731 1173 levibus
1754 1116 1822 1170 ad
1863 1115 2049 1170 detre-
2092 1145 2094 1147 ν

467 1227 718 1284 ctandam
775 1219 1162 1294 profectionem
1213 1211 1652 1270 excusationibus
1701 1223 1831 1264 usus
1890 1207 2050 1262 ﬁdem

456 1333 624 1379 suam
657 1315 980 1386 proﬁtetur:
1017 1307 1212 1364 deinde
1235 1305 1310 1360 ait
1341 1320 1355 1356 :
1404 1320 1422 1353 ι
1457 1299 1708 1370 Origenis
1746 1311 1844 1366 ego
1877 1307 2054 1363 neque

469 1411 748 1473 defensor,
786 1419 962 1476 neque
999 1409 1245 1458 assertor
1281 1413 1432 1461 sum,
1460 1407 1634 1463 neque
1659 1391 1867 1461 primus
1893 1389 2056 1442 inter-

438 1497 632 1575 pres:
676 1499 767 1556 alii
791 1509 916 1554 ante
955 1511 1041 1551 me
1077 1495 1182 1550 hoc
1222 1492 1363 1547 idem
1395 1502 1530 1558 opus
1559 1485 1840 1549 fecerunt;
1873 1480 1974 1536 feci
2001 1488 2056 1534 et

466 1571 569 1664 ego
603 1599 934 1663 postremus,
975 1593 1199 1654 rogatus
1235 1596 1265 1634 a
1309 1575 1596 1633 fratribus.
1633 1571 1689 1628 Si
1726 1571 1947 1642 iubetur
1988 1584 2054 1625 ne

467 1661 787 1756 ﬁat,iussio
809 1675 1087 1736 observari
1122 1675 1284 1728 debet
1315 1671 1370 1726 in
1401 1676 1699 1740 posterum.
1736 1663 1795 1719 Si
1821 1661 2048 1732 culpan-

469 1752 694 1848 turvqui
745 1784 870 1835 ante
911 1768 1215 1842 iussionem
1268 1763 1549 1825 fecerunt,
1593 1757 1752 1827 culpa
1793 1772 1821 1810 a
1863 1752 2056 1824 primis

468 1868 713 1939 incipiat.
754 1863 866 1940 Ego
893 1861 1038 1916 enim
1079 1863 1278 1928 praeter
1309 1855 1450 1908 hanc
1473 1849 1666 1912 'ﬁdem,
1698 1859 1859 1916 quam
1890 1856 2054 1909 supra

465 1918 716 2030 exposui,
744 1937 800 2010 id
822 1960 908 2008 est
947 1964 1110 2021 quam
1143 1945 1390 2001 Romana
1439 1937 1710 2000 Ecclesia,
1737 1942 1791 1988 et
1814 1929 2054 1986 Alexan-
2089 1918 2133 1978 Β

470 2022 648 2114 drina,
688 2056 745 2102 et
771 2037 1128 2114 Aquileiensis
1181 2044 1368 2091 nostra
1403 2043 1587 2095 tenet,
1645 2039 1872 2098 quaeque
1901 2022 2057 2080 J‘ero-

471 2139 695 2212 solymis
721 2133 1068 2207 prmdicatur,
1107 2129 1337 2183 alienam
1373 2138 1473 2178 nec
1509 2119 1672 2176 habui
1721 2130 1962 2186 unquam
2005 2115 2059 2168 in

470 2208 574 2286 isto
595 2230 828 2291 homine,
847 2241 945 2282 nec
964 2223 1159 2287 habeo,
1185 2234 1282 2275 nec
1313 2215 1543 2272 habebo.
1582 2231 1600 2264 ι
1619 2208 1942 2279 Neutiquam
1976 2216 2059 2260 ta-

473 2337 598 2378 men
631 2318 1042 2376 excusationem
1069 2316 1211 2370 hanc
1237 2306 1560 2365 Anastasius
1592 2301 1822 2372 accepit,
1851 2299 1945 2355 sed
1978 2299 2062 2352 in-

474 2422 654 2469 stante
681 2410 961 2477 Ilarcella,
985 2406 1205 2470 Ruﬁno,
1223 2413 1282 2458 ut
1307 2399 1489 2456 verbis
1512 2406 1633 2452 utar
1657 2391 1968 2463 Hieronymi
1991 2389 2058 2452 ³⁸,

467 2507 774 2562 cauterium
801 2503 1074 2558 haereseos
1115 2496 1333 2560 inussit,
1379 2504 1616 2560 eumque
1647 2485 1930 2542 damnavit
1967 2497 2064 2537 an-

473 2615 544 2653 no
566 2598 692 2652 Mli.
730 2612 751 2648 ι
799 2589 1176 2651 Damnationis
1205 2585 1611 2649 haereticorum,
1650 2600 1670 2634 ι
1714 2578 1890 2649 inquit
1918 2575 2058 2630 idem

475 2689 834 2759 Hieronymus
879 2685 1042 2754 epist.
1074 2680 1163 2746 l6,
1212 2697 1232 2732 ι
1271 2680 1388 2733 haec
1437 2671 1690 2729 Marcella
1724 2670 1826 2724 fuit
1853 2665 2060 2738 princi-

473 2781 648 2851 pium,
672 2754 799 2833 dum
845 2772 1068 2829 adducit
1099 2778 1283 2833 testes,
1311 2766 1402 2837 qui
1443 2764 1595 2836 prius
1623 2760 1692 2816 ab
1729 2758 1809 2814 eis
1838 2754 2060 2819 eruditi,

474 2846 524 2928 et
551 2878 738 2942 postea
773 2867 841 2922 ab
873 2863 1128 2920 hmretico
1158 2861 1377 2916 fuerant
1401 2869 1593 2912 errore
1623 2849 1894 2921 correpti;
1937 2846 2061 2902 dum

473 2936 714 3020 ostendit
736 2958 1136 3017 multitudinem
1172 2955 1526 3021 deceptorum
1547 2987 1562 3012 ,
1585 2944 1712 2999 dum
1744 2940 1907 3011 impia
1922 2936 2060 3007 Περὶ

473 3053 676 3128 ἀρχῶν
714 3052 913 3125 ingerit
937 3048 1234 3113 volumina,
1257 3059 1377 3116 quae
1407 3039 1692 3098 emendata
1717 3049 1878 3091 manu
1913 3045 2061 3087 scor-

472 3122 1067 3223 piinmonstrabantur;
1105 3141 1232 3195 dum
1257 3136 1420 3191 acciti
1449 3127 1829 3202 frequentibus
1865 3122 2066 3179 litteris

475 3213 750 3305 haeretici,
790 3246 849 3292 ut
884 3248 942 3290 se
978 3229 1376 3292 defenderent,
1406 3224 1595 3278 venire
1629 3234 1735 3274 non
1763 3225 1889 3272 sunt
1920 3213 2061 3278 ausi,
2091 3251 2134 3308 ο

475 3345 734 3407 tantaque
755 3333 838 3389 vis
860 3327 1210 3388 conscientia:
1249 3323 1372 3387 fuit,
1399 3329 1459 3376 ut
1494 3319 1750 3374 absentes
1791 3308 2059 3375 damnari,

476 3400 969 3500 quam-praesentes
995 3417 1218 3489 coargui
1263 3412 1576 3470 maluerint.
1605 3405 1779 3476 Hujus
1808 3414 1916 3458 tam
1949 3400 2062 3472 glo-

474 3526 636 3581 riosae
664 3516 910 3576 victoria:
944 3513 1099 3583 origo
1137 3506 1392 3564 Marcella
1429 3513 1532 3560 est.
1574 3520 1593 3554 ι
1627 3496 1794 3567 Cujus
1822 3493 2063 3549 victoria:

477 3620 622 3674 fama
655 3628 777 3669 cum
824 3623 920 3682 per
959 3616 1132 3661 totum
1178 3599 1365 3655 urbem
1408 3591 1792 3654 increbuisset,
1832 3588 2062 3642 Anasta-

474 3713 618 3768 sium
645 3709 826 3780 ipsum
857 3715 1017 3772 super
1046 3696 1246 3753 Ruﬁno
1275 3690 1549 3748 consuluit
1569 3686 1808 3742 Joannes
1837 3682 2061 3738 Jeroso-

478 3773 797 3876 lymitaints,
853 3793 1080 3864 ejusque
1115 3784 1443 3844 sententiam
1501 3776 1826 3850 exploravit.
1872 3773 2064 3828 Exstat

477 3870 750 3952 Anastasii
775 3883 1057 3957 responsio
1090 3879 1214 3934 data
1241 3876 1308 3931 ad
1335 3890 1424 3928 an.
1458 3870 1586 3936 402,
1627 3870 1679 3923 in
1721 3880 1828 3936 qua
1869 3873 2063 3919 notan-

479 3989 606 4044 dum
637 3984 816 4056 primo
855 3955 991 4034 illud
1025 3982 1130 4038 est,
1180 3968 1366 4025 multis
1409 3965 1478 4020 ab
1507 3978 1573 4018 eo
1619 3959 1871 4015 laudibus
1901 3955 2066 4010 Joan-

479 4096 606 4138 nem
640 4050 972 4148 brigenismi
1011 4069 1138 4123 licet
1169 4070 1487 4133 suspectum
1538 4054 1759 4118 extolli;
1787 4050 1981 4106 deinde
2012 4060 2065 4103 et

480 4171 660 4229 istud:
688 4187 706 4220 ι
736 4140 1002 4236 ὗτίεεηθε
1042 4168 1248 4219 autem,
1287 4151 1446 4221 cujus
1469 4149 1522 4204 in
1548 4154 1791 4202 nostram
1825 4140 2064 4209 linguam

480 4261 776 4358 composita
818 4229 1086 4312 derivavit
1121 4241 1396 4321 (Ruﬁnus)
1429 4249 1556 4295 ante
1608 4237 1732 4308 quis
1786 4232 1970 4298 fuerit,
2011 4229 2064 4284 in

476 4322 979 4426 quae‘processerit
1012 4341 1197 4406 verba,
1229 4344 1477 4393 nostrum
1511 4328 1842 4402 propositum
1883 4322 2066 4379 nesci-

483 4411 583 4506 vit.
607 4411 824 4494 {Addit
864 4432 1120 4490 Ruﬁnum
1174 4429 1276 4482 hac
1305 4418 1755 4492 interpretatione
1787 4413 1949 4468 ﬁdem
1997 4411 2067 4465 ab

485 4503 745 4600 apostolis
772 4509 1125 4598 pro'pagatam
1143 4515 1350 4572 violare
1375 4511 1650 4574 voluisse;
1673 4521 1780 4561 non
1807 4503 2068 4558 damnare

485 4593 691 4687 tamen,
726 4593 827 4674 si-a
856 4593 1074 4672 traditis
1106 4611 1160 4666 in
1204 4608 1562 4674 interpretato
1592 4612 1759 4668 opere
1801 4593 2068 4664 dogmatis
2097 4615 2144 4673 ι)

485 4718 805 4780 abhorreat;
845 4710 1103 4765 damnare
1139 4716 1200 4758 se
1239 4697 1471 4768 penitus,
1502 4693 1549 4749 si
1577 4690 1767 4746 iisdem
1791 4686 2064 4742 assentia-

486 4823 597 4867 tur.
619 4807 757 4863 Tum
792 4777 952 4874 paulo
990 4804 1132 4868 post,
1183 4810 1202 4844 ς
1236 4789 1370 4844 illud
1397 4797 1646 4856 quoque,
1688 4778 1884 4848 inquit,
1920 4777 2065 4841 quod

483 4901 733 4958 evenisse
762 4892 992 4964 gaudeo,
1023 4897 1205 4941 tacere
1258 4895 1363 4936 non
1399 4876 1579 4947 potui,
1621 4869 2064 4929 beatissimorum

485 4992 790 5064 principum
833 4995 1086 5039 manasse
1138 4987 1395 5045 respousa
1418 5011 1432 5035 ,
1465 4968 1662 5038 quibus
1691 4962 2067 5032 unusquisque

491 5054 598 5140 beo
661 5054 904 5138 serviens
938 5074 1007 5129 ab
1025 5068 1273 5141 Origenis
1300 5063 1529 5118 lectione
1565 5064 1884 5120 revocetur;
1914 5054 2067 5108 dam-

489 5175 833 5241 nandumque
882 5161 1148 5223 sententia
1197 5155 1519 5230 principem,
1564 5163 1726 5220 quem
1778 5145 1938 5200 lectio
1975 5158 2070 5198 re-

490 5280 609 5320 rum
629 5235 859 5334 profana
878 5252 1204 5328 prodiderit.
1245 5268 1264 5302 ι
1303 5247 1468 5303 Suam
1515 5242 1731 5297 demum
1763 5251 1926 5308 super
1955 5235 2067 5288 Ru-

491 5358 599 5410 ﬁno
620 5328 944 5410 sententiam
976 5348 1062 5402 bis
1100 5341 1283 5398 verbis
1312 5334 1576 5408 exponit:
1614 5349 1633 5383 ‹
1676 5329 1864 5399 Itaque
1899 5328 2070 5383 frater

493 5444 833 5504 charissime,
860 5437 1011 5495 omni
1031 5433 1340 5503 suspicione
1359 5425 1617 5499 seposita,
1648 5421 1904 5477 Ruﬁnum
1930 5421 2068 5475 scito

495 5533 635 5602 quod
657 5527 876 5601 propria
893 5533 1074 5581 mente
1099 5519 1348 5592 Origenis
1373 5516 1520 5572 dicta
1551 5514 1602 5568 in
1625 5512 1868 5567 Latinum
1891 5521 2072 5565 trans-

496 5624 619 5678 tulit
654 5637 717 5677 ac
747 5619 1016 5690 probavit,
1049 5630 1151 5671 nec
1178 5609 1459 5669 dissimilis
1482 5608 1550 5662 ab
1576 5619 1642 5660 eo
1675 5613 1762 5660 est
1807 5603 1897 5672 qui
1933 5602 2068 5657 alie-

495 5719 581 5770 nis
607 5715 751 5770 vitiis
805 5719 1026 5784 praestat
1066 5721 1370 5763 assensum.
1406 5700 1544 5757 lllud
1574 5708 1754 5754 tamen
1795 5697 1936 5755 scire
1972 5708 2067 5750 cu-

568 5915 612 5946 ²⁸
642 5911 862 5969 Hieron.
889 5906 1042 5964 Αυοι.
1068 5907 1260 5972 5,cap.
1290 5902 1343 5958 6.

2153 671 2300 728 agat,
2318 657 2405 712 ubi
2433 655 2522 715 sit.
2549 653 2760 708 nescire
2784 650 3090 720 cupiamus.
3114 645 3232 716 Ipse
3257 646 3485 714 denique
3512 645 3678 713 viderit,

2151 755 2239 810 ubi
2271 752 2449 824 possit
2474 749 2703 805 absolvi.
2752 766 2772 801 ι
2815 745 3079 815 Quocirca
3108 742 3361 796 Ruﬁnum
3390 740 3462 794 ita
3501 738 3678 808 alloqui-

2153 855 2240 900 tur
2301 844 2660 912 Hieronymus
2714 838 2933 910 Apolog.
2986 835 3082 891 lib.
3118 849 3216 897 ηις
3246 846 3365 902 cap.
3415 830 3536 886 6::
3571 830 3682 885 Vade

2152 938 2334 1009 potius
2383 935 2638 998 Romam,
2681 940 2738 988 et
2795 943 3034 1001 praesens
3069 927 3210 996 apud
3243 939 3366 979 eum
3401 914 3692 991 (Romannm’

2152 1031 2488 1102 episcopum)
2528 1025 2954 1097 expostula,cur
2982 1021 3079 1076 tibi
3127 1029 3182 1075 et
3225 1018 3457 1081 absenti,
3487 1025 3537 1070 et
3573 1016 3682 1070 inno-

2153 1123 2295 1180 centi
2318 1121 2507 1177 fecerit
2538 1116 2918 1176 contumeliam
2942 1131 2971 1180 ;~
2984 1113 3214 1183 primum
3248 1121 3307 1164 ut
3334 1124 3440 1164 non
3473 1107 3683 1176 reciperet

2156 1216 2548 1286 expositionem
2593 1212 2720 1267 ﬁdei
2771 1219 2896 1276 tuae,
2945 1222 3108 1278 quam
3157 1204 3372 1268 omnis,
3419 1210 3481 1257 ut
3513 1201 3682 1263 scribis,

2155 1309 2304 1366 ltalia
2354 1306 2768 1378 comprobavit,
2799 1311 2851 1358 et
2891 1299 3085 1355 baculo
3131 1309 3346 1352 tuarum
3388 1294 3466 1348 uti
3510 1292 3686 1347 noluerit

2155 1402 2457 1456 litterarum
2506 1405 2698 1451 contra
2723 1405 2888 1448 canes
2919 1399 3042 1444 tuos
3086 1404 3101 1440 :
3132 1386 3326 1444 deinde
3361 1393 3423 1440 ut
3472 1384 3686 1454 Epistolas

2154 1502 2346 1549 contra
2369 1499 2423 1545 te
2449 1487 2516 1544 ad
2559 1486 2834 1543 Orientem
2891 1482 3152 1545 mitteret,
3185 1488 3240 1535 et
3289 1478 3578 1532 cauterium
3618 1475 3686 1528 tibi

2155 1586 2428 1641 hatreseos
2451 1581 2582 1634 dum
2615 1576 2794 1633 nescis
2815 1577 3078 1640 inureret,
3098 1559 3410 1638 diceretque
3436 1568 3582 1623 libros
3597 1565 3686 1622 Orio

2157 1677 2310 1745 genis
2343 1673 2483 1742 Περὶ
2513 1667 2716 1741 ἀρχῶν
2745 1685 2774 1722 a
2805 1678 2857 1722 te
2887 1680 3008 1723 esse
3056 1663 3353 1719 translatos
3375 1703 3390 1725 ,
3422 1670 3475 1716 et
3508 1657 3684 1728 simplici

2157 1769 2414 1823 Romana:
2433 1763 2688 1820 Ecclesiae
2725 1759 2864 1830 plebi
2910 1758 3159 1821 traditos,
3192 1766 3250 1809 ut
3277 1754 3399 1809 ﬁdei
3431 1753 3684 1807 veritatem.

2159 1877 2322 1933 quam
2357 1863 2424 1914 ab
2452 1857 2711 1927 Apostolo
2735 1853 3075 1914 didicerant,
3108 1864 3204 1920 per
3248 1858 3300 1903 te
3344 1847 3687 1918 perderent;et

2160 1971 2268 2027 quo
2295 1955 2389 2009 tibi
2418 1952 2676 2021 majorem
2709 1948 2913 2003 faceret
2942 1942 3228 2006 invidiam,
3252 1955 3420 1996 ausus
3453 1941 3518 1993 sit
3549 1934 3681 1991 crimi-

2162 2048 2282 2104 nari
2314 2048 2412 2104 hos
2445 2046 2629 2115 ipsos,
2666 2039 2994 2112 praefationis
3031 2046 3136 2090 tua:
3173 2033 3478 2090 testimonio
3520 2030 3686 2084 robora-

2166 2148 2302 2194 tos.»
2347 2136 2489 2204 Quin
2523 2135 2686 2190 etiam
2716 2135 2769 2188 in
2800 2129 3039 2202 Epistola
3073 2127 3162 2192 82,
3196 2127 3264 2180 ad
3305 2123 3684 2180 Marcellinum

2161 2230 2570 2302 Anapsychiam,
2608 2241 2730 2282 sese
2768 2225 2843 2279 ait
2899 2221 3181 2278 subdolum
3221 2217 3460 2274 libellum
3486 2231 3512 2269 a
3543 2214 3685 2267 Ruﬁno

2160 2325 2398 2380 oblatum
2435 2321 2720 2376 Anastasio
2759 2333 2931 2390 papae,
2956 2316 3201 2385 aliasque
3227 2313 3401 2383 ipsius
3426 2308 3685 2378 scriptiones

2161 2419 2436 2491 opusculis
2461 2415 2782 2487 quibusdam
2816 2411 3140 2483 explosisse,
3162 2422 3295 2478 quas
3327 2421 3432 2461 non
3457 2405 3585 2458 aliud
3605 2417 3688 2456 esse

2162 2510 2456 2582 coniecerit
2493 2508 2784 2580 quispiam,
2822 2521 2984 2576 qttam
3012 2502 3301 2575 Apologias
3337 2502 3497 2570 ipsas,
3525 2499 3580 2554 de
3603 2497 3687 2567 qui-

2163 2603 2264 2658 bus
2288 2602 2536 2673 proxime
2573 2597 3143 2655 commemorabimus.

2234 2736 2376 2794 XXI.
2419 2736 2532 2791 lloc
2558 2735 2676 2806 ipso
2714 2749 2857 2790 anno
2902 2732 3172 2804 geminam
3222 2729 3408 2785 Ruﬁni
3463 2729 3685 2783 adversum

2163 2845 2224 2886 se
2253 2829 2569 2899 Apologiam
2598 2826 2810 2899 gemina
2832 2825 3016 2882 itidem
3041 2824 3300 2877 adversus
3329 2821 3562 2874 Ruﬁnum
3587 2820 3690 2884 Apo-

2163 2922 2302 2992 logia
2346 2921 2710 2990 Hieronymus
2745 2917 2962 2988 excepit
2993 2933 3008 2970 :
3040 2931 3162 2970 nam
3193 2929 3322 2969 cum
3370 2930 3430 2968 ex
3459 2911 3688 2967 Occidente

2164 3013 2558 3086 J‘erosolymam
2581 3019 2870 3066 remeasset
2903 3009 3070 3080 ipsius
3094 3007 3263 3062 frater
3293 3000 3687 3066 Paulinianus,|i-

2165 3107 2292 3161 bros
2317 3105 2434 3160 illos
2457 3103 2719 3158 adversus
2739 3117 2863 3156 eum
2895 3100 3224 3162 elaboratos,
3259 3097 3493 3152 nondum
3521 3095 3684 3163 quidem

2169 3201 2237 3254 ab
2258 3207 2499 3262 auctore,
2535 3211 2696 3267 quem
2747 3203 2922 3248 metus
2967 3192 3178 3248 scilicet
3221 3199 3278 3243 et
3327 3189 3495 3259 pudor
3534 3184 3689 3238 inhibe-

2170 3288 2320 3352 bant,
2351 3288 2403 3342 in
2435 3287 2609 3365 lucem
2635 3299 2758 3340 esse
2800 3283 2997 3346 editos,
3027 3280 3120 3335 sed
3159 3279 3301 3333 inter
3348 3275 3517 3331 Ruﬁni
3553 3284 3684 3326 tamen

2169 3380 2465 3434 familiares
2521 3373 2864 3431 circumferri
2929 3371 3293 3443 signiﬁcavit;
3329 3386 3363 3425 e
3389 3368 3565 3440 quibus
3597 3376 3683 3417 cum

2171 3474 2223 3528 in
2247 3471 2437 3542 vulgus
2467 3469 2728 3526 exiissent
2767 3465 3043 3531 nonnulla,
3073 3463 3294 3520 collecta
3323 3477 3392 3518 ea
3425 3461 3484 3516 ad
3519 3459 3684 3521 fratrem

2172 3563 2392 3636 pertulit
2419 3580 2435 3617 :
2461 3563 2602 3631 quod
2633 3560 2805 3628 ipsum
2843 3557 3210 3626 prazstiterunt
3232 3569 3329 3624 per
3362 3555 3551 3608 litteras
3573 3549 3686 3602 Pam-

2172 3655 2417 3711 machius
2460 3661 2516 3708 et
2559 3650 2922 3706 Marcellinus.
2962 3648 3076 3702 Non
3129 3647 3200 3702 ad
3252 3647 3355 3701 has
3391 3646 3523 3715 ipsas
3559 3643 3688 3707 itaque

2171 3747 2355 3803 Ruﬁni
2380 3743 2720 3814 scriptiones,
2742 3742 2835 3798 sed
2861 3741 2928 3796 ad
2954 3739 3150 3794 relatas
3171 3754 3201 3792 a
3228 3729 3690 3792 Pammachiojarv

2173 3838 2367 3896 cellino
2416 3845 2471 3891 et
2516 3834 2840 3890 Pauliniano
2875 3833 3280 3888 criminationes
3311 3829 3539 3898 priorem
3570 3832 3686 3891 quam

2173 3933 2434 3989 habemus
2477 3929 2794 3999 Apologiam
2848 3924 3211 3994 Hieronymus
3260 3921 3549 3977 adornavit.
3586 3916 3685 3968 Duo-

2171 4023 2273 4078 bus
2303 4036 2368 4076 ea
2401 4018 2714 4076 continetur
2747 4016 2923 4082 libris,
2953 4027 3006 4070 et
3046 4013 3387 4069 Pammachii
3427 4026 3485 4065 ac
3516 4001 3686 4063 Marcel-

2171 4113 2269 4168 lini
2319 4112 2536 4168 nomine
2583 4110 2845 4178 inscripta
2888 4116 3002 4171 est,
3035 4122 3265 4178 quorum
3317 4104 3518 4160 monitu
3561 4099 3687 4152 fuerat

2172 4205 2525 4269 elucubrata;
2556 4204 2625 4257 ad
2674 4215 2768 4256 eos
2817 4214 2947 4255 vero
2983 4197 3325 4262 transmissa,
3353 4210 3484 4267 quos
3523 4187 3686 4259 scriptis

2173 4298 2286 4354 suis
2320 4296 2548 4351 Ruﬁnus
2578 4292 2897 4348 alllaverat:
2940 4291 2990 4345 in
3016 4305 3188 4361 eaque
3225 4290 3461 4346 declarat
3486 4285 3687 4348 Hierony-

2173 4406 2294 4445 mus
2328 4387 2685 4443 constitutum
2718 4399 2841 4440 esse
2869 4383 2975 4438 sibi
3007 4381 3265 4453 peculiari
3295 4395 3458 4450 opere
3483 4367 3686 4440 Pamphili

2173 4492 2227 4540 et
2260 4480 2479 4538 Eusebii
2505 4478 2822 4550 Apologiam
2854 4474 3123 4531 refellere.
3152 4474 3274 4528 llaec
3298 4469 3456 4528 simul
3491 4459 3685 4536 atquead

2174 4576 2428 4631 Ruﬁnum
2461 4571 2672 4644 perlata
2701 4580 2806 4626 est.
2832 4567 2918 4624 Ira
2973 4568 3261 4634 incitatus,
3298 4574 3586 4634 responsum
3612 4567 3684 4608 una

2173 4686 2294 4726 cum
2329 4665 2601 4738 Apologiis
2633 4663 2780 4718 misit
2822 4661 2888 4716 ad
2936 4660 3347 4730 Hieronymum,
3382 4669 3481 4725 qno
3517 4644 3684 4738 hastatis

2173 4777 2295 4819 eum
2333 4759 2578 4829 apicibus
2639 4753 2959 4820 territabat,
3005 4762 3235 4805 mortem
3277 4749 3542 4806 minitans,
3569 4732 3684 4804 et‘ad

2177 4852 2464 4909 tribunalia
2499 4863 2620 4905 sese
2666 4854 3108 4918 provocaturum,
3154 4841 3258 4896 nisi
3292 4835 3568 4894 maledictis
3596 4827 3683 4882 abs-

2175 4946 2390 5002 tineret.
2420 4940 2621 4997 Verum
2643 4939 2824 4993 futiles
2854 4937 3028 4990 minas
3049 4932 3442 5004 parvipendeus
3479 4926 3681 4988 lliemny

2175 5055 2317 5103 mus,
2347 5035 2702 5108 posteriorem
2731 5032 3050 5102 Apologiam
3079 5031 3340 5085 continuo
3379 5018 3632 5090 rescripsit.

2242 5130 2404 5185 XXII.
2432 5128 2559 5183 Post
2603 5133 2808 5194 septem
2864 5137 3039 5177 annos
3083 5136 3246 5190 quam
3296 5119 3412 5174 haec
3439 5124 3541 5168 acta
3571 5113 3676 5164 sunlo

2170 5227 2313 5282 diem
2349 5223 2540 5279 clausit
2565 5228 2870 5276 extremum
2901 5214 3130 5270 Melania
3173 5212 3390 5275 senior,
3420 5209 3499 5262 vix
3540 5219 3563 5255 a
3589 5210 3698 5266 qur,

2171 5318 2418 5389 draginta
2491 5314 2678 5369 diebus
2738 5307 3132 5378 Jerosolymam
3196 5318 3430 5359 reversa.
3487 5294 3678 5351 Ruﬁnum

2172 5379 2386 5481 quoque
2415 5415 2675 5478 sequente
2707 5417 2878 5464 anno,
2908 5400 2999 5470 qui
3030 5400 3128 5454 fuit
3155 5414 3185 5452 a
3217 5397 3431 5453 Christo
3455 5399 3564 5445 nato
3589 5379 3677 5440 illi.

2173 5501 2416 5572 Aquileia
2447 5501 2516 5554 ab
2549 5499 2768 5552 Alarico
2797 5503 3004 5548 vastata
3046 5491 3100 5547 in
3127 5489 3314 5544 Sicilia
3345 5483 3592 5557 profugum
3617 5485 3680 5540 po

2174 5569 2330 5651 riisse
2365 5595 2528 5651 tradit
2561 5591 2845 5648 Baronius.
2887 5589 2958 5642 At
2983 5588 3036 5642 in
3071 5583 3307 5655 Epistula
3341 5582 3406 5636 ad
3435 5569 3678 5632 Ursaciumi

2171 5706 2330 5762 quam
2367 5684 2797 5759 interpretationi
2840 5678 3366 5741 Commentariorum
3412 5655 3677 5738 Origenisiu
