3914 6516
253 413 383 468 115Ἱ

1112 414 1684 473 ORICENIANORUM
1722 415 1849 470 LIB.
1883 413 1950 480 ll,
1988 409 2139 470 CAP.
2181 413 2270 479 IV,
2313 413 2502 470 SECT.
2534 416 2582 469 ῐ.

3341 415 3480 472 H58

245 535 436 590 librum
463 531 829 591 Numerorum
854 535 1086 608 praeﬁxit
1119 537 1364 603 Ruﬁnus,
1404 549 1669 608 quamque
1700 551 1821 592 cum
1849 541 1896 596 Α
1925 549 2044 602 cap.
2066 535 2121 589 2.
2143 534 2210 589 Et
2236 535 2567 605 kugustinus
2584 532 2686 610 lib.
2719 549 2760 588 ιι
2791 532 2868 587 De
2887 541 3088 601 peccat.
3112 533 3326 602 origin.,
3356 535 3475 587 adv.

247 627 475 681 nondum
509 629 655 681 edita
689 639 851 693 esset,
881 643 1086 684 mecum
1133 630 1259 684 olim
1301 631 1528 701 benigne
1568 643 1805 683 commu-

247 719 800 775 nicaruntclari'ssimi
822 719 1016 776 fratres
1044 721 1259 789 Bigotii,
1292 723 1363 776 ita
1389 721 1576 777 scribit
1609 739 1625 775 :
1664 720 1809 776 «Sed

247 813 529 868 reddendae
568 813 938 882 pollicitationi
998 830 1104 868 non
1155 817 1564 886 tempestivum,
1601 823 1660 869 ut
1719 813 1810 892 ille

247 906 352 970 ait,
407 905 504 959 sed
565 914 990 976 tempestuosum
1041 906 1195 962 nobis
1221 917 1428 977 tempus
1453 921 1517 962 ac
1539 905 1808 961 turbidum

249 999 364 1054 fuit.
408 999 543 1066 Quis
575 1001 719 1056 enim
750 1001 822 1056 ibi
852 1000 992 1072 stylo
1018 1001 1168 1058 locus
1190 1011 1293 1068 est,
1324 1001 1415 1056 ubi
1448 1001 1660 1056 hostilia
1705 999 1808 1054 tela

248 1090 720 1145 metuuntur?ubi
764 1092 816 1146 in
843 1091 1016 1147 oculis
1065 1099 1147 1148 est
1199 1093 1410 1147 urbium
1455 1105 1811 1161 agrorumque

246 1181 513 1236 vastatio?
555 1181 644 1236 ubi
682 1181 883 1252 fugitur
906 1198 1002 1251 per
1035 1183 1237 1236 marina
1277 1181 1594 1237 discrimina
1616 1221 1632 1246 ,
1665 1191 1720 1237 et
1743 1195 1810 1237 ne

250 1272 357 1342 ipsa
391 1273 612 1342 quidem
655 1271 857 1341 absque
885 1283 1028 1327 metu
1060 1273 1329 1329 habentur
1353 1273 1580 1328 exsilia?
1606 1273 1662 1328 ln
1683 1288 1811 1328 con-

247 1373 428 1433 spectu
464 1363 690 1427 etenim,
719 1371 776 1416 ut
799 1363 1018 1418 videbas
1037 1364 1197 1418 etiam
1229 1363 1361 1433 ipse,
1396 1373 1579 1418 nostro
1607 1364 1809 1420 Barba—

249 1469 355 1518 rus,
385 1454 479 1521 qui
514 1453 766 1521 Rhegino
813 1453 1009 1523 oppido
1038 1453 1298 1508 miscebat
1350 1453 1614 1518 incendia,
1645 1469 1809 1524 angu-

246 1545 478 1601 stissimo
507 1559 538 1598 a
568 1544 726 1600 nobis
752 1544 924 1609 freto,
961 1543 1048 1598 ubi
1082 1544 1242 1599 Italiae
1274 1543 1442 1598 solum
1468 1544 1649 1599 Siculo
1680 1545 1813 1600 diri-

246 1636 426 1701 mitur,
461 1635 771 1689 arcebatur.
809 1654 828 1688 ι
866 1635 1071 1705 Agebat
1099 1651 1228 1703 ergo
1259 1645 1370 1690 tum
1415 1637 1468 1691 in
1491 1636 1698 1691 Sicilia.
1724 1636 1812 1691 Ait

246 1721 470 1782 deinde:
510 1744 529 1778 ι
551 1725 670 1780 Jam
696 1726 840 1780 enim
868 1742 933 1781 ex
959 1727 1204 1782 omnibus
1233 1741 1353 1796 quae
1393 1728 1445 1781 in
1472 1728 1586 1796 lege
1613 1728 1811 1797 scripta

245 1813 450 1880 reperi,
483 1813 611 1868 solae
656 1821 712 1866 ut
746 1827 875 1883 puto
908 1815 961 1868 in
990 1815 1404 1871 Deuteronomio
1447 1815 1641 1871 desunt
1683 1832 1809 1870 ora-

1911 626 2092 698 Pelag.
2123 636 2178 682 et
2199 625 2440 692 Calest.,
2473 626 2640 681 refert
2690 624 2744 680 in
2771 624 2974 694 judicio
3022 625 3306 696 episcOpali
3345 625 3478 681 Car-

1914 719 2131 789 thagine
2159 718 2364 782 habito,
2401 716 2664 788 quaerenti
2694 715 2916 770 Paulino
2943 716 3169 772 diacono
3197 717 3479 787 presbyte-

1911 825 2090 864 rorum
2121 809 2336 863 nomina
2362 849 2378 875 ,
2421 825 2449 862 a
2476 809 2670 888 quibus
2709 807 3046 878 pestilentem
3079 821 3233 862 suam
3283 807 3481 863 doctri-

1909 917 2032 957 nam
2059 900 2343 956 leeStius
2371 901 2696 971 accepisset,
2735 900 3078 969 respondisse
3121 897 3429 954 leeslium
3457 913 3476 952 :

1879 992 1938 1045 ἰ
1971 993 2206 1050 Sanctus
2254 993 2536 1064 presbyter
2586 991 2854 1059 Ruﬁnus,
2903 991 3089 1047 Romae
3138 991 3229 1061 qui
3285 990 3480 1045 mansit

1910 1101 2030 1140 cum
2059 1094 2248 1140 sancto
2280 1084 2644 1140 Pammachio.
2682 1083 2796 1154 Ego
2829 1083 3008 1138 audivi
3032 1081 3178 1137 illum
3209 1082 3478 1138 dicentem

1911 1177 2033 1246 quia
2067 1175 2257 1230 tradux
2309 1175 2520 1245 peccati
2560 1190 2665 1230 non
2721 1175 2812 1230 sit.
2850 1193 2870 1228 ι
2916 1174 3125 1230 Idcirco
3168 1173 3478 1245 Origeniani

1909 1267 2142 1322 nominis
2169 1267 2423 1321 invidiam
2474 1266 2527 1320 in
2581 1281 2640 1322 se
2687 1280 3002 1321 conversam
3044 1265 3284 1320 sentiens
3327 1264 3482 1321 Pela-

1909 1357 2047 1428 gius,
2080 1373 2201 1412 cum
2237 1359 2374 1427 apud
2409 1357 2777 1412 Innocentium
2808 1372 2999 1428 papam
3029 1371 3087 1412 se
3117 1367 3392 1426 purgaret,
3423 1354 3478 1410 in

1908 1446 2087 1501 libello
2156 1447 2278 1502 ﬁdei
2321 1447 2615 1515 praecipuos
2657 1447 2904 1518 Origenis
2945 1461 3160 1502 errores
3206 1454 3482 1516 proterere

1910 1551 1970 1592 se
2019 1537 2306 1622 simulavit.
2339 1537 2511 1594 Porro
2555 1547 2613 1593 ut
2641 1539 2977 1610 Origenianae
3015 1539 3208 1595 htcresi
3241 1537 3485 1610 Pelagia-

1911 1643 1999 1694 na,
2029 1630 2108 1687 sic

2264 1719 2652 1778 ...Nestoriana
2687 1724 2796 1778 lues
2820 1726 3063 1780 successit
3098 1725 3424 1794 Pelagiana,

1915 1811 2090 1880 inquit
2116 1813 2348 1881 Prosper
2377 1814 2427 1867 in
2458 1813 2742 1884 Epitaphio
2772 1815 3106 1872 Nestoriana:
3147 1826 3204 1871 et
3235 1815 3481 1886 Pelagia-

248 1904 512 1969 tiuncular,
549 1920 688 1980 quas
715 1906 759 1960 si
788 1906 1046 1960 Dominus
1081 1905 1300 1974 iuverit,
1329 1916 1384 1962 et
1412 1908 1696 1964 sanitatem
1720 1910 1812 1964 de-
1842 1896 1884 1950 Β
1914 1915 1996 1956 na“
2027 1901 2323 1957 hareseon.
2355 1903 2460 1958 Sed
2513 1905 2766 1973 qucuiam
2798 1916 2995 1974 praeter
3041 1907 3342 1961 institutum
3388 1921 3482 1962 no-

246 1996 376 2049 derit
416 1995 611 2064 oculis,
681 1998 926 2066 cupimus
977 1996 1187 2068 reliquo
1240 2014 1465 2066 corpore
1529 2001 1736 2054 sociare
1790 2016 1803 2052 :

245 2089 484 2158 quamvis
523 2091 928 2145 amantissimus
972 2091 1114 2146 ﬁlius
1167 2099 1351 2146 noster
1381 2092 1676 2158 Pinianus,
1712 2109 1809 2148 cu-

242 2181 324 2251 jus
352 2182 663 2252 religiosum
695 2193 896 2238 ccetum
940 2199 1038 2252 pro
1086 2198 1269 2238 amore
1323 2183 1591 2254 pudicitiae
1630 2185 1810 2255 profu-

245 2286 360 2339 gum
394 2273 745 2338 comitamur,
793 2273 1033 2343 injungat
1084 2282 1138 2328 et
1191 2274 1318 2329 alia.
1359 2293 1378 2326 ι
1420 2273 1673 2330 Pinianus
1698 2275 1806 2342 ille,

249 2361 394 2429 cujus
420 2362 473 2416 in
507 2363 766 2417 comitatu
799 2379 858 2419 se
886 2372 995 2417 tum
1037 2363 1202 2420 fuisse
1232 2366 1306 2419 ait
1337 2365 1584 2432 Ruﬁnus,
1619 2366 1664 2421 is
1693 2373 1811 2421 erat

250 2450 482 2505 Melaniae
523 2451 758 2518 junioris
800 2452 1044 2507 maritus.
1095 2451 1246 2508 Hunc
1283 2453 1452 2507 Roma
1496 2454 1810 2509 discessisse

249 2556 386 2596 anno
414 2541 540 2607 408,
572 2551 626 2598 et
665 2539 1042 2613 Carthaginem
1069 2544 1338 2614 appulisse
1361 2560 1500 2600 anno
1528 2545 1652 2613 409,
1695 2547 1809 2616 ipse

247 2635 485 2702 agnoscit
513 2633 799 2689 Baronius.
832 2635 998 2703 Igitur
1042 2635 1125 2691 vel
1154 2636 1403 2692 Ruﬁnum
1457 2637 1510 2690 in
1543 2636 1726 2691 Sicilia
1775 2652 1806 2691 a

247 2725 464 2780 Piniano
491 2737 547 2780 et
572 2735 809 2797 utraque
841 2726 1068 2782 Melania
1093 2727 1339 2782 relictum
1379 2743 1525 2784 mors
1551 2742 1693 2783 anno
1725 2742 1809 2783 se-

242 2818 421 2884 quenti
452 2819 827 2886 Oppresserit;
857 2818 940 2873 vel
969 2829 1116 2874 certe
1142 2828 1349 2888 tempus
1393 2835 1422 2872 a
1458 2819 1685 2874 Baronio
1723 2833 1808 2874 as-

241 2911 506 2980 signatum
537 2926 645 2965 uno
667 2911 858 2966 saltem
888 2928 1030 2967 anno
1062 2912 1239 2967 Ruﬁni
1283 2913 1464 2966 obitus
1507 2919 1808 2967 anteverte-

246 3002 334 3064 rit,
365 3002 462 3055 viri
499 3001 843 3072 Origenianae
865 3003 1124 3058 doctrinae
1153 3003 1226 3056 ita
1253 3003 1508 3068 studiosi,
1550 3013 1606 3057 ut
1630 3002 1808 3057 inﬁni-

244 3100 325 3145 tas
361 3093 462 3146 sibi
496 3093 705 3158 turbas,
741 3091 1002 3158 convicia,
1036 3092 1308 3147 infamiam
1331 3104 1385 3148 et
1412 3094 1806 3148 damnationem

241 3175 468 3245 denique
511 3177 629 3245 ejus
669 3192 832 3232 causa
880 3177 1145 3246 pepererit
1187 3193 1200 3229 :
1247 3178 1337 3246 qui
1382 3177 1425 3231 si
1485 3178 1664 3231 animo
1711 3192 1808 3232 suo

239 3263 428 3321 fuisset
461 3267 792 3332 moderatus,
827 3277 880 3324 et
911 3284 940 3322 a
971 3268 1227 3323 librorum
1256 3269 1392 3336 Περὶ
1415 3266 1616 3336 ἀρχῶν
1639 3269 1806 3323 inter-

238 3359 538 3424 pretatione
567 3359 917 3415 abstinuisset
945 3375 1162 3414 manum
1187 3399 1204 3424 ,
1242 3375 1396 3415 suum
1421 3360 1522 3412 sibi
1547 3359 1804 3430 Origenes

239 3449 424 3512 decus,
451 3449 788 3519 gloriamque
831 3451 882 3504 in
931 3451 1221 3507 Occidente
1267 3459 1568 3521 servasset;
1615 3465 1803 3504 verum

237 3538 364 3593 dum
396 3541 557 3594 tradit
584 3540 732 3594 illum
762 3538 967 3596 Latinis
991 3543 1290 3612 legendum,
1325 3559 1389 3598 ex
1425 3543 1660 3596 omnium
1692 3555 1805 3594 ma-

237 3627 394 3681 nibus
427 3628 668 3683 excussit
698 3647 712 3684 :
746 3647 765 3680 r
795 3630 962 3685 Totus
1009 3633 1152 3686 enim
1180 3631 1359 3694 orbis,
1392 3649 1412 3682 ι
1461 3631 1634 3699 inquit
1683 3628 1805 3684 Hie-

236 3730 495 3787 ronymus
545 3719 702 3787 Apol.
751 3734 792 3781 ι.
844 3735 962 3782 cap.
996 3721 1050 3786 5,
1106 3739 1124 3773 ‹
1170 3729 1289 3789 post
1342 3719 1746 3774 translationem
1781 3737 1801 3771 ι

240 3808 415 3862 Ruﬁni
465 3830 484 3862 ι
517 3812 569 3864 in
614 3809 862 3880 Origenis
911 3812 1092 3866 odium
1145 3812 1382 3877 exarsit,
1439 3827 1597 3883 quem
1648 3821 1804 3865 antea

237 3899 554 3968 simpliciter
599 3899 896 3955 lectitabat.
932 3919 951 3952 ›
1005 3901 1363 3956 Nihilominus
1405 3903 1472 3956 ab
1518 3901 1807 3956 Anastasio

237 3989 357 4045 licet
389 3992 680 4046 damnatus
716 3992 876 4047 fuerit
900 3991 1149 4060 Ruﬁnus,
1186 3991 1299 4060 ejus
1321 4002 1500 4047 tamen
1530 4001 1813 4047 consuetu-

234 4082 350 4137 dine
408 4099 562 4138 usum
615 4083 782 4138 fuisse
824 4083 1192 4138 Chromatium
1233 4084 1630 4153 Aquileiensem
1690 4083 1807 4153 epi~

233 4189 454 4244 secpum
487 4176 779 4246 persuadet
806 4175 972 4244 ipsius
1007 4176 1258 4231 Praefatio
1286 4175 1597 4230 Eusebianm
1627 4175 1810 4232 Histo-

234 4266 323 4317 ria:
364 4280 396 4317 a
440 4280 496 4318 se
522 4279 800 4319 conversae
826 4267 1102 4335 praemissa
1125 4305 1140 4328 ,
1165 4283 1270 4335 qua
1314 4278 1496 4337 rogatu
1543 4268 1810 4323 Chroma-

234 4355 308 4416 tii,
336 4356 524 4409 animo
558 4372 624 4411 ex
649 4358 838 4426 patria:
867 4359 1018 4414 clade
1042 4359 1236 4414 alllicto
1267 4359 1506 4414 solamen
1551 4360 1810 4414 adhibere

235 4448 489 4513 volentis,
534 4461 838 4518 susceptam
873 4451 1016 4506 illam
1056 4470 1085 4506 a
1131 4470 1188 4508 se
1221 4453 1458 4509 ostendit
1526 4452 1807 4508 Melaniam

1914 2001 2085 2052 struat
2117 2003 2198 2049 est
2225 1994 2432 2049 illarum
2462 1994 2708 2059 historia,
2736 2004 2786 2050 et
2817 1995 3045 2051 aliorum
3073 1997 3347 2052 laboribus
3369 1995 3480 2064 jam

1912 2085 2045 2138 satis
2075 2084 2366 2149 illustrata,
2400 2087 2466 2140 ad
2491 2087 2772 2156 sequentia
2799 2103 3171 2158 properamus.

1982 2174 2172 2232 XXIV.
2212 2175 2461 2232 Obtritus
2503 2176 2660 2246 plane
2705 2193 2768 2232 ac
2815 2181 3189 2248 pessumdatus
3229 2179 3280 2234 in
3323 2176 3480 2234 Occi-

1910 2265 2070 2322 dente
2101 2266 2397 2323 videbatur
2427 2267 2827 2338 Origenismus,
2861 2285 2982 2325 cum
3016 2284 3144 2325 ecce
3182 2269 3322 2325 Aviti
3374 2269 3480 2327 duo

1913 2357 2155 2427 Hispani,
2186 2357 2412 2413 Romam
2440 2359 2594 2420 alter.
2632 2360 2770 2415 alter
2801 2359 3190 2432 Jerosolymam
3226 2361 3476 2430 profecti,

1912 2449 1966 2504 in
1993 2451 2224 2520 patriam
2262 2459 2385 2521 post
2421 2451 2653 2505 reditum
2698 2467 2908 2508 merces
2949 2451 3302 2522 Origenianas
3331 2453 3476 2508 intu-

1913 2540 2105 2595 lerunt.
2136 2540 2336 2595 Horum
2367 2541 2503 2595 alter
2529 2541 2618 2613 (is,
2652 2542 2705 2596 ni
2744 2542 2920 2607 fallor,
2952 2544 3042 2613 qui
3077 2542 3476 2614 Jerosolymam

1911 2629 2282 2692 contenderat,
2328 2644 2593 2699 quemque
2625 2631 2819 2685 adiisse
2861 2631 3246 2702 Hieronymum
3289 2633 3342 2687 in
3369 2632 3475 2688 Pa-

1911 2719 2116 2775 laestina
2141 2720 2421 2790 degentem
2461 2721 2752 2776 verisimile
2777 2722 2880 2791 est)
2927 2723 2995 2777 ab
3021 2722 3344 2794 Hieronymo
3383 2739 3478 2792 po—

1912 2809 2226 2878 stulaverat,
2264 2821 2321 2866 ut
2343 2811 2588 2882 Origenis
2615 2811 2779 2866 libros
2811 2813 2951 2881 Περὶ
2985 2814 3192 2884 ἀρχῶν
3214 2855 3229 2880 ,
3265 2817 3477 2870 sincere

1910 2910 1966 2956 et
1999 2900 2227 2957 ﬁdeliter
2267 2917 2560 2958 conversos
2610 2905 2676 2958 ad
2729 2920 2790 2958 se
2853 2905 3127 2971 mitteret;
3163 2908 3304 2975 quod
3352 2921 3476 2960 cum

1915 2989 2071 3046 facile
2102 2992 2463 3062 impetrasset,
2506 2993 2884 3063 cavendosque
2911 3009 3127 3049 errores
3155 3010 3253 3061 per
3276 2992 3480 3064 episto-

1913 3083 2019 3138 lam
2047 3084 2405 3156 Hieronymus
2431 3094 2936 3154 prtemonstrasset,
2980 3086 3046 3142 iis
3094 3096 3266 3140 tamen
3303 3087 3477 3156 impli-

1914 3174 2024 3228 cari
2059 3189 2117 3231 se
2145 3183 2198 3230 et
2226 3175 2374 3230 illudi
2400 3191 2588 3245 passus
2618 3185 2739 3242 est;
2769 3191 2831 3230 ac
2847 3176 3074 3231 alterum
3107 3193 3318 3246 quoque
3344 3179 3476 3232 Avi-

1909 3272 2018 3316 tum
2049 3265 2099 3317 in
2129 3264 2346 3319 easdem
2379 3264 2718 3334 opinationes
2743 3266 3031 3334 pertraxit.
3065 3265 3259 3320 Patriae
3290 3282 3488 3323 consu—

1905 3354 2019 3408 lens
2052 3354 2248 3409 Paulus
2277 3354 2501 3411 Orosius
2526 3395 2543 3424 ,
2574 3371 2734 3426 quam
2780 3358 2894 3411 lucc
2916 3397 2931 3423 ,
2980 3365 3141 3426 atque
3187 3357 3302 3412 alia:
3350 3359 3477 3413 item

1903 3446 2140 3502 hmreses
2183 3448 2573 3515 pervadebant,
2613 3447 2894 3518 Augustini
2945 3463 3099 3517 opem
3147 3448 3326 3504 oblato
3375 3449 3479 3518 ipsi

1907 3537 2328 3593 Commonitorio
2371 3539 2696 3609 imploravit.
2741 3537 2958 3609 Scripto
3009 3539 3200 3594 statim»
3235 3540 3301 3594 ad
3341 3538 3478 3595 Oro-

1907 3632 2045 3686 sium
2098 3631 2561 3686 Commentariolo
2609 3631 2868 3686 adversus
2898 3635 2902 3638 ’
2932 3630 3374 3687 Priscillianistas
3424 3639 3481 3684 et

1908 3722 2269 3792 Origenistas.
2295 3721 2543 3776 hzeresim
2572 3731 2860 3791 utramque
2885 3721 3196 3791 Hispaniam
3221 3721 3480 3776 infestan-

1911 3823 2018 3869 tem
2055 3814 2776 3884 proculcavitAugustinus;
2803 3823 2857 3867 et
2881 3815 2936 3867 in
2974 3813 3175 3868 eximio
3220 3821 3487 3882 pmterea

1911 3904 1988 3958 De
2016 3907 2220 3958 civitate
2264 3904 2355 3957 Dei
2383 3917 2566 3972 opere,
2597 3905 2738 3972 quod
2785 3914 2914 3959 tunc
2958 3905 3300 3968 elaborabat,
3333 3915 3390 3959 ut
3425 3913 3481 3959 et

1911 3996 1962 4049 in
1995 3996 2116 4050 aliis
2146 4011 2359 4065 quoque
2387 3995 2799 4063 scriptionibus,
2835 4010 2954 4050 cum
2994 3993 3313 4064 Origenistis
3345 4007 3483 4064 prte-

1910 4088 2075 4142 liatus
2111 4099 2213 4142 est.
2252 4087 2609 4152 Quaestionem
2640 4101 2827 4150 unam,
2869 4101 2990 4156 quae
3031 4095 3114 4140 est
3171 4086 3235 4140 de
3272 4085 3481 4154 origine

1910 4179 2235 4242 animarum,
2269 4178 2500 4234 delinire
2528 4194 2633 4233 non
2658 4193 2845 4243 ausus,
2875 4178 3124 4232 Orosium
3160 4178 3211 4231 in
3240 4175 3482 4230 Palesti-
3582 4216 3584 4218 τ

1911 4285 2035 4325 nam
2079 4269 2227 4326 misit
2271 4273 2338 4326 ad
2382 4271 2808 4342 Hieronymum,
2865 4283 3025 4339 quem
3071 4269 3483 4339 disceptationis

1911 4363 2068 4432 hujus
2089 4363 2350 4417 arbitrum
2397 4377 2518 4418 esse
2555 4362 2742 4416 voluit.
2795 4361 3138 4416 Manifestum
3187 4361 3370 4430 itaque
3408 4376 3484 4417 ex

1911 4466 1976 4507 eo
2001 4459 2103 4515 est,
2134 4452 2324 4506 merito
2354 4454 2493 4506 inter
2539 4453 2877 4521 supposititia
2919 4461 2973 4506 et
3009 4453 3310 4523 Augustino
3351 4467 3484 4523 per-

234 4539 559 4617 quoque.din
611 4550 731 4609 post
765 4541 1018 4596 inﬁictatn
1067 4544 1261 4599 Ruﬁno
1309 4551 1812 4600 censuram'certa-
1843 4566 1886 4621 ο
1915 4556 2100 4610 peram
2130 4542 2360 4612 ascripta
2391 4541 2541 4610 rejici
2570 4540 2804 4596 libellum
2865 4541 2936 4595 De
2991 4543 3185 4596 dcitate
3208 4553 3258 4596 et
3305 4544 3485 4597 incar.

232 4628 323 4680 tim
361 4630 616 4684 laudibus
647 4631 953 4686 extulerunt
979 4635 1307 4704 Augustinus
1334 4644 1388 4689 et
1424 4634 1683 4689 Paulinus
1715 4650 1728 4686 :
1756 4644 1812 4688 et

232 4731 350 4786 post
393 4729 627 4775 mortem
685 4721 896 4775 demum
946 4722 998 4776 in
1062 4723 1369 4779 Grecorum
1419 4723 1812 4795 Martyrologiis

235 4812 374 4866 inter
402 4821 622 4866 sanctos
660 4812 891 4870 ascripta
921 4824 1025 4869 est.

302 4901 498 4959 XXIII.
529 4903 604 4957 At
634 4916 740 4956 non
792 4903 967 4957 Ruﬁni
1009 4905 1157 4960 obitu
1194 4917 1306 4960 sata
1358 4907 1426 4960 ab
1472 4905 1585 4974 ipso
1630 4902 1812 4975 Orige-

232 4993 392 5048 nismi
449 4995 659 5048 semina
705 4996 970 5050 exstincta
1024 5006 1167 5052 sunt.
1219 4997 1485 5067 Pelagius,
1522 5000 1816 5054 monachus

163 5143 166 5146 ,
233 5086 456 5140 natione
472 5086 794 5152 Britannus,
819 5096 1034 5155 arrepta
1069 5089 1310 5158 quasdam
1332 5089 1578 5159 Origenis
1599 5090 1814 5160 dogma-

233 5185 285 5230 ta
326 5194 355 5231 a
399 5177 602 5232 Ruﬁno
649 5178 862 5232 exculta
897 5187 951 5234 et
985 5191 1275 5250 prepagata
1323 5182 1618 5236 renovavit.
1669 5179 1814 5248 Quo-

235 5269 380 5323 circa
419 5268 789 5339 Ilieronymus
823 5269 876 5323 in
918 5269 1186 5326 Promtnio
1231 5270 1296 5324 ad
1334 5271 1427 5326 lib.
1473 5287 1490 5325 I
1523 5270 1810 5327 Comment.

231 5357 287 5410 in
336 5356 543 5411 Jerem.
597 5357 932 5426 Crunnium,
980 5361 1080 5415 hoc
1138 5369 1222 5414 est
1268 5359 1560 5424 Ruﬁnum,
1618 5361 1817 5432 Pelagii

234 5465 256 5500 ε
318 5464 752 5518 praecursorem-
785 5457 840 5504 et
901 5451 1214 5520 magistrum
1263 5470 1282 5504 ι
1327 5452 1578 5520 appellat.
1621 5453 1821 5523 Dogma

231 5556 458 5610 quoque
489 5540 760 5604 ἀπαθείας
787 5551 842 5596 et
870 5542 1279 5614 ἀναμαρτησίας
1297 5583 1311 5608 ,
1343 5545 1483 5612 quod
1511 5558 1674 5612 supra
1707 5555 1818 5598 tra-

233 5633 532 5696 ctavimus,
569 5635 638 5686 ab
672 5631 991 5702 Origenistis
1028 5636 1300 5704 accepisse
1343 5633 1656 5704 Pelagianos
1693 5651 1819 5705 pro-

235 5723 314 5776 dit
347 5723 404 5776 in
441 5721 716 5778 Prom-mlo
757 5724 968 5794 Dialog.
1020 5726 1138 5780 adv.
1174 5725 1352 5796 Pelag.
1399 5737 1452 5780 et
1486 5727 1539 5779 in
1584 5724 1818 5780 Promtu.

238 5811 336 5868 lib.
376 5831 432 5870 tv
461 5811 758 5872 Comment.
790 5816 844 5871 in
873 5814 1068 5873 Jercm.
1092 5827 1146 5873 et
1175 5817 1230 5873 in
1263 5816 1432 5886 Epist.
1467 5817 1533 5872 ad
1567 5815 1828 5886 Ctesiph.,

1919 4635 2152 4698 natione,
2187 4635 2253 4690 ad
2281 4632 2622 4700 Ianuarium,
2672 4634 2762 4703 qui
2797 4634 3027 4690 habetur
3084 4635 3137 4688 in
3177 4633 3488 4704 Appettdice

1916 4727 2092 4794 quarti
2129 4727 2258 4781 tomi
2297 4741 2311 4776 :
2357 4727 2557 4796 quippe
2613 4727 2706 4795 qui
2760 4725 3102 4797 Origenianis
3151 4726 3265 4781 fere
3294 4726 3487 4796 pannis

1918 4827 2172 4872 consutus
2201 4825 2256 4872 et
2274 4817 2682 4872 consarcinatus
2707 4827 2813 4871 est.

1990 4909 2216 4963 Circiter
2249 4910 2390 4962 idem
2429 4918 2634 4976 tempus
2683 4907 3126 4976 Semipelagianaa
3163 4907 3352 4962 haeresi
3393 4921 3486 4962 ro-

1921 4999 2024 5054 bur
2047 4997 2284 5053 Joannes
2308 4997 2600 5053 Cassianus
2629 4997 2682 5051 in
2714 4997 2900 5052 Galliis
2923 4998 3245 5053 conciliabat
3275 5012 3342 5052 ex
3363 4998 3485 5052 Ori-

1923 5089 2074 5159 genis
2099 5087 2502 5157 scriptionibus,
2555 5087 2708 5156 cujus
2756 5087 3068 5142 econtrario
3116 5102 3308 5142 nomen
3356 5085 3487 5142 Vin-

1919 5178 2130 5233 centius
2154 5177 2454 5232 Lirinensis
2497 5177 2696 5233 ibidem
2735 5180 3054 5234 traducebat
3095 5193 3111 5230 :
3153 5179 3206 5232 in
3232 5178 3488 5235 Commo-

1920 5267 2116 5323 nitorio
2162 5267 2427 5335 siquidem
2475 5268 2656 5336 priore
2697 5269 2903 5324 advers.
2967 5267 3175 5323 Hteres.
3249 5282 3372 5337 cap.
3416 5267 3489 5321 25

1928 5362 2057 5415 dum
2095 5357 2381 5414 ostendere
2407 5370 2631 5413 conatur
2669 5374 2906 5414 errorem
2947 5359 3194 5428 Origenis
3239 5359 3492 5414 Ecclesiae

1929 5451 2020 5504 Dei
2041 5448 2323 5503 oll'ensioni
2353 5447 2552 5516 fuisse,
2576 5461 2859 5518 postquam
2900 5451 3188 5521 praeclaras
3229 5449 3373 5505 illius
3397 5451 3493 5505 do-

1929 5552 2007 5596 tes
2033 5539 2215 5595 multis
2244 5539 2575 5604 dilaudavit,
2625 5559 2643 5592 ι
2676 5540 2785 5607 Εο,
2817 5542 3021 5612 inquit,
3051 5557 3137 5597 res
3159 5542 3392 5606 decidit,
3436 5551 3494 5595 ut

1927 5641 2086 5688 tantae
2117 5645 2383 5702 persona,
2416 5633 2550 5686 tanti
2590 5619 2826 5688 doctol-is
2848 5674 2864 5700 ,
2895 5634 3031 5688 tanti
3070 5634 3345 5702 pr0phetae
3387 5649 3492 5690 nou
3589 5703 3592 5707 λ

1929 5725 2162 5781 humana
2187 5723 2388 5794 aliqua,
2421 5724 2518 5778 sed
2544 5731 2600 5776 ut
2623 5725 2801 5780 exitus
2833 5724 3040 5790 docuit,
3091 5724 3315 5779 nimium
3351 5726 3495 5792 peri-
3584 5753 3591 5792 ς

1931 5816 2114 5873 culosa
2145 5817 2370 5874 tentatio
2400 5816 2658 5888 plurimos
2685 5832 2717 5872 a
2744 5817 2870 5874 ﬁdei
2915 5817 3224 5888 integritate
3266 5817 3494 5874 deduce-
