3906 6536
547 421 684 475 1159

543 545 650 591 ret.
691 537 1050 604 Quamobrem
1075 539 1165 593 hic
1198 540 1337 594 idem
1365 540 1630 612 Origenes
1657 551 1839 597 tantus
1865 557 1930 597 ac
1963 541 2106 611 talis,
2136 546 2184 602 Α

545 627 673 683 dum
705 630 879 699 gratia
913 630 1005 685 Dei
1043 630 1364 688 insolentius
1405 635 1678 700 abutitur,
1725 635 1852 690 dum
1894 635 2109 706 ingenio

543 733 645 775 suo
691 720 918 774 nimium
970 720 1236 794 indulget,
1289 723 1501 794 sibique
1559 726 1692 781 satis
1736 726 1944 792 credit,
1991 741 2113 780 cum

543 811 693 881 parvi
718 812 902 882 pendit
923 813 1196 884 antiquam
1238 815 1560 872 Christianae
1598 817 1879 890 religionis
1909 817 2115 888 simpli-

543 903 784 970 citatem,
808 903 934 958 dum
963 919 1022 960 se
1047 905 1166 975 plus
1189 908 1398 963 cunctis
1419 923 1608 978 sapere
1637 909 1953 977 praesumit,
1987 911 2112 964 dum

541 994 940 1051 ecclesiasticas
981 997 1333 1064 traditiones,
1385 1009 1440 1055 et
1505 1010 1747 1056 veterum
1806 1001 2113 1072 magisteria

542 1096 894 1167 contemnens
944 1091 1188 1159 quaedam
1231 1092 1637 1164 Scripturarum
1691 1095 1918 1164 capitula
1977 1110 2116 1151 novo

542 1192 694 1233 more
722 1179 1130 1250 interpretatur,
1165 1184 1363 1240 meruit
1395 1193 1450 1238 ut
1484 1186 1550 1240 de
1582 1197 1640 1239 se
1691 1199 1906 1254 quoque
1934 1183 2118 1240 Eccle-

542 1270 638 1326 siae
665 1270 757 1325 Dei
787 1271 1060 1328 diceretur
1095 1290 1110 1326 :
1152 1273 1212 1330 Si
1250 1276 1537 1330 surrexerit
1574 1275 1631 1330 in
1669 1275 1840 1330 medio
1887 1276 1964 1330 tui
1997 1293 2119 1346 pro-

537 1363 730 1432 pheta;
761 1372 816 1418 et
858 1365 1016 1433 paulo
1049 1375 1170 1436 post
1211 1385 1224 1421 :
1270 1365 1394 1422 Non
1439 1367 1665 1434 audies,
1715 1368 1920 1439 inquit,
1964 1369 2117 1424 verba

539 1453 804 1522 propheta:
824 1454 968 1510 illius
989 1456 1058 1512 “.
1080 1455 1219 1513 Vere
1243 1471 1346 1512 non
1371 1457 1542 1512 solum
1569 1460 1815 1525 tentatio,
1839 1461 1932 1516 sed
1954 1461 2116 1516 etiam

542 1557 733 1611 magna
775 1547 1294 1616 tentatio,jdeditam
1330 1548 1433 1603 sibi
1465 1557 1630 1618 atque
1673 1551 1726 1604 in
1767 1564 1826 1605 se
1875 1551 2114 1620 penden-

542 1643 650 1689 tem
678 1634 975 1691 Ecclesiam
1017 1638 1370 1695 admiratione
1410 1641 1636 1712 ingenii,
1690 1642 1952 1707 scientiae,
2001 1642 2108 1698 elo-

539 1727 792 1795 quentia},
829 1731 1262 1786 conversationis
1291 1740 1347 1786 et
1388 1733 1608 1802 gratiae,
1643 1733 1776 1788 nihil
1821 1734 1886 1789 de
1925 1749 1983 1788 se
2026 1750 2119 1789 suo

540 1817 862 1886 spicantem,
893 1819 1029 1875 nihil
1055 1832 1354 1889 verentem,
1387 1823 1568 1880 subito
1593 1840 1621 1879 a
1658 1826 1826 1882 veteri
1858 1824 2115 1896 religione

539 1908 596 1961 in
628 1923 820 1964 novam
849 1910 1228 1980 profanitatem
1260 1915 1456 1970 sensim
1477 1956 1494 1982 ,
1523 1916 1890 1987 paulatimque
1929 1889 2113 1971 tradu-
2147 1889 2190 1948 Β

541 2015 685 2054 cere.
717 2020 737 2054 ι
777 2002 912 2056 Tum
944 2003 1176 2060 lectores
1207 2016 1411 2072 monet,
1445 2007 1663 2062 etiamsi
1713 2007 1956 2079 corrupti
2006 2008 2118 2064 sint

543 2090 956 2164 libriOrigenis,
991 2097 1130 2165 quod
1167 2111 1271 2152 non
1325 2097 1598 2162 dilIitetur,
1642 2099 1744 2155 sub
1790 2098 1906 2167 ejus
1937 2108 2114 2154 tamen

542 2184 757 2240 nomine
793 2185 1079 2255 venditari,
1105 2197 1158 2242 et
1183 2189 1247 2242 ad
1285 2189 1636 2246 iusinuandos
1665 2206 1880 2248 errores
1907 2200 2114 2244 tantum

540 2289 737 2332 nomen
792 2277 974 2334 valere
1021 2295 1202 2349 posse.
1258 2280 1337 2335 Ita
1402 2284 1738 2338 renascentis
1790 2281 2117 2354 Origenismi

541 2371 863 2440 propagines
888 2372 942 2426 in
978 2372 1272 2429 Occidente
1321 2375 1467 2431 elisa:
1499 2387 1643 2431 sunt.
1678 2377 1784 2432 Sed
1825 2385 1880 2431 et
1913 2375 2114 2430 iterum

541 2460 771 2528 ibidem,
813 2463 1119 2534 iterumque
1155 2475 1280 2522 sunt
1327 2476 1598 2535 contusae,
1655 2478 1713 2522 ut
1761 2470 1814 2522 in
1867 2468 2114 2538 sequenti

541 2551 784 2607 sectione
812 2554 1180 2608 ostendemus.

1159 2715 1400 2774 SECTIO
1437 2716 1500 2772 Il.

545 2817 584 2872 I.
619 2819 933 2902 Theophilus
975 2826 1366 2902 Alegandrinus
1403 2831 1687 2902 monachos
1721 2832 1973 2902 quosdam
2007 2833 2114 2902 Ni-

613 2892 830 2971 trienses
857 2898 1129 2971 aemuli.
1154 2907 1204 2953 et
1234 2901 1562 2971 afﬁctohipsis
1611 2892 1942 2971 Origiettismo
1991 2901 2116 2957 Ori-

614 2963 845 3031 genistas
879 2982 986 3043 una
1043 2963 1348 3043 insectatur.
1399 2963 1487 3043 III.
1531 2971 1668 3043 Alite
1709 2963 1918 3025 Hissidii
1943 2973 2116 3043 hujus

611 3048 787 3114 cauete
832 3037 1196 3114 proferuntur.
1246 3038 1498 3114 tit/nodus
1533 3042 1890 3114 Alexanjrina
1926 3037 2114 3114 Orige-

611 3102 1045 3181 nistasudamjtat,
1077 3125 1205 3178 quos
1245 3102 1563 3181 Theophilus
1593 3128 1658 3164 ea:
1683 3110 1914 3181 ngypto
1937 3102 2116 3166 detur-

612 3171 720 3244 bat.
755 3173 841 3228 IV.
867 3171 1100 3244 Equum
1134 3181 1196 3231 tle
1235 3179 1314 3232 his
1359 3171 1837 3235 concertationibus
1884 3181 2113 3235 Posthu-

611 3243 779 3320 νζιὶαηὶ
801 3245 1090 3320 judicium.
1120 3247 1210 3320 7V.
1262 3249 1532 3318 Theophili
1571 3253 1769 3318 factum
1824 3254 2112 3320 approbant

612 3312 947 3392 Anastasius,
972 3316 1298 3392 Epiphanius
1357 3312 1412 3392 et
1432 3312 1817 3392 Hieronymus.
1856 3312 2113 3392 VLUtris

611 3383 730 3459 plus
764 3383 1112 3459 adhibendum
1160 3389 1214 3441 in
1252 3395 1349 3459 hac
1388 3391 1606 3444 historia
1641 3383 1768 3459 fidei
1792 3434 1806 3455 ,
1841 3390 2111 3457 Palladio,

612 3452 867 3530 Socrati,
911 3456 1237 3530 Sanamem,
1281 3457 1506 3530 Georgio
1551 3452 1941 3522 Alexandrino,
1986 3452 2115 3515 ano;

611 3538 768 3598 nymo
805 3522 938 3578 Vitta
967 3525 1319 3598 Chrysostomi
1346 3522 1610 3594 scriptori.
1647 3539 1697 3584 et
1739 3531 1970 3585 Simeoni
2002 3531 2115 3586 Me-

612 3595 896 3670 taphrasta}
911 3612 930 3660 ,°
948 3615 1054 3670 _an
1077 3595 1091 3598 ἡ
1111 3599 1408 3670 Epiphanio
1446 3611 1493 3653 et
1542 3600 1859 3670 Hieronymo
1910 3603 2115 3670 disqui-

616 3664 773 3738 ritur.
801 3664 911 3719 VII.
945 3664 1224 3738 Theophili
1257 3671 1560 3738 synodicam
1600 3664 1871 3738 epistolam
1919 3684 1964 3724 et
2006 3664 2107 3726 'Pa‘

613 3737 816 3810 schales
846 3737 1344 3810 quatuorconuertit
1375 3737 1749 3810 Hieronymus.
1792 3738 1924 3794 VIII.
1957 3740 2116 3806 Qua:-

614 3806 748 3879 νέων
797 3806 900 3860 utri
962 3806 1680 3879 priusrrConstantinOpo—lim
1734 3811 1954 3879 profecti
2009 3813 2112 3865 sint

616 3874 1066 3964 piriggenistwaan
1112 3878 1380 3964 lheophili
1433 3874 1611 3964 legati.
1661 3874 1749 3964 IX:
1789 3874 2114 3964 0ﬁrigenis-tas

614 3946 1126 4022 lienigneexcipiunt
1173 3947 1408 4022 Joannes
1453 3946 1855 4022 Chrysostomus
1887 3946 1949 4022 :et
2009 3951 2117 4004 Eu-

612 4018 798 4072 doxia.
844 4017 911 4071 X.
934 4017 1216 4091 §3modum
1264 4020 1531 4091 inﬂCypro
1563 4017 1822 4076 adversus
1874 4021 2117 4091 Origeni-

613 4098 722 4162 s_tas
759 4091 893 4158 cogit
925 4087 1275 4162 Epiphanius.
1314 4087 1836 4160 XIITheophilenses
1874 4087 2031 4162 legati
2065 4105 2115 4145 et

613 4155 926 4228 Qrigenista
948 4155 1087 4227 apud
1130 4161 1496 4228 imperatorem
1533 4155 1714 4216 mutuo
1761 4179 1816 4216 se
1840 4155 2113 4216 accusant.

613 4225 730 4300 XIII
794 4225 1122 4299 Epiphanius
1191 4225 1695 4300 ConstantinOpolim
1769 4235 2016 4300 appellit,
2067 4245 2114 4286 et

611 4293 1037 4368 Qhrysostoinum
1062 4301 1197 4353 male
1236 4301 1405 4356 habet.
1454 4293 1588 4356 XIII.
1645 4293 1944 4356 Altercatur
1997 4293 2116 4355 cum

615 4366 884 4442 Eufemia,
925 4369 1111 4423 deinde
1160 4370 1391 4440 Cyprum
1443 4383 1670 4440 repetens
1705 4373 1816 4442 {ato
1860 4375 2112 4428 concedit.

613 4435 755 4511 XIV.
787 4438 1071 4511 Rei__g_estte
1099 4435 1303 4493 sum'ma
1341 4435 1593 4507 repetitur
1623 4435 1948 4511 ex'l’olybio
1989 4454 2113 4496 teste

615 4508 844 4562 oculata.
877 4507 992 4561 XV.
1013 4509 1522 4578 ConstantinOpolim
1545 4512 1747 4565 advenit
1775 4507 2110 4578 TlieOphilus,

614 4585 662 4628 et
700 4578 1107 4632 conciliabulum
1135 4580 1264 4644 cogit
1289 4583 1354 4630 ad

616 4656 705 4720 tur
727 4647 1156 4720 Chrysostontus.‘
1179 4646 1341 4720 XVII.
1368 4649 1616 4720 Actorum
1641 4654 2022 4720 pscuaosynodi
2044 4653 2112 4705 ad

615 4715 880 4780 Quercum
901 4719 1092 4770 habita:
1121 4718 1250 4785 ﬁdes
1287 4718 1613 4785 exploratur.
1642 4715 1837 4773 ’XVIII.
1865 4715 2114 4776 'Crimine

614 4786 901 4840 liberantur
916 4787 1245 4858 itVitrienses,
1277 4799 1322 4840 et
1350 4789 1404 4840 in
1431 4791 1654 4857 gratiam
1682 4807 1800 4843 cum
1835 4790 2113 4858 TheOphilo

615 4858 891 4930 redeunt.‘
911 4857 1051 4912 XIX.
1084 4855 1480 4930 Exauctoratur
1503 4858 1942 4930 ktlilirysostomus,
1973 4855 2018 4914 et
2058 4864 2113 4916 in

615 4927 803 5000 exsilio
837 4928 974 4982 diem
1004 4928 1168 4980 multo
1207 4940 1316 4995 post
1349 4927 1726 5000 obit.AXX.'ln
1758 4932 2113 5000 Chrysostomi

616 4999 1080 5068 defunctiinomen
1143 5009 1413 5068 grassatur
1457 4998 1792 5068 The0philus,
1858 4998 2111 5056 renitente

616 5066 826 5138 Isidoro
853 5067 1146 5123 Pelusiota.
1180 5066 1318 5122 XXI.
1335 5066 1758 5138 Chrysostomum
1783 5073 2112 5138 prosequitur

614 5135 858 5212 laudibus
914 5138 1204 5212 Synesius,
1274 5135 1476 5212 probris
1498 5135 1906 5212 _llieronymus.
1945 5135 2107 5197 XXII.

618 5204 977 5278 Qi‘igenianos'
1016 5210 1177 5261 libros
1227 5204 1424 5278 lectitat
1496 5204 1809 5278 TheOphil'us
1855 5229 1874 5265 :
1924 5212 2107 5266 XXIII.

616 5275 768 5348 Diem
794 5279 990 5331 claudit
1037 5294 1056 5332 :
1088 5281 1314 5333 succedit
1337 5277 1598 5348 Cyrillus,
1634 5275 1683 5333 et
1721 5284 1963 5336 avunculi
2003 5285 2110 5336 ini-

615 5346 844 5419 micitias
885 5351 1240 5419 persequitur,
1279 5346 1477 5402 sea‘ab
1521 5348 1733 5419 Isidoro
1772 5353 2110 5419 reprehensus

616 5417 812 5490 factum
841 5429 1024 5490 mutat.
1046 5417 1532 5490 'Scrihitatlversus
1551 5417 2111 5490 OrigenemHammon

618 5486 1136 5562 Adijanopolitanus.
1414 5486 1664 5562 Joannis:
1689 5489 2116 5562 Jerosolgmitani

615 5565 664 5609 et
703 5555 1016 5629 [fierent/mi
1045 5559 1234 5629 obitus.
1272 5556 1415 5629 ale
1441 5561 1587 5611 audit
1614 5558 1855 5629 Origenis
1879 5555 2119 5616 doctrina

615 5629 669 5680 in
709 5624 925 5701 Oriente
943 5625 1309 5701 3t_0ccidenté
1342 5629 1550 5701 :_XXV.
1581 5624 1913 5687 suos'tamen
1947 5635 2124 5701 [auto-

617 5713 695 5750 res
738 5697 885 5767 habet
932 5695 1313 5764 Philastrium,
1365 5698 1774 5766 'l‘lteodoretum,
1827 5695 2122 5769 Socratem,

2140 3230 2182 3289 C

621 5875 662 5908 "
697 5873 909 5931 Deuter.
942 5893 1058 5942 xm,
1095 5880 1143 5940 I,
1179 5881 1230 5934 5.

1802 423 1860 477 Ρ.
1904 422 2218 477 DANIELIS
2256 419 2487 477 IIUETII

3605 421 3699 478 Ilio

2281 541 2663 602 Sozomenum,
2706 533 3015 603 Sidonium',
3057 544 3319 588 auctorem
3368 531 3697 607 Prwdestinati,

2287 619 2333 664 et
2377 608 2732 680 Eutycltetem.

2286 722 2327 777 l.
2362 723 2484 778 Haec
2517 722 2644 777 dum
2681 722 2732 776 In
2755 719 3046 777 Occidente
3073 729 3424 790 gererentur,
3450 719 3584 791 longe
3622 738 3701 793 gra-

2214 815 2352 872 viori
2389 816 2614 871 tumultu
2648 815 2886 871 Orientis
2931 814 3198 870 Ecclesias
3237 813 3583 886 Origenismus
3617 833 3703 884 qm-

2221 908 2408 964 tiebat.
2458 907 2625 977 Cujus
2670 905 3034 962 intermissam
3077 905 3308 959 vitandae
3364 903 3626 960 confusioni
3657 907 3704 962 lti-

2216 993 2441 1057 stOriam
2476 1008 2802 1067 repetemus.
2843 999 3138 1068 Postquam
3192 998 3426 1054 Isidorus
3467 998 3574 1063 ille,
3599 1015 3702 1068 quem

2168 1107 2174 1114 ·
2216 1107 2245 1146 a
2275 1090 2574 1162 Theophilo
2601 1092 2668 1146 ad
2689 1091 2953 1147 sedandas
2983 1089 3242 1145 Joannem
3271 1089 3413 1143 inter
3448 1097 3499 1144 et
3537 1088 3704 1158 Epipln.

2216 1184 2364 1238 nium
2400 1199 2465 1239 ac
2503 1181 2888 1254 Hieronymum
2926 1183 3325 1238 controversias
3357 1181 3635 1236 submissum
3657 1184 3705 1236 di-

2216 1277 2417 1343 ximus,
2445 1275 2828 1332 Alexandriam
2866 1291 3143 1347 regressus
3163 1284 3267 1340 est,
3304 1289 3493 1344 urgere
3507 1273 3706 1343 Theophi-

2216 1373 2324 1426 lum
2359 1384 2465 1424 nou
2499 1368 2825 1424 destiterunt
2854 1367 3185 1438 Epiphanius
3215 1375 3270 1420 et
3293 1365 3644 1436 Hieronymus,
3670 1378 3707 1419 ut

2217 1479 2338 1521 cum
2377 1461 2698 1532 Origenistis
2729 1469 2901 1516 marte
2933 1468 3123 1530 aperto
3155 1458 3267 1528 ipse
3317 1471 3522 1527 quoque
3563 1457 3708 1526 [tralia-

2216 1550 2388 1610 retur.
2425 1551 2771 1607 Detrectabat
2796 1550 2885 1605 ille
2910 1564 3146 1621 pugnam
3168 1587 3184 1614 ,
3232 1556 3456 1618 rogante
3484 1549 3706 1618 praesertim

2217 1643 2539 1715 Epiphanio,
2570 1659 2697 1714 erga
2739 1657 2898 1712 quem
2950 1638 3603 1709 Anthropomorphitarum
3635 1636 3706 1690 ha-

2216 1751 2401 1793 reseos
2445 1736 2549 1792 sibi
2580 1745 2890 1806 suspectum
2934 1733 3074 1788 male
3113 1731 3340 1788 allectus
3368 1740 3499 1786 erat.
3525 1727 3621 1784 Ilo:
3644 1744 3706 1782 ια-

2224 1839 2329 1883 tem
2362 1837 2422 1883 ut
2461 1828 2526 1882 ad
2549 1826 2806 1882 Ecclesia:
2835 1840 3054 1881 causam
3099 1824 3307 1892 privata
3341 1823 3458 1878 odia
3482 1833 3705 1881 accessere.

2219 1920 2398 1976 statim
2431 1921 2693 1975 adversus
2713 1918 2962 1990 Origenis
2989 1916 3228 1972 asseclas
3248 1913 3527 1970 classicum
3552 1911 3703 1968 cecinit.

2219 2011 2457 2068 Obscura
2483 2020 2632 2067 certe
2660 2020 2744 2066 est
2783 2019 2842 2080 ,et
2893 2010 3164 2079 implicata
3218 2017 3513 2076 temporum
3554 2001 3704 2057 illorum

2219 2103 2479 2170 historia,
2509 2117 2780 2173 quamque
2826 2101 3038 2157 nonnisi
3083 2116 3114 2155 a
3144 2099 3420 2164 Palladio,
3473 2095 3649 2150 Socrate
3673 2099 3707 2146 et

2219 2197 2543 2261 Sozomeno,
2576 2197 2753 2250 aetatis
2783 2194 2941 2262 hujus
2965 2191 3226 2266 proximis
3263 2200 3446 2261 petere
3478 2198 3706 2256 possumus,

2219 2289 2468 2360 quamvis
2502 2289 2699 2359 prioris
2729 2286 3110 2342 auctoritatem
3134 2282 3394 2338 minuerit
3434 2287 3619 2350 apertus
3634 2273 3709 2330 Orio

2218 2381 2444 2454 genismi
2486 2394 2656 2445 amor,
2693 2379 2828 2433 alios
2850 2377 3076 2432 aliarum
3105 2376 3386 2430 haereseon
3413 2370 3618 2427 studium
3637 2379 3708 2420 me-

2217 2474 2318 2530 rita
2354 2487 2490 2544 pene
2523 2471 2922 2528 existimatione
2979 2468 3260 2526 Iraudarit.
3297 2464 3411 2520 Cur
3453 2465 3604 2531 itaque
3631 2457 3709 2515 Orio

2217 2564 2453 2638 genista's
2477 2566 2840 2620 insectaretur
2861 2561 3194 2631 Theophilus
3217 2574 3434 2614 causam
3457 2559 3580 2612 hanc
3596 2553 3707 2606 fuisse

2221 2658 2384 2714 tradit
2410 2657 2687 2714 Socrates.
2760 2655 3057 2724 Quaesitum
3112 2654 3164 2708 in
3192 2650 3431 2722 Egypto
3471 2663 3563 2703 non
3594 2642 3709 2698 multo

2217 2763 2342 2810 ante
2377 2753 2578 2818 fuerat,
2623 2752 2836 2807 Deusne
2887 2762 3182 2819 corporeus
3211 2752 3398 2810 esset,
3424 2751 3474 2798 et
3493 2743 3709 2796 humanam

2217 2843 2443 2900 formam
2472 2857 2666 2914 gerens
2687 2882 2702 2906 ,
2733 2856 2801 2895 an
2835 2839 3053 2909 penitus
3094 2837 3466 2906 incorporeus.
3506 2829 3640 2891 Multi,
3671 2837 3712 2878 ac

2216 2932 2573 3002 simpliciores
2600 2930 2900 3001 praisertim
2931 2927 3206 2990 monachi,
3229 2926 3397 2980 Deum
3429 2923 3624 2976 humano
3650 2916 3712 2968 hs-

2217 3023 2331 3078 hitu
2353 3022 2636 3092 praeditum
2676 3023 2986 3091 ﬁngebant,
3033 3017 3174 3072 unde
3204 3006 3710 3082 Anthropomotphitz,

2218 3117 2333 3171 sive
2358 3124 2416 3169 ut
2441 3115 2676 3185 loquitur
2700 3111 3032 3184 Epiphanius
3080 3107 3445 3163 Scholasticus
3473 3103 3520 3196 in
3558 3098 3712 3196 Trinit-

2216 3209 2316 3262 tita
2368 3205 2642 3270 Historia,
2686 3203 2780 3259 lib.
2823 3219 2878 3269 Χ,
2927 3215 3048 3271 cap.
3082 3201 3138 3263 7,
3177 3217 3197 3250 ι
3247 3190 3708 3251 Humauilormianii

2215 3300 2346 3356 dicti
2376 3311 2534 3364 sunt;
2596 3299 2775 3368 plures
2823 3295 3160 3352 contrariam
3223 3290 3537 3348 sententiam
3575 3293 3712 3352 seque.

2215 3393 2431 3448 bantur.
2460 3389 2566 3445 Hos
2595 3389 2738 3444 inter
2767 3396 2887 3443 erat
2915 3383 3269 3454 TheOpbilus,
3296 3383 3388 3453 qui
3434 3393 3542 3434 cum
3564 3371 3712 3444 opinio-

2215 3500 2338 3540 nem
2369 3499 2519 3540 suam
2550 3483 2602 3537 in
2630 3480 2854 3550 epistola
2886 3479 3116 3550 quadam
3175 3474 3418 3531 Paschali
3441 3514 3456 3538 ,
3491 3459 3712 3537 cujusmodl

2215 3576 2496 3648 epistolam
2526 3575 2591 3629 de
2619 3587 2766 3628 more
2791 3570 3084 3641 quotannis
3107 3566 3405 3630 scribebat,
3439 3556 3709 3632 prodidisset.

2214 3684 2388 3740 eaque
2413 3667 2481 3722 ad
2527 3665 2815 3736 Egyptios
2849 3671 3064 3717 ascetas
3095 3661 3288 3715 luisset
3337 3656 3550 3728 perlata,
3577 3650 3630 3703 ita
3650 3659 3712 3740 et-

2215 3734 2553 3818 cauduerunt
2581 3734 2686 3823 illi,
2725 3766 2785 3811 ut
2821 3753 3178 3822 Theophilum
3212 3752 3282 3806 ab
3316 3746 3540 3803 Ecclesia
3581 3734 3710 3805 expel-

2217 3853 2429 3907 lendum
2503 3858 2812 3906 censerent.
2889 3847 3140 3902 Scetinos
3219 3843 3505 3898 monachos
3556 3831 3711 3900 reliqui‘

2215 3945 2506 3999 sanctitate
2531 3940 2938 4012 praestantiores
2967 3948 3024 3994 et
3045 3937 3290 3993 doctrina
3315 3936 3453 3989 hanc
3476 3925 3709 3999 repudiISSe

2215 4050 2402 4092 omnes
2430 4034 2735 4104 epistolam,
2769 4041 2966 4105 praeter
2990 4031 3210 4086 unicum
3248 4030 3494 4083 abbatem
3529 4019 3709 4088 Papllml'

2219 4129 2348 4184 tium
2371 4169 2386 4193 ,
2421 4128 2611 4184 litteris
2662 4127 2881 4182 tradidit
2912 4123 3205 4180 Cassianus
3247 4120 3424 4176 collat.
3462 4115 3536 4180 IO,
3563 4106 3708 4205 Catio-1'.

2217 4220 2282 4274 Et
2323 4218 2546 4288 reliquis
2602 4231 2731 4273 vero
2781 4231 2879 4286 per
2922 4212 3216 4282 Egyptum
3264 4210 3464 4281 sparsis
3506 4195 3709 4288 monachis

2218 4287 2623 4380 plurimimanu
2682 4310 2824 4362 facta
2863 4307 3119 4362 advolant
3171 4300 3635 4358 Alexandriam,et
3670 4287 3711 4339 de

2220 4403 2594 4460 interﬁciendo
2619 4400 2918 4471 Theophilo
2969 4399 3226 4469 cogitant.
3293 4396 3384 4451 Ille
3425 4389 3615 4448 stolidos
3648 4382 3710 4436 ho-

2220 4496 2394 4551 mines
2425 4505 2544 4549 astu
2573 4495 2854 4556 tractavit,
2883 4503 2936 4550 et
2969 4494 3280 4563 ingruentes
3325 4482 3710 4557 compescuitam-

1395 4579 1675 4657 Quercum.
1717 4580 1856 4657 XVI.
1881 4571 2115 4657 Accusa;
2145 4572 2192 4628 Ῐ)
2220 4588 2379 4657 higuo
2410 4589 2512 4642 hoc
2533 4587 2716 4642 dicto:
2763 4605 2783 4638 ι
2821 4585 2912 4640 Sic
2951 4601 3050 4656 ego
3081 4601 3176 4640 vos
3221 4584 3354 4646 vidi,
3389 4580 3528 4652 quati
3575 4571 3708 4628 faciem

2219 4679 2348 4744 Dei,
2383 4696 2404 4731 ι
2442 4694 2550 4748 quo
2578 4677 2852 4748 quondam
2879 4676 3046 4733 Iacob
3074 4677 3214 4731 Esau
3256 4675 3474 4729 fratrem
3503 4661 3708 4758 suum

2218 4770 2412 4837 linivit,
2440 4746 2497 4822 III
2523 4746 2612 4824 est
2631 4769 2770 4824 Gen.
2810 4784 3009 4836 xxxm,
3043 4768 3130 4822 I0.
3167 4766 3371 4822 Placati
3403 4764 3472 4817 illi
3511 4768 3640 4814 unum
3673 4746 3709 4802 id

2220 4873 2489 4932 praeterea
2529 4863 2845 4933 postulant,
2882 4872 2940 4916 ut
2986 4862 3267 4916 damnaret
3319 4855 3550 4927 Origenis
3582 4846 3707 4933 libros.

2217 4931 2444 5023 quorum
2479 4931 2715 5007 nonnulli
2744 4952 2906 5021 ajDeo
2939 4965 3137 5020 corpus
3164 4948 3536 5019 abjudicabant
3563 4957 3575 4993 :
3603 4931 3708 5031 «Εείξ

2221 5060 2372 5110 vero,
2408 5045 2604 5114 inquit,
2647 5045 2890 5100 hominis
2940 5045 3096 5099 istius
3126 5042 3550 5100 lucubrationes,
3574 5040 3616 5086 el
3650 5036 3708 5093 ll“

2217 5152 2310 5192 eas
2370 5139 2635 5207 probant,
2669 5151 2909 5193 aversor.
2944 5156 2960 5189 ι
3011 5139 3189 5207 Atque
3251 5138 3356 5192 hoc
3400 5134 3497 5187 line
3541 5122 3709 5182 stetisset

2217 5229 2584 5287 controversia
2611 5272 2628 5299 ,
2688 5231 2794 5287 nisi
2857 5231 3039 5287 statim
3097 5244 3235 5286 nova
3276 5229 3357 5299 .de
3402 5237 3550 5283 causa
3578 5225 3706 5273 rectu-

2215 5323 2441 5378 duisset.

2289 5434 2564 5491 Prmerant
2619 5435 2956 5507 Egyptiacis
3005 5436 3351 5492 monasteriis
3408 5430 3502 5486 viri
3539 5427 3706 5495 quam“

2222 5525 2425 5595 pietate
2471 5526 2696 5591 nobiles,
2725 5528 3034 5592 Dioscorus,
3061 5526 3403 5589 Ammonius,
3429 5513 3646 5577 Eusebius
3673 5510 3707 5556 ει

2225 5617 2564 5687 Euthymius,
2589 5621 2833 5690 germani
2864 5620 3065 5677 fratres
3084 5660 3100 5685 ,
3130 5627 3338 5675 statura
3367 5610 3582 5686 proceri,
3611 5602 3706 5657 ideo-

2227 5721 2328 5778 que
2381 5707 2548 5780 Longi
2599 5711 2963 5781 cognominati
3024 5726 3040 5765 :
3095 5709 3236 5780 quod
3284 5708 3439 5764 etiam
3481 5699 3705 5769 cognomen
