3914 6536
1085 390 1654 460 ORIGENIANOBUM
1689 402 1816 460 LIB.
1856 402 1921 471 Il,
1955 402 2106 460 CAP.
2149 403 2238 468 IV,
2283 404 2476 462 SECT.
2517 405 2578 462 II.

245 509 522 607 habuisse
545 510 794 607 ipsorum
840 515 1159 607 partiarium
1228 518 1491 575 Isidorum
1541 522 1814 592 conjicere
1841 529 1887 585 Α
1918 526 2199 596 dogmatis,
2224 530 2362 597 quod
2395 529 2561 584 Deum
2593 530 2970 602 incorporeum
2999 531 3207 600 statuit,
3233 536 3484 607 quodque

243 600 359 653 licet
395 616 460 654 ex
508 600 615 656 isto
669 603 976 674 Hieronymi
1024 605 1192 674 Epist.
1229 607 1316 673 6i,
1364 609 1430 662 ad
1480 609 1814 677 Pammach.,

241 702 354 756 cap.
399 689 491 754 15,
530 708 550 740 ι
589 690 654 744 Et
695 700 874 746 tamen
908 693 1010 746 iste
1042 693 1402 766 Hieronymus
1426 712 1548 751 cum
1575 713 1814 766 pannosa

242 780 390 832 turba
420 788 477 834 et
517 782 814 838 sordidatis
849 784 1100 854 gregibus
1121 827 1136 851 ,
1169 789 1294 856 quid
1339 787 1544 844 Isidoro
1576 789 1652 842 illi
1708 789 1811 843 ful-

239 873 414 927 mineo
445 887 614 930 ausus
647 886 732 932 est
765 879 1132 946 respondere?
1177 881 1246 934 At
1291 895 1359 935 ne
1393 880 1531 935 forte
1573 881 1663 935 ille
1705 897 1810 936 non

235 964 501 1032 crederet,
535 976 592 1021 et
618 969 945 1038 opprimeret
981 986 1074 1026 eos
1099 976 1383 1042 praesentia
1412 983 1468 1029 et
1513 977 1655 1031 mole
1687 991 1809 1032 cor-

232 1060 373 1128 poris
397 1061 506 1125 sui,
542 1081 562 1112 ι
596 1072 702 1118 etc.
726 1062 858 1118 Cum
886 1063 1082 1121 fratres
1112 1067 1230 1122 illos
1255 1069 1549 1137 percharos
1579 1071 1804 1126 haberet

233 1150 604 1221 TheOphilus,
685 1155 1000 1212 Dioscorum
1080 1158 1464 1231 Hermopoleos
1528 1164 1809 1218 constituit

231 1243 580 1313 episcopum;
628 1247 764 1302 duos
796 1258 975 1303 autem
1027 1250 1224 1306 invitos
1271 1252 1410 1321 apud
1449 1267 1509 1308 se
1551 1254 1802 1309 detinuit.

231 1337 400 1406 Atque
432 1336 578 1392 hanc
601 1339 818 1408 quidem
851 1341 1040 1406 vitam,
1075 1343 1343 1400 desiderio
1385 1343 1510 1401 licet
1540 1351 1804 1405 monasti-

231 1443 303 1482 (τε
334 1429 463 1482 vitze
516 1429 882 1497 tabescentes,
935 1431 1260 1499 tolerabant,
1300 1437 1476 1504 quoad
1525 1450 1802 1508 perspecta

227 1521 459 1588 episcopi
494 1522 748 1586 avaritia,
782 1523 1052 1579 hominem
1078 1525 1252 1591 exosi,
1287 1541 1502 1582 rursum
1530 1530 1583 1584 in
1614 1530 1802 1585 solitu-

227 1610 397 1663 dinem
436 1619 561 1680 post
610 1612 900 1668 triennium
937 1625 1300 1670 secesserunt.
1335 1615 1509 1673 Causa
1556 1633 1803 1677 secessus

223 1703 456 1772 cognita,
491 1704 728 1773 pessima
761 1718 990 1776 quzeque
1013 1708 1249 1764 minatus
1277 1718 1361 1764 est
1395 1710 1499 1766 illis
1530 1711 1801 1782 Theophi-

223 1793 321 1857 Ius,
371 1795 666 1865 ipsumque
722 1797 1041 1852 Dioscorum
1090 1799 1320 1856 invisum
1389 1801 1597 1858 habuit.
1664 1805 1797 1860 Cum

220 1901 344 1956 ergo
383 1888 962 1958 Anthropomorphitis
1009 1889 1250 1947 infensos
1301 1893 1448 1963 ipsos
1477 1909 1544 1950 ex
1597 1897 1795 1952 mutuis

219 1977 600 2047 congressibus
651 1979 988 2049 agnovisset;
1037 1983 1176 2053 apud
1225 1983 1500 2055 simplices
1534 1988 1794 2054 quosdam

219 2081 266 2126 et
293 2072 542 2126 indoctos
572 2073 891 2138 monachos,
919 2089 1054 2142 quos
1085 2076 1356 2132 haereseos
1402 2077 1563 2147 hujus
1609 2079 1795 2137 amnes

216 2176 329 2216 esse
391 2163 636 2228 sciebat,
682 2164 1298 2236 Anthropomorphitam
1374 2184 1433 2224 se
1495 2151 1792 2238 professus,

217 2253 528 2310 Dioscorum
571 2271 694 2311 cum
741 2256 1002 2313 fratribus
1053 2259 1106 2312 in
1167 2261 1440 2316 contraria
1488 2277 1609 2318 esse
1647 2272 1794 2318 secta

215 2350 450 2415 monuit,
487 2359 544 2402 et
591 2363 788 2419 corpus
844 2352 952 2407 Deo
985 2351 1289 2418 detrahere,
1344 2353 1628 2424 Origenem
1667 2372 1792 2411 sen-

215 2439 387 2494 tentiae
438 2440 601 2509 lmjus
656 2453 943 2511 patronum
1011 2455 1249 2500 secutos.
1299 2444 1356 2499 In
1420 2444 1662 2500 fraudem
1710 2447 1794 2503 his

212 2532 556 2587 sermonibus
590 2533 757 2590 illecti
779 2536 902 2590 boni
952 2537 1200 2590 homines
1224 2538 1564 2600 Dioscorum,
1597 2539 1794 2608 ipsius-

211 2638 307 2692 que
343 2625 588 2680 asseclas
617 2627 968 2682 vehementer
998 2630 1266 2695 aversati,
1308 2631 1577 2688 invidioso
1607 2633 1785 2706 Orige-

211 2717 470 2772 nistarum
537 2717 756 2774 nomine
803 2718 1133 2775 infamantes
1183 2722 1546 2777 traduxerunt
1597 2743 1615 2779 :
1667 2740 1790 2780 cum

209 2823 299 2864 eos
352 2810 676 2865 econtrario
724 2811 1062 2879 adversarii,
1099 2815 1387 2882 pauciores
1424 2815 1644 2886 quidem
1692 2834 1785 2873 nu-

209 2913 375 2964 mero,
410 2901 507 2954 sed
545 2900 791 2955 doctrina
819 2910 872 2955 et
897 2917 994 2956 usu
1017 2915 1196 2955 rerum
1227 2904 1530 2972 peritiores,
1561 2905 1790 2961 Anthro-

208 2989 582 3060 pomorphitas
621 2989 977 3059 appellarent.
1020 2989 1096 3046 Ita
1148 2993 1505 3049 seditionibus
1553 2997 1692 3050 inter
1731 3011 1791 3052 se

208 3082 383 3150 agitati
411 3080 888 3136 conﬂictabantur.
921 3082 992 3136 At
1013 3082 1346 3152 Theophilus
1374 3085 1619 3154 privatas
1647 3087 1790 3157 inju—

209 3171 311 3226 rias
340 3186 714 3240 persequens,
745 3171 1175 3242 Origenistarum
1218 3174 1479 3229 tumultus
1521 3176 1783 3246 obtendit,
1812 3211 1855 3271 ϐ

207 3270 256 3316 et
278 3260 465 3316 Nitriae
487 3271 756 3332 occupato
783 3269 965 3316 monte
986 3301 1001 3326 ,
1047 3261 1622 3332 AnthrOpomorphitis
1663 3281 1784 3322 mo-

207 3353 387 3407 nachis
431 3367 588 3406 arma
630 3352 1042 3420 subministrat,
1091 3352 1332 3408 Dioscori
1397 3357 1783 3411 monasterium

206 3444 467 3511 incendit;
506 3446 603 3516 qui
649 3460 772 3500 cum
819 3443 1076 3500 fratribus
1108 3445 1326 3501 abditus
1363 3447 1540 3516 puteis
1572 3447 1662 3501 vix
1700 3447 1784 3502 in-

205 3540 410 3610 gruenti
439 3539 584 3594 cladi
614 3553 673 3593 se
711 3537 989 3594 subduxit.

267 3629 522 3701 Polybius
565 3629 1068 3686 Rhinocorurorum
1117 3633 1434 3702 episcopus,
1480 3631 1766 3704 Epiphaoii

204 3721 516 3792 discipulus,
570 3721 848 3792 ipsiusque
876 3724 1002 3778 vitae
1055 3724 1308 3793 scriptor,
1361 3733 1474 3780 tres
1517 3727 1786 3782 duntaxat

205 3825 446 3870 numerat
498 3814 718 3886 Longos
777 3815 1013 3882 fratres,
1061 3815 1410 3871 Heracleonis
1471 3818 1642 3885 ﬁlios,
1688 3819 1780 3889 qui

204 3907 541 3961 Alexandria:
607 3921 732 3961 cum
797 3906 1026 3976 imperio
1089 3909 1424 3978 pratfuerat,
1481 3911 1781 3982 Theophilo

205 4000 431 4054 amicitia
480 3998 838 4070 conjunctos,
882 4001 948 4054 ab
984 4013 1156 4069 eoqne
1191 4001 1246 4054 in
1295 4002 1482 4056 urbem
1524 4015 1554 4054 e
1591 4017 1782 4056 mona-

205 4095 375 4150 steriis
403 4108 506 4165 per
541 4093 785 4147 fraudem
818 4094 1102 4158 deductos,
1140 4092 1399 4162 majorem
1434 4103 1677 4148 creatum
1705 4095 1782 4149 ait

205 4189 534 4256 episcopum,
567 4186 704 4241 alios
737 4187 1014 4250 diaconos,
1042 4197 1097 4240 et
1134 4187 1395 4241 Ecclesiae
1443 4202 1776 4245 (nconomos.

205 4280 391 4336 Narrat
437 4280 637 4335 deinde
665 4280 769 4334 hoc
815 4293 1038 4335 munere
1081 4294 1177 4348 per
1207 4279 1495 4333 triennium
1536 4279 1774 4347 functos,

205 4377 462 4430 renitente
493 4372 793 4441 Theophila
833 4373 886 4438 il)
940 4373 1223 4441 pristinam
1270 4373 1614 4427 solitudinem
1646 4387 1780 4427 con-

203 4468 460 4532 cessisse;
520 4481 666 4536 :rgre
719 4465 772 4519 id
835 4465 1019 4520 tulisse
1070 4464 1463 4533 Theophilum,
1517 4467 1774 4536 ipsosque

1918 617 2031 684 ipse
2054 629 2208 673 antea
2249 631 2699 690 pr0pugnaverat,
2731 632 2786 678 et
2818 625 2993 679 adhuc
3022 625 3187 681 etiam
3229 637 3327 694 pro
3350 641 3481 683 vero

1915 707 2165 776 habebat,
2188 726 2385 766 vexare
2414 712 2570 781 hujus
2595 713 2850 770 doctrinae
2871 715 3042 785 gratia
3067 731 3351 787 aggressus
3372 728 3479 780 est,

1913 798 2008 852 sed
2041 799 2169 868 ipsis
2203 800 2462 856 famosam
2487 803 2910 872 Origenistarum
2936 806 3359 875 appellationem
3391 809 3479 862 vir

1912 899 2102 944 acutus
2137 889 2360 960 affinxit,
2389 909 2496 964 quo
2527 895 2850 966 Origenismi
2882 897 3222 953 adversarios
3247 898 3346 953 sibi
3387 900 3485 953 de-

1913 991 2233 1047 mereretur,
2277 993 2330 1038 et
2385 987 2667 1042 adversum
2728 987 2847 1042 illos
2897 990 3216 1045 concitaret.
3265 991 3328 1045 Et
3375 989 3478 1044 levi

1867 1097 1869 1101 ι
1912 1086 2044 1128 sane
2075 1085 2394 1143 argumento
2441 1077 2747 1158 impositam
2781 1078 2886 1134 illis
2912 1078 3238 1150 Origenismi
3270 1080 3479 1135 calum-

1909 1164 2052 1216 niam
2079 1165 2411 1233 approbavit,
2436 1180 2500 1220 eo
2522 1166 2724 1221 scilicet
2745 1170 2884 1236 quod
2907 1169 3186 1225 sententia:
3206 1169 3367 1240 hujus
3390 1183 3478 1224 as-

1907 1263 2082 1308 sertor
2106 1266 2248 1309 esset
2275 1254 2554 1328 Origenes,
2577 1273 2700 1327 quae
2727 1275 3040 1329 corpoream
3073 1277 3101 1317 a
3131 1261 3241 1317 Deo
3278 1263 3476 1318 molem

1906 1356 2173 1416 segregat.
2225 1349 2399 1418 Atque
2443 1363 2508 1403 eo
2542 1349 2752 1406 facilius
2803 1353 2853 1405 id
2895 1353 3180 1422 persuasit,
3226 1354 3368 1422 quod
3408 1355 3478 1407 ad

1905 1451 2020 1503 eos,
2067 1439 2141 1493 uti
2182 1455 2302 1494 mox
2339 1441 2600 1507 dicemus,
2641 1443 2970 1512 confugisset
3014 1443 3276 1511 Isidorus,
3312 1458 3472 1513 quem

1903 1531 2226 1585 acerrimum
2281 1533 2539 1588 doctrinae
2587 1534 2745 1603 hujus
2806 1547 3092 1605 patronum
3158 1537 3324 1592 fuisse
3360 1536 3474 1607 jam

1901 1635 2062 1690 supra
2111 1625 2464 1680 ostendimus.
2511 1624 2836 1698 Origenismi
2882 1643 3010 1699 ergo
3052 1643 3270 1684 causam
3314 1637 3468 1699 post-

1901 1729 2061 1783 quam
2108 1718 2272 1772 semel
2329 1719 2556 1774 obduxit
2612 1720 2902 1776 iracundiae
2948 1737 3090 1789 suae,
3135 1720 3474 1792 Origenistas

1867 1819 2090 1881 ;omnes
2132 1807 2384 1862 insectari
2424 1823 2704 1864 necessum
2734 1811 2958 1866 habuit:
2991 1811 3344 1881 quamobrem
3386 1825 3475 1866 re.

1901 1893 2037 1948 ferta
2065 1895 2167 1950 hoc
2195 1896 2472 1952 hominum
2501 1913 2696 1967 genere
2721 1897 2905 1954 Nitria:
2931 1900 3194 1955 asceteria
3222 1915 3474 1970 perscru-

1900 1993 2089 2052 tatum,
2116 2003 2219 2041 una
2261 2002 2384 2042 cum
2428 1989 2687 2045 Dioscoro
2725 1989 3059 2064 Origenistas
3095 2006 3284 2048 omnes
3325 1990 3475 2049 illinc

1899 2075 2215 2130 exturbasse
2240 2077 2530 2132 verisimile
2557 2087 2660 2133 est.

1965 2168 2056 2223 IlI.
2089 2167 2339 2235 Scetinis,
2384 2185 2479 2225 seu
2512 2169 2870 2227 Nitriensibus
2915 2173 3199 2230 monachis
3243 2172 3474 2240 (utrovis

1894 2261 2040 2316 enim
2077 2263 2234 2319 modo
2263 2263 2348 2318 vel
2391 2281 2421 2320 a
2450 2263 2618 2320 Nitria
2653 2275 2852 2331 monte,
2886 2267 3026 2322 vela
3062 2266 3210 2324 Secti
3250 2271 3471 2340 regiun-

1896 2356 2018 2409 cula
2054 2357 2160 2410 dici
2198 2357 2440 2428 possunt)
2477 2358 2578 2413 alia
2616 2360 2776 2414 etiam
2818 2373 2977 2414 causa
3026 2359 3309 2430 TheOphili
3339 2376 3472 2416 cou-

1894 2447 2127 2502 sciverat
2155 2449 2358 2504 odium.
2389 2449 2541 2505 Ilunc
2571 2453 2709 2507 inter
2750 2460 2801 2508 et
2833 2451 3052 2506 Petrum
3093 2451 3473 2507 Alexandrina:

1895 2538 2154 2594 Ecclesia:
2188 2541 2715 2612 archipresbyterum
2763 2542 3009 2598 simultas
3060 2542 3468 2598 intercesserat.

1893 2627 2031 2684 Hinc
2077 2629 2312 2686 infensus
2364 2630 2522 2686 Petro
2561 2631 2891 2703 Theophilus
2954 2632 3240 2688 admissam
3287 2633 3356 2687 ab
3401 2646 3470 2687 eo

1887 2729 2118 2790 questus
2159 2730 2240 2777 est
2277 2723 2342 2776 ad
2374 2724 2754 2793 mysteriorum
2799 2724 3236 2778 communionem
3273 2721 3468 2776 muIie-

1891 2825 2005 2866 rem
2033 2813 2320 2881 quamdam
2365 2812 2659 2868 Manichaea
2706 2813 2793 2868 lue
2831 2812 3112 2878 infectam,
3147 2814 3465 2882 priusquam

1891 2901 2136 2953 nuntium
2175 2901 2370 2957 haeresi
2411 2901 2724 2957 remisisset.
2764 2901 2986 2956 Factum
3027 2899 3196 2953 fuisse
3225 2899 3276 2952 id
3311 2898 3466 2966 juxta

1890 2988 2147 3044 Ecclesiae
2182 2991 2644 3056 consuetudinem,
2667 3001 2721 3046 et
2753 3005 2819 3044 ex
2843 2987 3126 3057 Theophili
3168 2987 3464 3050 sententia,

1889 3079 2083 3136 Petrus
2113 3083 2407 3152 reSpondit,
2431 3092 2486 3137 et
2517 3083 2825 3136 testimonio
2872 3078 3213 3135 contirmavit
3243 3077 3429 3132 Isidori
3448 3116 3464 3142 ,

1891 3191 2052 3248 supra
2090 3193 2119 3231 a
2151 3177 2306 3230 nobis
2341 3175 2646 3238 memorati,
2686 3175 2786 3227 viri
2820 3173 3021 3244 gravis,
3058 3183 3114 3226 et
3144 3186 3304 3240 quem
3345 3179 3470 3239 post

1889 3268 2125 3324 Nectarii
2185 3267 2390 3320 obitum
2441 3266 2502 3323 ad
2553 3263 3209 3331 Constantinopolitanam
3275 3261 3461 3316 sedem

1888 3362 2118 3418 evehere
2149 3359 2476 3428 TheOphilus
2503 3358 2803 3414 studuerat.
2835 3356 2928 3409 Hic
2963 3356 3201 3424 graviter
3231 3369 3464 3409 succen-

1888 3469 2014 3510 sens
2060 3463 2352 3522 utrumque
2387 3452 2624 3506 Ecclesia
2665 3449 2888 3520 expulit.
2925 3447 3060 3502 Rem
3103 3448 3175 3502 ita
3218 3462 3248 3501 a
3283 3446 3476 3501 multis

1887 3549 2098 3603 narrari
2149 3545 2316 3602 refert
2365 3546 2700 3600 Sozomenus
2742 3561 2756 3596 :
2806 3551 2862 3596 at
2905 3541 3066 3596 aliter
3099 3555 3129 3594 a
3174 3540 3292 3594 viro
3340 3553 3466 3592 cum

1886 3641 2166 3698 monachis
2207 3639 2313 3694 illis
2353 3637 2664 3694 conversari
2705 3635 2864 3691 solito
2895 3634 3172 3703 accepisse
3209 3647 3269 3688 se
3299 3630 3471 3696 dicit;

1886 3736 2021 3791 duas
2066 3749 2258 3803 nempe
2302 3747 2499 3786 causas
2544 3729 2800 3785 habuisse
2838 3726 3197 3795 Theophilum
3230 3741 3328 3780 cur
3363 3723 3466 3780 Isi-

1887 3829 2076 3885 dorum
2111 3829 2494 3889 insectaretur,
2522 3823 2682 3878 aliam
2710 3819 2917 3876 Isidoro
2947 3830 3002 3875 et
3031 3820 3192 3874 Petro
3219 3832 3466 3873 commu-

1884 3934 2030 3984 nem,
2056 3918 2197 3987 qnod
2223 3915 2499 3972 testiﬁcari
2528 3922 2874 3969 recusassent
2898 3911 3182 3980 Theophili
3217 3924 3463 3965 sororem

1885 3986 2347 4066 haeredemd'uissc
2365 4007 2656 4076 scriptam;
2685 4005 2842 4058 aliam
2871 4003 3080 4059 Isidoro
3105 4003 3460 4070 peculiarem,

1883 4103 2027 4171 quod
2054 4117 2174 4156 cum
2204 4115 2496 4171 pauperum
2528 4107 2739 4168 gereret
2769 4111 2976 4161 curam,
3004 4103 3257 4166 erogatas
3283 4095 3334 4148 in
3365 4109 3466 4150 eos

1883 4196 2139 4265 pecunias
2161 4193 2461 4263 Theophilo
2489 4193 2541 4246 in
2571 4189 2914 4245 exstruendis
2937 4186 3148 4257 templis
3173 4187 3464 4242 absumere

1884 4287 2078 4342 volenti
2115 4287 2245 4341 dare
2277 4285 2559 4339 renuisset.
2589 4281 2778 4336 Simile
2809 4281 2936 4350 quid
2968 4281 3132 4335 habet
3163 4279 3460 4344 Palladius,

1882 4398 1975 4438 seu
2009 4380 2254 4451 quisquis
2285 4378 2516 4447 scriptor
2542 4385 2627 4430 est
2653 4376 2775 4429 vita:
2805 4372 3201 4443 Chrysostomi,
3241 4386 3363 4426 nam
3395 4372 3464 4426 de

1883 4484 2105 4530 auctore
2135 4489 2240 4528 non
2285 4479 2499 4527 constat
2529 4469 2666 4537 apud
2693 4482 2913 4532 omnes;
2949 4466 3038 4536 qui
3073 4475 3131 4519 et
3159 4465 3262 4518 alia
3294 4464 3462 4518 multa

204 4562 581 4617 communione
624 4557 901 4629 privasse;
939 4560 1004 4612 ad
1037 4573 1198 4628 quam
1231 4573 1351 4612 cum
1405 4574 1526 4614 sese
1559 4559 1774 4613 admitti
1805 4560 1855 4620 D
1882 4558 2159 4630 congerit,
2205 4571 2323 4626 quae
2366 4556 2433 4608 ab
2477 4553 2598 4608 aliis
2654 4552 2925 4622 praeterita
2976 4567 3005 4604 a
3049 4550 3206 4605 nobis
3249 4564 3464 4619 quoque

203 4651 395 4710 frustra
448 4661 745 4721 rogarent,
788 4651 1229 4723 Chrysostomum
1287 4651 1664 4722 interpellasse
1711 4665 1776 4706 ea

202 4747 299 4802 sibi
338 4757 398 4802 ut
455 4746 880 4811 restitueretur;
932 4744 1230 4812 postulasse
1280 4744 1334 4798 id
1400 4759 1429 4798 a
1478 4745 1777 4816 TheOphilo

205 4839 685 4911 Chrysostomum,
730 4851 831 4891 nec
883 4837 1236 4906 impetrasse,
1303 4851 1506 4906 eosque
1562 4837 1775 4890 tandem

206 4930 479 5002 Theophili
539 4944 769 4985 censura
821 4928 1083 4984 liberasse
1128 4947 1143 4984 :
1193 4929 1320 4984 hinc
1385 4939 1572 4985 exorta
1634 4931 1778 4985 inter

208 5035 490 5095 utrumque
526 5023 775 5078 dissidia.

269 5118 330 5170 ll.
355 5118 528 5187 Igitur
555 5117 624 5170 ad
656 5117 956 5187 graviorem
989 5116 1268 5181 Dioscoro,
1306 5114 1584 5184 ipsiusque
1614 5115 1780 5171 sociis

207 5211 536 5265 conﬂandam
575 5209 854 5274 invidiam,
883 5210 1141 5279 singulari
1177 5210 1412 5263 versutia
1441 5208 1778 5278 Theophilus

206 5296 633 5370 Origenistarum
692 5316 909 5356 causam
960 5316 1080 5355 cum
1132 5302 1370 5371 ipsorum
1439 5316 1597 5355 causa
1643 5319 1777 5356 cou-

204 5389 388 5458 juuxit.
415 5393 555 5447 Cum
590 5393 733 5447 enim
758 5391 868 5459 jam
904 5392 1060 5462 vulgo
1097 5391 1239 5445 male
1263 5391 1448 5445 audire
1481 5403 1779 5448 sectatores

208 5481 450 5557 Origenis
496 5485 863 5554 intelligeret,
911 5485 1349 5552 clarissimosque
1404 5484 1571 5552 partis
1633 5483 1776 5538 illius

211 5589 594 5632 consectaneos
637 5593 665 5630 a
717 5575 1080 5632 Nitriensibus
1127 5575 1403 5630 monachis
1451 5576 1775 5630 subornatos

209 5672 492 5740 prodiisse,
517 5670 855 5740 Nitriamque
884 5672 1211 5740 praecipuum
1243 5668 1564 5740 Origenismi
1599 5669 1777 5724 domi-

212 5762 383 5816 cilium
415 5763 626 5831 haberi,
670 5778 898 5832 cumque
942 5764 1200 5819 adversus
1241 5777 1336 5817 eos
1374 5763 1442 5816 ab
1481 5761 1782 5831 Epiphanio

214 5861 262 5904 ct
310 5853 642 5924 Hieronymo
699 5855 1080 5926 instigaretur;
1135 5869 1238 5909 non
1297 5852 1414 5922 ejus
1475 5855 1783 5909 deleosorcs

1882 4653 2386 4724 prmtermittentnr.
2433 4647 2766 4703 Gravissima
2796 4660 2924 4699 vero
2963 4645 3053 4698 hic
3093 4651 3177 4698 cst
3206 4642 3464 4712 anonymi

1883 4745 2195 4815 cujusdam,
2242 4757 2270 4795 a
2323 4756 2428 4810 quo
2478 4738 2849 4810 Chrysostomi
2927 4736 3127 4805 scripta
3185 4744 3266 4790 est
3319 4735 3462 4795 vita,

1887 4851 2048 4905 quam
2102 4836 2153 4889 in
2203 4843 2452 4889 octavum
2500 4843 2700 4886 tomum
2730 4829 2963 4900 Operum
3011 4828 3182 4898 ipsius
3234 4825 3467 4894 conjecit

1886 4928 2144 4992 Savilit'ts,
2170 4939 2224 4981 et
2253 4925 2522 4980 Sinteonis
2547 4921 2928 4988 Metaphrastte
2963 4917 3334 4980 hallucinatio,
3367 4916 3464 4983 qui

1888 5023 2148 5077 Isidorum
2191 5018 2338 5071 illum
2379 5030 2502 5068 cum
2532 5013 2736 5068 Isidoro
2775 5010 3044 5063 Pelusiota
3083 5007 3462 5060 confundunt:

1887 5114 1989 5168 nisi
2036 5112 2173 5165 forte
2213 5108 2448 5177 priorem
2487 5106 2627 5158 hunc
2673 5101 2997 5156 Pelusiotam
3041 5113 3255 5168 quoque
3296 5099 3467 5152 fuisse
3560 5168 3565 5172 Ἰ

1885 5206 2026 5258 dicat
2063 5201 2276 5271 aliquis,
2321 5213 2444 5252 cum
2477 5195 2875 5250 Alexandrinus
2911 5203 3089 5247 tamen
3123 5191 3282 5260 vulgo
3314 5192 3467 5246 dica-

1885 5306 1990 5348 tur.
2044 5293 2146 5348 Sed
2211 5293 2569 5346 Sozomeuum
2614 5287 2798 5341 audire
2847 5301 3153 5356 pergamus.
3195 5284 3466 5356 Expulsus

1884 5391 2122 5444 Isidorus
2156 5384 2336 5440 Scetin
2367 5382 2504 5450 apud
2540 5382 2834 5435 monachos
2870 5379 3158 5434 concessit.
3183 5379 3307 5432 Adit
3333 5393 3464 5432 cou-

1884 5485 2030 5542 tinuo
2053 5479 2406 5550 TheOphilum
2435 5475 2768 5536 Ammonius,
2797 5473 3140 5542 postulatque
3161 5480 3219 5525 ut
3244 5472 3296 5525 in
3319 5487 3466 5526 com-

1883 5576 2187 5632 munionem
2232 5571 2491 5627 lsidorum
2525 5569 2817 5622 admittat:
2853 5568 3247 5635 tergiversante
3281 5565 3466 5618 Theo-

1881 5665 2028 5737 philo
2060 5665 2294 5720 instabat
2331 5647 2670 5724 Ammonius,
2693 5669 2766 5713 -et
2797 5675 2932 5728 quos
2969 5659 3072 5713 sibi
3117 5658 3328 5713 itineris
3360 5673 3453 5714 so-
3553 5737 3557 5740 .

1881 5758 1992 5813 cios
2023 5755 2373 5824 adjunxerat;
2418 5756 2549 5810 adeo
2579 5765 2636 5808 ut
2675 5753 3182 5822 perterrefacieudis
3219 5752 3360 5817 aliis,
3409 5763 3466 5809 et

1885 5867 1913 5906 a
1945 5866 2001 5906 se
2040 5850 2349 5905 amovendis
2384 5866 2547 5905 unum
2590 5865 2653 5905 ex
2695 5849 2824 5918 ipsis
2867 5849 2915 5901 in
2949 5861 3223 5903 carcerem
3269 5845 3446 5916 (ὶθιτικ
