3906 6538
459 395 601 450 11ιὸ

1720 380 1781 434 P.
1823 379 2141 437 DANlELlS
2179 376 2408 436 HUETII

3566 375 3710 431 1144

456 512 587 565 serit
612 505 965 576 Theophilus.
982 501 1135 558 Illum
1166 500 1361 570 reliqui
1389 498 1660 554 subsecuti
1696 499 1749 552 in
1778 503 2023 553 eamdem
2055 502 2102 557 A
2127 512 2235 567 que
2274 495 2551 551 erroribus
2594 493 2905 557 scaterent',‘
2936 490 3148 560 penitus
3170 503 3297 546 esse
3339 494 3711 561 respiratum;

457 600 756 657 custodiam
794 595 985 651 fraude
1010 595 1239 666 ingressi
1285 607 1405 648 sese
1431 602 1623 661 sponte
1669 590 2025 659 incluserunt,

456 694 600 763 quod
649 691 931 745 universos
993 686 1310 743 dimisisset.
1350 684 1513 751 Cujus
1561 685 1638 739 rei
1681 693 1827 738 tanta
1887 685 2028 752 apud

454 799 579 838 eum
612 782 712 836 fuit
756 780 1068 852 indignatio,
1109 786 1170 833 ut
1197 793 1320 834 cum
1354 792 1464 848 prae
1511 776 1692 845 quiete
1731 784 1786 831 et
1835 789 2027 831 mona-

456 877 605 930 sticae
631 875 753 929 vita:
789 873 981 930 studiis
1008 871 1218 943 reliqua
1244 871 1425 927 omnia
1452 884 1546 925 eos
1574 876 1893 938 postputare
1924 866 2023 921 sci-

456 974 561 1028 ret,
595 964 681 1023 his
708 965 856 1034 ipsos
883 961 1275 1028 intercluserit,
1301 960 1587 1016 concitatis
1616 958 1843 1015 subdole
1871 958 2028 1013 dissi-

455 1056 591 1119 diis,
639 1056 849 1111 turbata
895 1069 1060 1125 pace,
1107 1063 1161 1110 et
1195 1053 1542 1109 monasteriis
1591 1053 1713 1123 igne
1776 1049 2028 1122 ferroque

456 1144 695 1199 vastatis.
723 1144 883 1200 Addit
911 1144 1181 1199 Palladius
1214 1144 1397 1201 oranti
1432 1143 1713 1198 Ammonio
1754 1151 1809 1199 et
1835 1142 2026 1199 lsidori

454 1244 632 1302 partes
676 1236 856 1306 agenti
906 1235 1143 1291 ferreum
1191 1245 1436 1306 torquem
1504 1235 1737 1306 propriis
1782 1233 2028 1290 manibus

454 1324 704 1392 injecisse
758 1326 1141 1395 Theophilum,
1198 1327 1395 1398 pugnis
1446 1326 1692 1381 maxillas
1738 1335 1793 1383 et
1841 1325 2027 1382 oculos

453 1419 784 1485 contudisse,
811 1419 913 1473 hac
944 1419 1153 1489 ingesta
1189 1427 1244 1474 et
1279 1419 1502 1488 repetita
1530 1434 1662 1475 voce
1688 1438 1702 1475 :
1739 1419 2021 1486 eretice,

452 1510 841 1565 anathematiza
886 1509 1184 1581 Origenem.
1227 1507 1360 1565 Utut
1391 1518 1513 1574 est,
1562 1518 1774 1567 constat
1812 1511 2024 1578 episco-

453 1615 642 1669 porum
691 1601 952 1672 synodum
994 1599 1333 1655 Alexandriae
1375 1600 1618 1671 coegisse
1666 1600 2023 1671 Theophilum

450 1705 593 1745 anno
622 1690 823 1746 Christi
852 1690 978 1758 399,
1004 1692 1396 1760 damnatosque
1422 1706 1530 1747 uno
1559 1706 1657 1748 ore
1684 1692 2027 1763 Origenistas

452 1797 483 1834 e
514 1780 697 1837 Nitriae
730 1791 931 1844 monte,
962 1790 1019 1835 ut
1065 1796 1227 1850 supra
1263 1792 1540 1837 narratum
1588 1793 1690 1848 est,
1736 1784 2021 1855 exegisse:

452 1875 741 1929 accedente
770 1872 1153 1943 imperatorum
1192 1873 1544 1940 auctoritate,
1571 1873 1662 1943 qui
1693 1888 1761 1928 ex
1789 1873 2026 1945 Egypto

452 1973 511 2018 ut
550 1962 875 2033 pellerentur
929 1962 1144 2032 scriptis
1202 1962 1342 2018 datis
1395 1963 1690 2033 jusserant.
1740 1964 2029 2037 Synodicae

451 2055 609 2122 hujus
649 2054 861 2109 concilii
907 2055 1148 2123 epistola:
1194 2056 1491 2125 fragmenta
1524 2056 1766 2124 quaedam
1801 2059 1854 2112 in
1904 2059 2029 2129 Epi-

448 2148 585 2202 stola
613 2148 679 2202 ad
711 2146 919 2201 Menam
954 2145 1293 2203 Justinianus
1333 2150 1587 2203 servavit.
1636 2150 1915 2221 Adjiciunt
1960 2154 2027 2208 ad

449 2240 725 2307 superiora
762 2238 1026 2308 Georgius
1065 2239 1479 2305 Alexandrinus,
1506 2250 1561 2296 et
1598 2238 1818 2296 Simeon
1863 2241 2029 2297 Meta-

448 2332 716 2401 phrastes,
762 2330 957 2385 finibus
1014 2331 1127 2387 suis
1171 2337 1421 2386 extorres
1457 2332 1752 2387 monachos
1798 2332 2029 2386 Alexan-

447 2423 621 2479 driam
673 2425 983 2493 pervenisse
1010 2464 1027 2491 ,
1072 2433 1125 2479 et
1163 2424 1455 2480 miserabili
1495 2440 1683 2480 eorum
1734 2424 1918 2481 habitu
1954 2429 2027 2481 ita

447 2525 772 2570 commotam
814 2516 980 2571 fuisse
1025 2516 1257 2585 plebem,
1308 2524 1368 2569 ut
1403 2515 1761 2585 Theophilum
1808 2516 2027 2571 latitan-

449 2618 556 2664 tem
591 2609 657 2662 ad
702 2623 887 2663 necem
909 2609 1244 2677 deposceret,
1276 2609 1473 2677 vixque
1503 2608 1749 2674 praesidis
1778 2608 2029 2663 adhorta-

447 2701 687 2755 tionibus
729 2701 1029 2755 sedaretur.
1065 2698 1306 2769 Digressi
1332 2714 1399 2754 ex
1444 2697 1682 2770 IEgypto
1711 2696 2028 2769 Origeniswe

445 2790 838 2862 Jcrosolymam
870 2791 937 2846 ad
980 2789 1242 2847 Joannem
1299 2792 1449 2846 urbis
1493 2791 1795 2846 antistitem
1834 2789 2025 2847 confu-

447 2886 621 2954 giunt,
649 2900 807 2954 quem
845 2892 1005 2939 antea
1037 2884 1284 2954 partibus
1316 2886 1431 2939 suis
1462 2883 1730 2938 faventem
1763 2898 2027 2955 cognove-

450 2988 596 3032 rant.
631 2977 930 3049 Sylvanum
963 2991 1085 3031 eum
1120 2990 1401 3045 perperam
1445 2974 1718 3044 appellant
1762 2973 2027 3045 Georgius

447 3070 846 3124 Alexandrinus
872 3070 926 3123 in
966 3067 1092 3121 Vita
1121 3067 1495 3138 Chrysostomi,
1523 3082 1648 3137 cap.
1673 3066 1762 3134 38,
1800 3076 1855 3121 et
1889 3068 2027 3123 alter

445 3176 745 3231 anonymus
791 3161 1022 3230 scriptor
1065 3159 1198 3215 Viue
1241 3158 1633 3231 Chrysastomi,
1677 3161 1927 3253 cap.89,
1968 3169 2023 3217 et
2050 3196 2092 3253 ο

447 3254 665 3310 Simeon
726 3254 1117 3324 Metaphrastes
1166 3255 1220 3308 in
1284 3253 1402 3307 Vita
1462 3252 1845 3323 Chrysastomi.
1882 3252 2019 3307 Nam

446 3360 586 3399 anno
611 3344 736 3410 586,
782 3346 835 3399 in
877 3344 1336 3416 Jerosolymitano
1369 3347 1564 3401 throno
1611 3347 1814 3401 sedisse
1854 3345 2021 3401 Joan-

447 3454 592 3506 nrm,
629 3438 830 3493 obiisse
866 3453 996 3493 vero
1023 3454 1167 3494 anno
1188 3438 1314 3503 416,
1346 3439 1681 3495 demonstrat
1714 3438 2019 3494 Baronins:

444 3526 835 3597 Jerosolymam
865 3538 1045 3584 autem
1082 3544 1224 3585 anno
1264 3528 1368 3585 399
1411 3529 1756 3600 Origenistm,
1788 3539 1846 3585 ut
1882 3530 2016 3598 dixi,

442 3621 828 3691 confugerunt.
887 3621 1179 3677 Submissis
1244 3623 1501 3677 continuo
1564 3623 1616 3677 in
1682 3623 2020 3678 Palaestinam

445 3712 638 3777 legatis
686 3712 870 3768 Prisco
918 3723 973 3768 et
1018 3714 1259 3780 Eubulo,
1308 3713 1639 3784 Jerosolyma
1705 3730 1919 3785 quoque
1966 3724 2021 3771 et

447 3803 706 3872 proximis
741 3803 869 3859 locis
910 3819 1003 3859 eos
1047 3805 1242 3874 expelli
1289 3814 1444 3860 curat
1488 3805 1841 3875 Theophilus,
1894 3822 2021 3862 nus-

445 3908 606 3961 quam
637 3905 968 3964 repugnante
1011 3893 1236 3950 Joanne.
1276 3896 1479 3950 llorum
1514 3898 1882 3966 conjecturam
1927 3913 2021 3953 ca-

446 3983 621 4051 pimus
660 3998 725 4039 ex
759 3983 984 4053 epistola
1014 3984 1082 4039 70
1122 3974 1458 4055 Hieronymi.
1487 3984 1856 4057 Scythopol'un
1896 3987 2019 4044 Ori-

446 4076 670 4136 genistze
716 4090 939 4132 numero
990 4077 1204 4132 circiter
1247 4077 1514 4146 octoginta
1577 4079 1912 4148 perveniunt.
1961 4080 2017 4134 In

447 4167 530 4220 his
577 4167 887 4233 Dioscorus,
936 4168 1275 4233 Ammonius,
1327 4168 1623 4233 Eusebius,
1672 4169 2014 4242 Euthymius,

446 4258 661 4323 Ilierax,
688 4259 857 4315 lsaaci
890 4260 1014 4324 duo,
1042 4269 1093 4315 et
1124 4259 1381 4316 Isidorus.
1416 4262 1487 4316 At
1520 4276 1644 4317 cum
1671 4261 1738 4316 ad
1785 4264 2019 4333 impera«

446 4360 613 4402 torem
657 4350 941 4409 Arcadium
987 4361 1041 4406 et
1081 4351 1547 4421 archiepiscopum
1607 4351 1871 4408 Joannem
1922 4354 2015 4410 de-

444 4439 612 4494 lectos
661 4454 692 4494 e
752 4440 927 4496 Nitria
986 4443 1310 4507 monachos,
1359 4440 1685 4512 Origenistis
1740 4443 2012 4510 infensos,

2128 596 2317 642 contra
2366 583 2701 654 pertendisse
2729 582 3060 647 monachos,
3103 582 3364 651 quidquid
3412 583 3594 635 inerat
3628 598 3715 637 er-

2129 694 2335 743 rorum,
2365 677 2434 732 ab
2480 674 2753 731 haereticis
2790 674 2959 731 fuisse
2991 675 3285 741 insertum;
3335 690 3443 730 nec
3490 687 3714 744 propter

2126 786 2189 825 ea
2221 784 2340 840 quae
2366 769 2421 823 in
2457 768 2935 835 reprehensionem
2964 769 3158 824 merito
3186 768 3470 834 venirent,
3500 767 3710 837 reliqua

2127 877 2247 918 esse
2290 862 2611 917 damnanda.
2667 862 2801 920 Hinc
2848 873 3025 919 ortam
3074 861 3447 927 seditionem;
3490 874 3561 915 ex
3606 875 3715 927 quo

2127 952 2517 1009 contentiosum
2561 964 2615 1010 et
2661 970 2872 1025 pugnax
2920 953 3325 1010 cervicosorum
3354 949 3713 1021 Origenista-

2128 1059 2246 1099 rum
2279 1043 2554 1114 ingenium
2606 1061 2836 1116 arguas;
2884 1045 2975 1116 qui
3016 1060 3135 1099 cum
3188 1043 3583 1112 episcoporum
3626 1059 3719 1096 al-

2128 1137 2376 1191 ctoritate
2409 1137 2629 1206 reprimi
2679 1152 2785 1195 non
2820 1144 3063 1207 possent,
3092 1137 3495 1191 assumendum
3544 1132 3718 1189 fuisse

2127 1227 2460 1293 praefectum,
2490 1229 2558 1282 ab
2589 1243 2762 1298 eoque
2792 1229 2845 1283 in
2880 1229 3059 1299 fugam
3088 1226 3371 1297 coniectos
3408 1225 3720 1279 monachos

2127 1318 2202 1373 ita
2232 1318 2503 1389 dispersos
2533 1334 2673 1386 esse,
2702 1329 2761 1375 ut
2799 1320 3090 1390 propositis
3127 1318 3326 1373 edictis
3356 1316 3565 1371 nullibi
3597 1330 3723 1370 con-

2126 1411 2324 1466 sistere
2358 1412 2687 1468 sinerentur.
2713 1412 2876 1467 Addit
2901 1420 3129 1481 postea:
3165 1427 3184 1463 ι
3217 1410 3327 1465 Sed
3380 1419 3571 1463 tamen
3607 1409 3723 1463 sive

2128 1503 2259 1557 illud
2288 1516 2441 1558 error
2470 1513 2574 1565 est,
2601 1513 2660 1558 ut
2686 1518 2787 1573 ego
2826 1503 3036 1567 sentio;
3075 1503 3187 1557 sive
3226 1501 3489 1563 haeresis,
3524 1509 3586 1553 ut
3621 1514 3717 1568 pu-

2129 1604 2293 1659 tatur,
2318 1609 2425 1649 non
2453 1594 2625 1650 solum
2660 1595 2879 1663 reprimi
2916 1610 3021 1649 non
3050 1596 3221 1664 potuit
3244 1594 3439 1649 multis
3474 1593 3723 1647 animad-

2126 1688 2467 1743 versionibus
2514 1686 2884 1753 sacerdotum,
2930 1689 3023 1743 sed
3065 1700 3409 1758 nequaquam
3449 1695 3569 1740 tam
3617 1685 3724 1739 late

2127 1793 2187 1835 se
2217 1778 2479 1847 potuisset
2508 1776 2804 1845 eﬁundere,
2840 1778 2943 1833 nisi
2972 1780 3325 1834 contentione
3364 1778 3672 1833 crevisset.
3696 1795 3715 1829 ι

2130 1871 2369 1940 Denique
2408 1883 2508 1925 nec
2552 1870 2928 1939 episcoporum
2971 1870 3344 1938 severitatem,
3377 1884 3488 1925 nec
3532 1884 3724 1923 mona-

2128 1962 2352 2016 chorum
2387 1958 2809 2029 perduellionem
2845 1960 3077 2029 probare
3100 1974 3160 2016 se
3191 1960 3345 2014 dicit.
3380 1959 3556 2027 Quod
3586 1960 3716 2014 mihi

2126 2068 2258 2109 sane
2295 2053 2449 2108 valde
2484 2051 2742 2123 probatur
2784 2051 3083 2120 judicium;
3128 2068 3251 2107 nam
3299 2053 3480 2107 nimis
3535 2067 3722 2107 severe

2128 2143 2181 2197 in
2210 2139 2545 2213 Origenistas
2576 2157 2604 2195 a
2633 2139 2932 2211 Theophilo
2960 2141 3265 2198 consultum
3294 2150 3424 2209 est;
3463 2142 3569 2198 sed
3602 2158 3722 2212 gra-

2127 2233 2245 2289 vius
2298 2242 2476 2288 tamen
2533 2246 2793 2303 peccasse
2833 2232 3083 2290 videntur
3126 2234 3387 2289 monachi
3430 2249 3464 2287 a
3523 2234 3721 2303 quibus

2130 2334 2237 2380 tam
2284 2324 2567 2395 praefracte
2595 2326 2978 2397 episcoporum
3011 2326 3311 2381 auctoritas
3359 2326 3721 2397 pessumdata

2126 2425 2230 2472 est.

2196 2509 2261 2565 ν.
2294 2510 2638 2567 Anastasium
2673 2511 2889 2568 interim
2938 2526 3207 2568 summum
3252 2512 3582 2581 pontificem
3632 2530 3723 2583 per

2126 2603 2441 2674 synodicam
2510 2603 2793 2674 epistolam
2855 2606 2933 2660 rei
2990 2614 3156 2675 gesta
3217 2606 3522 2661 certiorem
3596 2608 3724 2664 fecit

2127 2693 2478 2766 Theophilus,
2525 2711 2590 2751 ac
2634 2695 2770 2752 alios
2805 2696 2932 2751 item
2976 2695 3280 2766 episcopos,
3324 2698 3424 2752 sed
3477 2698 3724 2768 Epipha-

2127 2785 2274 2840 nium
2313 2786 2676 2856 potissimum,
2703 2789 2771 2843 ad
2797 2801 2958 2857 quem
2990 2788 3208 2856 scripsit
3234 2787 3287 2842 in
3324 2802 3449 2843 eam
3488 2799 3725 2846 senten-

2128 2877 2292 2942 tiam,
2338 2893 2398 2934 se
2441 2877 2693 2947 Origenis
2730 2879 2982 2935 colubros
3018 2879 3327 2950 evangelica
3368 2894 3511 2935 ense
3565 2892 3724 2935 trun-

2125 2983 2296 3036 casse,
2320 2980 2374 3026 et
2402 2970 2689 3027 fecundum
2716 2971 2902 3028 Nitriae
2930 2972 3313 3028 monachorum
3346 2988 3562 3042 agmen
3594 2990 3725 3029 eoa-

2128 3062 2342 3132 taglone
2372 3061 2629 3130 pestifera
2675 3062 2964 3128 liberasse;
2997 3061 3106 3131 jam
3154 3076 3283 3116 vero
3310 3075 3433 3116 esse
3474 3076 3723 3131 operum

2127 3151 2293 3220 ipsius
2324 3149 2627 3221 Epiphanii,
2652 3151 2881 3222 Cyprios
2915 3153 3197 3222 episcopos
3241 3165 3626 3222 congregare,
3668 3163 3724 3207 et

2123 3242 2255 3297 dare
2300 3243 2604 3312 negotium,
2652 3253 2709 3298 ut
2752 3260 2771 3295 ι
2803 3244 3064 3314 Origenes
3111 3244 3451 3307 nominatim,
3497 3254 3566 3299 et
3625 3258 3724 3299 ne-

2126 3337 2255 3392 faria
2302 3338 2527 3393 haeresis
2575 3340 3007 3405 condemnetur;
3035 3357 3055 3392 ι
3111 3339 3304 3395 deinde
3350 3353 3486 3393 vero
3545 3354 3721 3410 syno—

2124 3428 2271 3483 dicas
2309 3429 2568 3495 epiStolas
2612 3429 2678 3484 ad
2715 3445 2804 3497 se,
2851 3438 2905 3484 et
2950 3430 3016 3484 ad
3065 3428 3321 3485 Joannem
3362 3428 3723 3500 Chrysosto—

2122 3534 2294 3584 mum,
2331 3520 2572 3589 aliosque
2603 3521 2891 3591 episcopos
2943 3522 3194 3587 mittere;
3231 3520 3397 3575 fuisse
3428 3522 3721 3591 perlatum

2123 3612 2188 3665 ad
2241 3624 2299 3667 se
2348 3609 2685 3682 Origenistas
2734 3627 2802 3668 ex
2838 3612 3071 3684 Egypto
3115 3612 3352 3683 deiectos
3411 3614 3724 3683 navigasse

2120 3701 2675 3775 ConstantinOpolim;
2717 3715 2873 3762 curet
2907 3707 3072 3776 igitur
3101 3714 3159 3761 ut
3186 3706 3423 3769 Isauriae,
3446 3716 3510 3759 et
3555 3706 3726 3761 Pam-

2120 3794 2322 3863 philiae,
2344 3796 2751 3868 vicinarumque
2778 3799 3174 3867 provinciarum
3204 3799 3468 3854 antistites
3502 3813 3723 3869 operas

2118 3901 2245 3942 suas
2269 3887 2337 3942 ad
2382 3890 2793 3958 exstirpandum
2824 3888 3221 3961 Origenismum
3261 3890 3583 3955 conferant,
3636 3892 3719 3947 vi-

2120 3992 2239 4031 rum
2266 3978 2495 4048 aliquem
2542 3980 2866 4037 industrium
2901 3983 3416 4053 Constantinopolim
3468 3983 3715 4048 mittat,

2119 4069 2208 4137 qui
2255 4068 2381 4123 illuc
2426 4085 2543 4138 quae
2588 4080 2737 4141 gesta
2797 4081 2922 4127 sunt
2975 4072 3209 4137 referat;
3252 4087 3530 4127 summam
3587 4088 3717 4129 esse

2119 4162 2257 4229 apud
2300 4175 2491 4216 omnes
2540 4163 2595 4216 in
2640 4162 2876 4233 Egypto
2922 4163 2993 4218 ob
3041 4162 3373 4233 proﬂigatam
3437 4163 3715 4219 heresim

2119 4252 2380 4308 laetitiam.
2433 4253 2617 4310 Notari
2660 4255 2838 4311 obiter
2888 4256 3047 4310 velim
3078 4256 3375 4323 jocularem
3427 4255 3719 4313 Cuidonis

2117 4347 2419 4403 Carmelitaa
2465 4363 2737 4415 errorem,
2782 4353 2875 4420 qui
2924 4351 3207 4420 Theophili
3254 4350 3439 4414 verba,
3489 4352 3714 4419 quibus

2117 4437 2366 4508 Origenis
2427 4440 2681 4497 colubros
2740 4456 2801 4497 se
2850 4442 3161 4513 evangelico
3204 4456 3334 4497 ense
3404 4450 3714 4497 truncasse

441 4529 686 4598 aliosque
737 4532 1268 4599 Constantinopolim
1329 4532 1592 4602 allegasse
1656 4534 2011 4603 TheOphilum
2050 4542 2091 4598 υ
2120 4532 2259 4602 apud
2292 4532 2648 4602 Epiphanium
2674 4535 2935 4604 jactabat,
2968 4548 3245 4605 perperam
3279 4534 3709 4601 interpretatus,

442 4621 799 4690 accepissent,
827 4624 917 4691 qui
948 4638 1045 4691 pro
1066 4638 1124 4678 se
1151 4638 1371 4678 causam
1397 4624 1662 4689 dicerent,
1688 4626 1874 4681 eodem
1914 4628 2011 4695 ipsi

442 4711 509 4765 ad
538 4712 817 4768 diluendas
856 4713 1138 4776 Theophili
1186 4717 1599 4783 accusationes,
1644 4730 1878 4787 suasque
1927 4732 2015 4774 res

441 4806 811 4875 procurandas
834 4805 1073 4874 profecti
1102 4818 1247 4861 sunt.

512 4892 600 4949 ις’.
646 4894 747 4950 Per
775 4897 915 4951 idem
951 4905 1162 4966 tempus
1190 4913 1298 4967 quo
1327 4897 1443 4953 haec
1471 4899 1771 4969 agebantur
1803 4900 2012 4957 delatus

440 4988 602 5042 estin
642 5003 736 5043 eas
770 5003 895 5044 oras
930 5004 961 5043 a
990 4989 1159 5044 Gallia
1198 4989 1638 5050 Posthumianus.
1686 4993 1884 5050 Narrat
1924 4996 2014 5051 ille

440 5079 582 5149 apud
620 5078 919 5149 Sulpicium
969 5079 1224 5137 Severum
1266 5086 1311 5117 ²⁰
1342 5084 1513 5142 ftedas
1548 5087 1831 5154 episcopos
1871 5086 2013 5142 inter

437 5181 494 5226 et
540 5174 835 5228 menachos
880 5177 1319 5231 concertationes
1370 5178 1781 5245 intercessisse,
1837 5197 1856 5230 ι
1886 5179 2013 5247 quia

439 5266 747 5333 congregati
781 5266 831 5319 in
867 5282 1031 5320 unum
1060 5268 1255 5337 saepius
1297 5268 1608 5323 sacerdotes
1637 5267 2011 5339 frequentibus

436 5352 746 5408 decrevisse
789 5356 1008 5426 synodis
1038 5358 1384 5423 videbantur,
1411 5374 1478 5413 ne
1507 5360 1630 5429 quis
1661 5360 1913 5431 Origenis
1944 5362 2012 5416 li-

438 5444 567 5500 bros
612 5446 817 5515 legeret
861 5459 954 5503 aut
1007 5450 1256 5517 haberet,
1299 5454 1391 5521 qui
1443 5462 2010 5507 tractator-sacrarum

440 5531 842 5603 Scripturarum
889 5538 1249 5607 peritissimus
1290 5539 1680 5607 habebamus
1734 5542 2010 5597 censuisse

438 5624 738 5694 episcopos,
772 5626 941 5683 libros
992 5630 1260 5701 Origenis,
1295 5632 1439 5699 quod
1476 5632 1679 5701 sparsis
1720 5633 1825 5687 huc
1861 5632 2011 5687 illuc-

2121 4630 2368 4691 questum
2401 4621 2453 4676 id
2489 4621 2657 4678 fuisse
2686 4623 2906 4691 scripsit
2938 4623 3312 4693 Theophilum,
3343 4624 3486 4692 quod
3522 4639 3710 4677 mem-

2123 4714 2218 4768 bra
2248 4713 2353 4770 sibi
2390 4712 2534 4769 ferro
2565 4724 2879 4769 truncarent
2903 4715 3244 4786 Origenistaz,
3272 4725 3328 4769 ut
3358 4716 3709 4770 haberentur

2122 4804 2356 4861 humiles
2380 4815 2434 4859 et
2464 4805 2702 4873 religiosi
2726 4806 2794 4861 ²¹.
2824 4806 2941 4861 Mox
2981 4819 3039 4862 ut
3066 4808 3377 4877 synodicam
3404 4806 3706 4876 Theophili

2120 4897 2403 4966 epistolam
2431 4900 2641 4968 accepit
2669 4898 3021 4968 Epiphanius,
3053 4902 3119 4955 ad
3151 4899 3533 4970 llierouytnum
3567 4916 3708 4955 corr

2122 4987 2270 5043 tinuo
2316 4988 2554 5054 remisit,
2600 4988 2869 5059 aliamque
2898 4991 3095 5059 adjecit
3133 4992 3200 5045 de
3233 5007 3351 5057 suo,
3379 4992 3435 5045 in
3470 5008 3580 5055 qua
3626 4996 3706 5047 sic

2116 5077 2264 5132 illum
2317 5077 2511 5134 affatur
2530 5080 2620 5134 “z
2657 5098 2677 5131 ι
2722 5081 2909 5149 Scito,
2960 5082 3033 5136 fili
3079 5083 3430 5147 charissime,
3470 5084 3706 5140 Amalec

2118 5184 2287 5245 usque
2313 5170 2381 5228 ad
2408 5171 2629 5242 stirpem
2667 5187 2786 5228 esse
2814 5174 3070 5239 deletum,
3103 5184 3156 5229 et
3182 5175 3235 5229 in
3279 5184 3460 5230 monte
3492 5174 3703 5243 Raphi-

2116 5264 2225 5317 dim
2289 5274 2529 5318 erectum
2584 5273 2841 5334 tropaeum
2887 5267 3091 5323 crucis.
3150 5268 3364 5322 Etenim
3420 5271 3703 5338 quomodo

2118 5355 2380 5423 porrectis
2403 5357 2457 5409 in
2482 5356 2650 5415 altum
2678 5356 2844 5428 Moysi
2869 5358 3137 5424 niauihus,
3156 5360 3405 5414 vincebat
3432 5360 3697 5421 lsraet”;

2117 5450 2198 5503 sic
2232 5448 2489 5503 Dominus
2534 5450 2860 5506 confortavit
2910 5452 3169 5511 famulum
3207 5468 3364 5507 suum
3412 5453 3695 5523 Theophi-

2116 5538 2247 5607 lum,
2290 5551 2347 5594 ut
2378 5555 2542 5610 super
2572 5542 2742 5597 altare
2790 5543 3047 5599 Ecclesia:
3088 5544 3468 5599 Alexandrina:
3504 5557 3695 5601 contra

2119 5632 2404 5704 Origenem
2459 5633 2713 5689 vexillum
2769 5646 3031 5706 poneret,
3069 5645 3123 5693 et
3169 5637 3491 5707 impleretur
3530 5638 3588 5692 in
3629 5652 3695 5692 eo

512 5741 557 5828 ζῆ
595 5739 798 5828 Sulpic.
837 5743 1022 5828 sever.
1060 5746 1202 5802 Dial.
1248 5762 1438 5818 t,cap.
1472 5749 1524 5803 3.
1604 5749 1647 5781 ¹¹
1690 5748 1847 5805 Guid.
1884 5750 1933 5803 in
1974 5748 2190 5807 Summa
2218 5751 2280 5804 de
2313 5751 2496 5806 hwres.
2525 5750 2575 5805 in
2622 5750 2753 5808 hrcr.
2797 5751 3013 5824 Origcn.
3090 5755 3130 5789 ι’
3156 5751 3376 5809 Hieron.
3406 5754 3561 5828 epist.
3602 5756 3692 5812 75.

447 5808 491 5843 “
522 5808 848 5874 Exodixm.
882 5816 966 5875 tl.
