  <div class='ocr_page' id='page_1' title='image "/cluster/home/n/w/nwhite01/storage/ocr_20150623/17/hvd.32044051719607/584.png"; bbox 0 0 3914 6536; ppageno 0'>
   <div class='ocr_carea' id='block_1_1' title="bbox 186 379 317 435">
    <p class='ocr_par' dir='ltr' id='par_1_1' title="bbox 186 379 317 435">
     <span class='ocr_line' id='line_1_1' title="bbox 186 379 317 435; baseline 0.023 -3"><span class='ocrx_word' id='word_1_1' title='bbox 186 379 317 435; x_wconf 66' lang='grc'><strong>1145</strong></span> 
     </span>
    </p>
   </div>
   <div class='ocr_carea' id='block_1_2' title="bbox 187 582 1764 673">
    <p class='ocr_par' dir='ltr' id='par_1_2' title="bbox 187 582 1764 673">
     <span class='ocr_line' id='line_1_2' title="bbox 187 582 1764 673; baseline 0.016 -38"><span class='ocrx_word' id='word_1_2' title='bbox 187 583 424 637; x_wconf 75' lang='lat' dir='ltr'><strong>fnunlitus</strong></span> <span class='ocrx_word' id='word_1_3' title='bbox 455 582 713 656; x_wconf 91' lang='lat' dir='ltr'><strong>Origeuis</strong></span> <span class='ocrx_word' id='word_1_4' title='bbox 749 590 996 645; x_wconf 63' lang='lat' dir='ltr'><strong>haeresim</strong></span> <span class='ocrx_word' id='word_1_5' title='bbox 1032 611 1061 646; x_wconf 91' lang='lat' dir='ltr'><strong>a</strong></span> <span class='ocrx_word' id='word_1_6' title='bbox 1094 593 1228 661; x_wconf 76' lang='lat' dir='ltr'><strong>facie</strong></span> <span class='ocrx_word' id='word_1_7' title='bbox 1267 607 1422 654; x_wconf 75' lang='lat' dir='ltr'><strong>terra:</strong></span> <span class='ocrx_word' id='word_1_8' title='bbox 1468 615 1591 655; x_wconf 91' lang='lat' dir='ltr'><strong>cum</strong></span> <span class='ocrx_word' id='word_1_9' title='bbox 1646 603 1764 673; x_wconf 92' lang='lat' dir='ltr'><strong>ipso</strong></span> 
     </span>
    </p>
   </div>
   <div class='ocr_carea' id='block_1_3' title="bbox 190 673 1766 762">
    <p class='ocr_par' dir='ltr' id='par_1_3' title="bbox 190 673 1766 762">
     <span class='ocr_line' id='line_1_3' title="bbox 190 673 1766 762; baseline 0.016 -38"><span class='ocrx_word' id='word_1_10' title='bbox 190 673 451 728; x_wconf 64' lang='lat' dir='ltr'><strong>Amalec.»</strong></span> <span class='ocrx_word' id='word_1_11' title='bbox 489 676 610 744; x_wconf 87' lang='lat' dir='ltr'><strong>Quo</strong></span> <span class='ocrx_word' id='word_1_12' title='bbox 643 693 961 751; x_wconf 86' lang='lat' dir='ltr'><strong>argumento</strong></span> <span class='ocrx_word' id='word_1_13' title='bbox 984 686 1048 738; x_wconf 91' lang='lat' dir='ltr'><strong>ad</strong></span> <span class='ocrx_word' id='word_1_14' title='bbox 1080 687 1440 758; x_wconf 83' lang='lat' dir='ltr'><strong>Epiphanium</strong></span> <span class='ocrx_word' id='word_1_15' title='bbox 1474 694 1766 762; x_wconf 76' lang='lat' dir='ltr'><strong>scripserat</strong></span> 
     </span>
    </p>
   </div>
   <div class='ocr_carea' id='block_1_4' title="bbox 190 765 1765 849">
    <p class='ocr_par' dir='ltr' id='par_1_4' title="bbox 190 765 1765 849">
     <span class='ocr_line' id='line_1_4' title="bbox 190 765 1765 849; baseline 0.013 -31"><span class='ocrx_word' id='word_1_16' title='bbox 190 765 545 837; x_wconf 78' lang='lat' dir='ltr'><strong>Theophilus,</strong></span> <span class='ocrx_word' id='word_1_17' title='bbox 578 772 771 827; x_wconf 91' lang='lat' dir='ltr'><strong>eodem</strong></span> <span class='ocrx_word' id='word_1_18' title='bbox 804 776 1192 843; x_wconf 88' lang='lat' dir='ltr'><strong>propemodum</strong></span> <span class='ocrx_word' id='word_1_19' title='bbox 1222 780 1443 849; x_wconf 92' lang='lat' dir='ltr'><strong>scripsit</strong></span> <span class='ocrx_word' id='word_1_20' title='bbox 1469 783 1535 836; x_wconf 88' lang='lat' dir='ltr'><strong>ad</strong></span> <span class='ocrx_word' id='word_1_21' title='bbox 1572 782 1765 839; x_wconf 89' lang='lat' dir='ltr'><strong>Hiero-</strong></span> 
     </span>
    </p>
   </div>
   <div class='ocr_carea' id='block_1_5' title="bbox 190 859 1762 941">
    <p class='ocr_par' dir='ltr' id='par_1_5' title="bbox 190 859 1762 941">
     <span class='ocr_line' id='line_1_5' title="bbox 190 859 1762 941; baseline 0.014 -34"><span class='ocrx_word' id='word_1_22' title='bbox 190 869 438 925; x_wconf 84' lang='lat' dir='ltr'><strong>nymum;</strong></span> <span class='ocrx_word' id='word_1_23' title='bbox 477 859 568 913; x_wconf 92' lang='lat' dir='ltr'><strong>cui</strong></span> <span class='ocrx_word' id='word_1_24' title='bbox 610 860 697 915; x_wconf 93' lang='lat' dir='ltr'><strong>hic</strong></span> <span class='ocrx_word' id='word_1_25' title='bbox 734 864 1063 930; x_wconf 87' lang='lat' dir='ltr'><strong>respondens</strong></span> <span class='ocrx_word' id='word_1_26' title='bbox 1087 868 1154 931; x_wconf 78' lang='grc'><strong>³⁸,</strong></span> <span class='ocrx_word' id='word_1_27' title='bbox 1191 885 1210 918; x_wconf 78' lang='lat' dir='ltr'><strong>r</strong></span> <span class='ocrx_word' id='word_1_28' title='bbox 1241 868 1373 935; x_wconf 85' lang='lat' dir='ltr'><strong>Vox,</strong></span> <span class='ocrx_word' id='word_1_29' title='bbox 1406 870 1600 941; x_wconf 90' lang='lat' dir='ltr'><strong>inquit,</strong></span> <span class='ocrx_word' id='word_1_30' title='bbox 1633 874 1762 928; x_wconf 59' lang='lat' dir='ltr'><strong>beao</strong></span> 
     </span>
    </p>
   </div>
   <div class='ocr_carea' id='block_1_6' title="bbox 194 946 1763 1026">
    <p class='ocr_par' dir='ltr' id='par_1_6' title="bbox 194 946 1763 1026">
     <span class='ocr_line' id='line_1_6' title="bbox 194 946 1763 1026; baseline 0.013 -26"><span class='ocrx_word' id='word_1_31' title='bbox 194 946 432 1002; x_wconf 71' lang='lat' dir='ltr'><strong>liuidinis</strong></span> <span class='ocrx_word' id='word_1_32' title='bbox 475 957 586 1005; x_wconf 80' lang='lat' dir='ltr'><strong>tua:</strong></span> <span class='ocrx_word' id='word_1_33' title='bbox 638 953 689 1004; x_wconf 85' lang='lat' dir='ltr'><strong>in</strong></span> <span class='ocrx_word' id='word_1_34' title='bbox 745 961 857 1007; x_wconf 91' lang='lat' dir='ltr'><strong>toto</strong></span> <span class='ocrx_word' id='word_1_35' title='bbox 910 955 1043 1011; x_wconf 86' lang='lat' dir='ltr'><strong>orbe</strong></span> <span class='ocrx_word' id='word_1_36' title='bbox 1095 962 1401 1026; x_wconf 88' lang='lat' dir='ltr'><strong>pertonuit,</strong></span> <span class='ocrx_word' id='word_1_37' title='bbox 1449 973 1506 1017; x_wconf 92' lang='lat' dir='ltr'><strong>et</strong></span> <span class='ocrx_word' id='word_1_38' title='bbox 1555 966 1763 1021; x_wconf 90' lang='lat' dir='ltr'><strong>cunctis</strong></span> 
     </span>
    </p>
   </div>
   <div class='ocr_carea' id='block_1_7' title="bbox 189 1032 1763 1110">
    <p class='ocr_par' dir='ltr' id='par_1_7' title="bbox 189 1032 1763 1110">
     <span class='ocr_line' id='line_1_7' title="bbox 189 1032 1763 1110; baseline 0.013 -21"><span class='ocrx_word' id='word_1_39' title='bbox 189 1032 381 1090; x_wconf 87' lang='lat' dir='ltr'><strong>Christi</strong></span> <span class='ocrx_word' id='word_1_40' title='bbox 413 1036 683 1095; x_wconf 88' lang='lat' dir='ltr'><strong>Ecclesiis</strong></span> <span class='ocrx_word' id='word_1_41' title='bbox 708 1041 1014 1099; x_wconf 66' lang='lat' dir='ltr'><strong>laetantibus</strong></span> <span class='ocrx_word' id='word_1_42' title='bbox 1058 1047 1253 1103; x_wconf 86' lang='lat' dir='ltr'><strong>diaboli</strong></span> <span class='ocrx_word' id='word_1_43' title='bbox 1296 1066 1503 1107; x_wconf 87' lang='lat' dir='ltr'><strong>venena</strong></span> <span class='ocrx_word' id='word_1_44' title='bbox 1546 1054 1763 1110; x_wconf 85' lang='lat' dir='ltr'><strong>siluere.</strong></span> 
     </span>
    </p>
   </div>
   <div class='ocr_carea' id='block_1_8' title="bbox 190 1126 1763 1213">
    <p class='ocr_par' dir='ltr' id='par_1_8' title="bbox 190 1126 1763 1213">
     <span class='ocr_line' id='line_1_8' title="bbox 190 1126 1763 1213; baseline 0.015 -32"><span class='ocrx_word' id='word_1_45' title='bbox 190 1126 535 1198; x_wconf 80' lang='lat' dir='ltr'><strong>Nequaquam</strong></span> <span class='ocrx_word' id='word_1_46' title='bbox 579 1134 809 1201; x_wconf 83' lang='lat' dir='ltr'><strong>amplius</strong></span> <span class='ocrx_word' id='word_1_47' title='bbox 855 1137 1104 1207; x_wconf 88' lang='lat' dir='ltr'><strong>antiquus</strong></span> <span class='ocrx_word' id='word_1_48' title='bbox 1139 1157 1363 1209; x_wconf 86' lang='lat' dir='ltr'><strong>serpens</strong></span> <span class='ocrx_word' id='word_1_49' title='bbox 1413 1144 1625 1213; x_wconf 88' lang='lat' dir='ltr'><strong>sibilat,</strong></span> <span class='ocrx_word' id='word_1_50' title='bbox 1668 1147 1763 1203; x_wconf 86' lang='lat' dir='ltr'><strong>sed</strong></span> 
     </span>
    </p>
   </div>
   <div class='ocr_carea' id='block_1_9' title="bbox 189 1225 1761 1295">
    <p class='ocr_par' dir='ltr' id='par_1_9' title="bbox 189 1225 1761 1295">
     <span class='ocr_line' id='line_1_9' title="bbox 189 1225 1761 1295; baseline 0.013 -21"><span class='ocrx_word' id='word_1_51' title='bbox 189 1228 457 1276; x_wconf 91' lang='lat' dir='ltr'><strong>contortus</strong></span> <span class='ocrx_word' id='word_1_52' title='bbox 502 1232 560 1278; x_wconf 90' lang='lat' dir='ltr'><strong>et</strong></span> <span class='ocrx_word' id='word_1_53' title='bbox 624 1225 952 1283; x_wconf 80' lang='lat' dir='ltr'><strong>evisceratus</strong></span> <span class='ocrx_word' id='word_1_54' title='bbox 1003 1231 1056 1283; x_wconf 91' lang='lat' dir='ltr'><strong>in</strong></span> <span class='ocrx_word' id='word_1_55' title='bbox 1105 1248 1455 1290; x_wconf 87' lang='lat' dir='ltr'><strong>cavernarum</strong></span> <span class='ocrx_word' id='word_1_56' title='bbox 1524 1240 1761 1295; x_wconf 87' lang='lat' dir='ltr'><strong>tenebris</strong></span> 
     </span>
    </p>
   </div>
   <div class='ocr_carea' id='block_1_10' title="bbox 188 1310 1761 1401">
    <p class='ocr_par' dir='ltr' id='par_1_10' title="bbox 188 1310 1761 1401">
     <span class='ocr_line' id='line_1_10' title="bbox 188 1310 1761 1401; baseline 0.015 -39"><span class='ocrx_word' id='word_1_57' title='bbox 188 1310 505 1367; x_wconf 63' lang='lat' dir='ltr'><strong>delitescens</strong></span> <span class='ocrx_word' id='word_1_58' title='bbox 555 1315 721 1369; x_wconf 85' lang='lat' dir='ltr'><strong>solem</strong></span> <span class='ocrx_word' id='word_1_59' title='bbox 768 1318 970 1374; x_wconf 90' lang='lat' dir='ltr'><strong>clarum</strong></span> <span class='ocrx_word' id='word_1_60' title='bbox 1016 1320 1161 1378; x_wconf 84' lang='lat' dir='ltr'><strong>ferre</strong></span> <span class='ocrx_word' id='word_1_61' title='bbox 1213 1341 1318 1380; x_wconf 92' lang='lat' dir='ltr'><strong>non</strong></span> <span class='ocrx_word' id='word_1_62' title='bbox 1366 1329 1639 1386; x_wconf 89' lang='lat' dir='ltr'><strong>sustinet:</strong></span> <span class='ocrx_word' id='word_1_63' title='bbox 1668 1333 1761 1401; x_wconf 83' lang='lat' dir='ltr'><strong>qui</strong></span> 
     </span>
    </p>
   </div>
   <div class='ocr_carea' id='block_1_11' title="bbox 189 1401 1760 1487">
    <p class='ocr_par' dir='ltr' id='par_1_11' title="bbox 189 1401 1760 1487">
     <span class='ocr_line' id='line_1_11' title="bbox 189 1401 1760 1487; baseline 0.017 -36"><span class='ocrx_word' id='word_1_64' title='bbox 189 1401 391 1467; x_wconf 85' lang='lat' dir='ltr'><strong>quidem</strong></span> <span class='ocrx_word' id='word_1_65' title='bbox 431 1418 601 1473; x_wconf 87' lang='lat' dir='ltr'><strong>super</strong></span> <span class='ocrx_word' id='word_1_66' title='bbox 638 1409 739 1462; x_wconf 92' lang='lat' dir='ltr'><strong>bac</strong></span> <span class='ocrx_word' id='word_1_67' title='bbox 786 1426 878 1478; x_wconf 90' lang='lat' dir='ltr'><strong>re,</strong></span> <span class='ocrx_word' id='word_1_68' title='bbox 920 1423 975 1465; x_wconf 91' lang='lat' dir='ltr'><strong>et</strong></span> <span class='ocrx_word' id='word_1_69' title='bbox 1020 1424 1309 1484; x_wconf 89' lang='lat' dir='ltr'><strong>antequam</strong></span> <span class='ocrx_word' id='word_1_70' title='bbox 1359 1420 1647 1487; x_wconf 82' lang='lat' dir='ltr'><strong>scriberes,</strong></span> <span class='ocrx_word' id='word_1_71' title='bbox 1693 1423 1760 1476; x_wconf 87' lang='lat' dir='ltr'><strong>ad</strong></span> 
     </span>
    </p>
   </div>
   <div class='ocr_carea' id='block_1_12' title="bbox 188 1489 1759 1579">
    <p class='ocr_par' dir='ltr' id='par_1_12' title="bbox 188 1489 1759 1579">
     <span class='ocr_line' id='line_1_12' title="bbox 188 1489 1759 1579; baseline 0.016 -35"><span class='ocrx_word' id='word_1_72' title='bbox 188 1489 530 1549; x_wconf 83' lang='lat' dir='ltr'><strong>Occidentem</strong></span> <span class='ocrx_word' id='word_1_73' title='bbox 573 1499 826 1567; x_wconf 89' lang='lat' dir='ltr'><strong>epistolas</strong></span> <span class='ocrx_word' id='word_1_74' title='bbox 863 1504 1138 1571; x_wconf 89' lang='lat' dir='ltr'><strong>miseram,</strong></span> <span class='ocrx_word' id='word_1_75' title='bbox 1176 1521 1238 1560; x_wconf 80' lang='lat' dir='ltr'><strong>ex</strong></span> <span class='ocrx_word' id='word_1_76' title='bbox 1282 1521 1435 1579; x_wconf 89' lang='lat' dir='ltr'><strong>parte</strong></span> <span class='ocrx_word' id='word_1_77' title='bbox 1478 1512 1759 1569; x_wconf 63' lang='lat' dir='ltr'><strong>haeretico-</strong></span> 
     </span>
    </p>
   </div>
   <div class='ocr_carea' id='block_1_13' title="bbox 191 1589 1760 1665">
    <p class='ocr_par' dir='ltr' id='par_1_13' title="bbox 191 1589 1760 1665">
     <span class='ocr_line' id='line_1_13' title="bbox 191 1589 1760 1665; baseline 0.017 -30"><span class='ocrx_word' id='word_1_78' title='bbox 191 1598 292 1636; x_wconf 88' lang='lat' dir='ltr'><strong>rum</strong></span> <span class='ocrx_word' id='word_1_79' title='bbox 329 1589 594 1656; x_wconf 84' lang='lat' dir='ltr'><strong>strophas</strong></span> <span class='ocrx_word' id='word_1_80' title='bbox 627 1607 758 1647; x_wconf 68' lang='lat' dir='ltr'><strong>mete</strong></span> <span class='ocrx_word' id='word_1_81' title='bbox 804 1593 996 1665; x_wconf 72' lang='lat' dir='ltr'><strong>linguae</strong></span> <span class='ocrx_word' id='word_1_82' title='bbox 1042 1597 1350 1657; x_wconf 88' lang='lat' dir='ltr'><strong>hominibus</strong></span> <span class='ocrx_word' id='word_1_83' title='bbox 1384 1603 1644 1662; x_wconf 85' lang='lat' dir='ltr'><strong>indicans.</strong></span> <span class='ocrx_word' id='word_1_84' title='bbox 1681 1605 1760 1661; x_wconf 80' lang='lat' dir='ltr'><strong>Ex</strong></span> 
     </span>
    </p>
   </div>
   <div class='ocr_carea' id='block_1_14' title="bbox 186 1676 1756 1765">
    <p class='ocr_par' dir='ltr' id='par_1_14' title="bbox 186 1676 1756 1765">
     <span class='ocr_line' id='line_1_14' title="bbox 186 1676 1756 1765; baseline 0.016 -37"><span class='ocrx_word' id='word_1_85' title='bbox 186 1676 582 1744; x_wconf 78' lang='lat' dir='ltr'><strong>dispensatione</strong></span> <span class='ocrx_word' id='word_1_86' title='bbox 615 1683 706 1739; x_wconf 87' lang='lat' dir='ltr'><strong>Dei</strong></span> <span class='ocrx_word' id='word_1_87' title='bbox 737 1684 937 1741; x_wconf 89' lang='lat' dir='ltr'><strong>factum</strong></span> <span class='ocrx_word' id='word_1_88' title='bbox 973 1699 1125 1759; x_wconf 86' lang='lat' dir='ltr'><strong>puto,</strong></span> <span class='ocrx_word' id='word_1_89' title='bbox 1152 1700 1211 1746; x_wconf 95' lang='lat' dir='ltr'><strong>ut</strong></span> <span class='ocrx_word' id='word_1_90' title='bbox 1239 1708 1301 1747; x_wconf 90' lang='lat' dir='ltr'><strong>eo</strong></span> <span class='ocrx_word' id='word_1_91' title='bbox 1336 1693 1387 1748; x_wconf 91' lang='lat' dir='ltr'><strong>iu</strong></span> <span class='ocrx_word' id='word_1_92' title='bbox 1425 1704 1669 1765; x_wconf 90' lang='lat' dir='ltr'><strong>tempore</strong></span> <span class='ocrx_word' id='word_1_93' title='bbox 1702 1708 1756 1753; x_wconf 93' lang='lat' dir='ltr'><strong>tu</strong></span> 
     </span>
    </p>
   </div>
   <div class='ocr_carea' id='block_1_15' title="bbox 184 1772 1750 1851">
    <p class='ocr_par' dir='ltr' id='par_1_15' title="bbox 184 1772 1750 1851">
     <span class='ocr_line' id='line_1_15' title="bbox 184 1772 1750 1851; baseline 0.018 -33"><span class='ocrx_word' id='word_1_94' title='bbox 184 1782 380 1839; x_wconf 86' lang='lat' dir='ltr'><strong>quoque</strong></span> <span class='ocrx_word' id='word_1_95' title='bbox 410 1772 481 1825; x_wconf 89' lang='lat' dir='ltr'><strong>ad</strong></span> <span class='ocrx_word' id='word_1_96' title='bbox 509 1775 855 1832; x_wconf 86' lang='lat' dir='ltr'><strong>Anastasium</strong></span> <span class='ocrx_word' id='word_1_97' title='bbox 882 1796 1070 1850; x_wconf 88' lang='lat' dir='ltr'><strong>papam</strong></span> <span class='ocrx_word' id='word_1_98' title='bbox 1105 1786 1391 1851; x_wconf 71' lang='lat' dir='ltr'><strong>scriberes,</strong></span> <span class='ocrx_word' id='word_1_99' title='bbox 1422 1794 1476 1842; x_wconf 89' lang='lat' dir='ltr'><strong>et</strong></span> <span class='ocrx_word' id='word_1_100' title='bbox 1507 1799 1750 1846; x_wconf 89' lang='lat' dir='ltr'><strong>nostram</strong></span> 
     </span>
    </p>
   </div>
   <div class='ocr_carea' id='block_1_16' title="bbox 1066 387 2580 474">
    <p class='ocr_par' dir='ltr' id='par_1_16' title="bbox 1066 387 2580 474">
     <span class='ocr_line' id='line_1_16' title="bbox 1066 387 2580 474; baseline 0.012 -30"><span class='ocrx_word' id='word_1_101' title='bbox 1066 387 1642 451; x_wconf 76' lang='lat' dir='ltr'><strong>ORIGENIANoauu</strong></span> <span class='ocrx_word' id='word_1_102' title='bbox 1682 397 1809 454; x_wconf 82' lang='lat' dir='ltr'><strong>LIB.</strong></span> <span class='ocrx_word' id='word_1_103' title='bbox 1852 402 1916 469; x_wconf 80' lang='grc' dir='ltr'><strong>ιι,</strong></span> <span class='ocrx_word' id='word_1_104' title='bbox 1958 404 2111 461; x_wconf 84' lang='lat' dir='ltr'><strong>CAP.</strong></span> <span class='ocrx_word' id='word_1_105' title='bbox 2151 405 2242 474; x_wconf 86' lang='lat' dir='ltr'><strong>tv,</strong></span> <span class='ocrx_word' id='word_1_106' title='bbox 2282 405 2474 462; x_wconf 74' lang='lat' dir='ltr'><strong>sem.</strong></span> <span class='ocrx_word' id='word_1_107' title='bbox 2515 409 2580 462; x_wconf 93' lang='lat' dir='ltr'><strong>n.</strong></span> 
     </span>
    </p>
   </div>
   <div class='ocr_carea' id='block_1_17' title="bbox 1836 10 3749 57">
    <p class='ocr_par' dir='ltr' id='par_1_17' title="bbox 1840 18 3583 33">
     <span class='ocr_line' id='line_1_17' title="bbox 1840 18 3583 33; baseline 0 -6"><span class='ocrx_word' id='word_1_108' title='bbox 1840 18 2253 32; x_wconf 39' lang='grc' dir='ltr'><strong>Ησμνήὺηφι-,ωίῖν</strong></span> <span class='ocrx_word' id='word_1_109' title='bbox 2302 20 2349 33; x_wconf 38' lang='grc' dir='ltr'><strong>εκ</strong></span> <span class='ocrx_word' id='word_1_110' title='bbox 2426 22 2453 23; x_wconf 40' lang='grc' dir='ltr'><strong>κγ</strong></span> <span class='ocrx_word' id='word_1_111' title='bbox 2516 22 2521 23; x_wconf 45' lang='grc' dir='ltr'><em>γ</em></span> <span class='ocrx_word' id='word_1_112' title='bbox 2554 24 2559 25; x_wconf 43' lang='grc' dir='ltr'><em>γ</em></span> <span class='ocrx_word' id='word_1_113' title='bbox 2580 22 2589 25; x_wconf 50' lang='grc' dir='ltr'>λ</span> <span class='ocrx_word' id='word_1_114' title='bbox 2616 22 2639 26; x_wconf 63' lang='grc' dir='ltr'><strong>η-</strong></span> <span class='ocrx_word' id='word_1_115' title='bbox 2706 22 2787 27; x_wconf 57' lang='grc' dir='ltr'><strong>νν-η</strong></span> <span class='ocrx_word' id='word_1_116' title='bbox 2818 22 2957 29; x_wconf 35' lang='lat' dir='ltr'><strong>Pi-</strong></span> <span class='ocrx_word' id='word_1_117' title='bbox 2984 24 2997 25; x_wconf 52' lang='grc' dir='ltr'>η</span> <span class='ocrx_word' id='word_1_118' title='bbox 3056 26 3063 29; x_wconf 83' lang='lat'><em>_</em></span> <span class='ocrx_word' id='word_1_119' title='bbox 3088 24 3115 27; x_wconf 34' lang='grc' dir='ltr'><strong>κ-</strong></span> <span class='ocrx_word' id='word_1_120' title='bbox 3149 25 3183 29; x_wconf 60' lang='lat'><strong>_,</strong></span> <span class='ocrx_word' id='word_1_121' title='bbox 3310 24 3339 29; x_wconf 41' lang='grc' dir='ltr'><strong>ΛΑ</strong></span> <span class='ocrx_word' id='word_1_122' title='bbox 3430 25 3461 31; x_wconf 33' lang='grc' dir='ltr'><strong>ἡ</strong></span> <span class='ocrx_word' id='word_1_123' title='bbox 3505 24 3512 30; x_wconf 80' lang='grc'><strong>,</strong></span> <span class='ocrx_word' id='word_1_124' title='bbox 3550 24 3583 29; x_wconf 34' lang='grc' dir='ltr'><strong>κ,</strong></span> 
     </span>
    </p>
   </div>
   <div class='ocr_carea' id='block_1_18' title="bbox 3308 417 3445 474">
    <p class='ocr_par' dir='ltr' id='par_1_18' title="bbox 3308 417 3445 474">
     <span class='ocr_line' id='line_1_18' title="bbox 3308 417 3445 474; baseline 0.022 -3"><span class='ocrx_word' id='word_1_125' title='bbox 3308 417 3445 474; x_wconf 66' lang='grc'><strong>1146</strong></span> 
     </span>
    </p>
   </div>
   <div class='ocr_carea' id='block_1_19' title="bbox 184 492 3439 603">
    <p class='ocr_par' dir='ltr' id='par_1_19' title="bbox 184 492 3439 603">
     <span class='ocr_line' id='line_1_19' title="bbox 184 492 3439 603; baseline 0.013 -61"><span class='ocrx_word' id='word_1_126' title='bbox 184 493 320 557; x_wconf 79' lang='lat' dir='ltr'><strong>quod</strong></span> <span class='ocrx_word' id='word_1_127' title='bbox 368 492 579 603; x_wconf 51' lang='lat' dir='ltr'><strong>dicitur</strong></span> <span class='ocrx_word' id='word_1_128' title='bbox 614 496 663 530; x_wconf 71' lang='grc'>³⁸</span> <span class='ocrx_word' id='word_1_129' title='bbox 704 516 720 553; x_wconf 89' lang='lat'>:</span> <span class='ocrx_word' id='word_1_130' title='bbox 766 497 948 554; x_wconf 81' lang='lat' dir='ltr'><strong>Scribe</strong></span> <span class='ocrx_word' id='word_1_131' title='bbox 996 503 1203 573; x_wconf 78' lang='lat' dir='ltr'><strong>signum</strong></span> <span class='ocrx_word' id='word_1_132' title='bbox 1246 522 1363 573; x_wconf 84' lang='lat' dir='ltr'><strong>noc,</strong></span> <span class='ocrx_word' id='word_1_133' title='bbox 1411 525 1536 579; x_wconf 77' lang='lat' dir='ltr'><strong>quia</strong></span> <span class='ocrx_word' id='word_1_134' title='bbox 1590 512 1765 567; x_wconf 81' lang='lat' dir='ltr'><strong>delebo</strong></span> <span class='ocrx_word' id='word_1_135' title='bbox 1794 519 1840 575; x_wconf 79' lang='grc' dir='ltr'>Α</span> <span class='ocrx_word' id='word_1_136' title='bbox 1870 516 2053 572; x_wconf 68' lang='lat' dir='ltr'><strong>Nitriae</strong></span> <span class='ocrx_word' id='word_1_137' title='bbox 2093 520 2337 603; x_wconf 75' lang='lat' dir='ltr'><strong>rediisse.</strong></span> <span class='ocrx_word' id='word_1_138' title='bbox 2384 519 2695 576; x_wconf 78' lang='lat' dir='ltr'><strong>Audiendus</strong></span> <span class='ocrx_word' id='word_1_139' title='bbox 2734 532 2994 591; x_wconf 68' lang='lat' dir='ltr'><strong>praeterea</strong></span> <span class='ocrx_word' id='word_1_140' title='bbox 3050 524 3439 597; x_wconf 78' lang='lat' dir='ltr'><strong>Hieronymus,</strong></span> 
     </span>
    </p>
   </div>
   <div class='ocr_carea' id='block_1_20' title="bbox 1866 594 3439 678">
    <p class='ocr_par' dir='ltr' id='par_1_20' title="bbox 1866 594 3439 678">
     <span class='ocr_line' id='line_1_20' title="bbox 1866 594 3439 678; baseline 0.008 -16"><span class='ocrx_word' id='word_1_141' title='bbox 1866 607 1993 662; x_wconf 90' lang='lat' dir='ltr'><strong>dum</strong></span> <span class='ocrx_word' id='word_1_142' title='bbox 2025 594 2301 677; x_wconf 73' lang='lat' dir='ltr'><strong>aliquanto</strong></span> <span class='ocrx_word' id='word_1_143' title='bbox 2341 621 2463 678; x_wconf 83' lang='lat' dir='ltr'><strong>post</strong></span> <span class='ocrx_word' id='word_1_144' title='bbox 2504 613 2570 665; x_wconf 88' lang='lat' dir='ltr'><strong>ad</strong></span> <span class='ocrx_word' id='word_1_145' title='bbox 2603 610 3009 669; x_wconf 84' lang='lat' dir='ltr'><strong>Pammachium</strong></span> <span class='ocrx_word' id='word_1_146' title='bbox 3045 627 3100 672; x_wconf 91' lang='lat' dir='ltr'><strong>et</strong></span> <span class='ocrx_word' id='word_1_147' title='bbox 3131 594 3439 675; x_wconf 70' lang='lat' dir='ltr'><strong>Marcellam</strong></span> 
     </span>
    </p>
   </div>
   <div class='ocr_carea' id='block_1_21' title="bbox 1864 698 3442 774">
    <p class='ocr_par' dir='ltr' id='par_1_21' title="bbox 1864 698 3442 774">
     <span class='ocr_line' id='line_1_21' title="bbox 1864 698 3442 774; baseline 0.009 -22"><span class='ocrx_word' id='word_1_148' title='bbox 1864 700 2105 753; x_wconf 89' lang='lat' dir='ltr'><strong>scribens</strong></span> <span class='ocrx_word' id='word_1_149' title='bbox 2129 702 2213 757; x_wconf 73' lang='grc' dir='ltr'><strong>ἐς</strong></span> <span class='ocrx_word' id='word_1_150' title='bbox 2250 720 2267 751; x_wconf 75' lang='grc' dir='ltr'>ι</span> <span class='ocrx_word' id='word_1_151' title='bbox 2300 698 2402 756; x_wconf 90' lang='lat' dir='ltr'><strong>Ubi</strong></span> <span class='ocrx_word' id='word_1_152' title='bbox 2436 717 2574 756; x_wconf 92' lang='lat' dir='ltr'><strong>nunc</strong></span> <span class='ocrx_word' id='word_1_153' title='bbox 2606 710 2706 765; x_wconf 87' lang='lat' dir='ltr'><strong>est,</strong></span> <span class='ocrx_word' id='word_1_154' title='bbox 2743 704 2936 774; x_wconf 86' lang='lat' dir='ltr'><strong>inquit,</strong></span> <span class='ocrx_word' id='word_1_155' title='bbox 2966 706 3192 763; x_wconf 88' lang='lat' dir='ltr'><strong>coluber</strong></span> <span class='ocrx_word' id='word_1_156' title='bbox 3236 719 3442 766; x_wconf 84' lang='lat' dir='ltr'><strong>tortuo-</strong></span> 
     </span>
    </p>
   </div>
   <div class='ocr_carea' id='block_1_22' title="bbox 1864 792 2801 866">
    <p class='ocr_par' dir='ltr' id='par_1_22' title="bbox 1864 792 2801 866">
     <span class='ocr_line' id='line_1_22' title="bbox 1864 792 2801 866; baseline 0.005 -20"><span class='ocrx_word' id='word_1_157' title='bbox 1864 792 1989 846; x_wconf 87' lang='lat' dir='ltr'><strong>sus?</strong></span> <span class='ocrx_word' id='word_1_158' title='bbox 2019 792 2107 846; x_wconf 91' lang='lat' dir='ltr'><strong>ubi</strong></span> <span class='ocrx_word' id='word_1_159' title='bbox 2138 796 2549 850; x_wconf 86' lang='lat' dir='ltr'><strong>venenatissima</strong></span> <span class='ocrx_word' id='word_1_160' title='bbox 2579 797 2801 866; x_wconf 83' lang='lat' dir='ltr'><strong>vipera?</strong></span> 
     </span>
    </p>
   </div>
   <div class='ocr_carea' id='block_1_23' title="bbox 1937 881 3441 961">
    <p class='ocr_par' dir='ltr' id='par_1_23' title="bbox 1937 881 3441 961">
     <span class='ocr_line' id='line_1_23' title="bbox 1937 881 3441 961; baseline 0.011 -27"><span class='ocrx_word' id='word_1_161' title='bbox 1937 881 2118 936; x_wconf 82' lang='lat' dir='ltr'><strong>Prima</strong></span> <span class='ocrx_word' id='word_1_162' title='bbox 2146 885 2371 939; x_wconf 80' lang='lat' dir='ltr'><strong>hominis</strong></span> <span class='ocrx_word' id='word_1_163' title='bbox 2405 885 2565 954; x_wconf 82' lang='lat' dir='ltr'><strong>facies</strong></span> <span class='ocrx_word' id='word_1_164' title='bbox 2598 898 2745 941; x_wconf 86' lang='lat' dir='ltr'><strong>utero</strong></span> <span class='ocrx_word' id='word_1_165' title='bbox 2780 890 3057 945; x_wconf 75' lang='lat' dir='ltr'><strong>commissa</strong></span> <span class='ocrx_word' id='word_1_166' title='bbox 3096 891 3339 961; x_wconf 85' lang='lat' dir='ltr'><strong>luporum</strong></span> <span class='ocrx_word' id='word_1_167' title='bbox 3360 894 3441 950; x_wconf 81' lang='lat'><strong>”?</strong></span> 
     </span>
    </p>
   </div>
   <div class='ocr_carea' id='block_1_24' title="bbox 1869 969 3435 1044">
    <p class='ocr_par' dir='ltr' id='par_1_24' title="bbox 1869 969 3435 1044">
     <span class='ocr_line' id='line_1_24' title="bbox 1869 969 3435 1044; baseline 0.011 -18"><span class='ocrx_word' id='word_1_168' title='bbox 1869 969 1967 1026; x_wconf 87' lang='lat' dir='ltr'><strong>Ubi</strong></span> <span class='ocrx_word' id='word_1_169' title='bbox 2005 972 2225 1028; x_wconf 62' lang='lat' dir='ltr'><strong>haeresis</strong></span> <span class='ocrx_word' id='word_1_170' title='bbox 2258 989 2379 1042; x_wconf 85' lang='lat' dir='ltr'><strong>quae</strong></span> <span class='ocrx_word' id='word_1_171' title='bbox 2420 975 2667 1030; x_wconf 88' lang='lat' dir='ltr'><strong>sibilabat</strong></span> <span class='ocrx_word' id='word_1_172' title='bbox 2700 976 2751 1029; x_wconf 91' lang='lat' dir='ltr'><strong>in</strong></span> <span class='ocrx_word' id='word_1_173' title='bbox 2791 979 3026 1034; x_wconf 87' lang='lat' dir='ltr'><strong>mundo?</strong></span> <span class='ocrx_word' id='word_1_174' title='bbox 3054 999 3073 1032; x_wconf 72' lang='grc' dir='ltr'><strong><em>ι</em></strong></span> <span class='ocrx_word' id='word_1_175' title='bbox 3112 990 3167 1036; x_wconf 91' lang='lat' dir='ltr'><strong>et</strong></span> <span class='ocrx_word' id='word_1_176' title='bbox 3200 983 3435 1044; x_wconf 90' lang='lat' dir='ltr'><strong>deinde:</strong></span> 
     </span>
    </p>
   </div>
   <div class='ocr_carea' id='block_1_25' title="bbox 1868 1063 3438 1141">
    <p class='ocr_par' dir='ltr' id='par_1_25' title="bbox 1868 1063 3438 1141">
     <span class='ocr_line' id='line_1_25' title="bbox 1868 1063 3438 1141; baseline 0.012 -26"><span class='ocrx_word' id='word_1_177' title='bbox 1868 1081 1888 1115; x_wconf 75' lang='grc' dir='ltr'>ι</span> <span class='ocrx_word' id='word_1_178' title='bbox 1918 1063 2182 1133; x_wconf 69' lang='lat' dir='ltr'><strong>Oppressa</strong></span> <span class='ocrx_word' id='word_1_179' title='bbox 2215 1075 2297 1120; x_wconf 89' lang='lat' dir='ltr'><strong>est</strong></span> <span class='ocrx_word' id='word_1_180' title='bbox 2346 1068 2462 1134; x_wconf 88' lang='lat' dir='ltr'><strong>ejus</strong></span> <span class='ocrx_word' id='word_1_181' title='bbox 2501 1068 2833 1141; x_wconf 63' lang='lat' dir='ltr'><strong>(Theophili)</strong></span> <span class='ocrx_word' id='word_1_182' title='bbox 2873 1073 3196 1129; x_wconf 87' lang='lat' dir='ltr'><strong>auctoritate</strong></span> <span class='ocrx_word' id='word_1_183' title='bbox 3234 1086 3287 1131; x_wconf 92' lang='lat' dir='ltr'><strong>et</strong></span> <span class='ocrx_word' id='word_1_184' title='bbox 3320 1077 3438 1133; x_wconf 90' lang='lat' dir='ltr'><strong>elo-</strong></span> 
     </span>
    </p>
   </div>
   <div class='ocr_carea' id='block_1_26' title="bbox 1863 1157 3439 1235">
    <p class='ocr_par' dir='ltr' id='par_1_26' title="bbox 1863 1157 3439 1235">
     <span class='ocr_line' id='line_1_26' title="bbox 1863 1157 3439 1235; baseline 0.014 -30"><span class='ocrx_word' id='word_1_185' title='bbox 1863 1157 2104 1225; x_wconf 86' lang='lat' dir='ltr'><strong>quentia,</strong></span> <span class='ocrx_word' id='word_1_186' title='bbox 2144 1165 2200 1211; x_wconf 92' lang='lat' dir='ltr'><strong>et</strong></span> <span class='ocrx_word' id='word_1_187' title='bbox 2245 1157 2298 1211; x_wconf 91' lang='lat' dir='ltr'><strong>in</strong></span> <span class='ocrx_word' id='word_1_188' title='bbox 2335 1174 2536 1214; x_wconf 84' lang='lat' dir='ltr'><strong>morem</strong></span> <span class='ocrx_word' id='word_1_189' title='bbox 2581 1160 3003 1217; x_wconf 69' lang='lat' dir='ltr'><strong>daemonicorum</strong></span> <span class='ocrx_word' id='word_1_190' title='bbox 3040 1166 3325 1235; x_wconf 88' lang='lat' dir='ltr'><strong>spirituum</strong></span> <span class='ocrx_word' id='word_1_191' title='bbox 3373 1171 3439 1227; x_wconf 90' lang='lat' dir='ltr'><strong>de</strong></span> 
     </span>
    </p>
   </div>
   <div class='ocr_carea' id='block_1_27' title="bbox 1864 1249 3436 1326">
    <p class='ocr_par' dir='ltr' id='par_1_27' title="bbox 1864 1249 3436 1326">
     <span class='ocr_line' id='line_1_27' title="bbox 1864 1249 3436 1326; baseline 0.01 -23"><span class='ocrx_word' id='word_1_192' title='bbox 1864 1258 2005 1303; x_wconf 89' lang='lat' dir='ltr'><strong>terra</strong></span> <span class='ocrx_word' id='word_1_193' title='bbox 2037 1249 2312 1321; x_wconf 87' lang='lat' dir='ltr'><strong>loquitur:</strong></span> <span class='ocrx_word' id='word_1_194' title='bbox 2347 1253 2524 1308; x_wconf 89' lang='lat' dir='ltr'><strong>nescit</strong></span> <span class='ocrx_word' id='word_1_195' title='bbox 2551 1254 2696 1308; x_wconf 90' lang='lat' dir='ltr'><strong>enim</strong></span> <span class='ocrx_word' id='word_1_196' title='bbox 2729 1269 2851 1310; x_wconf 85' lang='lat' dir='ltr'><strong>eum</strong></span> <span class='ocrx_word' id='word_1_197' title='bbox 2890 1257 2981 1326; x_wconf 91' lang='lat' dir='ltr'><strong>qui</strong></span> <span class='ocrx_word' id='word_1_198' title='bbox 3034 1258 3313 1316; x_wconf 85' lang='lat' dir='ltr'><strong>desursum</strong></span> <span class='ocrx_word' id='word_1_199' title='bbox 3346 1277 3436 1319; x_wconf 89' lang='lat' dir='ltr'><strong>ve-</strong></span> 
     </span>
    </p>
   </div>
   <div class='ocr_carea' id='block_1_28' title="bbox 1864 1341 3441 1419">
    <p class='ocr_par' dir='ltr' id='par_1_28' title="bbox 1864 1341 3441 1419">
     <span class='ocr_line' id='line_1_28' title="bbox 1864 1341 3441 1419; baseline 0.011 -26"><span class='ocrx_word' id='word_1_200' title='bbox 1864 1341 2019 1395; x_wconf 90' lang='lat' dir='ltr'><strong>niens</strong></span> <span class='ocrx_word' id='word_1_201' title='bbox 2068 1355 2129 1396; x_wconf 88' lang='lat' dir='ltr'><strong>ea</strong></span> <span class='ocrx_word' id='word_1_202' title='bbox 2186 1341 2422 1412; x_wconf 87' lang='lat' dir='ltr'><strong>loquitur</strong></span> <span class='ocrx_word' id='word_1_203' title='bbox 2470 1359 2588 1414; x_wconf 75' lang='lat' dir='ltr'><strong>qua:</strong></span> <span class='ocrx_word' id='word_1_204' title='bbox 2660 1360 2873 1400; x_wconf 90' lang='lat' dir='ltr'><strong>sursum</strong></span> <span class='ocrx_word' id='word_1_205' title='bbox 2943 1361 3089 1405; x_wconf 91' lang='lat' dir='ltr'><strong>sunt.</strong></span> <span class='ocrx_word' id='word_1_206' title='bbox 3127 1370 3146 1403; x_wconf 76' lang='grc' dir='ltr'><strong><em>ι</em></strong></span> <span class='ocrx_word' id='word_1_207' title='bbox 3185 1351 3441 1419; x_wconf 88' lang='lat' dir='ltr'><strong>Queritur</strong></span> 
     </span>
    </p>
   </div>
   <div class='ocr_carea' id='block_1_29' title="bbox 1862 1432 3436 1501">
    <p class='ocr_par' dir='ltr' id='par_1_29' title="bbox 1862 1432 3436 1501">
     <span class='ocr_line' id='line_1_29' title="bbox 1862 1432 3436 1501; baseline 0.011 -18"><span class='ocrx_word' id='word_1_208' title='bbox 1862 1432 2202 1501; x_wconf 85' lang='lat' dir='ltr'><strong>postmodum</strong></span> <span class='ocrx_word' id='word_1_209' title='bbox 2254 1433 2417 1487; x_wconf 88' lang='lat' dir='ltr'><strong>tantis</strong></span> <span class='ocrx_word' id='word_1_210' title='bbox 2461 1434 2918 1493; x_wconf 88' lang='lat' dir='ltr'><strong>simultationibus</strong></span> <span class='ocrx_word' id='word_1_211' title='bbox 2963 1440 3039 1493; x_wconf 91' lang='lat' dir='ltr'><strong>uti</strong></span> <span class='ocrx_word' id='word_1_212' title='bbox 3079 1440 3268 1497; x_wconf 87' lang='lat' dir='ltr'><strong>solitos</strong></span> <span class='ocrx_word' id='word_1_213' title='bbox 3313 1443 3436 1499; x_wconf 86' lang='lat' dir='ltr'><strong>Ori-</strong></span> 
     </span>
    </p>
   </div>
   <div class='ocr_carea' id='block_1_30' title="bbox 1862 1521 3437 1593">
    <p class='ocr_par' dir='ltr' id='par_1_30' title="bbox 1862 1521 3437 1593">
     <span class='ocr_line' id='line_1_30' title="bbox 1862 1521 3437 1593; baseline 0.011 -19"><span class='ocrx_word' id='word_1_214' title='bbox 1862 1521 2125 1593; x_wconf 80' lang='lat' dir='ltr'><strong>genistas,</strong></span> <span class='ocrx_word' id='word_1_215' title='bbox 2155 1533 2214 1577; x_wconf 93' lang='lat' dir='ltr'><strong>ut</strong></span> <span class='ocrx_word' id='word_1_216' title='bbox 2246 1524 2335 1578; x_wconf 74' lang='lat' dir='ltr'><strong>vix</strong></span> <span class='ocrx_word' id='word_1_217' title='bbox 2367 1540 2396 1579; x_wconf 93' lang='lat' dir='ltr'><strong>a</strong></span> <span class='ocrx_word' id='word_1_218' title='bbox 2428 1526 2723 1583; x_wconf 88' lang='lat' dir='ltr'><strong>Catholicis</strong></span> <span class='ocrx_word' id='word_1_219' title='bbox 2754 1530 3289 1590; x_wconf 88' lang='lat' dir='ltr'><strong>internoscerentur:</strong></span> <span class='ocrx_word' id='word_1_220' title='bbox 3326 1547 3437 1591; x_wconf 88' lang='lat' dir='ltr'><strong>tum</strong></span> 
     </span>
    </p>
   </div>
   <div class='ocr_carea' id='block_1_31' title="bbox 1862 1612 3436 1693">
    <p class='ocr_par' dir='ltr' id='par_1_31' title="bbox 1862 1612 3436 1693">
     <span class='ocr_line' id='line_1_31' title="bbox 1862 1612 3436 1693; baseline 0.008 -25"><span class='ocrx_word' id='word_1_221' title='bbox 1862 1612 2084 1668; x_wconf 90' lang='lat' dir='ltr'><strong>subdit:</strong></span> <span class='ocrx_word' id='word_1_222' title='bbox 2118 1631 2137 1664; x_wconf 75' lang='grc' dir='ltr'>ι</span> <span class='ocrx_word' id='word_1_223' title='bbox 2169 1613 2307 1679; x_wconf 89' lang='lat' dir='ltr'><strong>Quid</strong></span> <span class='ocrx_word' id='word_1_224' title='bbox 2351 1628 2572 1671; x_wconf 89' lang='lat' dir='ltr'><strong>necesse</strong></span> <span class='ocrx_word' id='word_1_225' title='bbox 2616 1626 2698 1672; x_wconf 90' lang='lat' dir='ltr'><strong>est</strong></span> <span class='ocrx_word' id='word_1_226' title='bbox 2739 1620 2988 1675; x_wconf 85' lang='lat' dir='ltr'><strong>obsidere</strong></span> <span class='ocrx_word' id='word_1_227' title='bbox 3037 1621 3436 1693; x_wconf 84' lang='lat' dir='ltr'><strong>Pr0ponlidem,</strong></span> 
     </span>
    </p>
   </div>
   <div class='ocr_carea' id='block_1_32' title="bbox 1862 1706 3440 1784">
    <p class='ocr_par' dir='ltr' id='par_1_32' title="bbox 1862 1706 3440 1784">
     <span class='ocr_line' id='line_1_32' title="bbox 1862 1706 3440 1784; baseline 0.009 -25"><span class='ocrx_word' id='word_1_228' title='bbox 1862 1717 2073 1761; x_wconf 87' lang='lat' dir='ltr'><strong>mutare</strong></span> <span class='ocrx_word' id='word_1_229' title='bbox 2108 1706 2249 1770; x_wconf 89' lang='lat' dir='ltr'><strong>loca,</strong></span> <span class='ocrx_word' id='word_1_230' title='bbox 2293 1708 2533 1774; x_wconf 89' lang='lat' dir='ltr'><strong>diversas</strong></span> <span class='ocrx_word' id='word_1_231' title='bbox 2573 1710 2805 1768; x_wconf 89' lang='lat' dir='ltr'><strong>lustrare</strong></span> <span class='ocrx_word' id='word_1_232' title='bbox 2852 1715 3122 1784; x_wconf 86' lang='lat' dir='ltr'><strong>regiones,</strong></span> <span class='ocrx_word' id='word_1_233' title='bbox 3163 1725 3217 1771; x_wconf 92' lang='lat' dir='ltr'><strong>et</strong></span> <span class='ocrx_word' id='word_1_234' title='bbox 3251 1717 3440 1774; x_wconf 86' lang='lat' dir='ltr'><strong>claris-</strong></span> 
     </span>
    </p>
   </div>
   <div class='ocr_carea' id='block_1_33' title="bbox 1862 1796 3439 1877">
    <p class='ocr_par' dir='ltr' id='par_1_33' title="bbox 1862 1796 3439 1877">
     <span class='ocr_line' id='line_1_33' title="bbox 1862 1796 3439 1877; baseline 0.01 -28"><span class='ocrx_word' id='word_1_235' title='bbox 1862 1796 2055 1850; x_wconf 90' lang='lat' dir='ltr'><strong>simum</strong></span> <span class='ocrx_word' id='word_1_236' title='bbox 2099 1796 2407 1865; x_wconf 90' lang='lat' dir='ltr'><strong>pontiﬁcem</strong></span> <span class='ocrx_word' id='word_1_237' title='bbox 2445 1797 2688 1864; x_wconf 89' lang='lat' dir='ltr'><strong>Christi,</strong></span> <span class='ocrx_word' id='word_1_238' title='bbox 2742 1802 2972 1873; x_wconf 90' lang='lat' dir='ltr'><strong>ejusque</strong></span> <span class='ocrx_word' id='word_1_239' title='bbox 3013 1806 3304 1877; x_wconf 82' lang='lat' dir='ltr'><strong>discipulos</strong></span> <span class='ocrx_word' id='word_1_240' title='bbox 3355 1825 3439 1863; x_wconf 88' lang='lat' dir='ltr'><strong>ra-</strong></span> 
     </span>
    </p>
   </div>
   <div class='ocr_carea' id='block_1_34' title="bbox 182 1858 3437 1967">
    <p class='ocr_par' dir='ltr' id='par_1_34' title="bbox 182 1858 3437 1967">
     <span class='ocr_line' id='line_1_34' title="bbox 182 1858 3437 1967; baseline 0.012 -54"><span class='ocrx_word' id='word_1_241' title='bbox 182 1858 295 1913; x_wconf 88' lang='lat' dir='ltr'><strong>dnm</strong></span> <span class='ocrx_word' id='word_1_242' title='bbox 327 1860 557 1932; x_wconf 88' lang='lat' dir='ltr'><strong>ignoras</strong></span> <span class='ocrx_word' id='word_1_243' title='bbox 583 1868 903 1923; x_wconf 86' lang='lat' dir='ltr'><strong>sententiam</strong></span> <span class='ocrx_word' id='word_1_244' title='bbox 938 1872 1276 1930; x_wconf 64' lang='lat' dir='ltr'><strong>rohorares.»</strong></span> <span class='ocrx_word' id='word_1_245' title='bbox 1314 1876 1376 1930; x_wconf 87' lang='lat' dir='ltr'><strong>Et</strong></span> <span class='ocrx_word' id='word_1_246' title='bbox 1412 1878 1568 1946; x_wconf 89' lang='lat' dir='ltr'><strong>paulo</strong></span> <span class='ocrx_word' id='word_1_247' title='bbox 1598 1890 1753 1949; x_wconf 89' lang='lat' dir='ltr'><strong>post:</strong></span> <span class='ocrx_word' id='word_1_248' title='bbox 1791 1866 1834 1925; x_wconf 75' lang='grc' dir='ltr'>Β</span> <span class='ocrx_word' id='word_1_249' title='bbox 1860 1885 1987 1942; x_wconf 86' lang='lat' dir='ltr'><strong>bido</strong></span> <span class='ocrx_word' id='word_1_250' title='bbox 2017 1902 2111 1941; x_wconf 91' lang='lat' dir='ltr'><strong>ore</strong></span> <span class='ocrx_word' id='word_1_251' title='bbox 2143 1888 2485 1958; x_wconf 86' lang='lat' dir='ltr'><strong>discerpere?</strong></span> <span class='ocrx_word' id='word_1_252' title='bbox 2538 1888 2595 1944; x_wconf 89' lang='lat' dir='ltr'><strong>Si</strong></span> <span class='ocrx_word' id='word_1_253' title='bbox 2630 1906 2756 1946; x_wconf 83' lang='lat' dir='ltr'><strong>vera</strong></span> <span class='ocrx_word' id='word_1_254' title='bbox 2808 1893 3109 1964; x_wconf 90' lang='lat' dir='ltr'><strong>loquimini,</strong></span> <span class='ocrx_word' id='word_1_255' title='bbox 3147 1899 3437 1967; x_wconf 90' lang='lat' dir='ltr'><strong>pristinum</strong></span> 
     </span>
    </p>
   </div>
   <div class='ocr_carea' id='block_1_35' title="bbox 190 1949 1757 2040">
    <p class='ocr_par' dir='ltr' id='par_1_35' title="bbox 190 1949 1757 2040">
     <span class='ocr_line' id='line_1_35' title="bbox 190 1949 1757 2040; baseline 0.016 -38"><span class='ocrx_word' id='word_1_256' title='bbox 190 1968 207 2002; x_wconf 77' lang='grc' dir='ltr'>ι</span> <span class='ocrx_word' id='word_1_257' title='bbox 235 1949 545 2011; x_wconf 82' lang='lat' dir='ltr'><strong>Vincentius</strong></span> <span class='ocrx_word' id='word_1_258' title='bbox 575 1958 855 2029; x_wconf 87' lang='lat' dir='ltr'><strong>presbyter</strong></span> <span class='ocrx_word' id='word_1_259' title='bbox 875 1971 1000 2017; x_wconf 91' lang='lat' dir='ltr'><strong>ante</strong></span> <span class='ocrx_word' id='word_1_260' title='bbox 1028 1964 1248 2019; x_wconf 90' lang='lat' dir='ltr'><strong>biduum</strong></span> <span class='ocrx_word' id='word_1_261' title='bbox 1275 1981 1436 2036; x_wconf 87' lang='lat' dir='ltr'><strong>quam</strong></span> <span class='ocrx_word' id='word_1_262' title='bbox 1472 1970 1611 2025; x_wconf 88' lang='lat' dir='ltr'><strong>hanc</strong></span> <span class='ocrx_word' id='word_1_263' title='bbox 1640 1973 1757 2040; x_wconf 82' lang='lat' dir='ltr'><strong>epi-</strong></span> 
     </span>
    </p>
   </div>
   <div class='ocr_carea' id='block_1_36' title="bbox 186 2046 1760 2129">
    <p class='ocr_par' dir='ltr' id='par_1_36' title="bbox 186 2046 1760 2129">
     <span class='ocr_line' id='line_1_36' title="bbox 186 2046 1760 2129; baseline 0.011 -28"><span class='ocrx_word' id='word_1_264' title='bbox 186 2046 359 2101; x_wconf 86' lang='lat' dir='ltr'><strong>stolam</strong></span> <span class='ocrx_word' id='word_1_265' title='bbox 388 2049 606 2116; x_wconf 87' lang='lat' dir='ltr'><strong>darem,</strong></span> <span class='ocrx_word' id='word_1_266' title='bbox 632 2053 699 2107; x_wconf 92' lang='lat' dir='ltr'><strong>de</strong></span> <span class='ocrx_word' id='word_1_267' title='bbox 740 2051 884 2108; x_wconf 89' lang='lat' dir='ltr'><strong>Urbe</strong></span> <span class='ocrx_word' id='word_1_268' title='bbox 910 2057 1076 2121; x_wconf 90' lang='lat' dir='ltr'><strong>venit,</strong></span> <span class='ocrx_word' id='word_1_269' title='bbox 1101 2070 1156 2113; x_wconf 90' lang='lat' dir='ltr'><strong>et</strong></span> <span class='ocrx_word' id='word_1_270' title='bbox 1180 2061 1495 2129; x_wconf 90' lang='lat' dir='ltr'><strong>suppliciter</strong></span> <span class='ocrx_word' id='word_1_271' title='bbox 1527 2074 1577 2118; x_wconf 90' lang='lat' dir='ltr'><strong>te</strong></span> <span class='ocrx_word' id='word_1_272' title='bbox 1614 2064 1760 2119; x_wconf 91' lang='lat' dir='ltr'><strong>salu-</strong></span> 
     </span>
    </p>
   </div>
   <div class='ocr_carea' id='block_1_37' title="bbox 190 2139 1759 2220">
    <p class='ocr_par' dir='ltr' id='par_1_37' title="bbox 190 2139 1759 2220">
     <span class='ocr_line' id='line_1_37' title="bbox 190 2139 1759 2220; baseline 0.015 -32"><span class='ocrx_word' id='word_1_273' title='bbox 190 2146 284 2201; x_wconf 86' lang='lat' dir='ltr'><strong>tat,</strong></span> <span class='ocrx_word' id='word_1_274' title='bbox 327 2139 643 2210; x_wconf 89' lang='lat' dir='ltr'><strong>crebroque</strong></span> <span class='ocrx_word' id='word_1_275' title='bbox 696 2158 946 2199; x_wconf 88' lang='lat' dir='ltr'><strong>sermone</strong></span> <span class='ocrx_word' id='word_1_276' title='bbox 1005 2151 1351 2207; x_wconf 86' lang='lat' dir='ltr'><strong>concelebrat</strong></span> <span class='ocrx_word' id='word_1_277' title='bbox 1398 2152 1660 2220; x_wconf 80' lang='lat' dir='ltr'><strong>Romam,</strong></span> <span class='ocrx_word' id='word_1_278' title='bbox 1703 2166 1759 2211; x_wconf 91' lang='lat' dir='ltr'><strong>et</strong></span> 
     </span>
    </p>
   </div>
   <div class='ocr_carea' id='block_1_38' title="bbox 187 2229 1753 2311">
    <p class='ocr_par' dir='ltr' id='par_1_38' title="bbox 187 2229 1753 2311">
     <span class='ocr_line' id='line_1_38' title="bbox 187 2229 1753 2311; baseline 0.013 -31"><span class='ocrx_word' id='word_1_279' title='bbox 187 2237 333 2281; x_wconf 90' lang='lat' dir='ltr'><strong>totam</strong></span> <span class='ocrx_word' id='word_1_280' title='bbox 380 2229 598 2285; x_wconf 85' lang='lat' dir='ltr'><strong>Italiam</strong></span> <span class='ocrx_word' id='word_1_281' title='bbox 651 2235 754 2289; x_wconf 89' lang='lat' dir='ltr'><strong>tuis</strong></span> <span class='ocrx_word' id='word_1_282' title='bbox 792 2245 913 2305; x_wconf 86' lang='lat' dir='ltr'><strong>post</strong></span> <span class='ocrx_word' id='word_1_283' title='bbox 950 2238 1223 2293; x_wconf 81' lang='lat' dir='ltr'><strong>Christum</strong></span> <span class='ocrx_word' id='word_1_284' title='bbox 1270 2243 1512 2311; x_wconf 90' lang='lat' dir='ltr'><strong>epistolis</strong></span> <span class='ocrx_word' id='word_1_285' title='bbox 1552 2244 1753 2300; x_wconf 87' lang='lat' dir='ltr'><strong>libera-</strong></span> 
     </span>
    </p>
   </div>
   <div class='ocr_carea' id='block_1_39' title="bbox 188 2324 1755 2403">
    <p class='ocr_par' dir='ltr' id='par_1_39' title="bbox 188 2324 1755 2403">
     <span class='ocr_line' id='line_1_39' title="bbox 188 2324 1755 2403; baseline 0.012 -30"><span class='ocrx_word' id='word_1_286' title='bbox 188 2329 278 2373; x_wconf 89' lang='lat' dir='ltr'><strong>tam</strong></span> <span class='ocrx_word' id='word_1_287' title='bbox 302 2334 316 2372; x_wconf 89' lang='lat'><strong>:</strong></span> <span class='ocrx_word' id='word_1_288' title='bbox 343 2338 363 2372; x_wconf 75' lang='grc' dir='ltr'><strong><em>ι</em></strong></span> <span class='ocrx_word' id='word_1_289' title='bbox 405 2336 541 2375; x_wconf 91' lang='lat' dir='ltr'><strong>cura</strong></span> <span class='ocrx_word' id='word_1_290' title='bbox 572 2324 825 2379; x_wconf 77' lang='lat' dir='ltr'><strong>nimirum</strong></span> <span class='ocrx_word' id='word_1_291' title='bbox 861 2328 1129 2385; x_wconf 86' lang='lat' dir='ltr'><strong>Anastasii</strong></span> <span class='ocrx_word' id='word_1_292' title='bbox 1162 2347 1330 2400; x_wconf 65' lang='lat' dir='ltr'><strong>papae,</strong></span> <span class='ocrx_word' id='word_1_293' title='bbox 1367 2349 1397 2387; x_wconf 83' lang='lat' dir='ltr'><strong>a</strong></span> <span class='ocrx_word' id='word_1_294' title='bbox 1423 2350 1551 2403; x_wconf 90' lang='lat' dir='ltr'><strong>quo,</strong></span> <span class='ocrx_word' id='word_1_295' title='bbox 1581 2347 1638 2391; x_wconf 94' lang='lat' dir='ltr'><strong>ut</strong></span> <span class='ocrx_word' id='word_1_296' title='bbox 1665 2352 1755 2392; x_wconf 85' lang='lat' dir='ltr'><strong>su-</strong></span> 
     </span>
    </p>
   </div>
   <div class='ocr_carea' id='block_1_40' title="bbox 183 2415 1753 2494">
    <p class='ocr_par' dir='ltr' id='par_1_40' title="bbox 183 2415 1753 2494">
     <span class='ocr_line' id='line_1_40' title="bbox 183 2415 1753 2494; baseline 0.01 -27"><span class='ocrx_word' id='word_1_297' title='bbox 183 2415 377 2483; x_wconf 79' lang='lat' dir='ltr'><strong>periere</strong></span> <span class='ocrx_word' id='word_1_298' title='bbox 406 2416 657 2473; x_wconf 86' lang='lat' dir='ltr'><strong>sectione</strong></span> <span class='ocrx_word' id='word_1_299' title='bbox 700 2418 900 2474; x_wconf 92' lang='lat' dir='ltr'><strong>dictum</strong></span> <span class='ocrx_word' id='word_1_300' title='bbox 941 2430 1047 2487; x_wconf 89' lang='lat' dir='ltr'><strong>est,</strong></span> <span class='ocrx_word' id='word_1_301' title='bbox 1079 2423 1397 2494; x_wconf 78' lang='lat' dir='ltr'><strong>proﬁigatus</strong></span> <span class='ocrx_word' id='word_1_302' title='bbox 1427 2425 1602 2481; x_wconf 84' lang='lat' dir='ltr'><strong>luerat</strong></span> <span class='ocrx_word' id='word_1_303' title='bbox 1628 2428 1753 2484; x_wconf 80' lang='lat' dir='ltr'><strong>Gri--</strong></span> 
     </span>
    </p>
   </div>
   <div class='ocr_carea' id='block_1_41' title="bbox 181 2505 1751 2583">
    <p class='ocr_par' dir='ltr' id='par_1_41' title="bbox 181 2505 1751 2583">
     <span class='ocr_line' id='line_1_41' title="bbox 181 2505 1751 2583; baseline 0.011 -26"><span class='ocrx_word' id='word_1_304' title='bbox 181 2505 457 2574; x_wconf 86' lang='lat' dir='ltr'><strong>genismus.</strong></span> <span class='ocrx_word' id='word_1_305' title='bbox 504 2506 563 2561; x_wconf 86' lang='lat' dir='ltr'><strong>In</strong></span> <span class='ocrx_word' id='word_1_306' title='bbox 611 2508 713 2562; x_wconf 90' lang='lat' dir='ltr'><strong>alia</strong></span> <span class='ocrx_word' id='word_1_307' title='bbox 753 2510 820 2563; x_wconf 91' lang='lat' dir='ltr'><strong>ad</strong></span> <span class='ocrx_word' id='word_1_308' title='bbox 858 2512 1108 2567; x_wconf 88' lang='lat' dir='ltr'><strong>eumdem</strong></span> <span class='ocrx_word' id='word_1_309' title='bbox 1144 2515 1375 2583; x_wconf 87' lang='lat' dir='ltr'><strong>epistola</strong></span> <span class='ocrx_word' id='word_1_310' title='bbox 1407 2517 1475 2582; x_wconf 81' lang='lat'><strong>&quot;,</strong></span> <span class='ocrx_word' id='word_1_311' title='bbox 1509 2516 1751 2574; x_wconf 85' lang='lat' dir='ltr'><strong>Priscum</strong></span> 
     </span>
    </p>
   </div>
   <div class='ocr_carea' id='block_1_42' title="bbox 178 2597 1754 2681">
    <p class='ocr_par' dir='ltr' id='par_1_42' title="bbox 178 2597 1754 2681">
     <span class='ocr_line' id='line_1_42' title="bbox 178 2597 1754 2681; baseline 0.011 -32"><span class='ocrx_word' id='word_1_312' title='bbox 178 2606 226 2650; x_wconf 88' lang='lat' dir='ltr'><strong>et</strong></span> <span class='ocrx_word' id='word_1_313' title='bbox 263 2597 535 2654; x_wconf 90' lang='lat' dir='ltr'><strong>Eubulum</strong></span> <span class='ocrx_word' id='word_1_314' title='bbox 580 2615 613 2655; x_wconf 86' lang='lat' dir='ltr'><strong>a</strong></span> <span class='ocrx_word' id='word_1_315' title='bbox 665 2601 964 2671; x_wconf 76' lang='lat' dir='ltr'><strong>Theophila</strong></span> <span class='ocrx_word' id='word_1_316' title='bbox 1029 2604 1085 2658; x_wconf 90' lang='lat' dir='ltr'><strong>in</strong></span> <span class='ocrx_word' id='word_1_317' title='bbox 1140 2605 1483 2663; x_wconf 71' lang='lat' dir='ltr'><strong>Palaestinam</strong></span> <span class='ocrx_word' id='word_1_318' title='bbox 1548 2610 1754 2681; x_wconf 78' lang='lat' dir='ltr'><strong>legatos</strong></span> 
     </span>
    </p>
   </div>
   <div class='ocr_carea' id='block_1_43' title="bbox 181 2691 1751 2766">
    <p class='ocr_par' dir='ltr' id='par_1_43' title="bbox 181 2691 1751 2766">
     <span class='ocr_line' id='line_1_43' title="bbox 181 2691 1751 2766; baseline 0.011 -25"><span class='ocrx_word' id='word_1_319' title='bbox 181 2698 345 2743; x_wconf 86' lang='lat' dir='ltr'><strong>narrat</strong></span> <span class='ocrx_word' id='word_1_320' title='bbox 372 2691 657 2761; x_wconf 88' lang='lat' dir='ltr'><strong>dispersos</strong></span> <span class='ocrx_word' id='word_1_321' title='bbox 693 2694 923 2763; x_wconf 87' lang='lat' dir='ltr'><strong>regulos.</strong></span> <span class='ocrx_word' id='word_1_322' title='bbox 956 2694 1294 2765; x_wconf 88' lang='lat' dir='ltr'><strong>Origenistas</strong></span> <span class='ocrx_word' id='word_1_323' title='bbox 1337 2700 1617 2766; x_wconf 88' lang='lat' dir='ltr'><strong>nimirum,</strong></span> <span class='ocrx_word' id='word_1_324' title='bbox 1656 2718 1751 2758; x_wconf 89' lang='lat' dir='ltr'><strong>us-</strong></span> 
     </span>
    </p>
   </div>
   <div class='ocr_carea' id='block_1_44' title="bbox 178 2783 1753 2864">
    <p class='ocr_par' dir='ltr' id='par_1_44' title="bbox 178 2783 1753 2864">
     <span class='ocr_line' id='line_1_44' title="bbox 178 2783 1753 2864; baseline 0.011 -32"><span class='ocrx_word' id='word_1_325' title='bbox 178 2795 268 2850; x_wconf 86' lang='lat' dir='ltr'><strong>que</strong></span> <span class='ocrx_word' id='word_1_326' title='bbox 306 2783 374 2836; x_wconf 88' lang='lat' dir='ltr'><strong>ad</strong></span> <span class='ocrx_word' id='word_1_327' title='bbox 424 2798 555 2838; x_wconf 88' lang='lat' dir='ltr'><strong>suas</strong></span> <span class='ocrx_word' id='word_1_328' title='bbox 603 2784 841 2841; x_wconf 86' lang='lat' dir='ltr'><strong>latebras</strong></span> <span class='ocrx_word' id='word_1_329' title='bbox 895 2786 1062 2842; x_wconf 88' lang='lat' dir='ltr'><strong>fuisse</strong></span> <span class='ocrx_word' id='word_1_330' title='bbox 1114 2801 1466 2859; x_wconf 87' lang='lat' dir='ltr'><strong>persecutos;</strong></span> <span class='ocrx_word' id='word_1_331' title='bbox 1518 2794 1753 2864; x_wconf 90' lang='lat' dir='ltr'><strong>gaudere</strong></span> 
     </span>
    </p>
   </div>
   <div class='ocr_carea' id='block_1_45' title="bbox 178 2876 1753 2946">
    <p class='ocr_par' dir='ltr' id='par_1_45' title="bbox 178 2876 1753 2946">
     <span class='ocr_line' id='line_1_45' title="bbox 178 2876 1753 2946; baseline 0.008 -17"><span class='ocrx_word' id='word_1_332' title='bbox 178 2888 347 2930; x_wconf 87' lang='lat' dir='ltr'><strong>omnes</strong></span> <span class='ocrx_word' id='word_1_333' title='bbox 384 2876 458 2931; x_wconf 90' lang='lat' dir='ltr'><strong>ob</strong></span> <span class='ocrx_word' id='word_1_334' title='bbox 499 2879 814 2946; x_wconf 71' lang='lat' dir='ltr'><strong>partamab</strong></span> <span class='ocrx_word' id='word_1_335' title='bbox 847 2879 1117 2937; x_wconf 69' lang='lat' dir='ltr'><strong>haereticis</strong></span> <span class='ocrx_word' id='word_1_336' title='bbox 1163 2882 1489 2939; x_wconf 86' lang='lat' dir='ltr'><strong>victoriam:</strong></span> <span class='ocrx_word' id='word_1_337' title='bbox 1529 2903 1549 2937; x_wconf 85' lang='grc'><em>‹</em></span> <span class='ocrx_word' id='word_1_338' title='bbox 1577 2884 1753 2942; x_wconf 87' lang='lat' dir='ltr'><strong>Macte</strong></span> 
     </span>
    </p>
   </div>
   <div class='ocr_carea' id='block_1_46' title="bbox 179 2966 1751 3047">
    <p class='ocr_par' dir='ltr' id='par_1_46' title="bbox 179 2966 1751 3047">
     <span class='ocr_line' id='line_1_46' title="bbox 179 2966 1751 3047; baseline 0.012 -33"><span class='ocrx_word' id='word_1_339' title='bbox 179 2966 389 3033; x_wconf 85' lang='lat' dir='ltr'><strong>virtute,</strong></span> <span class='ocrx_word' id='word_1_340' title='bbox 438 2967 650 3038; x_wconf 86' lang='lat' dir='ltr'><strong>inquit,</strong></span> <span class='ocrx_word' id='word_1_341' title='bbox 696 2980 869 3024; x_wconf 89' lang='lat' dir='ltr'><strong>macte</strong></span> <span class='ocrx_word' id='word_1_342' title='bbox 907 2971 1024 3026; x_wconf 86' lang='lat' dir='ltr'><strong>zelo</strong></span> <span class='ocrx_word' id='word_1_343' title='bbox 1074 2973 1234 3039; x_wconf 88' lang='lat' dir='ltr'><strong>ﬁdei,</strong></span> <span class='ocrx_word' id='word_1_344' title='bbox 1278 2975 1559 3030; x_wconf 88' lang='lat' dir='ltr'><strong>ostendisti</strong></span> <span class='ocrx_word' id='word_1_345' title='bbox 1609 2978 1751 3047; x_wconf 90' lang='lat' dir='ltr'><strong>quod</strong></span> 
     </span>
    </p>
   </div>
   <div class='ocr_carea' id='block_1_47' title="bbox 178 3054 1739 3134">
    <p class='ocr_par' dir='ltr' id='par_1_47' title="bbox 178 3054 1739 3134">
     <span class='ocr_line' id='line_1_47' title="bbox 178 3054 1739 3134; baseline 0.012 -27"><span class='ocrx_word' id='word_1_346' title='bbox 178 3054 267 3110; x_wconf 87' lang='lat' dir='ltr'><strong>huc</strong></span> <span class='ocrx_word' id='word_1_347' title='bbox 312 3071 489 3126; x_wconf 89' lang='lat' dir='ltr'><strong>usque</strong></span> <span class='ocrx_word' id='word_1_348' title='bbox 539 3059 887 3115; x_wconf 90' lang='lat' dir='ltr'><strong>taciturnitas</strong></span> <span class='ocrx_word' id='word_1_349' title='bbox 921 3063 1253 3132; x_wconf 87' lang='lat' dir='ltr'><strong>dispensatio</strong></span> <span class='ocrx_word' id='word_1_350' title='bbox 1296 3065 1430 3134; x_wconf 89' lang='lat' dir='ltr'><strong>fuit,</strong></span> <span class='ocrx_word' id='word_1_351' title='bbox 1477 3082 1581 3123; x_wconf 92' lang='lat' dir='ltr'><strong>non</strong></span> <span class='ocrx_word' id='word_1_352' title='bbox 1617 3085 1739 3124; x_wconf 85' lang='lat' dir='ltr'><strong>con-</strong></span> 
     </span>
    </p>
   </div>
   <div class='ocr_carea' id='block_1_48' title="bbox 176 3148 1746 3228">
    <p class='ocr_par' dir='ltr' id='par_1_48' title="bbox 176 3148 1746 3228">
     <span class='ocr_line' id='line_1_48' title="bbox 176 3148 1746 3228; baseline 0.01 -27"><span class='ocrx_word' id='word_1_353' title='bbox 176 3162 370 3204; x_wconf 81' lang='lat' dir='ltr'><strong>sensus.</strong></span> <span class='ocrx_word' id='word_1_354' title='bbox 400 3168 423 3201; x_wconf 82' lang='grc'>›</span> <span class='ocrx_word' id='word_1_355' title='bbox 474 3148 764 3208; x_wconf 84' lang='lat' dir='ltr'><strong>Postremo</strong></span> <span class='ocrx_word' id='word_1_356' title='bbox 810 3151 1075 3210; x_wconf 79' lang='lat' dir='ltr'><strong>Joannem</strong></span> <span class='ocrx_word' id='word_1_357' title='bbox 1125 3154 1633 3228; x_wconf 84' lang='lat' dir='ltr'><strong>Jerosolymitanum</strong></span> <span class='ocrx_word' id='word_1_358' title='bbox 1677 3162 1746 3217; x_wconf 91' lang='lat' dir='ltr'><strong>ob</strong></span> 
     </span>
    </p>
   </div>
   <div class='ocr_carea' id='block_1_49' title="bbox 174 3243 1746 3320">
    <p class='ocr_par' dir='ltr' id='par_1_49' title="bbox 174 3243 1746 3320">
     <span class='ocr_line' id='line_1_49' title="bbox 174 3243 1746 3320; baseline 0.008 -26"><span class='ocrx_word' id='word_1_359' title='bbox 174 3252 473 3310; x_wconf 83' lang='lat' dir='ltr'><strong>susceptum</strong></span> <span class='ocrx_word' id='word_1_360' title='bbox 503 3243 871 3315; x_wconf 89' lang='lat' dir='ltr'><strong>Origenistam</strong></span> <span class='ocrx_word' id='word_1_361' title='bbox 900 3248 1217 3317; x_wconf 84' lang='lat' dir='ltr'><strong>quemdam,</strong></span> <span class='ocrx_word' id='word_1_362' title='bbox 1246 3260 1537 3320; x_wconf 85' lang='lat' dir='ltr'><strong>antequam</strong></span> <span class='ocrx_word' id='word_1_363' title='bbox 1570 3251 1746 3307; x_wconf 82' lang='lat' dir='ltr'><strong>Theo-</strong></span> 
     </span>
    </p>
   </div>
   <div class='ocr_carea' id='block_1_50' title="bbox 176 3335 1747 3415">
    <p class='ocr_par' dir='ltr' id='par_1_50' title="bbox 176 3335 1747 3415">
     <span class='ocr_line' id='line_1_50' title="bbox 176 3335 1747 3415; baseline 0.008 -27"><span class='ocrx_word' id='word_1_364' title='bbox 176 3335 290 3401; x_wconf 82' lang='lat' dir='ltr'><strong>phili</strong></span> <span class='ocrx_word' id='word_1_365' title='bbox 316 3335 535 3392; x_wconf 88' lang='lat' dir='ltr'><strong>litteras</strong></span> <span class='ocrx_word' id='word_1_366' title='bbox 557 3338 878 3407; x_wconf 89' lang='lat' dir='ltr'><strong>accepisset,</strong></span> <span class='ocrx_word' id='word_1_367' title='bbox 907 3351 1131 3396; x_wconf 83' lang='lat' dir='ltr'><strong>excusat</strong></span> <span class='ocrx_word' id='word_1_368' title='bbox 1161 3342 1246 3397; x_wconf 89' lang='lat' dir='ltr'><strong>his</strong></span> <span class='ocrx_word' id='word_1_369' title='bbox 1270 3345 1485 3399; x_wconf 87' lang='lat' dir='ltr'><strong>verbis:</strong></span> <span class='ocrx_word' id='word_1_370' title='bbox 1522 3363 1541 3396; x_wconf 72' lang='grc' dir='ltr'><strong><em>ι</em></strong></span> <span class='ocrx_word' id='word_1_371' title='bbox 1573 3346 1747 3415; x_wconf 88' lang='lat' dir='ltr'><strong>Super</strong></span> 
     </span>
    </p>
   </div>
   <div class='ocr_carea' id='block_1_51' title="bbox 176 3427 1746 3508">
    <p class='ocr_par' dir='ltr' id='par_1_51' title="bbox 176 3427 1746 3508">
     <span class='ocr_line' id='line_1_51' title="bbox 176 3427 1746 3508; baseline 0.01 -29"><span class='ocrx_word' id='word_1_372' title='bbox 176 3427 508 3495; x_wconf 80' lang='lat' dir='ltr'><strong>susceptione</strong></span> <span class='ocrx_word' id='word_1_373' title='bbox 542 3429 823 3498; x_wconf 90' lang='lat' dir='ltr'><strong>cujusdam</strong></span> <span class='ocrx_word' id='word_1_374' title='bbox 863 3448 968 3488; x_wconf 91' lang='lat' dir='ltr'><strong>non</strong></span> <span class='ocrx_word' id='word_1_375' title='bbox 1000 3434 1161 3489; x_wconf 88' lang='lat' dir='ltr'><strong>debes</strong></span> <span class='ocrx_word' id='word_1_376' title='bbox 1190 3444 1375 3490; x_wconf 90' lang='lat' dir='ltr'><strong>contra</strong></span> <span class='ocrx_word' id='word_1_377' title='bbox 1409 3437 1559 3493; x_wconf 84' lang='lat' dir='ltr'><strong>urbis</strong></span> <span class='ocrx_word' id='word_1_378' title='bbox 1587 3438 1746 3508; x_wconf 91' lang='lat' dir='ltr'><strong>hujus</strong></span> 
     </span>
    </p>
   </div>
   <div class='ocr_carea' id='block_1_52' title="bbox 176 3516 1742 3597">
    <p class='ocr_par' dir='ltr' id='par_1_52' title="bbox 176 3516 1742 3597">
     <span class='ocr_line' id='line_1_52' title="bbox 176 3516 1742 3597; baseline 0.011 -29"><span class='ocrx_word' id='word_1_379' title='bbox 176 3516 338 3572; x_wconf 87' lang='lat' dir='ltr'><strong>dolere</strong></span> <span class='ocrx_word' id='word_1_380' title='bbox 387 3518 728 3587; x_wconf 84' lang='lat' dir='ltr'><strong>pontiﬁcem,</strong></span> <span class='ocrx_word' id='word_1_381' title='bbox 777 3523 901 3591; x_wconf 91' lang='lat' dir='ltr'><strong>quia</strong></span> <span class='ocrx_word' id='word_1_382' title='bbox 946 3525 1079 3579; x_wconf 94' lang='lat' dir='ltr'><strong>nihil</strong></span> <span class='ocrx_word' id='word_1_383' title='bbox 1131 3526 1235 3581; x_wconf 92' lang='lat' dir='ltr'><strong>tuis</strong></span> <span class='ocrx_word' id='word_1_384' title='bbox 1290 3526 1487 3581; x_wconf 88' lang='lat' dir='ltr'><strong>litteris</strong></span> <span class='ocrx_word' id='word_1_385' title='bbox 1538 3542 1742 3597; x_wconf 60' lang='lat' dir='ltr'><strong>prace-</strong></span> 
     </span>
    </p>
   </div>
   <div class='ocr_carea' id='block_1_53' title="bbox 175 3612 1740 3690">
    <p class='ocr_par' dir='ltr' id='par_1_53' title="bbox 175 3612 1740 3690">
     <span class='ocr_line' id='line_1_53' title="bbox 175 3612 1740 3690; baseline 0.009 -29"><span class='ocrx_word' id='word_1_386' title='bbox 175 3612 331 3681; x_wconf 88' lang='lat' dir='ltr'><strong>pisti:</strong></span> <span class='ocrx_word' id='word_1_387' title='bbox 376 3621 433 3667; x_wconf 92' lang='lat' dir='ltr'><strong>et</strong></span> <span class='ocrx_word' id='word_1_388' title='bbox 478 3616 828 3669; x_wconf 86' lang='lat' dir='ltr'><strong>temerarium</strong></span> <span class='ocrx_word' id='word_1_389' title='bbox 882 3615 981 3673; x_wconf 90' lang='lat' dir='ltr'><strong>fuit</strong></span> <span class='ocrx_word' id='word_1_390' title='bbox 1027 3619 1092 3673; x_wconf 91' lang='lat' dir='ltr'><strong>de</strong></span> <span class='ocrx_word' id='word_1_391' title='bbox 1130 3635 1194 3673; x_wconf 90' lang='lat' dir='ltr'><strong>eo</strong></span> <span class='ocrx_word' id='word_1_392' title='bbox 1237 3620 1379 3689; x_wconf 90' lang='lat' dir='ltr'><strong>quod</strong></span> <span class='ocrx_word' id='word_1_393' title='bbox 1430 3622 1740 3690; x_wconf 79' lang='lat' dir='ltr'><strong>nesciebat,</strong></span> 
     </span>
    </p>
   </div>
   <div class='ocr_carea' id='block_1_54' title="bbox 176 3700 1742 3777">
    <p class='ocr_par' dir='ltr' id='par_1_54' title="bbox 176 3700 1742 3777">
     <span class='ocr_line' id='line_1_54' title="bbox 176 3700 1742 3777; baseline 0.01 -24"><span class='ocrx_word' id='word_1_394' title='bbox 176 3700 303 3756; x_wconf 86' lang='lat' dir='ltr'><strong>ferre</strong></span> <span class='ocrx_word' id='word_1_395' title='bbox 330 3703 665 3758; x_wconf 87' lang='lat' dir='ltr'><strong>sententiam</strong></span> <span class='ocrx_word' id='word_1_396' title='bbox 691 3722 704 3758; x_wconf 93' lang='lat'><strong>:</strong></span> <span class='ocrx_word' id='word_1_397' title='bbox 734 3714 910 3760; x_wconf 88' lang='lat' dir='ltr'><strong>tamen</strong></span> <span class='ocrx_word' id='word_1_398' title='bbox 944 3722 1066 3762; x_wconf 91' lang='lat' dir='ltr'><strong>reor</strong></span> <span class='ocrx_word' id='word_1_399' title='bbox 1093 3708 1242 3762; x_wconf 91' lang='lat' dir='ltr'><strong>illum</strong></span> <span class='ocrx_word' id='word_1_400' title='bbox 1270 3724 1369 3765; x_wconf 89' lang='lat' dir='ltr'><strong>nec</strong></span> <span class='ocrx_word' id='word_1_401' title='bbox 1398 3711 1616 3777; x_wconf 91' lang='lat' dir='ltr'><strong>audere,</strong></span> <span class='ocrx_word' id='word_1_402' title='bbox 1644 3726 1742 3768; x_wconf 88' lang='lat' dir='ltr'><strong>nec</strong></span> 
     </span>
    </p>
   </div>
   <div class='ocr_carea' id='block_1_55' title="bbox 176 3791 1737 3865">
    <p class='ocr_par' dir='ltr' id='par_1_55' title="bbox 176 3791 1737 3865">
     <span class='ocr_line' id='line_1_55' title="bbox 176 3791 1737 3865; baseline 0.009 -24"><span class='ocrx_word' id='word_1_403' title='bbox 176 3791 293 3846; x_wconf 78' lang='lat' dir='ltr'><strong>velle</strong></span> <span class='ocrx_word' id='word_1_404' title='bbox 338 3802 390 3848; x_wconf 93' lang='lat' dir='ltr'><strong>te</strong></span> <span class='ocrx_word' id='word_1_405' title='bbox 433 3793 488 3847; x_wconf 93' lang='lat' dir='ltr'><strong>in</strong></span> <span class='ocrx_word' id='word_1_406' title='bbox 539 3792 726 3864; x_wconf 89' lang='lat' dir='ltr'><strong>aliquo</strong></span> <span class='ocrx_word' id='word_1_407' title='bbox 769 3794 980 3851; x_wconf 67' lang='lat' dir='ltr'><strong>laedere.</strong></span> <span class='ocrx_word' id='word_1_408' title='bbox 1009 3815 1029 3848; x_wconf 75' lang='grc' dir='ltr'><strong><em>ι</em></strong></span> <span class='ocrx_word' id='word_1_409' title='bbox 1082 3796 1289 3865; x_wconf 85' lang='lat' dir='ltr'><strong>Quibus</strong></span> <span class='ocrx_word' id='word_1_410' title='bbox 1334 3814 1438 3853; x_wconf 83' lang='lat' dir='ltr'><strong>non</strong></span> <span class='ocrx_word' id='word_1_411' title='bbox 1480 3798 1737 3855; x_wconf 84' lang='lat' dir='ltr'><strong>Joannem</strong></span> 
     </span>
    </p>
   </div>
   <div class='ocr_carea' id='block_1_56' title="bbox 176 3879 1738 3964">
    <p class='ocr_par' dir='ltr' id='par_1_56' title="bbox 176 3879 1738 3964">
     <span class='ocr_line' id='line_1_56' title="bbox 176 3879 1738 3964; baseline 0.011 -30"><span class='ocrx_word' id='word_1_412' title='bbox 176 3879 816 3955; x_wconf 41' lang='lat' dir='ltr'><strong>Jerosolymitauumgsed</strong></span> <span class='ocrx_word' id='word_1_413' title='bbox 850 3887 1301 3960; x_wconf 86' lang='lat' dir='ltr'><strong>Chrysostomum</strong></span> <span class='ocrx_word' id='word_1_414' title='bbox 1341 3894 1514 3948; x_wconf 80' lang='lat' dir='ltr'><strong>notari</strong></span> <span class='ocrx_word' id='word_1_415' title='bbox 1547 3905 1738 3964; x_wconf 90' lang='lat' dir='ltr'><strong>putant</strong></span> 
     </span>
    </p>
   </div>
   <div class='ocr_carea' id='block_1_57' title="bbox 179 3975 1739 4069">
    <p class='ocr_par' dir='ltr' id='par_1_57' title="bbox 179 3975 1739 4069">
     <span class='ocr_line' id='line_1_57' title="bbox 179 3975 1739 4069; baseline 0.013 -46"><span class='ocrx_word' id='word_1_416' title='bbox 179 3975 393 4031; x_wconf 82' lang='lat' dir='ltr'><strong>nonnulli</strong></span> <span class='ocrx_word' id='word_1_417' title='bbox 424 3995 439 4031; x_wconf 86' lang='lat'><strong>:</strong></span> <span class='ocrx_word' id='word_1_418' title='bbox 478 3976 576 4032; x_wconf 89' lang='lat' dir='ltr'><strong>sed</strong></span> <span class='ocrx_word' id='word_1_419' title='bbox 612 3993 717 4032; x_wconf 92' lang='lat' dir='ltr'><strong>non</strong></span> <span class='ocrx_word' id='word_1_420' title='bbox 750 3984 1072 4047; x_wconf 87' lang='lat' dir='ltr'><strong>persuadent</strong></span> <span class='ocrx_word' id='word_1_421' title='bbox 1103 4001 1118 4051; x_wconf 90' lang='lat'><strong>;</strong></span> <span class='ocrx_word' id='word_1_422' title='bbox 1172 3998 1294 4038; x_wconf 91' lang='lat' dir='ltr'><strong>nam</strong></span> <span class='ocrx_word' id='word_1_423' title='bbox 1340 4001 1503 4041; x_wconf 92' lang='lat' dir='ltr'><strong>unum</strong></span> <span class='ocrx_word' id='word_1_424' title='bbox 1549 4002 1739 4069; x_wconf 73' lang='lat' dir='ltr'><strong>quern-</strong></span> 
     </span>
    </p>
   </div>
   <div class='ocr_carea' id='block_1_58' title="bbox 177 4069 1736 4145">
    <p class='ocr_par' dir='ltr' id='par_1_58' title="bbox 177 4069 1736 4145">
     <span class='ocr_line' id='line_1_58' title="bbox 177 4069 1736 4145; baseline 0.012 -32"><span class='ocrx_word' id='word_1_425' title='bbox 177 4070 280 4119; x_wconf 73' lang='lat' dir='ltr'><strong>dam</strong></span> <span class='ocrx_word' id='word_1_426' title='bbox 311 4078 626 4137; x_wconf 90' lang='lat' dir='ltr'><strong>susceptum</strong></span> <span class='ocrx_word' id='word_1_427' title='bbox 656 4069 791 4124; x_wconf 89' lang='lat' dir='ltr'><strong>dicit</strong></span> <span class='ocrx_word' id='word_1_428' title='bbox 834 4071 1213 4143; x_wconf 84' lang='lat' dir='ltr'><strong>Hieronymus,</strong></span> <span class='ocrx_word' id='word_1_429' title='bbox 1257 4084 1312 4128; x_wconf 91' lang='lat' dir='ltr'><strong>at</strong></span> <span class='ocrx_word' id='word_1_430' title='bbox 1348 4076 1736 4145; x_wconf 83' lang='lat' dir='ltr'><strong>quinquaginta</strong></span> 
     </span>
    </p>
   </div>
   <div class='ocr_carea' id='block_1_59' title="bbox 177 4155 1737 4240">
    <p class='ocr_par' dir='ltr' id='par_1_59' title="bbox 177 4155 1737 4240">
     <span class='ocr_line' id='line_1_59' title="bbox 177 4155 1737 4240; baseline 0.009 -30"><span class='ocrx_word' id='word_1_431' title='bbox 177 4155 578 4229; x_wconf 83' lang='lat' dir='ltr'><strong>Clnysostomus</strong></span> <span class='ocrx_word' id='word_1_432' title='bbox 626 4163 882 4231; x_wconf 88' lang='lat' dir='ltr'><strong>suscepit.</strong></span> <span class='ocrx_word' id='word_1_433' title='bbox 930 4164 1131 4220; x_wconf 88' lang='lat' dir='ltr'><strong>Deinde</strong></span> <span class='ocrx_word' id='word_1_434' title='bbox 1173 4180 1297 4220; x_wconf 91' lang='lat' dir='ltr'><strong>cum</strong></span> <span class='ocrx_word' id='word_1_435' title='bbox 1348 4167 1425 4221; x_wconf 87' lang='lat' dir='ltr'><strong>ait</strong></span> <span class='ocrx_word' id='word_1_436' title='bbox 1475 4168 1737 4240; x_wconf 84' lang='lat' dir='ltr'><strong>Hierony-</strong></span> 
     </span>
    </p>
   </div>
   <div class='ocr_carea' id='block_1_60' title="bbox 178 4249 1736 4330">
    <p class='ocr_par' dir='ltr' id='par_1_60' title="bbox 178 4249 1736 4330">
     <span class='ocr_line' id='line_1_60' title="bbox 178 4249 1736 4330; baseline 0.013 -32"><span class='ocrx_word' id='word_1_437' title='bbox 178 4264 296 4315; x_wconf 86' lang='lat' dir='ltr'><strong>mus,</strong></span> <span class='ocrx_word' id='word_1_438' title='bbox 322 4249 479 4306; x_wconf 81' lang='lat' dir='ltr'><strong>Urbis</strong></span> <span class='ocrx_word' id='word_1_439' title='bbox 515 4253 702 4321; x_wconf 78' lang='lat' dir='ltr'><strong>hujus,</strong></span> <span class='ocrx_word' id='word_1_440' title='bbox 748 4264 922 4309; x_wconf 87' lang='lat' dir='ltr'><strong>utram</strong></span> <span class='ocrx_word' id='word_1_441' title='bbox 964 4259 1142 4325; x_wconf 91' lang='lat' dir='ltr'><strong>potius</strong></span> <span class='ocrx_word' id='word_1_442' title='bbox 1176 4259 1392 4314; x_wconf 87' lang='lat' dir='ltr'><strong>videtur</strong></span> <span class='ocrx_word' id='word_1_443' title='bbox 1426 4262 1736 4330; x_wconf 87' lang='lat' dir='ltr'><strong>signiﬁcare</strong></span> 
     </span>
    </p>
   </div>
   <div class='ocr_carea' id='block_1_61' title="bbox 176 4336 1736 4417">
    <p class='ocr_par' dir='ltr' id='par_1_61' title="bbox 176 4336 1736 4417">
     <span class='ocr_line' id='line_1_61' title="bbox 176 4336 1736 4417; baseline 0.011 -28"><span class='ocrx_word' id='word_1_444' title='bbox 176 4336 680 4409; x_wconf 81' lang='lat' dir='ltr'><strong>Constantinopolim</strong></span> <span class='ocrx_word' id='word_1_445' title='bbox 714 4351 792 4396; x_wconf 91' lang='lat' dir='ltr'><strong>tot</strong></span> <span class='ocrx_word' id='word_1_446' title='bbox 836 4345 1206 4400; x_wconf 88' lang='lat' dir='ltr'><strong>mansionibus</strong></span> <span class='ocrx_word' id='word_1_447' title='bbox 1236 4347 1516 4417; x_wconf 85' lang='lat' dir='ltr'><strong>dissitam;</strong></span> <span class='ocrx_word' id='word_1_448' title='bbox 1551 4366 1617 4403; x_wconf 90' lang='lat' dir='ltr'><strong>an</strong></span> <span class='ocrx_word' id='word_1_449' title='bbox 1647 4349 1736 4407; x_wconf 91' lang='lat' dir='ltr'><strong>Je-</strong></span> 
     </span>
    </p>
   </div>
   <div class='ocr_carea' id='block_1_62' title="bbox 178 4434 1734 4504">
    <p class='ocr_par' dir='ltr' id='par_1_62' title="bbox 178 4434 1734 4504">
     <span class='ocr_line' id='line_1_62' title="bbox 178 4434 1734 4504; baseline 0.011 -19"><span class='ocrx_word' id='word_1_450' title='bbox 178 4434 478 4504; x_wconf 84' lang='lat' dir='ltr'><strong>rosolymam</strong></span> <span class='ocrx_word' id='word_1_451' title='bbox 519 4434 677 4503; x_wconf 91' lang='lat' dir='ltr'><strong>cujus</strong></span> <span class='ocrx_word' id='word_1_452' title='bbox 705 4437 757 4492; x_wconf 92' lang='lat' dir='ltr'><strong>in</strong></span> <span class='ocrx_word' id='word_1_453' title='bbox 787 4438 979 4493; x_wconf 83' lang='lat' dir='ltr'><strong>vicinia</strong></span> <span class='ocrx_word' id='word_1_454' title='bbox 1011 4440 1125 4495; x_wconf 68' lang='lat' dir='ltr'><strong>haec</strong></span> <span class='ocrx_word' id='word_1_455' title='bbox 1157 4440 1461 4498; x_wconf 87' lang='lat' dir='ltr'><strong>scribebat?</strong></span> <span class='ocrx_word' id='word_1_456' title='bbox 1498 4444 1734 4501; x_wconf 90' lang='lat' dir='ltr'><strong>Omnino</strong></span> 
     </span>
    </p>
   </div>
   <div class='ocr_carea' id='block_1_63' title="bbox 1860 1981 3436 2047">
    <p class='ocr_par' dir='ltr' id='par_1_63' title="bbox 1860 1981 3436 2047">
     <span class='ocr_line' id='line_1_63' title="bbox 1860 1981 3436 2047; baseline 0.008 -13"><span class='ocrx_word' id='word_1_457' title='bbox 1860 1981 2065 2035; x_wconf 90' lang='lat' dir='ltr'><strong>erroris</strong></span> <span class='ocrx_word' id='word_1_458' title='bbox 2090 1982 2338 2037; x_wconf 84' lang='lat' dir='ltr'><strong>ardorem</strong></span> <span class='ocrx_word' id='word_1_459' title='bbox 2370 1982 2564 2037; x_wconf 81' lang='lat' dir='ltr'><strong>ardore</strong></span> <span class='ocrx_word' id='word_1_460' title='bbox 2602 1984 2724 2040; x_wconf 90' lang='lat' dir='ltr'><strong>ﬁdei</strong></span> <span class='ocrx_word' id='word_1_461' title='bbox 2766 1998 3116 2044; x_wconf 90' lang='lat' dir='ltr'><strong>commutate.</strong></span> <span class='ocrx_word' id='word_1_462' title='bbox 3144 2009 3162 2040; x_wconf 73' lang='grc' dir='ltr'><strong>ι</strong></span> <span class='ocrx_word' id='word_1_463' title='bbox 3214 1991 3436 2047; x_wconf 88' lang='lat' dir='ltr'><strong>Demum</strong></span> 
     </span>
    </p>
   </div>
   <div class='ocr_carea' id='block_1_64' title="bbox 1858 2070 3438 2151">
    <p class='ocr_par' dir='ltr' id='par_1_64' title="bbox 1858 2070 3438 2151">
     <span class='ocr_line' id='line_1_64' title="bbox 1858 2070 3438 2151; baseline 0.008 -26"><span class='ocrx_word' id='word_1_464' title='bbox 1858 2070 2151 2128; x_wconf 86' lang='lat' dir='ltr'><strong>Paschales</strong></span> <span class='ocrx_word' id='word_1_465' title='bbox 2188 2073 2470 2143; x_wconf 84' lang='lat' dir='ltr'><strong>Theophili</strong></span> <span class='ocrx_word' id='word_1_466' title='bbox 2505 2077 2788 2145; x_wconf 86' lang='lat' dir='ltr'><strong>epistolas,</strong></span> <span class='ocrx_word' id='word_1_467' title='bbox 2830 2079 3025 2148; x_wconf 90' lang='lat' dir='ltr'><strong>quibus</strong></span> <span class='ocrx_word' id='word_1_468' title='bbox 3067 2079 3438 2151; x_wconf 87' lang='lat' dir='ltr'><strong>Origenismus</strong></span> 
     </span>
    </p>
   </div>
   <div class='ocr_carea' id='block_1_65' title="bbox 1856 2162 3436 2243">
    <p class='ocr_par' dir='ltr' id='par_1_65' title="bbox 1856 2162 3436 2243">
     <span class='ocr_line' id='line_1_65' title="bbox 1856 2162 3436 2243; baseline 0.008 -28"><span class='ocrx_word' id='word_1_469' title='bbox 1856 2162 2141 2229; x_wconf 89' lang='lat' dir='ltr'><strong>obteritur,</strong></span> <span class='ocrx_word' id='word_1_470' title='bbox 2186 2180 2215 2218; x_wconf 89' lang='lat' dir='ltr'><strong>a</strong></span> <span class='ocrx_word' id='word_1_471' title='bbox 2262 2174 2371 2219; x_wconf 91' lang='lat' dir='ltr'><strong>toto</strong></span> <span class='ocrx_word' id='word_1_472' title='bbox 2415 2164 2636 2221; x_wconf 90' lang='lat' dir='ltr'><strong>Oriente</strong></span> <span class='ocrx_word' id='word_1_473' title='bbox 2680 2184 2801 2223; x_wconf 91' lang='lat' dir='ltr'><strong>cum</strong></span> <span class='ocrx_word' id='word_1_474' title='bbox 2842 2169 3198 2225; x_wconf 89' lang='lat' dir='ltr'><strong>admiratione</strong></span> <span class='ocrx_word' id='word_1_475' title='bbox 3237 2173 3436 2243; x_wconf 89' lang='lat' dir='ltr'><strong>suscipi</strong></span> 
     </span>
    </p>
   </div>
   <div class='ocr_carea' id='block_1_66' title="bbox 1855 2254 2545 2321">
    <p class='ocr_par' dir='ltr' id='par_1_66' title="bbox 1855 2254 2545 2321">
     <span class='ocr_line' id='line_1_66' title="bbox 1855 2254 2545 2321; baseline 0.006 -14"><span class='ocrx_word' id='word_1_476' title='bbox 1855 2260 1911 2307; x_wconf 88' lang='lat' dir='ltr'><strong>et</strong></span> <span class='ocrx_word' id='word_1_477' title='bbox 1936 2254 2209 2321; x_wconf 64' lang='lat' dir='ltr'><strong>praedicari</strong></span> <span class='ocrx_word' id='word_1_478' title='bbox 2244 2255 2545 2312; x_wconf 88' lang='lat' dir='ltr'><strong>denuntiat.</strong></span> 
     </span>
    </p>
   </div>
   <div class='ocr_carea' id='block_1_67' title="bbox 1931 2342 3435 2416">
    <p class='ocr_par' dir='ltr' id='par_1_67' title="bbox 1931 2342 3435 2416">
     <span class='ocr_line' id='line_1_67' title="bbox 1931 2342 3435 2416; baseline 0.008 -19"><span class='ocrx_word' id='word_1_479' title='bbox 1931 2342 2018 2398; x_wconf 85' lang='lat' dir='ltr'><strong>Vl.</strong></span> <span class='ocrx_word' id='word_1_480' title='bbox 2053 2343 2267 2400; x_wconf 83' lang='lat' dir='ltr'><strong>Prolixe</strong></span> <span class='ocrx_word' id='word_1_481' title='bbox 2302 2346 2415 2401; x_wconf 69' lang='lat' dir='ltr'><strong>haec</strong></span> <span class='ocrx_word' id='word_1_482' title='bbox 2442 2361 2471 2399; x_wconf 88' lang='lat' dir='ltr'><strong>a</strong></span> <span class='ocrx_word' id='word_1_483' title='bbox 2505 2362 2590 2402; x_wconf 93' lang='lat' dir='ltr'><strong>me</strong></span> <span class='ocrx_word' id='word_1_484' title='bbox 2623 2357 2807 2403; x_wconf 89' lang='lat' dir='ltr'><strong>notata</strong></span> <span class='ocrx_word' id='word_1_485' title='bbox 2837 2359 2985 2416; x_wconf 92' lang='lat' dir='ltr'><strong>sunt,</strong></span> <span class='ocrx_word' id='word_1_486' title='bbox 3010 2359 3069 2405; x_wconf 92' lang='lat' dir='ltr'><strong>ut</strong></span> <span class='ocrx_word' id='word_1_487' title='bbox 3098 2367 3221 2406; x_wconf 92' lang='lat' dir='ltr'><strong>cum</strong></span> <span class='ocrx_word' id='word_1_488' title='bbox 3250 2363 3435 2409; x_wconf 84' lang='lat' dir='ltr'><strong>aucto-</strong></span> 
     </span>
    </p>
   </div>
   <div class='ocr_carea' id='block_1_68' title="bbox 1855 2434 3435 2512">
    <p class='ocr_par' dir='ltr' id='par_1_68' title="bbox 1855 2434 3435 2512">
     <span class='ocr_line' id='line_1_68' title="bbox 1855 2434 3435 2512; baseline 0.008 -23"><span class='ocrx_word' id='word_1_489' title='bbox 1855 2435 2013 2489; x_wconf 84' lang='lat' dir='ltr'><strong>ritate</strong></span> <span class='ocrx_word' id='word_1_490' title='bbox 2043 2434 2305 2501; x_wconf 87' lang='lat' dir='ltr'><strong>Palladii,</strong></span> <span class='ocrx_word' id='word_1_491' title='bbox 2353 2436 2617 2504; x_wconf 86' lang='lat' dir='ltr'><strong>Socratis,</strong></span> <span class='ocrx_word' id='word_1_492' title='bbox 2664 2438 2991 2507; x_wconf 87' lang='lat' dir='ltr'><strong>Sozomeni,</strong></span> <span class='ocrx_word' id='word_1_493' title='bbox 3044 2442 3263 2512; x_wconf 83' lang='lat' dir='ltr'><strong>Georgii</strong></span> <span class='ocrx_word' id='word_1_494' title='bbox 3306 2446 3435 2501; x_wconf 82' lang='lat' dir='ltr'><strong>Ale-</strong></span> 
     </span>
    </p>
   </div>
   <div class='ocr_carea' id='block_1_69' title="bbox 1854 2525 3435 2601">
    <p class='ocr_par' dir='ltr' id='par_1_69' title="bbox 1854 2525 3435 2601">
     <span class='ocr_line' id='line_1_69' title="bbox 1854 2525 3435 2601; baseline 0.006 -22"><span class='ocrx_word' id='word_1_495' title='bbox 1854 2525 2129 2590; x_wconf 81' lang='lat' dir='ltr'><strong>xandrini,</strong></span> <span class='ocrx_word' id='word_1_496' title='bbox 2170 2528 2424 2597; x_wconf 85' lang='lat' dir='ltr'><strong>auonymi</strong></span> <span class='ocrx_word' id='word_1_497' title='bbox 2475 2528 2697 2583; x_wconf 90' lang='lat' dir='ltr'><strong>alterius</strong></span> <span class='ocrx_word' id='word_1_498' title='bbox 2729 2530 2819 2599; x_wconf 92' lang='lat' dir='ltr'><strong>qui</strong></span> <span class='ocrx_word' id='word_1_499' title='bbox 2855 2530 3227 2601; x_wconf 82' lang='lat' dir='ltr'><strong>Chrysostomi</strong></span> <span class='ocrx_word' id='word_1_500' title='bbox 3268 2535 3435 2589; x_wconf 90' lang='lat' dir='ltr'><strong>vitam</strong></span> 
     </span>
    </p>
   </div>
   <div class='ocr_carea' id='block_1_70' title="bbox 1852 2617 3433 2690">
    <p class='ocr_par' dir='ltr' id='par_1_70' title="bbox 1852 2617 3433 2690">
     <span class='ocr_line' id='line_1_70' title="bbox 1852 2617 3433 2690; baseline 0.004 -18"><span class='ocrx_word' id='word_1_501' title='bbox 1852 2617 1907 2672; x_wconf 91' lang='lat' dir='ltr'><strong>in</strong></span> <span class='ocrx_word' id='word_1_502' title='bbox 1955 2617 2165 2673; x_wconf 90' lang='lat' dir='ltr'><strong>litteras</strong></span> <span class='ocrx_word' id='word_1_503' title='bbox 2192 2617 2395 2682; x_wconf 89' lang='lat' dir='ltr'><strong>retulit,</strong></span> <span class='ocrx_word' id='word_1_504' title='bbox 2431 2626 2488 2673; x_wconf 90' lang='lat' dir='ltr'><strong>et</strong></span> <span class='ocrx_word' id='word_1_505' title='bbox 2514 2634 2545 2671; x_wconf 89' lang='lat' dir='ltr'><strong>a</strong></span> <span class='ocrx_word' id='word_1_506' title='bbox 2573 2617 2776 2672; x_wconf 90' lang='lat' dir='ltr'><strong>Savilio</strong></span> <span class='ocrx_word' id='word_1_507' title='bbox 2815 2620 2994 2675; x_wconf 88' lang='lat' dir='ltr'><strong>editus</strong></span> <span class='ocrx_word' id='word_1_508' title='bbox 3022 2631 3106 2676; x_wconf 87' lang='lat' dir='ltr'><strong>est</strong></span> <span class='ocrx_word' id='word_1_509' title='bbox 3151 2632 3287 2677; x_wconf 92' lang='lat' dir='ltr'><strong>tom.</strong></span> <span class='ocrx_word' id='word_1_510' title='bbox 3326 2622 3433 2690; x_wconf 73' lang='lat' dir='ltr'><strong>VJH</strong></span> 
     </span>
    </p>
   </div>
   <div class='ocr_carea' id='block_1_71' title="bbox 1852 2712 3434 2787">
    <p class='ocr_par' dir='ltr' id='par_1_71' title="bbox 1852 2712 3434 2787">
     <span class='ocr_line' id='line_1_71' title="bbox 1852 2712 3434 2787; baseline 0.003 -18"><span class='ocrx_word' id='word_1_511' title='bbox 1852 2712 2223 2784; x_wconf 82' lang='lat' dir='ltr'><strong>Chrysostomi</strong></span> <span class='ocrx_word' id='word_1_512' title='bbox 2250 2723 2303 2768; x_wconf 92' lang='lat' dir='ltr'><strong>et</strong></span> <span class='ocrx_word' id='word_1_513' title='bbox 2331 2713 2600 2769; x_wconf 80' lang='lat' dir='ltr'><strong>Sirneouis</strong></span> <span class='ocrx_word' id='word_1_514' title='bbox 2623 2714 3029 2784; x_wconf 67' lang='lat' dir='ltr'><strong>Metaphrastaa,</strong></span> <span class='ocrx_word' id='word_1_515' title='bbox 3057 2716 3225 2771; x_wconf 88' lang='lat' dir='ltr'><strong>lector</strong></span> <span class='ocrx_word' id='word_1_516' title='bbox 3245 2730 3434 2787; x_wconf 83' lang='lat' dir='ltr'><strong>aequus</strong></span> 
     </span>
    </p>
   </div>
   <div class='ocr_carea' id='block_1_72' title="bbox 1853 2803 3433 2875">
    <p class='ocr_par' dir='ltr' id='par_1_72' title="bbox 1853 2803 3433 2875">
     <span class='ocr_line' id='line_1_72' title="bbox 1853 2803 3433 2875; baseline 0.001 -17"><span class='ocrx_word' id='word_1_517' title='bbox 1853 2804 2139 2873; x_wconf 87' lang='lat' dir='ltr'><strong>Epiphauii</strong></span> <span class='ocrx_word' id='word_1_518' title='bbox 2188 2814 2244 2859; x_wconf 88' lang='lat' dir='ltr'><strong>et</strong></span> <span class='ocrx_word' id='word_1_519' title='bbox 2306 2803 2620 2875; x_wconf 81' lang='lat' dir='ltr'><strong>Hieronymi</strong></span> <span class='ocrx_word' id='word_1_520' title='bbox 2663 2805 3041 2861; x_wconf 89' lang='lat' dir='ltr'><strong>auctoritatem</strong></span> <span class='ocrx_word' id='word_1_521' title='bbox 3100 2814 3433 2875; x_wconf 85' lang='lat' dir='ltr'><strong>componat,</strong></span> 
     </span>
    </p>
   </div>
   <div class='ocr_carea' id='block_1_73' title="bbox 1850 2896 3432 2969">
    <p class='ocr_par' dir='ltr' id='par_1_73' title="bbox 1850 2896 3432 2969">
     <span class='ocr_line' id='line_1_73' title="bbox 1850 2896 3432 2969; baseline 0.003 -19"><span class='ocrx_word' id='word_1_522' title='bbox 1850 2905 1903 2950; x_wconf 90' lang='lat' dir='ltr'><strong>et</strong></span> <span class='ocrx_word' id='word_1_523' title='bbox 1944 2911 2104 2965; x_wconf 90' lang='lat' dir='ltr'><strong>quam</strong></span> <span class='ocrx_word' id='word_1_524' title='bbox 2165 2896 2375 2952; x_wconf 87' lang='lat' dir='ltr'><strong>diversa</strong></span> <span class='ocrx_word' id='word_1_525' title='bbox 2447 2899 2514 2952; x_wconf 92' lang='lat' dir='ltr'><strong>de</strong></span> <span class='ocrx_word' id='word_1_526' title='bbox 2566 2897 2846 2966; x_wconf 88' lang='lat' dir='ltr'><strong>Theophili</strong></span> <span class='ocrx_word' id='word_1_527' title='bbox 2897 2910 2953 2953; x_wconf 93' lang='lat' dir='ltr'><strong>et</strong></span> <span class='ocrx_word' id='word_1_528' title='bbox 3000 2898 3432 2969; x_wconf 83' lang='lat' dir='ltr'><strong>Origenistarum</strong></span> 
     </span>
    </p>
   </div>
   <div class='ocr_carea' id='block_1_74' title="bbox 1849 2986 3432 3059">
    <p class='ocr_par' dir='ltr' id='par_1_74' title="bbox 1849 2986 3432 3059">
     <span class='ocr_line' id='line_1_74' title="bbox 1849 2986 3432 3059; baseline 0.003 -18"><span class='ocrx_word' id='word_1_529' title='bbox 1849 2986 2072 3041; x_wconf 88' lang='lat' dir='ltr'><strong>dissidio</strong></span> <span class='ocrx_word' id='word_1_530' title='bbox 2123 2987 2424 3054; x_wconf 90' lang='lat' dir='ltr'><strong>senserint,</strong></span> <span class='ocrx_word' id='word_1_531' title='bbox 2473 2998 2785 3058; x_wconf 90' lang='lat' dir='ltr'><strong>cognoscat.</strong></span> <span class='ocrx_word' id='word_1_532' title='bbox 2831 2988 2908 3043; x_wconf 89' lang='lat' dir='ltr'><strong>llli</strong></span> <span class='ocrx_word' id='word_1_533' title='bbox 2951 3004 3216 3045; x_wconf 89' lang='lat' dir='ltr'><strong>summam</strong></span> <span class='ocrx_word' id='word_1_534' title='bbox 3262 2991 3432 3059; x_wconf 76' lang='lat' dir='ltr'><strong>pieta‘</strong></span> 
     </span>
    </p>
   </div>
   <div class='ocr_carea' id='block_1_75' title="bbox 1854 3081 3428 3151">
    <p class='ocr_par' dir='ltr' id='par_1_75' title="bbox 1854 3081 3428 3151">
     <span class='ocr_line' id='line_1_75' title="bbox 1854 3081 3428 3151; baseline 0.003 -17"><span class='ocrx_word' id='word_1_535' title='bbox 1854 3081 1940 3144; x_wconf 86' lang='lat' dir='ltr'><strong>tis,</strong></span> <span class='ocrx_word' id='word_1_536' title='bbox 1973 3081 2297 3147; x_wconf 90' lang='lat' dir='ltr'><strong>sanctitatis,</strong></span> <span class='ocrx_word' id='word_1_537' title='bbox 2324 3090 2379 3135; x_wconf 92' lang='lat' dir='ltr'><strong>et</strong></span> <span class='ocrx_word' id='word_1_538' title='bbox 2407 3082 2834 3137; x_wconf 89' lang='lat' dir='ltr'><strong>mansuetudinis</strong></span> <span class='ocrx_word' id='word_1_539' title='bbox 2864 3082 3071 3137; x_wconf 89' lang='lat' dir='ltr'><strong>laudem</strong></span> <span class='ocrx_word' id='word_1_540' title='bbox 3107 3082 3428 3151; x_wconf 86' lang='lat' dir='ltr'><strong>Origenistis</strong></span> 
     </span>
    </p>
   </div>
   <div class='ocr_carea' id='block_1_76' title="bbox 1853 3160 3421 3238">
    <p class='ocr_par' dir='ltr' id='par_1_76' title="bbox 1853 3160 3421 3238">
     <span class='ocr_line' id='line_1_76' title="bbox 1853 3160 3421 3238; baseline 0.005 -21"><span class='ocrx_word' id='word_1_541' title='bbox 1853 3165 2093 3219; x_wconf 92' lang='lat' dir='ltr'><strong>tribuunt</strong></span> <span class='ocrx_word' id='word_1_542' title='bbox 2135 3183 2150 3219; x_wconf 88' lang='lat'><strong>:</strong></span> <span class='ocrx_word' id='word_1_543' title='bbox 2190 3166 2242 3220; x_wconf 92' lang='lat' dir='ltr'><strong>hi</strong></span> <span class='ocrx_word' id='word_1_544' title='bbox 2277 3160 2608 3236; x_wconf 72' lang='lat' dir='ltr'><strong>versipelles,</strong></span> <span class='ocrx_word' id='word_1_545' title='bbox 2644 3168 2987 3222; x_wconf 80' lang='lat' dir='ltr'><strong>refractarios</strong></span> <span class='ocrx_word' id='word_1_546' title='bbox 3019 3177 3074 3223; x_wconf 93' lang='lat' dir='ltr'><strong>et</strong></span> <span class='ocrx_word' id='word_1_547' title='bbox 3117 3171 3421 3238; x_wconf 88' lang='lat' dir='ltr'><strong>pertinaces</strong></span> 
     </span>
    </p>
   </div>
   <div class='ocr_carea' id='block_1_77' title="bbox 1850 3255 3425 3330">
    <p class='ocr_par' dir='ltr' id='par_1_77' title="bbox 1850 3255 3425 3330">
     <span class='ocr_line' id='line_1_77' title="bbox 1850 3255 3425 3330; baseline 0.004 -21"><span class='ocrx_word' id='word_1_548' title='bbox 1850 3256 2067 3311; x_wconf 90' lang='lat' dir='ltr'><strong>eosdem</strong></span> <span class='ocrx_word' id='word_1_549' title='bbox 2104 3256 2331 3324; x_wconf 84' lang='lat' dir='ltr'><strong>ﬁngunt.</strong></span> <span class='ocrx_word' id='word_1_550' title='bbox 2363 3255 2437 3311; x_wconf 91' lang='lat' dir='ltr'><strong>llli</strong></span> <span class='ocrx_word' id='word_1_551' title='bbox 2477 3256 2830 3325; x_wconf 89' lang='lat' dir='ltr'><strong>Theophilum</strong></span> <span class='ocrx_word' id='word_1_552' title='bbox 2862 3258 3207 3324; x_wconf 83' lang='lat' dir='ltr'><strong>iracundum,</strong></span> <span class='ocrx_word' id='word_1_553' title='bbox 3248 3259 3425 3330; x_wconf 88' lang='lat' dir='ltr'><strong>impo-</strong></span> 
     </span>
    </p>
   </div>
   <div class='ocr_carea' id='block_1_78' title="bbox 1851 3345 3426 3419">
    <p class='ocr_par' dir='ltr' id='par_1_78' title="bbox 1851 3345 3426 3419">
     <span class='ocr_line' id='line_1_78' title="bbox 1851 3345 3426 3419; baseline 0.005 -21"><span class='ocrx_word' id='word_1_554' title='bbox 1851 3354 2087 3411; x_wconf 88' lang='lat' dir='ltr'><strong>tentem,</strong></span> <span class='ocrx_word' id='word_1_555' title='bbox 2138 3345 2424 3416; x_wconf 90' lang='lat' dir='ltr'><strong>iniquum,</strong></span> <span class='ocrx_word' id='word_1_556' title='bbox 2473 3349 2716 3416; x_wconf 79' lang='lat' dir='ltr'><strong>pecuniae</strong></span> <span class='ocrx_word' id='word_1_557' title='bbox 2766 3349 3058 3419; x_wconf 90' lang='lat' dir='ltr'><strong>cupidum,</strong></span> <span class='ocrx_word' id='word_1_558' title='bbox 3102 3364 3327 3419; x_wconf 89' lang='lat' dir='ltr'><strong>pronum</strong></span> <span class='ocrx_word' id='word_1_559' title='bbox 3372 3350 3426 3406; x_wconf 91' lang='lat' dir='ltr'><strong>in</strong></span> 
     </span>
    </p>
   </div>
   <div class='ocr_carea' id='block_1_79' title="bbox 1846 3435 3427 3509">
    <p class='ocr_par' dir='ltr' id='par_1_79' title="bbox 1846 3435 3427 3509">
     <span class='ocr_line' id='line_1_79' title="bbox 1846 3435 3427 3509; baseline 0.006 -20"><span class='ocrx_word' id='word_1_560' title='bbox 1846 3435 2158 3502; x_wconf 87' lang='lat' dir='ltr'><strong>vindictam,</strong></span> <span class='ocrx_word' id='word_1_561' title='bbox 2193 3439 2417 3507; x_wconf 87' lang='lat' dir='ltr'><strong>privatis</strong></span> <span class='ocrx_word' id='word_1_562' title='bbox 2462 3440 2672 3509; x_wconf 84' lang='lat' dir='ltr'><strong>injuriis</strong></span> <span class='ocrx_word' id='word_1_563' title='bbox 2718 3440 2812 3494; x_wconf 91' lang='lat' dir='ltr'><strong>Dei</strong></span> <span class='ocrx_word' id='word_1_564' title='bbox 2858 3455 3079 3495; x_wconf 87' lang='lat' dir='ltr'><strong>causam</strong></span> <span class='ocrx_word' id='word_1_565' title='bbox 3152 3440 3291 3497; x_wconf 85' lang='lat' dir='ltr'><strong>falso</strong></span> <span class='ocrx_word' id='word_1_566' title='bbox 3332 3441 3427 3497; x_wconf 91' lang='lat' dir='ltr'><strong>ob-</strong></span> 
     </span>
    </p>
   </div>
   <div class='ocr_carea' id='block_1_80' title="bbox 1847 3531 3422 3601">
    <p class='ocr_par' dir='ltr' id='par_1_80' title="bbox 1847 3531 3422 3601">
     <span class='ocr_line' id='line_1_80' title="bbox 1847 3531 3422 3601; baseline 0.005 -19"><span class='ocrx_word' id='word_1_567' title='bbox 1847 3531 2155 3585; x_wconf 87' lang='lat' dir='ltr'><strong>tendentem</strong></span> <span class='ocrx_word' id='word_1_568' title='bbox 2193 3531 2492 3587; x_wconf 84' lang='lat' dir='ltr'><strong>exhibent:</strong></span> <span class='ocrx_word' id='word_1_569' title='bbox 2525 3532 2580 3585; x_wconf 91' lang='lat' dir='ltr'><strong>hi</strong></span> <span class='ocrx_word' id='word_1_570' title='bbox 2616 3531 2734 3587; x_wconf 81' lang='lat' dir='ltr'><strong>zelo</strong></span> <span class='ocrx_word' id='word_1_571' title='bbox 2762 3532 2887 3587; x_wconf 87' lang='lat' dir='ltr'><strong>ﬁdei</strong></span> <span class='ocrx_word' id='word_1_572' title='bbox 2917 3532 3109 3587; x_wconf 87' lang='lat' dir='ltr'><strong>ardere</strong></span> <span class='ocrx_word' id='word_1_573' title='bbox 3150 3535 3422 3601; x_wconf 90' lang='lat' dir='ltr'><strong>eumdem,</strong></span> 
     </span>
    </p>
   </div>
   <div class='ocr_carea' id='block_1_81' title="bbox 1844 3620 3417 3694">
    <p class='ocr_par' dir='ltr' id='par_1_81' title="bbox 1844 3620 3417 3694">
     <span class='ocr_line' id='line_1_81' title="bbox 1844 3620 3417 3694; baseline 0.006 -23"><span class='ocrx_word' id='word_1_574' title='bbox 1844 3620 2046 3689; x_wconf 86' lang='lat' dir='ltr'><strong>pollere</strong></span> <span class='ocrx_word' id='word_1_575' title='bbox 2075 3622 2389 3691; x_wconf 90' lang='lat' dir='ltr'><strong>prudentia,</strong></span> <span class='ocrx_word' id='word_1_576' title='bbox 2425 3623 2622 3694; x_wconf 81' lang='lat' dir='ltr'><strong>Moysis</strong></span> <span class='ocrx_word' id='word_1_577' title='bbox 2657 3624 2916 3678; x_wconf 87' lang='lat' dir='ltr'><strong>virtutem</strong></span> <span class='ocrx_word' id='word_1_578' title='bbox 2960 3623 3166 3680; x_wconf 75' lang='lat' dir='ltr'><strong>reﬁerre</strong></span> <span class='ocrx_word' id='word_1_579' title='bbox 3205 3626 3417 3680; x_wconf 90' lang='lat' dir='ltr'><strong>dicunt.</strong></span> 
     </span>
    </p>
   </div>
   <div class='ocr_carea' id='block_1_82' title="bbox 1843 3712 3417 3785">
    <p class='ocr_par' dir='ltr' id='par_1_82' title="bbox 1843 3712 3417 3785">
     <span class='ocr_line' id='line_1_82' title="bbox 1843 3712 3417 3785; baseline 0.005 -20"><span class='ocrx_word' id='word_1_580' title='bbox 1843 3712 1995 3778; x_wconf 86' lang='lat' dir='ltr'><strong>Quod</strong></span> <span class='ocrx_word' id='word_1_581' title='bbox 2026 3714 2069 3768; x_wconf 91' lang='lat' dir='ltr'><strong>si</strong></span> <span class='ocrx_word' id='word_1_582' title='bbox 2104 3729 2190 3768; x_wconf 87' lang='lat' dir='ltr'><strong>res</strong></span> <span class='ocrx_word' id='word_1_583' title='bbox 2218 3715 2289 3768; x_wconf 86' lang='lat' dir='ltr'><strong>ita</strong></span> <span class='ocrx_word' id='word_1_584' title='bbox 2317 3716 2544 3770; x_wconf 80' lang='lat' dir='ltr'><strong>fuissent</strong></span> <span class='ocrx_word' id='word_1_585' title='bbox 2568 3728 2751 3785; x_wconf 58' lang='lat' dir='ltr'><strong>gestae,</strong></span> <span class='ocrx_word' id='word_1_586' title='bbox 2778 3726 2835 3771; x_wconf 90' lang='lat' dir='ltr'><strong>ut</strong></span> <span class='ocrx_word' id='word_1_587' title='bbox 2864 3731 2894 3770; x_wconf 89' lang='lat' dir='ltr'><strong>a</strong></span> <span class='ocrx_word' id='word_1_588' title='bbox 2919 3716 3158 3772; x_wconf 86' lang='lat' dir='ltr'><strong>Palladio</strong></span> <span class='ocrx_word' id='word_1_589' title='bbox 3191 3733 3417 3773; x_wconf 87' lang='lat' dir='ltr'><strong>narrau-</strong></span> 
     </span>
    </p>
   </div>
   <div class='ocr_carea' id='block_1_83' title="bbox 1844 3807 3423 3877">
    <p class='ocr_par' dir='ltr' id='par_1_83' title="bbox 1844 3807 3423 3877">
     <span class='ocr_line' id='line_1_83' title="bbox 1844 3807 3423 3877; baseline 0.003 -20"><span class='ocrx_word' id='word_1_590' title='bbox 1844 3814 1948 3868; x_wconf 90' lang='lat' dir='ltr'><strong>tur,</strong></span> <span class='ocrx_word' id='word_1_591' title='bbox 1980 3820 2106 3857; x_wconf 92' lang='lat' dir='ltr'><strong>num</strong></span> <span class='ocrx_word' id='word_1_592' title='bbox 2140 3817 2455 3874; x_wconf 73' lang='lat' dir='ltr'><strong>praesentem</strong></span> <span class='ocrx_word' id='word_1_593' title='bbox 2483 3807 2955 3872; x_wconf 86' lang='lat' dir='ltr'><strong>Posthumianum,</strong></span> <span class='ocrx_word' id='word_1_594' title='bbox 2979 3818 3035 3862; x_wconf 91' lang='lat' dir='ltr'><strong>et</strong></span> <span class='ocrx_word' id='word_1_595' title='bbox 3064 3807 3423 3877; x_wconf 89' lang='lat' dir='ltr'><strong>Epiphanium</strong></span> 
     </span>
    </p>
   </div>
   <div class='ocr_carea' id='block_1_84' title="bbox 1839 3894 3425 3969">
    <p class='ocr_par' dir='ltr' id='par_1_84' title="bbox 1839 3894 3425 3969">
     <span class='ocr_line' id='line_1_84' title="bbox 1839 3894 3425 3969; baseline 0.004 -22"><span class='ocrx_word' id='word_1_596' title='bbox 1839 3911 1904 3949; x_wconf 89' lang='lat' dir='ltr'><strong>ac</strong></span> <span class='ocrx_word' id='word_1_597' title='bbox 1935 3894 2321 3966; x_wconf 84' lang='lat' dir='ltr'><strong>Hieronymum</strong></span> <span class='ocrx_word' id='word_1_598' title='bbox 2356 3898 2409 3951; x_wconf 93' lang='lat' dir='ltr'><strong>in</strong></span> <span class='ocrx_word' id='word_1_599' title='bbox 2434 3898 2629 3953; x_wconf 87' lang='lat' dir='ltr'><strong>vicinia</strong></span> <span class='ocrx_word' id='word_1_600' title='bbox 2651 3900 2855 3969; x_wconf 92' lang='lat' dir='ltr'><strong>positos</strong></span> <span class='ocrx_word' id='word_1_601' title='bbox 2890 3898 3057 3953; x_wconf 89' lang='lat' dir='ltr'><strong>latere</strong></span> <span class='ocrx_word' id='word_1_602' title='bbox 3086 3899 3425 3967; x_wconf 75' lang='lat' dir='ltr'><strong>potuissent!</strong></span> 
     </span>
    </p>
   </div>
   <div class='ocr_carea' id='block_1_85' title="bbox 1840 3986 3424 4059">
    <p class='ocr_par' dir='ltr' id='par_1_85' title="bbox 1840 3986 3424 4059">
     <span class='ocr_line' id='line_1_85' title="bbox 1840 3986 3424 4059; baseline 0.005 -21"><span class='ocrx_word' id='word_1_603' title='bbox 1840 4001 1968 4039; x_wconf 90' lang='lat' dir='ltr'><strong>num</strong></span> <span class='ocrx_word' id='word_1_604' title='bbox 1998 3986 2241 4041; x_wconf 91' lang='lat' dir='ltr'><strong>insontes</strong></span> <span class='ocrx_word' id='word_1_605' title='bbox 2279 4003 2343 4042; x_wconf 91' lang='lat' dir='ltr'><strong>ac</strong></span> <span class='ocrx_word' id='word_1_606' title='bbox 2396 3990 2511 4057; x_wconf 90' lang='lat' dir='ltr'><strong>pios</strong></span> <span class='ocrx_word' id='word_1_607' title='bbox 2540 3992 2786 4045; x_wconf 86' lang='lat' dir='ltr'><strong>homines</strong></span> <span class='ocrx_word' id='word_1_608' title='bbox 2844 4000 3036 4059; x_wconf 62' lang='lat' dir='ltr'><strong>praeter</strong></span> <span class='ocrx_word' id='word_1_609' title='bbox 3083 3990 3163 4045; x_wconf 87' lang='lat' dir='ltr'><strong>fas</strong></span> <span class='ocrx_word' id='word_1_610' title='bbox 3209 3992 3424 4046; x_wconf 89' lang='lat' dir='ltr'><strong>sedibus</strong></span> 
     </span>
    </p>
   </div>
   <div class='ocr_carea' id='block_1_86' title="bbox 1838 4075 3424 4149">
    <p class='ocr_par' dir='ltr' id='par_1_86' title="bbox 1838 4075 3424 4149">
     <span class='ocr_line' id='line_1_86' title="bbox 1838 4075 3424 4149; baseline 0.006 -22"><span class='ocrx_word' id='word_1_611' title='bbox 1838 4075 1950 4149; x_wconf 85' lang='lat' dir='ltr'><strong>suis</strong></span> <span class='ocrx_word' id='word_1_612' title='bbox 1985 4078 2377 4132; x_wconf 82' lang='lat' dir='ltr'><strong>exterminatus</strong></span> <span class='ocrx_word' id='word_1_613' title='bbox 2409 4080 2660 4135; x_wconf 89' lang='lat' dir='ltr'><strong>convitiis</strong></span> <span class='ocrx_word' id='word_1_614' title='bbox 2686 4080 2786 4149; x_wconf 91' lang='lat' dir='ltr'><strong>ipsi</strong></span> <span class='ocrx_word' id='word_1_615' title='bbox 2823 4096 3035 4149; x_wconf 84' lang='lat' dir='ltr'><strong>quoque</strong></span> <span class='ocrx_word' id='word_1_616' title='bbox 3066 4081 3424 4137; x_wconf 78' lang='lat' dir='ltr'><strong>lacerassent?</strong></span> 
     </span>
    </p>
   </div>
   <div class='ocr_carea' id='block_1_87' title="bbox 1836 4147 3422 4239">
    <p class='ocr_par' dir='ltr' id='par_1_87' title="bbox 1836 4147 3422 4239">
     <span class='ocr_line' id='line_1_87' title="bbox 1836 4147 3422 4239; baseline 0.006 -20"><span class='ocrx_word' id='word_1_617' title='bbox 1836 4147 1963 4220; x_wconf 79' lang='lat' dir='ltr'><strong>num</strong></span> <span class='ocrx_word' id='word_1_618' title='bbox 1987 4152 2273 4237; x_wconf 77' lang='lat' dir='ltr'><strong>Theophili</strong></span> <span class='ocrx_word' id='word_1_619' title='bbox 2314 4170 2623 4239; x_wconf 74' lang='lat' dir='ltr'><strong>petulantia:</strong></span> <span class='ocrx_word' id='word_1_620' title='bbox 2650 4173 3091 4228; x_wconf 84' lang='lat' dir='ltr'><strong>consensissent?</strong></span> <span class='ocrx_word' id='word_1_621' title='bbox 3120 4190 3245 4230; x_wconf 90' lang='lat' dir='ltr'><strong>num</strong></span> <span class='ocrx_word' id='word_1_622' title='bbox 3290 4174 3422 4229; x_wconf 88' lang='lat' dir='ltr'><strong>fero-</strong></span> 
     </span>
    </p>
   </div>
   <div class='ocr_carea' id='block_1_88' title="bbox 1835 4260 3423 4330">
    <p class='ocr_par' dir='ltr' id='par_1_88' title="bbox 1835 4260 3423 4330">
     <span class='ocr_line' id='line_1_88' title="bbox 1835 4260 3423 4330; baseline 0.005 -18"><span class='ocrx_word' id='word_1_623' title='bbox 1835 4260 2053 4313; x_wconf 90' lang='lat' dir='ltr'><strong>citatem</strong></span> <span class='ocrx_word' id='word_1_624' title='bbox 2101 4261 2218 4326; x_wconf 86' lang='lat' dir='ltr'><strong>ejus</strong></span> <span class='ocrx_word' id='word_1_625' title='bbox 2274 4277 2339 4316; x_wconf 90' lang='lat' dir='ltr'><strong>ac</strong></span> <span class='ocrx_word' id='word_1_626' title='bbox 2374 4263 2636 4317; x_wconf 81' lang='lat' dir='ltr'><strong>saevitiam</strong></span> <span class='ocrx_word' id='word_1_627' title='bbox 2696 4264 3026 4330; x_wconf 88' lang='lat' dir='ltr'><strong>laudassent,</strong></span> <span class='ocrx_word' id='word_1_628' title='bbox 3055 4275 3110 4319; x_wconf 90' lang='lat' dir='ltr'><strong>et</strong></span> <span class='ocrx_word' id='word_1_629' title='bbox 3160 4266 3423 4320; x_wconf 88' lang='lat' dir='ltr'><strong>laudando</strong></span> 
     </span>
    </p>
   </div>
   <div class='ocr_carea' id='block_1_89' title="bbox 1833 4351 3422 4426">
    <p class='ocr_par' dir='ltr' id='par_1_89' title="bbox 1833 4351 3422 4426">
     <span class='ocr_line' id='line_1_89' title="bbox 1833 4351 3422 4426; baseline 0.006 -23"><span class='ocrx_word' id='word_1_630' title='bbox 1833 4351 2149 4405; x_wconf 81' lang='lat' dir='ltr'><strong>auxissent?</strong></span> <span class='ocrx_word' id='word_1_631' title='bbox 2178 4351 2330 4418; x_wconf 87' lang='lat' dir='ltr'><strong>Quod</strong></span> <span class='ocrx_word' id='word_1_632' title='bbox 2379 4354 2422 4407; x_wconf 90' lang='lat' dir='ltr'><strong>si</strong></span> <span class='ocrx_word' id='word_1_633' title='bbox 2480 4357 2790 4410; x_wconf 89' lang='lat' dir='ltr'><strong>econtrario</strong></span> <span class='ocrx_word' id='word_1_634' title='bbox 2823 4356 2959 4411; x_wconf 85' lang='lat' dir='ltr'><strong>falsa</strong></span> <span class='ocrx_word' id='word_1_635' title='bbox 2988 4359 3054 4412; x_wconf 87' lang='lat' dir='ltr'><strong>de</strong></span> <span class='ocrx_word' id='word_1_636' title='bbox 3080 4357 3422 4426; x_wconf 86' lang='lat' dir='ltr'><strong>Origenistts.</strong></span> 
     </span>
    </p>
   </div>
   <div class='ocr_carea' id='block_1_90' title="bbox 1833 4440 3422 4517">
    <p class='ocr_par' dir='ltr' id='par_1_90' title="bbox 1833 4440 3422 4517">
     <span class='ocr_line' id='line_1_90' title="bbox 1833 4440 3422 4517; baseline 0.007 -24"><span class='ocrx_word' id='word_1_637' title='bbox 1833 4451 1889 4494; x_wconf 92' lang='lat' dir='ltr'><strong>et</strong></span> <span class='ocrx_word' id='word_1_638' title='bbox 1909 4440 2282 4512; x_wconf 85' lang='lat' dir='ltr'><strong>Cbrysostomi</strong></span> <span class='ocrx_word' id='word_1_639' title='bbox 2314 4458 2474 4497; x_wconf 88' lang='lat' dir='ltr'><strong>causa</strong></span> <span class='ocrx_word' id='word_1_640' title='bbox 2501 4445 2825 4514; x_wconf 87' lang='lat' dir='ltr'><strong>prodidisset</strong></span> <span class='ocrx_word' id='word_1_641' title='bbox 2856 4448 3085 4513; x_wconf 90' lang='lat' dir='ltr'><strong>litteris;</strong></span> <span class='ocrx_word' id='word_1_642' title='bbox 3116 4463 3182 4501; x_wconf 91' lang='lat' dir='ltr'><strong>an</strong></span> <span class='ocrx_word' id='word_1_643' title='bbox 3209 4449 3275 4501; x_wconf 90' lang='lat' dir='ltr'><strong>de</strong></span> <span class='ocrx_word' id='word_1_644' title='bbox 3307 4450 3422 4517; x_wconf 89' lang='lat' dir='ltr'><strong>ipso</strong></span> 
     </span>
    </p>
   </div>
   <div class='ocr_carea' id='block_1_91' title="bbox 174 4523 3422 4621">
    <p class='ocr_par' dir='ltr' id='par_1_91' title="bbox 174 4523 3422 4621">
     <span class='ocr_line' id='line_1_91' title="bbox 174 4523 3422 4621; baseline 0.006 -46"><span class='ocrx_word' id='word_1_645' title='bbox 174 4533 303 4578; x_wconf 88' lang='lat' dir='ltr'><strong>certe</strong></span> <span class='ocrx_word' id='word_1_646' title='bbox 344 4523 835 4597; x_wconf 83' lang='lat' dir='ltr'><strong>Jerosolymitauus</strong></span> <span class='ocrx_word' id='word_1_647' title='bbox 873 4528 1110 4587; x_wconf 90' lang='lat' dir='ltr'><strong>Joannes</strong></span> <span class='ocrx_word' id='word_1_648' title='bbox 1159 4532 1371 4588; x_wconf 89' lang='lat' dir='ltr'><strong>videtur</strong></span> <span class='ocrx_word' id='word_1_649' title='bbox 1429 4536 1730 4608; x_wconf 87' lang='lat' dir='ltr'><strong>intelligen-</strong></span> <span class='ocrx_word' id='word_1_650' title='bbox 1765 4565 1808 4621; x_wconf 71' lang='grc' dir='ltr'>ο</span> <span class='ocrx_word' id='word_1_651' title='bbox 1834 4535 2235 4603; x_wconf 82' lang='lat' dir='ltr'><strong>pronuntiasset</strong></span> <span class='ocrx_word' id='word_1_652' title='bbox 2269 4535 2488 4591; x_wconf 83' lang='lat' dir='ltr'><strong>letius</strong></span> <span class='ocrx_word' id='word_1_653' title='bbox 2517 4538 2800 4603; x_wconf 82' lang='lat' dir='ltr'><strong>cod.xcvt,</strong></span> <span class='ocrx_word' id='word_1_654' title='bbox 2825 4540 2907 4592; x_wconf 85' lang='grc' dir='ltr'><strong>ὅτι</strong></span> <span class='ocrx_word' id='word_1_655' title='bbox 2951 4539 3242 4612; x_wconf 82' lang='grc' dir='ltr'><strong>διαλογικῷ</strong></span> <span class='ocrx_word' id='word_1_656' title='bbox 3266 4542 3422 4612; x_wconf 80' lang='grc' dir='ltr'><strong>τύπῳ</strong></span> 
     </span>
    </p>
   </div>
   <div class='ocr_carea' id='block_1_92' title="bbox 172 4611 1734 4697">
    <p class='ocr_par' dir='ltr' id='par_1_92' title="bbox 172 4611 1734 4697">
     <span class='ocr_line' id='line_1_92' title="bbox 172 4611 1734 4697; baseline 0.013 -33"><span class='ocrx_word' id='word_1_657' title='bbox 172 4611 276 4669; x_wconf 88' lang='lat' dir='ltr'><strong>dus.</strong></span> <span class='ocrx_word' id='word_1_658' title='bbox 317 4616 395 4671; x_wconf 80' lang='lat' dir='ltr'><strong>Ex</strong></span> <span class='ocrx_word' id='word_1_659' title='bbox 433 4618 521 4673; x_wconf 93' lang='lat' dir='ltr'><strong>his</strong></span> <span class='ocrx_word' id='word_1_660' title='bbox 567 4621 832 4688; x_wconf 90' lang='lat' dir='ltr'><strong>suspicari</strong></span> <span class='ocrx_word' id='word_1_661' title='bbox 870 4621 999 4676; x_wconf 87' lang='lat' dir='ltr'><strong>licet</strong></span> <span class='ocrx_word' id='word_1_662' title='bbox 1049 4623 1386 4681; x_wconf 89' lang='lat' dir='ltr'><strong>deferbuisse</strong></span> <span class='ocrx_word' id='word_1_663' title='bbox 1428 4628 1734 4697; x_wconf 88' lang='lat' dir='ltr'><strong>aliquantu-</strong></span> 
     </span>
    </p>
   </div>
   <div class='ocr_carea' id='block_1_93' title="bbox 176 4701 1727 4789">
    <p class='ocr_par' dir='ltr' id='par_1_93' title="bbox 176 4701 1727 4789">
     <span class='ocr_line' id='line_1_93' title="bbox 176 4701 1727 4789; baseline 0.015 -34"><span class='ocrx_word' id='word_1_664' title='bbox 176 4701 266 4789; x_wconf 81' lang='lat' dir='ltr'><strong>lum</strong></span> <span class='ocrx_word' id='word_1_665' title='bbox 298 4709 397 4764; x_wconf 92' lang='lat' dir='ltr'><strong>hoc</strong></span> <span class='ocrx_word' id='word_1_666' title='bbox 427 4719 672 4779; x_wconf 90' lang='lat' dir='ltr'><strong>tempore</strong></span> <span class='ocrx_word' id='word_1_667' title='bbox 698 4712 865 4782; x_wconf 89' lang='lat' dir='ltr'><strong>ipsius</strong></span> <span class='ocrx_word' id='word_1_668' title='bbox 891 4729 1012 4769; x_wconf 90' lang='lat' dir='ltr'><strong>cum</strong></span> <span class='ocrx_word' id='word_1_669' title='bbox 1049 4715 1376 4787; x_wconf 86' lang='lat' dir='ltr'><strong>Hieronymo</strong></span> <span class='ocrx_word' id='word_1_670' title='bbox 1402 4720 1727 4789; x_wconf 87' lang='lat' dir='ltr'><strong>simultates,</strong></span> 
     </span>
    </p>
   </div>
   <div class='ocr_carea' id='block_1_94' title="bbox 175 4782 1731 4877">
    <p class='ocr_par' dir='ltr' id='par_1_94' title="bbox 175 4782 1731 4877">
     <span class='ocr_line' id='line_1_94' title="bbox 175 4782 1731 4877; baseline 0.015 -28"><span class='ocrx_word' id='word_1_671' title='bbox 175 4782 324 4867; x_wconf 73' lang='lat' dir='ltr'><strong>(quas</strong></span> <span class='ocrx_word' id='word_1_672' title='bbox 353 4819 570 4858; x_wconf 90' lang='lat' dir='ltr'><strong>rursum</strong></span> <span class='ocrx_word' id='word_1_673' title='bbox 609 4815 786 4861; x_wconf 90' lang='lat' dir='ltr'><strong>tamen</strong></span> <span class='ocrx_word' id='word_1_674' title='bbox 832 4809 1238 4877; x_wconf 77' lang='lat' dir='ltr'><strong>redintegratas</strong></span> <span class='ocrx_word' id='word_1_675' title='bbox 1284 4811 1451 4869; x_wconf 90' lang='lat' dir='ltr'><strong>fuisse</strong></span> <span class='ocrx_word' id='word_1_676' title='bbox 1504 4814 1731 4872; x_wconf 85' lang='lat' dir='ltr'><strong>inferius</strong></span> 
     </span>
    </p>
   </div>
   <div class='ocr_carea' id='block_1_95' title="bbox 172 4896 1727 4968">
    <p class='ocr_par' dir='ltr' id='par_1_95' title="bbox 172 4896 1727 4968">
     <span class='ocr_line' id='line_1_95' title="bbox 172 4896 1727 4968; baseline 0.012 -23"><span class='ocrx_word' id='word_1_677' title='bbox 172 4896 544 4965; x_wconf 70' lang='lat' dir='ltr'><strong>nsteudemus),</strong></span> <span class='ocrx_word' id='word_1_678' title='bbox 572 4907 628 4951; x_wconf 90' lang='lat' dir='ltr'><strong>et</strong></span> <span class='ocrx_word' id='word_1_679' title='bbox 659 4897 988 4968; x_wconf 89' lang='lat' dir='ltr'><strong>aliquantum</strong></span> <span class='ocrx_word' id='word_1_680' title='bbox 1021 4902 1087 4956; x_wconf 90' lang='lat' dir='ltr'><strong>de</strong></span> <span class='ocrx_word' id='word_1_681' title='bbox 1114 4916 1299 4960; x_wconf 89' lang='lat' dir='ltr'><strong>amore</strong></span> <span class='ocrx_word' id='word_1_682' title='bbox 1333 4920 1432 4960; x_wconf 91' lang='lat' dir='ltr'><strong>suo</strong></span> <span class='ocrx_word' id='word_1_683' title='bbox 1465 4906 1727 4964; x_wconf 88' lang='lat' dir='ltr'><strong>adversus</strong></span> 
     </span>
    </p>
   </div>
   <div class='ocr_carea' id='block_1_96' title="bbox 172 4982 1730 5056">
    <p class='ocr_par' dir='ltr' id='par_1_96' title="bbox 172 4982 1730 5056">
     <span class='ocr_line' id='line_1_96' title="bbox 172 4982 1730 5056; baseline 0.01 -19"><span class='ocrx_word' id='word_1_684' title='bbox 172 4982 435 5054; x_wconf 87' lang='lat' dir='ltr'><strong>Origenem</strong></span> <span class='ocrx_word' id='word_1_685' title='bbox 469 4989 769 5056; x_wconf 86' lang='lat' dir='ltr'><strong>remisisse,</strong></span> <span class='ocrx_word' id='word_1_686' title='bbox 792 4991 875 5045; x_wconf 90' lang='lat' dir='ltr'><strong>vel</strong></span> <span class='ocrx_word' id='word_1_687' title='bbox 908 4994 1238 5049; x_wconf 88' lang='lat' dir='ltr'><strong>sententiam</strong></span> <span class='ocrx_word' id='word_1_688' title='bbox 1269 5006 1418 5051; x_wconf 91' lang='lat' dir='ltr'><strong>certe</strong></span> <span class='ocrx_word' id='word_1_689' title='bbox 1445 5011 1595 5050; x_wconf 87' lang='lat' dir='ltr'><strong>suam</strong></span> <span class='ocrx_word' id='word_1_690' title='bbox 1626 4997 1730 5054; x_wconf 89' lang='lat' dir='ltr'><strong>dis-</strong></span> 
     </span>
    </p>
   </div>
   <div class='ocr_carea' id='block_1_97' title="bbox 170 5074 1726 5156">
    <p class='ocr_par' dir='ltr' id='par_1_97' title="bbox 170 5074 1726 5156">
     <span class='ocr_line' id='line_1_97' title="bbox 170 5074 1726 5156; baseline 0.013 -34"><span class='ocrx_word' id='word_1_691' title='bbox 170 5074 453 5134; x_wconf 79' lang='lat' dir='ltr'><strong>simulasse.</strong></span> <span class='ocrx_word' id='word_1_692' title='bbox 479 5080 635 5146; x_wconf 84' lang='lat' dir='ltr'><strong>Quod</strong></span> <span class='ocrx_word' id='word_1_693' title='bbox 667 5092 726 5135; x_wconf 92' lang='lat' dir='ltr'><strong>ut</strong></span> <span class='ocrx_word' id='word_1_694' title='bbox 753 5084 1000 5153; x_wconf 88' lang='lat' dir='ltr'><strong>suspicer</strong></span> <span class='ocrx_word' id='word_1_695' title='bbox 1034 5085 1165 5140; x_wconf 84' lang='lat' dir='ltr'><strong>facit</strong></span> <span class='ocrx_word' id='word_1_696' title='bbox 1194 5085 1323 5141; x_wconf 90' lang='lat' dir='ltr'><strong>illud</strong></span> <span class='ocrx_word' id='word_1_697' title='bbox 1355 5086 1633 5156; x_wconf 89' lang='lat' dir='ltr'><strong>Theophili</strong></span> <span class='ocrx_word' id='word_1_698' title='bbox 1673 5090 1726 5143; x_wconf 93' lang='lat' dir='ltr'><strong>in</strong></span> 
     </span>
    </p>
   </div>
   <div class='ocr_carea' id='block_1_98' title="bbox 172 5164 1725 5246">
    <p class='ocr_par' dir='ltr' id='par_1_98' title="bbox 172 5164 1725 5246">
     <span class='ocr_line' id='line_1_98' title="bbox 172 5164 1725 5246; baseline 0.012 -32"><span class='ocrx_word' id='word_1_699' title='bbox 172 5164 261 5218; x_wconf 84' lang='lat' dir='ltr'><strong>alia</strong></span> <span class='ocrx_word' id='word_1_700' title='bbox 304 5169 367 5222; x_wconf 91' lang='lat' dir='ltr'><strong>ad</strong></span> <span class='ocrx_word' id='word_1_701' title='bbox 407 5170 801 5242; x_wconf 86' lang='lat' dir='ltr'><strong>Hieronymqu</strong></span> <span class='ocrx_word' id='word_1_702' title='bbox 850 5175 1076 5244; x_wconf 88' lang='lat' dir='ltr'><strong>epistola</strong></span> <span class='ocrx_word' id='word_1_703' title='bbox 1117 5178 1157 5208; x_wconf 85' lang='lat'><strong>&quot;</strong></span> <span class='ocrx_word' id='word_1_704' title='bbox 1202 5196 1217 5232; x_wconf 87' lang='lat'><strong>:</strong></span> <span class='ocrx_word' id='word_1_705' title='bbox 1252 5195 1271 5229; x_wconf 74' lang='grc' dir='ltr'><strong><em>ι</em></strong></span> <span class='ocrx_word' id='word_1_706' title='bbox 1301 5178 1478 5246; x_wconf 85' lang='lat' dir='ltr'><strong>Atque</strong></span> <span class='ocrx_word' id='word_1_707' title='bbox 1506 5170 1725 5234; x_wconf 79' lang='lat' dir='ltr'><strong>utinam</strong></span> 
     </span>
    </p>
   </div>
   <div class='ocr_carea' id='block_1_99' title="bbox 170 5258 1725 5337">
    <p class='ocr_par' dir='ltr' id='par_1_99' title="bbox 170 5258 1725 5337">
     <span class='ocr_line' id='line_1_99' title="bbox 170 5258 1725 5337; baseline 0.009 -27"><span class='ocrx_word' id='word_1_708' title='bbox 170 5258 294 5321; x_wconf 72' lang='lat' dir='ltr'><strong>apud</strong></span> <span class='ocrx_word' id='word_1_709' title='bbox 338 5275 431 5316; x_wconf 89' lang='lat' dir='ltr'><strong>vos</strong></span> <span class='ocrx_word' id='word_1_710' title='bbox 455 5276 692 5331; x_wconf 58' lang='lat' dir='ltr'><strong>“quoque</strong></span> <span class='ocrx_word' id='word_1_711' title='bbox 730 5265 1061 5333; x_wconf 90' lang='lat' dir='ltr'><strong>deponerent</strong></span> <span class='ocrx_word' id='word_1_712' title='bbox 1111 5268 1468 5337; x_wconf 82' lang='lat' dir='ltr'><strong>hypocrisim,</strong></span> <span class='ocrx_word' id='word_1_713' title='bbox 1513 5269 1601 5337; x_wconf 81' lang='lat' dir='ltr'><strong>qui</strong></span> <span class='ocrx_word' id='word_1_714' title='bbox 1632 5284 1725 5324; x_wconf 82' lang='lat' dir='ltr'><strong>oc-</strong></span> 
     </span>
    </p>
   </div>
   <div class='ocr_carea' id='block_1_100' title="bbox 170 5343 1723 5425">
    <p class='ocr_par' dir='ltr' id='par_1_100' title="bbox 170 5343 1723 5425">
     <span class='ocr_line' id='line_1_100' title="bbox 170 5343 1723 5425; baseline 0.014 -33"><span class='ocrx_word' id='word_1_715' title='bbox 170 5343 294 5401; x_wconf 90' lang='lat' dir='ltr'><strong>culte</strong></span> <span class='ocrx_word' id='word_1_716' title='bbox 324 5348 582 5405; x_wconf 89' lang='lat' dir='ltr'><strong>dicuntur</strong></span> <span class='ocrx_word' id='word_1_717' title='bbox 624 5353 888 5408; x_wconf 90' lang='lat' dir='ltr'><strong>subruere</strong></span> <span class='ocrx_word' id='word_1_718' title='bbox 923 5356 1207 5411; x_wconf 90' lang='lat' dir='ltr'><strong>veritatem</strong></span> <span class='ocrx_word' id='word_1_719' title='bbox 1235 5375 1248 5411; x_wconf 91' lang='lat'>:</span> <span class='ocrx_word' id='word_1_720' title='bbox 1281 5357 1348 5411; x_wconf 92' lang='lat' dir='ltr'><strong>de</strong></span> <span class='ocrx_word' id='word_1_721' title='bbox 1390 5357 1585 5425; x_wconf 90' lang='lat' dir='ltr'><strong>quibus</strong></span> <span class='ocrx_word' id='word_1_722' title='bbox 1614 5374 1723 5413; x_wconf 92' lang='lat' dir='ltr'><strong>non</strong></span> 
     </span>
    </p>
   </div>
   <div class='ocr_carea' id='block_1_101' title="bbox 164 5432 1729 5516">
    <p class='ocr_par' dir='ltr' id='par_1_101' title="bbox 164 5432 1729 5516">
     <span class='ocr_line' id='line_1_101' title="bbox 164 5432 1729 5516; baseline 0.01 -28"><span class='ocrx_word' id='word_1_723' title='bbox 164 5432 290 5492; x_wconf 83' lang='lat' dir='ltr'><strong>bene</strong></span> <span class='ocrx_word' id='word_1_724' title='bbox 330 5442 630 5496; x_wconf 87' lang='lat' dir='ltr'><strong>sentientes</strong></span> <span class='ocrx_word' id='word_1_725' title='bbox 676 5443 727 5495; x_wconf 92' lang='lat' dir='ltr'><strong>in</strong></span> <span class='ocrx_word' id='word_1_726' title='bbox 771 5443 838 5499; x_wconf 90' lang='lat' dir='ltr'><strong>iis</strong></span> <span class='ocrx_word' id='word_1_727' title='bbox 876 5447 1185 5516; x_wconf 78' lang='lat' dir='ltr'><strong>regionibus</strong></span> <span class='ocrx_word' id='word_1_728' title='bbox 1241 5446 1436 5501; x_wconf 88' lang='lat' dir='ltr'><strong>fratres</strong></span> <span class='ocrx_word' id='word_1_729' title='bbox 1478 5447 1594 5502; x_wconf 67' lang='lat' dir='ltr'><strong>haec</strong></span> <span class='ocrx_word' id='word_1_730' title='bbox 1642 5464 1729 5504; x_wconf 91' lang='lat' dir='ltr'><strong>me</strong></span> 
     </span>
    </p>
   </div>
   <div class='ocr_carea' id='block_1_102' title="bbox 164 5528 1727 5609">
    <p class='ocr_par' dir='ltr' id='par_1_102' title="bbox 164 5528 1727 5609">
     <span class='ocr_line' id='line_1_102' title="bbox 164 5528 1727 5609; baseline 0.01 -31"><span class='ocrx_word' id='word_1_731' title='bbox 164 5528 388 5586; x_wconf 86' lang='lat' dir='ltr'><strong>scribere</strong></span> <span class='ocrx_word' id='word_1_732' title='bbox 445 5538 883 5602; x_wconf 73' lang='lat' dir='ltr'><strong>provocaruntlr</strong></span> <span class='ocrx_word' id='word_1_733' title='bbox 938 5539 1099 5593; x_wconf 82' lang='lat' dir='ltr'><strong>Addit</strong></span> <span class='ocrx_word' id='word_1_734' title='bbox 1147 5537 1479 5608; x_wconf 90' lang='lat' dir='ltr'><strong>Theophilus</strong></span> <span class='ocrx_word' id='word_1_735' title='bbox 1531 5540 1727 5609; x_wconf 81' lang='lat' dir='ltr'><strong>fugatis</strong></span> 
     </span>
    </p>
   </div>
   <div class='ocr_carea' id='block_1_103' title="bbox 162 5615 1724 5699">
    <p class='ocr_par' dir='ltr' id='par_1_103' title="bbox 162 5615 1724 5699">
     <span class='ocr_line' id='line_1_103' title="bbox 162 5615 1724 5699; baseline 0.006 -24"><span class='ocrx_word' id='word_1_736' title='bbox 162 5615 471 5689; x_wconf 83' lang='lat' dir='ltr'><strong>Origenistis</strong></span> <span class='ocrx_word' id='word_1_737' title='bbox 498 5624 567 5680; x_wconf 89' lang='lat' dir='ltr'><strong>ad</strong></span> <span class='ocrx_word' id='word_1_738' title='bbox 602 5625 881 5694; x_wconf 85' lang='lat' dir='ltr'><strong>pristinam</strong></span> <span class='ocrx_word' id='word_1_739' title='bbox 915 5629 1724 5699; x_wconf 12' lang='lat' dir='ltr'><strong>tranquillitatem,monasteria</strong></span> 
     </span>
    </p>
   </div>
   <div class='ocr_carea' id='block_1_104' title="bbox 228 5754 1343 5835">
    <p class='ocr_par' dir='ltr' id='par_1_104' title="bbox 228 5754 1343 5835">
     <span class='ocr_line' id='line_1_104' title="bbox 228 5754 1343 5835; baseline 0.01 -24"><span class='ocrx_word' id='word_1_740' title='bbox 228 5754 271 5786; x_wconf 75' lang='lat'>&quot;</span> <span class='ocrx_word' id='word_1_741' title='bbox 298 5756 465 5835; x_wconf 81' lang='lat' dir='ltr'><strong>_E_xod.</strong></span> <span class='ocrx_word' id='word_1_742' title='bbox 493 5776 626 5825; x_wconf 74' lang='lat' dir='ltr'><strong>rvn,</strong></span> <span class='ocrx_word' id='word_1_743' title='bbox 656 5762 783 5835; x_wconf 26' lang='lat' dir='ltr'><strong>ib.”</strong></span> <span class='ocrx_word' id='word_1_744' title='bbox 816 5764 860 5835; x_wconf 59' lang='grc' dir='ltr'><strong>ἐξ</strong></span> <span class='ocrx_word' id='word_1_745' title='bbox 892 5764 1035 5821; x_wconf 84' lang='lat' dir='ltr'><strong>Hier.</strong></span> <span class='ocrx_word' id='word_1_746' title='bbox 1065 5765 1218 5835; x_wconf 85' lang='lat' dir='ltr'><strong>epist.</strong></span> <span class='ocrx_word' id='word_1_747' title='bbox 1259 5766 1343 5822; x_wconf 74' lang='grc'><strong>71.</strong></span> 
     </span>
    </p>
   </div>
   <div class='ocr_carea' id='block_1_105' title="bbox 162 5822 958 5893">
    <p class='ocr_par' dir='ltr' id='par_1_105' title="bbox 162 5822 958 5893">
     <span class='ocr_line' id='line_1_105' title="bbox 162 5822 958 5893; baseline 0.014 -16"><span class='ocrx_word' id='word_1_748' title='bbox 162 5822 366 5881; x_wconf 64' lang='lat' dir='ltr'><strong>dinem.</strong></span> <span class='ocrx_word' id='word_1_749' title='bbox 395 5844 485 5893; x_wconf 84' lang='lat' dir='ltr'><strong>Ill,</strong></span> <span class='ocrx_word' id='word_1_750' title='bbox 514 5822 658 5885; x_wconf 81' lang='lat' dir='ltr'><strong>vers.</strong></span> <span class='ocrx_word' id='word_1_751' title='bbox 690 5831 809 5890; x_wconf 70' lang='lat'><strong>49.6.</strong></span> <span class='ocrx_word' id='word_1_752' title='bbox 840 5834 958 5889; x_wconf 65' lang='grc'><strong>428.</strong></span> 
     </span>
    </p>
   </div>
   <div class='ocr_carea' id='block_1_106' title="bbox 1840 4625 3421 4705">
    <p class='ocr_par' dir='ltr' id='par_1_106' title="bbox 1840 4625 3421 4705">
     <span class='ocr_line' id='line_1_106' title="bbox 1840 4625 3421 4705; baseline 0.005 -26"><span class='ocrx_word' id='word_1_753' title='bbox 1840 4625 2021 4690; x_wconf 69' lang='grc' dir='ltr'>καλῶς</span> <span class='ocrx_word' id='word_1_754' title='bbox 2047 4643 2108 4679; x_wconf 83' lang='grc' dir='ltr'><strong>τε</strong></span> <span class='ocrx_word' id='word_1_755' title='bbox 2141 4627 2235 4680; x_wconf 77' lang='grc' dir='ltr'><strong>καὶ</strong></span> <span class='ocrx_word' id='word_1_756' title='bbox 2271 4628 2721 4701; x_wconf 83' lang='grc' dir='ltr'><strong>ἐσπουδασμένως</strong></span> <span class='ocrx_word' id='word_1_757' title='bbox 2742 4630 2811 4685; x_wconf 80' lang='grc' dir='ltr'><strong>τὰ</strong></span> <span class='ocrx_word' id='word_1_758' title='bbox 2837 4632 2964 4703; x_wconf 76' lang='grc' dir='ltr'>περὶ</span> <span class='ocrx_word' id='word_1_759' title='bbox 2998 4633 3089 4686; x_wconf 83' lang='grc' dir='ltr'><strong>τὸν</strong></span> <span class='ocrx_word' id='word_1_760' title='bbox 3120 4634 3421 4705; x_wconf 71' lang='grc' dir='ltr'><strong>Χρυσόπο-</strong></span> 
     </span>
    </p>
   </div>
   <div class='ocr_carea' id='block_1_107' title="bbox 1843 4717 3420 4795">
    <p class='ocr_par' dir='ltr' id='par_1_107' title="bbox 1843 4717 3420 4795">
     <span class='ocr_line' id='line_1_107' title="bbox 1843 4717 3420 4795; baseline 0.007 -26"><span class='ocrx_word' id='word_1_761' title='bbox 1843 4733 1942 4787; x_wconf 81' lang='grc' dir='ltr'><strong>μον</strong></span> <span class='ocrx_word' id='word_1_762' title='bbox 1975 4717 2342 4790; x_wconf 77' lang='grc' dir='ltr'><strong>ἀνεγράψατο.</strong></span> <span class='ocrx_word' id='word_1_763' title='bbox 2394 4738 2413 4772; x_wconf 73' lang='grc' dir='ltr'><strong><em>ι</em></strong></span> <span class='ocrx_word' id='word_1_764' title='bbox 2440 4722 2714 4792; x_wconf 88' lang='lat' dir='ltr'><strong>Dialogico</strong></span> <span class='ocrx_word' id='word_1_765' title='bbox 2743 4723 2915 4794; x_wconf 90' lang='lat' dir='ltr'><strong>ipsum</strong></span> <span class='ocrx_word' id='word_1_766' title='bbox 2952 4725 3264 4781; x_wconf 85' lang='lat' dir='ltr'><strong>charactere</strong></span> <span class='ocrx_word' id='word_1_767' title='bbox 3298 4726 3420 4795; x_wconf 90' lang='lat' dir='ltr'><strong>pul-</strong></span> 
     </span>
    </p>
   </div>
   <div class='ocr_carea' id='block_1_108' title="bbox 1837 4810 3414 4885">
    <p class='ocr_par' dir='ltr' id='par_1_108' title="bbox 1837 4810 3414 4885">
     <span class='ocr_line' id='line_1_108' title="bbox 1837 4810 3414 4885; baseline 0.006 -24"><span class='ocrx_word' id='word_1_768' title='bbox 1837 4810 1967 4862; x_wconf 87' lang='lat' dir='ltr'><strong>chre</strong></span> <span class='ocrx_word' id='word_1_769' title='bbox 1996 4825 2058 4863; x_wconf 91' lang='lat' dir='ltr'><strong>ac</strong></span> <span class='ocrx_word' id='word_1_770' title='bbox 2087 4810 2374 4881; x_wconf 83' lang='lat' dir='ltr'><strong>diligenter</strong></span> <span class='ocrx_word' id='word_1_771' title='bbox 2425 4827 2513 4867; x_wconf 90' lang='lat' dir='ltr'><strong>res</strong></span> <span class='ocrx_word' id='word_1_772' title='bbox 2562 4812 2935 4885; x_wconf 86' lang='lat' dir='ltr'><strong>Chrysostomi</strong></span> <span class='ocrx_word' id='word_1_773' title='bbox 2981 4817 3414 4885; x_wconf 62' lang='lat' dir='ltr'><strong>descripsisse?»</strong></span> 
     </span>
    </p>
   </div>
   <div class='ocr_carea' id='block_1_109' title="bbox 1836 4898 3417 4977">
    <p class='ocr_par' dir='ltr' id='par_1_109' title="bbox 1836 4898 3417 4977">
     <span class='ocr_line' id='line_1_109' title="bbox 1836 4898 3417 4977; baseline 0.006 -24"><span class='ocrx_word' id='word_1_774' title='bbox 1836 4898 2095 4969; x_wconf 86' lang='lat' dir='ltr'><strong>Equidem</strong></span> <span class='ocrx_word' id='word_1_775' title='bbox 2126 4910 2180 4955; x_wconf 91' lang='lat' dir='ltr'><strong>et</strong></span> <span class='ocrx_word' id='word_1_776' title='bbox 2204 4902 2316 4971; x_wconf 90' lang='lat' dir='ltr'><strong>jam</strong></span> <span class='ocrx_word' id='word_1_777' title='bbox 2341 4918 2501 4972; x_wconf 86' lang='lat' dir='ltr'><strong>supra</strong></span> <span class='ocrx_word' id='word_1_778' title='bbox 2533 4904 2668 4970; x_wconf 79' lang='lat' dir='ltr'><strong>dixi,</strong></span> <span class='ocrx_word' id='word_1_779' title='bbox 2691 4915 2747 4959; x_wconf 92' lang='lat' dir='ltr'><strong>et</strong></span> <span class='ocrx_word' id='word_1_780' title='bbox 2778 4922 2921 4960; x_wconf 90' lang='lat' dir='ltr'><strong>nunc</strong></span> <span class='ocrx_word' id='word_1_781' title='bbox 2942 4923 3155 4977; x_wconf 85' lang='lat' dir='ltr'><strong>quoque</strong></span> <span class='ocrx_word' id='word_1_782' title='bbox 3178 4924 3417 4977; x_wconf 85' lang='lat' dir='ltr'><strong>pronun-</strong></span> 
     </span>
    </p>
   </div>
   <div class='ocr_carea' id='block_1_110' title="bbox 1838 4993 3416 5067">
    <p class='ocr_par' dir='ltr' id='par_1_110' title="bbox 1838 4993 3416 5067">
     <span class='ocr_line' id='line_1_110' title="bbox 1838 4993 3416 5067; baseline 0.006 -22"><span class='ocrx_word' id='word_1_783' title='bbox 1838 4994 1908 5047; x_wconf 93' lang='lat' dir='ltr'><strong>tio</strong></span> <span class='ocrx_word' id='word_1_784' title='bbox 1947 4993 2173 5061; x_wconf 90' lang='lat' dir='ltr'><strong>duplicis</strong></span> <span class='ocrx_word' id='word_1_785' title='bbox 2232 4993 2397 5048; x_wconf 89' lang='lat' dir='ltr'><strong>fuisse</strong></span> <span class='ocrx_word' id='word_1_786' title='bbox 2426 4996 2639 5064; x_wconf 88' lang='lat' dir='ltr'><strong>generis</strong></span> <span class='ocrx_word' id='word_1_787' title='bbox 2679 4996 3012 5067; x_wconf 89' lang='lat' dir='ltr'><strong>Origenistas</strong></span> <span class='ocrx_word' id='word_1_788' title='bbox 3037 5037 3053 5063; x_wconf 92' lang='lat'><strong>,</strong></span> <span class='ocrx_word' id='word_1_789' title='bbox 3090 4998 3416 5055; x_wconf 80' lang='lat' dir='ltr'><strong>orthodoxos</strong></span> 
     </span>
    </p>
   </div>
   <div class='ocr_carea' id='block_1_111' title="bbox 1837 5084 3427 5163">
    <p class='ocr_par' dir='ltr' id='par_1_111' title="bbox 1837 5084 3427 5163">
     <span class='ocr_line' id='line_1_111' title="bbox 1837 5084 3427 5163; baseline 0.006 -25"><span class='ocrx_word' id='word_1_790' title='bbox 1837 5093 1892 5138; x_wconf 89' lang='lat' dir='ltr'><strong>et</strong></span> <span class='ocrx_word' id='word_1_791' title='bbox 1925 5084 2328 5151; x_wconf 80' lang='lat' dir='ltr'><strong>heterodoxos;</strong></span> <span class='ocrx_word' id='word_1_792' title='bbox 2368 5101 2503 5153; x_wconf 87' lang='lat' dir='ltr'><strong>quos</strong></span> <span class='ocrx_word' id='word_1_793' title='bbox 2533 5103 2653 5140; x_wconf 90' lang='lat' dir='ltr'><strong>cum</strong></span> <span class='ocrx_word' id='word_1_794' title='bbox 2679 5090 2747 5142; x_wconf 86' lang='lat' dir='ltr'><strong>ab</strong></span> <span class='ocrx_word' id='word_1_795' title='bbox 2778 5090 3005 5144; x_wconf 86' lang='lat' dir='ltr'><strong>invicem</strong></span> <span class='ocrx_word' id='word_1_796' title='bbox 3040 5090 3326 5145; x_wconf 82' lang='lat' dir='ltr'><strong>secernere</strong></span> <span class='ocrx_word' id='word_1_797' title='bbox 3360 5093 3427 5163; x_wconf 45' lang='lat' dir='ltr'><strong>in:</strong></span> 
     </span>
    </p>
   </div>
   <div class='ocr_carea' id='block_1_112' title="bbox 1836 5180 3413 5249">
    <p class='ocr_par' dir='ltr' id='par_1_112' title="bbox 1836 5180 3413 5249">
     <span class='ocr_line' id='line_1_112' title="bbox 1836 5180 3413 5249; baseline 0.006 -20"><span class='ocrx_word' id='word_1_798' title='bbox 1836 5186 2082 5245; x_wconf 88' lang='lat' dir='ltr'><strong>promptu</strong></span> <span class='ocrx_word' id='word_1_799' title='bbox 2108 5193 2212 5231; x_wconf 91' lang='lat' dir='ltr'><strong>non</strong></span> <span class='ocrx_word' id='word_1_800' title='bbox 2236 5187 2402 5243; x_wconf 86' lang='lat' dir='ltr'><strong>esset,</strong></span> <span class='ocrx_word' id='word_1_801' title='bbox 2436 5188 2693 5249; x_wconf 89' lang='lat' dir='ltr'><strong>utrosque</strong></span> <span class='ocrx_word' id='word_1_802' title='bbox 2734 5180 3200 5236; x_wconf 88' lang='lat' dir='ltr'><strong>indiscriminatim</strong></span> <span class='ocrx_word' id='word_1_803' title='bbox 3236 5182 3413 5239; x_wconf 91' lang='lat' dir='ltr'><strong>Theo-</strong></span> 
     </span>
    </p>
   </div>
   <div class='ocr_carea' id='block_1_113' title="bbox 1832 5269 3412 5345">
    <p class='ocr_par' dir='ltr' id='par_1_113' title="bbox 1832 5269 3412 5345">
     <span class='ocr_line' id='line_1_113' title="bbox 1832 5269 3412 5345; baseline 0.007 -24"><span class='ocrx_word' id='word_1_804' title='bbox 1832 5269 2033 5338; x_wconf 88' lang='lat' dir='ltr'><strong>philum</strong></span> <span class='ocrx_word' id='word_1_805' title='bbox 2070 5270 2392 5335; x_wconf 80' lang='lat' dir='ltr'><strong>divcxasse;</strong></span> <span class='ocrx_word' id='word_1_806' title='bbox 2435 5273 2784 5341; x_wconf 84' lang='lat' dir='ltr'><strong>eamdemque</strong></span> <span class='ocrx_word' id='word_1_807' title='bbox 2817 5272 2887 5327; x_wconf 91' lang='lat' dir='ltr'><strong>ob</strong></span> <span class='ocrx_word' id='word_1_808' title='bbox 2916 5289 3130 5328; x_wconf 88' lang='lat' dir='ltr'><strong>causam</strong></span> <span class='ocrx_word' id='word_1_809' title='bbox 3161 5285 3412 5345; x_wconf 85' lang='lat' dir='ltr'><strong>utrosque</strong></span> 
     </span>
    </p>
   </div>
   <div class='ocr_carea' id='block_1_114' title="bbox 1836 5362 3406 5435">
    <p class='ocr_par' dir='ltr' id='par_1_114' title="bbox 1836 5362 3406 5435">
     <span class='ocr_line' id='line_1_114' title="bbox 1836 5362 3406 5435; baseline 0.005 -20"><span class='ocrx_word' id='word_1_810' title='bbox 1836 5362 2305 5418; x_wconf 88' lang='lat' dir='ltr'><strong>indiscriminatim</strong></span> <span class='ocrx_word' id='word_1_811' title='bbox 2355 5363 2617 5419; x_wconf 86' lang='lat' dir='ltr'><strong>Joannem</strong></span> <span class='ocrx_word' id='word_1_812' title='bbox 2664 5365 3104 5435; x_wconf 85' lang='lat' dir='ltr'><strong>Chrysostomum</strong></span> <span class='ocrx_word' id='word_1_813' title='bbox 3160 5367 3406 5423; x_wconf 82' lang='lat' dir='ltr'><strong>fovisse:</strong></span> 
     </span>
    </p>
   </div>
   <div class='ocr_carea' id='block_1_115' title="bbox 1835 5451 3410 5524">
    <p class='ocr_par' dir='ltr' id='par_1_115' title="bbox 1835 5451 3410 5524">
     <span class='ocr_line' id='line_1_115' title="bbox 1835 5451 3410 5524; baseline 0.004 -17"><span class='ocrx_word' id='word_1_814' title='bbox 1835 5451 1962 5507; x_wconf 87' lang='lat' dir='ltr'><strong>hinc</strong></span> <span class='ocrx_word' id='word_1_815' title='bbox 2016 5453 2302 5508; x_wconf 91' lang='lat' dir='ltr'><strong>nonnullos</strong></span> <span class='ocrx_word' id='word_1_816' title='bbox 2355 5453 2554 5509; x_wconf 86' lang='lat' dir='ltr'><strong>factum</strong></span> <span class='ocrx_word' id='word_1_817' title='bbox 2606 5455 2887 5524; x_wconf 86' lang='lat' dir='ltr'><strong>Theophili</strong></span> <span class='ocrx_word' id='word_1_818' title='bbox 2937 5460 3294 5513; x_wconf 74' lang='lat' dir='ltr'><strong>heterodoxos</strong></span> <span class='ocrx_word' id='word_1_819' title='bbox 3328 5461 3410 5513; x_wconf 89' lang='lat' dir='ltr'><strong>in-</strong></span> 
     </span>
    </p>
   </div>
   <div class='ocr_carea' id='block_1_116' title="bbox 1833 5544 3406 5613">
    <p class='ocr_par' dir='ltr' id='par_1_116' title="bbox 1833 5544 3406 5613">
     <span class='ocr_line' id='line_1_116' title="bbox 1833 5544 3406 5613; baseline 0.005 -15"><span class='ocrx_word' id='word_1_820' title='bbox 1833 5544 2089 5598; x_wconf 89' lang='lat' dir='ltr'><strong>sectantis</strong></span> <span class='ocrx_word' id='word_1_821' title='bbox 2152 5545 2448 5613; x_wconf 88' lang='lat' dir='ltr'><strong>probasse;</strong></span> <span class='ocrx_word' id='word_1_822' title='bbox 2498 5548 2616 5602; x_wconf 90' lang='lat' dir='ltr'><strong>aliis</strong></span> <span class='ocrx_word' id='word_1_823' title='bbox 2659 5549 2983 5604; x_wconf 80' lang='lat' dir='ltr'><strong>orthodoxos</strong></span> <span class='ocrx_word' id='word_1_824' title='bbox 3038 5550 3175 5604; x_wconf 91' lang='lat' dir='ltr'><strong>male</strong></span> <span class='ocrx_word' id='word_1_825' title='bbox 3222 5550 3406 5607; x_wconf 84' lang='lat' dir='ltr'><strong>haberi</strong></span> 
     </span>
    </p>
   </div>
   <div class='ocr_carea' id='block_1_117' title="bbox 1835 5632 3409 5713">
    <p class='ocr_par' dir='ltr' id='par_1_117' title="bbox 1835 5632 3409 5713">
     <span class='ocr_line' id='line_1_117' title="bbox 1835 5632 3409 5713; baseline 0.006 -24"><span class='ocrx_word' id='word_1_826' title='bbox 1835 5634 2089 5689; x_wconf 89' lang='lat' dir='ltr'><strong>doluisse.</strong></span> <span class='ocrx_word' id='word_1_827' title='bbox 2128 5632 2482 5703; x_wconf 85' lang='lat' dir='ltr'><strong>TheOpbilum</strong></span> <span class='ocrx_word' id='word_1_828' title='bbox 2518 5648 2775 5708; x_wconf 61' lang='lat' dir='ltr'><strong>praeterea</strong></span> <span class='ocrx_word' id='word_1_829' title='bbox 2821 5639 3023 5710; x_wconf 90' lang='lat' dir='ltr'><strong>judicio</strong></span> <span class='ocrx_word' id='word_1_830' title='bbox 3068 5642 3235 5698; x_wconf 85' lang='lat' dir='ltr'><strong>fuisse</strong></span> <span class='ocrx_word' id='word_1_831' title='bbox 3270 5658 3409 5713; x_wconf 71' lang='lat' dir='ltr'><strong>prte-</strong></span> 
     </span>
    </p>
   </div>
   <div class='ocr_carea' id='block_1_118' title="bbox 1422 5767 3403 5851">
    <p class='ocr_par' dir='ltr' id='par_1_118' title="bbox 1422 5767 3403 5851">
     <span class='ocr_line' id='line_1_118' title="bbox 1422 5767 3403 5851; baseline 0.006 -30"><span class='ocrx_word' id='word_1_832' title='bbox 1422 5767 1920 5841; x_wconf 39' lang='lat' dir='ltr'><strong>&#39;“llicr.cpist.,70.</strong></span> <span class='ocrx_word' id='word_1_833' title='bbox 1999 5768 2500 5841; x_wconf 75' lang='lat' dir='ltr'><strong>&quot;llicr.epist.72.</strong></span> <span class='ocrx_word' id='word_1_834' title='bbox 2580 5773 2965 5846; x_wconf 68' lang='lat' dir='ltr'><strong>&quot;Hiencpist.</strong></span> <span class='ocrx_word' id='word_1_835' title='bbox 2993 5778 3077 5834; x_wconf 86' lang='lat'><strong>78.</strong></span> <span class='ocrx_word' id='word_1_836' title='bbox 3154 5771 3403 5851; x_wconf 54' lang='lat' dir='ltr'><strong>&quot;Virgil.</strong></span> 
     </span>
    </p>
   </div>
  </div>
