3914 6524
493 387 629 441 1147

1824 371 1882 424 Ρ.
1926 363 2238 422 DANIELIS
2274 361 2509 417 HUETII

3607 350 3736 404 1148

495 502 670 574 cipitl,
701 508 757 556 et
816 497 979 553 animi
1009 493 1289 549 all'ectibus
1327 490 1549 545 nimium
1595 489 1996 556 obtemperasse
2026 483 2072 536 si
2100 487 2144 541 Λ
2175 494 2305 574 vero
2364 486 2519 574 ragat
2566 473 2921 574 Epiphaniam
2978 469 3451 574 Theophilus-Litt
3507 467 3734 538 aliquem

496 608 772 664 negarem,
797 588 1120 643 reclamaret
1141 583 1584 652 Chrysostomus,
1623 579 1673 630 in
1703 592 1862 645 quem
1902 575 2071 640 impo-

496 696 674 743 tenter
696 681 938 738 desaaviit
963 697 978 744 ;
1011 677 1332 732 reclamaret
1362 683 1414 728 et
1433 672 1627 726 Paulus
1654 670 1740 724 ille
1762 669 2066 738 cpiscopus,

495 793 652 849 quem
697 783 816 844 post
853 770 1078 840 ﬂagella,
1126 781 1400 822 carcerem
1447 774 1500 820 et
1541 761 1772 826 metalla,
1825 775 1854 812 a
1896 757 2071 812 Theo-

493 868 660 938 philo,
692 880 796 918 non
826 871 1045 933 propter
1096 858 1515 928 Origenismum,
1544 855 1636 908 sed
1681 853 1814 907 alias
1840 851 1908 904 ob
1944 864 2072 902 cau-

493 973 585 1014 sas
635 972 701 1011 ex
734 956 965 1026 Egypto
990 954 1325 1008 eliminatum
1375 948 1734 1018 Hieronymus
1786 953 2071 999 transenn-

495 1063 601 1107 tem
626 1051 858 1121 hospitio
885 1049 1140 1117 suscepit,
1197 1051 1334 1100 etut
1366 1057 1459 1113 per
1489 1037 1764 1109 imperiale
1805 1035 2064 1103 scriptum

494 1135 897 1201 restitueretur,
933 1135 1216 1192 laboravit.
1252 1131 1485 1187 Privatis
1533 1128 1757 1199 proinde
1793 1125 1970 1179 causis
1999 1123 2066 1176 ad

494 1230 794 1299 carpendos
821 1226 1154 1296 Origenistas
1205 1222 1491 1277 adductum
1558 1217 1720 1271 fuisse
1772 1215 1884 1268 veri
1934 1210 2064 1266 mihi

493 1321 708 1374 videtur
739 1333 996 1388 perquam
1034 1315 1388 1375 simillimum,
1436 1319 1490 1364 et
1516 1307 1760 1363 vindicta:
1800 1321 1910 1360 suae
1946 1303 2068 1360 Ori-

493 1411 794 1480 genismum
842 1407 1068 1462 subdole
1119 1404 1504 1476 przetexuisse;
1537 1398 1892 1469 Epiphanium
1937 1409 2064 1450 vero

491 1510 562 1554 et.
585 1500 990 1568 Hieronymum,
1045 1511 1158 1550 rem
1227 1495 1400 1562 ipsam
1460 1490 1710 1546 Ecclesiae
1754 1487 2061 1558 perutilem,

495 1591 820 1661 Origenismi
850 1590 1055 1644 scilicet
1073 1585 1515 1655 exstirpationem
1551 1591 1839 1651 spectasse,
1873 1594 2063 1634 causas

493 1683 639 1751 ipsas
671 1683 888 1750 insuper
929 1681 1204 1736 habuisse.
1249 1678 1589 1746 Quiaecunque
1612 1684 1758 1730 certe
1781 1690 1868 1730 res
1889 1675 2061 1728 Theo-

491 1773 694 1840 philum
731 1772 1019 1842 impulerit,
1049 1779 1263 1826 constat
1314 1769 1562 1839 legitima:
1600 1768 1787 1838 synodi
1828 1767 2059 1821 decretis

2171 572 2354 626 mittat
2391 567 2933 636 Constantinopolim,
2980 565 3119 618 sicut
3147 580 3175 616 a
3205 577 3264 617 se
3291 559 3597 614 Nitrienses
3627 577 3734 614 mo-

2169 663 2326 717 nachi
2377 661 2525 714 missi
2559 671 2719 714 sunt:
2747 673 2855 728 quo
2899 657 3084 710 missi?
3121 670 3312 724 nempe
3369 668 3478 722 quo
3509 652 3735 722 aliquem

2170 754 2309 808 mitti
2339 755 2451 806 vult
2495 753 2564 806 ab
2612 750 2953 820 Epiphanio;
2988 745 3512 814 Constantinopolim
3555 758 3571 797 :
3620 759 3734 799 nam

2169 847 2298 914 quid
2367 844 2511 899 aliud
2555 845 2719 898 verba
2776 839 3188 905 sonant?Quod
3219 849 3400 892 autem
3457 837 3733 907 peregrina

2169 938 2547 993 communione
2573 951 2666 991 eos
2696 935 2968 1002 exceperit
2995 932 3438 1002 Chrysostomus.
3465 929 3592 983 inde
3615 944 3737 984 eon-

2168 1030 2341 1083 cludit
2389 1028 2654 1083 Baronius
2699 1027 2887 1098 synodi
2947 1024 3330 1080 Alexandrinae
3366 1021 3583 1076 litteras
3619 1021 3735 1076 illuc

2167 1121 2400 1176 nondum
2438 1120 2602 1175 fuisse
2647 1119 2914 1188 perlatas;
2946 1116 3140 1186 alioqui
3187 1118 3477 1169 damnatos
3516 1123 3574 1168 et
3617 1128 3734 1183 pro-

2166 1212 2400 1281 scriptos
2454 1213 2748 1266 munachos
2795 1210 3015 1264 minime
3066 1207 3232 1264 fuisse
3260 1215 3639 1275 excepturum.
3674 1207 3739 1262 Ut

2165 1304 2217 1358 id
2241 1306 2418 1371 detur,
2452 1307 2596 1374 quod
2620 1305 2801 1374 negari
2847 1312 3019 1357 tamen
3047 1310 3242 1372 pateat,
3275 1316 3401 1356 nam
3433 1301 3737 1356 damnatio-

2165 1394 2251 1454 nis
2274 1412 2494 1453 causam
2536 1407 2743 1452 certum
2774 1405 2858 1451 est
2897 1395 3059 1450 licere
3089 1394 3308 1462 inquiri,
3343 1409 3456 1448 non
3495 1393 3623 1448 inde
3654 1407 3736 1449 se-

2165 1489 2349 1558 quitur
2380 1487 3040 1557 Constantinopolitanum
3100 1488 3204 1541 iter
3233 1485 3386 1554 prius
3433 1485 3738 1554 suscepisse

2163 1579 2464 1635 Nitrienses
2514 1579 2871 1649 Origenistas,
2929 1595 3089 1650 quam
3139 1579 3345 1649 legatos
3395 1593 3528 1633 suos
3551 1578 3732 1633 eodem

2163 1673 2492 1743 Theophilus
2540 1673 2802 1726 misisset.
2862 1669 3146 1726 Probabile
3189 1670 3389 1738 quippe
3440 1679 3528 1723 est
3559 1667 3729 1724 Theo-

2163 1767 2294 1836 phili
2328 1767 2531 1836 legatos
2568 1765 2874 1834 provincias
2903 1764 3098 1819 multas
3125 1764 3346 1828 adiisse,
3372 1762 3730 1817 disseminan-

491 1863 918 1931 Origenistarum
950 1877 1166 1919 errores
1192 1862 1356 1916 fuisse
1387 1861 1681 1925 rescissos;
1724 1875 1787 1913 ac
1812 1875 1916 1914 non
1943 1868 2060 1912 tan-
2089 1837 2133 1892 Β
2164 1862 2350 1915 darum
2391 1858 2635 1928 praisulis
2673 1858 2813 1912 illius
2845 1856 3219 1928 synodicarum
3271 1855 3581 1909 litterarum
3617 1869 3730 1924 gra-

494 1965 604 2008 tum
634 1955 866 2011 fortasse
892 1955 1194 2024 Theophili,
1231 1963 1490 2024 quantum
1539 1951 1727 2023 synodi
1755 1951 2063 2007 auctoritati

492 2047 876 2117 Hieronymum
911 2056 966 2102 et
995 2047 1349 2117 Epiphanium
1387 2045 1655 2099 tribuisse.

564 2137 673 2191 νη.
726 2138 894 2192 Porro
951 2153 1055 2192 non
1103 2137 1416 2208 synodicam
1479 2137 1739 2190 duntaxat
1781 2136 2063 2206 Theophili

491 2228 800 2297 epistolam,
861 2233 1040 2284 datam
1078 2244 1219 2284 anno
1249 2229 1449 2284 Christi
1491 2229 1616 2293 399,
1649 2234 1740 2284 sed
1775 2229 2065 2285 Paschales

488 2323 652 2375 etiam
679 2332 931 2389 quatuor,
959 2323 1115 2376 annis
1157 2321 1284 2386 400,
1317 2321 1439 2383 401,
1471 2319 1595 2385 402,
1621 2321 1748 2385 405,
1774 2321 1902 2386 404,
1927 2322 2066 2376 scri-

490 2423 627 2480 ptas,
683 2413 1042 2486 Hieronymus
1091 2414 1377 2467 Latinitate
1437 2413 1676 2476 donavit,
1718 2422 1772 2465 ut
1830 2428 1949 2480 qua:
1997 2413 2063 2468 iis

491 2505 877 2558 continebatur
902 2504 1148 2576 Origenis
1179 2505 1471 2568 damnatio,
1511 2504 1692 2570 latius,
1731 2516 1784 2559 et
1819 2505 1870 2558 in
1909 2505 2065 2560 Occi-

491 2595 654 2652 dente
701 2597 1035 2664 potissimum
1097 2596 1518 2666 pervulgaretur.
1579 2595 1946 2650 Pervenerunt
1997 2597 2064 2651 ad

494 2685 634 2738 hanc
657 2696 868 2740 aetatem
914 2688 1240 2754 posteriores
1272 2698 1406 2752 tres,
1465 2687 1610 2756 prior
1656 2701 1776 2741 cum
1809 2687 2060 2757 synodica

493 2775 799 2843 intercidit;
836 2778 886 2830 in
911 2778 1104 2846 quibus
1126 2779 1417 2846 depravata
1442 2777 1618 2846 aliqua
1644 2778 1710 2830 ab
1739 2775 2064 2847 Hieronymo

491 2880 612 2919 eum
653 2867 820 2936 ipsius
842 2869 1134 2923 adversarii
1153 2869 1466 2936 jactassent,
1497 2883 1616 2923 sese
1639 2869 1690 2922 in
1716 2869 1940 2936 epistola
1972 2869 2060 2935 78,

491 2958 561 3010 ad
599 2955 991 3012 Pammachium
1034 2970 1079 3012 et
1120 2959 1456 3021 Marcellam,
1514 2975 1634 3014 cum
1666 2963 1732 3015 ad
1761 2975 1853 3016 eos
1879 2971 2062 3032 poste-

492 3050 670 3104 riores
692 3049 982 3104 Pascliales
1016 3051 1269 3117 mitteret,
1297 3049 1592 3105 luculenter
1620 3053 1886 3122 purgavit.

2167 1953 2260 2017 tia,
2290 1953 2621 2022 proindeque
2643 1951 2816 2005 serius
2842 1948 3362 2018 ConstantinOpolim
3395 1949 3618 2002 easdem
3645 1949 3739 2002 im-

2163 2057 2444 2116 portasse;
2479 2060 2600 2098 cum
2657 2044 2866 2097 interea
2901 2041 3230 2096 discessione
3280 2039 3503 2093 illorum
3537 2039 3736 2106 audita,

2165 2143 2368 2198 nullam
2401 2141 2808 2208 interponentes
2843 2149 3073 2200 moram,
3108 2132 3321 2203 magnis
3355 2131 3649 2186 itineribus
3675 2130 3739 2183 il-

2167 2235 2250 2290 luc
2278 2233 2684 2288 contendissent
2725 2229 3077 2298 Origenistaa;
3119 2235 3174 2281 et
3205 2227 3299 2294 qui
3342 2227 3531 2281 serius
3561 2238 3739 2278 susce-

2165 2335 2358 2396 perant
2393 2326 2513 2389 iter,
2547 2323 2814 2378 maturius
2841 2321 2968 2375 illud
2997 2319 3376 2376 coniecissent.

2237 2417 2328 2473 IX.
2356 2415 2869 2483 Constantinopolim
2902 2411 3063 2467 delati
3103 2411 3429 2478 Origenista:
3472 2407 3740 2479 supplices

2167 2509 2418 2564 aecidunt
2450 2509 2514 2562 ad
2564 2522 2737 2575 genua
2771 2504 3012 2571 Joannis,
3059 2504 3442 2573 postulantque
3471 2512 3530 2556 ut
3581 2515 3739 2571 opera

2166 2601 2332 2668 ipsius
2359 2609 2411 2653 et
2435 2599 2779 2661 auctoritate,
2809 2595 3090 2666 Theophili
3124 2596 3416 2650 adversum
3443 2609 3506 2650 se
3529 2595 3737 2648 iracun-

2166 2695 2251 2747 dia
2299 2700 2543 2758 sedetur,
2584 2701 2637 2748 et
2669 2691 2960 2763 Egyptum
2995 2691 3250 2746 redeundi
3275 2690 3382 2745 sibi
3421 2690 3579 2759 c0pia
3607 2688 3740 2742 ﬁat:

2165 2785 2305 2854 quod
2340 2786 2383 2838 si
2413 2784 2717 2838 reverentia
2748 2793 2838 2836 aut
2867 2791 3010 2836 metu
3033 2780 3340 2850 Theophili,
3379 2782 3451 2835 ab
3476 2781 3594 2850 ipso
3620 2793 3742 2848 quo-

2166 2892 2270 2946 que
2302 2876 2751 2945 quemadmodum
2773 2883 2826 2928 et
2854 2875 2920 2928 ab
2943 2873 3060 2928 aliis
3082 2873 3354 2943 episcopis
3390 2872 3738 2942 repellantur,

2166 2967 2507 3036 imperatoris
2536 2982 2691 3037 Opem
2725 2980 2784 3022 se
2807 2965 3041 3034 denique
3073 2965 3483 3035 imploraturos.
3515 2965 3738 3032 Compo-

2169 3059 2305 3112 situs
2335 3059 2401 3110 ad
2439 3057 2842 3112 miserationem
2891 3055 3330 3109 commovendam
3360 3054 3608 3108 virorum
3639 3054 3738 3107 ha-

565 3138 699 3193 Vlll.
733 3140 851 3194 Jam
888 3155 1016 3193 vero
1048 3155 1227 3194 rerum
1252 3141 1448 3194 seriem
1473 3156 1882 3211 persequamur.
1917 3143 2065 3198 Dixi-
2090 3165 2133 3222 α
2166 3150 2311 3203 bitus
2336 3149 2724 3220 Chrysostomo
2769 3147 3036 3217 lacrymas
3065 3145 3324 3199 excussit.
3373 3143 3616 3211 Benigne
3643 3144 3737 3196 ita-

489 3243 611 3283 mus
649 3229 1172 3298 Constantinopolim
1217 3231 1489 3301 profectos
1530 3247 1651 3287 esse
1704 3233 2056 3304 Origenistas,

492 3328 773 3388 postquam
818 3321 1004 3374 eodem
1050 3321 1253 3391 legatos
1295 3338 1324 3376 a
1347 3322 1647 3392 Theophilo
1683 3325 1875 3380 missos
1905 3340 2059 3382 acce-

491 3423 704 3481 perunt.
737 3411 895 3465 Falso
925 3414 974 3464 id
1005 3428 1034 3465 a
1068 3413 1302 3468 Palladio
1334 3423 1389 3470 et
1443 3414 1746 3469 Sozomeno
1768 3415 2055 3470 conlictum

490 3503 667 3571 arguit
692 3501 953 3556 Baronius
982 3503 1049 3556 ad
1079 3521 1165 3556 an.
1200 3505 1326 3569 400,
1350 3521 1470 3574 cap.
1493 3506 1582 3571 6i,
1612 3523 1708 3560 nec
1733 3522 2055 3578 quemqnatn

492 3596 621 3647 illuc
656 3605 780 3648 ante
808 3595 1014 3662 legasse
1038 3595 1389 3665 Theophilum
1433 3599 1729 3665 contendit,
1766 3615 1926 3669 quam
1961 3616 2057 3655 eo-

490 3688 611 3740 dem
646 3685 844 3740 abiisse
878 3685 1214 3757 Origenistas
1249 3691 1528 3745 intellexit.
1589 3691 1801 3746 Falsum
1847 3709 2058 3763 quoque

487 3792 608 3831 esse
629 3779 765 3844 vult,
799 3779 937 3833 inter
968 3779 1299 3850 Origenistas
1332 3782 1500 3838 fuisse
1565 3784 1868 3853 lsidorum;
1903 3788 1954 3840 id
1989 3788 2056 3840 li-

489 3880 573 3923 cet
625 3881 821 3938 praeter
871 3871 1230 3927 Sozomenum
1265 3873 1518 3928 Socrates
1545 3885 1834 3930 assereret.
1864 3875 2060 3931 Nititur

489 3961 748 4016 Baronius
775 3961 1055 4032 Theophili
1089 3967 1157 4018 ad
1180 3964 1534 4035 Epiphaniam
1554 3968 1800 4036 epistola,
1835 3984 1954 4038 qua:
1975 3979 2059 4024 est

488 4055 627 4110 inter
677 4056 1121 4128 Hieronymianas
1151 4059 1256 4125 67;
1311 4059 1388 4114 sic
1444 4058 1603 4113 habet
1640 4061 1727 4114 illa
1787 4077 1853 4114 τι
1882 4061 2055 4117 Didici

485 4149 630 4201 enim
679 4151 822 4218 quod
871 4150 1288 4205 calumniatores
1339 4166 1479 4206 vera:
1527 4153 1672 4218 ﬁdei,
1703 4153 2053 4219 fAmmonins,

487 4241 772 4306 Eusebius,
801 4251 856 4295 et
899 4241 1237 4311 Euthymius,
1291 4258 1429 4296 novo
1487 4258 1584 4311 pro
1646 4244 1834 4298 haaresi
1875 4243 2056 4297 furore

486 4333 832 4400 bacchantes,
870 4333 1382 4402 Constantinopolim
1407 4335 1711 4404 navigarint
1740 4352 1754 4388 :
1788 4344 1845 4387 ut
1877 4345 1932 4388 et
1962 4349 2057 4389 no-

487 4440 602 4492 vos,
635 4427 678 4479 si
711 4441 846 4494 quos
890 4426 1173 4489 valuerint,
1203 4427 1494 4496 decipiant,
1554 4437 1606 4481 et
1630 4428 1902 4482 veteribus
1945 4441 2056 4480 sua:

2158 3255 2263 3310 que
2297 3241 2443 3310 ipsos
2471 3239 2784 3308 alloquitur,
2815 3237 2967 3305 jubet
3005 3252 3224 3292 causam
3269 3237 3542 3290 adventus
3564 3236 3736 3290 suisi—

2159 3334 2323 3396 leant,
2354 3333 2421 3387 de
2468 3333 2710 3401 ipsorum
2751 3330 3088 3386 restitutione
3136 3343 3255 3384 sese
3281 3343 3407 3396 cum
3442 3326 3735 3397 Theophilo

2157 3439 2254 3493 per
2278 3423 2485 3478 litteras
2524 3433 2792 3487 acturum,
2833 3423 2885 3476 in
2913 3421 3110 3492 templo
3141 3421 3383 3484 interim,
3420 3420 3510 3474 cui
3544 3433 3729 3474 nomen

2156 3515 2466 3580 Anastasis,
2519 3515 2702 3570 sedem
2739 3529 2804 3568 ac
2833 3513 3165 3568 mansionem
3210 3512 3403 3580 ﬁgant.
3432 3511 3732 3566 Paruerunt

2159 3606 2257 3669 illi,
2294 3615 2348 3660 et
2367 3606 2489 3660 vitae
2514 3605 2818 3660 necessaria
2849 3606 3042 3674 partim
3073 3604 3304 3673 propriis
3339 3604 3439 3673 ipsi
3469 3605 3727 3670 manibus,

2159 3709 2216 3751 ut
2254 3713 2370 3761 mos
2391 3706 2508 3751 erat
2542 3698 2951 3761 monachorum,
2975 3699 3169 3769 partim
3205 3696 3584 3766 religiosarum
3618 3711 3727 3751 mu-

2157 3791 2344 3845 lierum
2374 3790 2694 3845 liberalitate
2726 3799 3124 3859 compararunt,
3163 3804 3227 3843 ac
3255 3787 3595 3861 Olympiadis
3631 3804 3719 3860 po-

2159 3883 2449 3947 tissimum,
2491 3896 2610 3949 qua:
2643 3891 2764 3951 post
2786 3880 2992 3936 obitum
3021 3880 3260 3935 Nebridii
3282 3882 3533 3950 conjugis
3554 3893 3722 3937 creata

2155 3972 2408 4028 Ecclesia:
2477 3972 3080 4042 Constantinopolitanae
3148 3973 3458 4030 diaconissa
3490 4015 3508 4041 ,
3584 3989 3727 4044 pere-

2157 4063 2342 4134 grinos
2375 4065 2609 4132 hospitio
2631 4065 2902 4135 excipere,
2929 4073 2985 4120 et
3017 4062 3368 4122 facultatibus
3399 4071 3511 4124 suis
3549 4068 3726 4123 fovere

2156 4156 2382 4212 solebat.
2435 4155 2780 4211 Publicarum
2828 4157 2913 4212 his
2951 4157 3324 4226 precationum
3395 4159 3725 4214 communio-

2156 4265 2277 4304 nem
2331 4249 2601 4304 concessit
2656 4250 3089 4320 Chrysostomus,
3147 4265 3212 4305 ac
3265 4263 3722 4307 sacramentorum

2158 4356 2313 4395 usum
2346 4357 2451 4395 non
2479 4341 2724 4406 admisit,
2767 4342 3002 4394 nondum
3027 4342 3237 4410 cognita
3264 4342 3506 4410 ipsorum
3528 4356 3719 4406 causa;

2157 4447 2276 4486 cum
2315 4433 2612 4501 praesertim
2661 4432 2889 4488 clericos
2919 4433 3177 4501 quosdam
3215 4449 3243 4486 a
3277 4433 3573 4504 Theophilo
3611 4435 3721 4504 jam

487 4516 783 4586 impietatis
841 4518 1002 4572 sociis
1049 4518 1464 4588 coniungantur.
1498 4537 1516 4570 ι
1556 4517 1706 4571 Nulla
1744 4519 1833 4572 hic
1865 4519 2052 4574 lsidori
2086 4501 2128 4555 Ῑ)
2158 4533 2282 4579 ante
2312 4524 2430 4578 aliis
2465 4525 2531 4604 de
2565 4523 2728 4579 rebus
2753 4523 3270 4594 Constantinopolim
3315 4501 3510 4582 missos
3539 4501 3720 4581 accer-

491 4607 734 4660 mentio:
767 4617 914 4662 certe
958 4623 1132 4677 neque
1174 4609 1434 4674 Dioscori,
1485 4626 1582 4666 nec
1630 4611 1854 4666 aliorum
1899 4612 2057 4681 quin-

485 4699 762 4769 quaginta,
819 4715 953 4769 quos
1016 4700 1140 4755 illuc
1187 4702 1487 4769 perrexisse
1547 4704 1709 4757 tradit
1759 4703 2050 4759 Palladius.

487 4789 650 4856 Quasi
686 4806 814 4844 vero
873 4792 1086 4844 nomina
1119 4792 1448 4862 singulorum
1504 4809 1827 4862 percensere
1876 4795 2053 4852 Theo-

488 4881 669 4948 philus
706 4881 1022 4934 instituerit.
1059 4883 1132 4934 At
1178 4881 1369 4936 deinde
1402 4881 1729 4952 Theophilus
1778 4902 1794 4939 ι
1851 4901 1870 4935 ι
1898 4885 1965 4939 Et
1997 4894 2054 4938 ut

483 4973 718 5027 celerius
745 4980 929 5026 nostra
952 4973 1466 5042 Constantinopolim
1495 4975 1689 5045 scripta
1717 4977 2050 5045 perveniant,

485 5065 640 5118 mitte
690 5065 1006 5118 industrium
1042 5066 1236 5132 virum,
1259 5075 1313 5120 et
1333 5066 1560 5134 aliquem
1587 5068 1652 5120 de
1671 5066 1903 5132 clericis,
1943 5069 2044 5122 sic-

485 5162 543 5206 ut
583 5163 637 5208 et
681 5169 779 5208 nos
799 5154 864 5208 de
891 5153 1026 5223 ipsis
1053 5153 1234 5208 Nitriae.
1274 5155 1621 5211 monasteriis
1651 5169 1833 5226 patres
1862 5172 2049 5212 mona-

482 5244 730 5310 chorum,
763 5261 882 5300 cum
915 5246 1035 5301 aliis
1077 5247 1279 5302 sanctis
1321 5257 1374 5301 et
1419 5248 1894 5303 continentissimis
1921 5249 2049 5302 viris

481 5337 750 5402 misimus,
787 5338 876 5405 qui
913 5339 1121 5406 possint
1153 5349 1384 5394 cunctos
1438 5339 1491 5392 in
1526 5340 1809 5406 prmsentia
1855 5340 2047 5395 docere

481 5441 601 5495 qua:
629 5436 777 5497 gesta
812 5439 960 5483 sunt.
999 5448 1017 5480 ι
1061 5429 1136 5483 Ex
1171 5430 1253 5485 his
1307 5429 1443 5482 ellici
1493 5439 1644 5498 putat
1684 5429 1946 5485 Baronius
1983 5431 2051 5484 ab

483 5517 805 5587 Epiphanio,
843 5534 946 5572 non
995 5530 1173 5574 autem
1239 5536 1268 5572 a
1300 5518 1598 5588 Theophila
1653 5528 1782 5575 tunc
1816 5520 2048 5591 legatum

483 5607 650 5660 fuisse
689 5609 911 5660 missum
946 5607 1468 5677 Consta‘ntinOpolim
1497 5627 1513 5675 ;
1545 5610 1900 5679 Theophilum
1952 5626 2049 5664 au-

482 5705 590 5749 tem
620 5698 876 5764 quosdam
907 5713 936 5751 e
968 5701 1241 5753 monachis
1273 5699 1635 5754 Nitriensibus
1662 5702 1764 5754 alio
1799 5701 2042 5771 ablegas-

483 5801 560 5840 se.
618 5787 759 5842 Sane
809 5790 860 5843 id
890 5804 951 5844 εχ
995 5789 1233 5857 epistola;
1270 5789 1448 5844 verbis
1484 5807 1585 5845 non
1633 5795 1840 5861 cogitur
1884 5817 1893 5850 :
1940 5797 2044 5851 imo

2158 4616 2318 4670 sisset
2345 4614 2603 4680 Joannes,
2647 4631 2794 4685 nque
2821 4631 2982 4684 super
3021 4617 3181 4671 rebus
3217 4619 3602 4673 monachorum
3633 4617 3721 4671 in-

2159 4695 2412 4774 terrogati
2445 4720 2693 4776 magnam
2718 4707 2837 4761 illos
2874 4707 3122 4776 injuriam
3163 4709 3488 4764 sustinuisse
3510 4709 3721 4778 quidem

2155 4795 2434 4859 dixissent,
2471 4801 2564 4850 sed
2608 4797 2675 4849 ad
2708 4797 3136 4850 communionem
3192 4806 3374 4852 tamen
3416 4799 3725 4866 neutiquam

2155 4901 2248 4941 eos
2273 4887 2483 4941 admitti
2541 4888 2924 4956 postulassent,
2953 4903 3019 4943 ne
3057 4889 3358 4958 Thcopbilo
3384 4905 3471 4946 res
3498 4905 3558 4946 ea
3584 4891 3727 4945 foret

2157 4975 2461 5032 oll‘ensioni.
2497 4977 2702 5033 Scribit
2753 4979 2820 5032 ad
2879 4979 3232 5049 Theophilum
3283 4981 3724 5054 Chrysostomus,

2156 5076 2415 5139 rogatque
2451 5077 2510 5124 ut
2541 5071 2819 5126 restitutos
2839 5071 3170 5140 Origenistas
3203 5073 3257 5127 in
3297 5075 3727 5128 communionem

2156 5163 2409 5219 admittat
2445 5180 2461 5219 :
2489 5165 2572 5220 sin
2605 5164 2808 5233 judicio
2837 5167 3162 5222 contendere
3187 5167 3362 5231 malit,
3390 5167 3728 5223 necessarios

2155 5253 2332 5308 mittat
2352 5254 2444 5323 qui
2483 5269 2568 5310 res
2605 5255 2771 5324 ipsius
2813 5266 3119 5326 procurent.
3161 5256 3278 5312 Non
3308 5258 3579 5326 rescripsit
3608 5257 3726 5320 ille,

2153 5345 2412 5412 quosdam
2460 5359 2492 5401 e
2521 5346 2631 5400 suis
2657 5346 2784 5400 illud
2826 5345 3086 5417 allegasse
3136 5357 3446 5413 contentus,
3473 5346 3728 5401 «libellos

2149 5445 2210 5488 ut
2231 5436 2566 5505 porrigerent
2580 5439 2895 5502 admonens,
2919 5439 3088 5506 inquit
3109 5437 3400 5504 Palladius,
3423 5454 3553 5508 quos
3567 5453 3728 5493 more

2151 5525 2308 5580 solito
2335 5527 2465 5596 ipsis
2522 5527 2834 5593 dictaverat,
2883 5537 3126 5597 apertum
3162 5529 3384 5598 quidem
3423 5539 3475 5584 et
3496 5543 3728 5598 expres-

2149 5633 2270 5672 sum
2299 5620 2633 5676 mendacium
2666 5624 3021 5686 continentes,
3054 5623 3226 5678 variis
3246 5623 3530 5679 calumniis
3553 5637 3728 5691 oper-
3819 5677 3827 5693 ,

2152 5719 2264 5764 tum
2315 5719 2366 5764 et
2415 5713 2831 5774 obnmbratum;
2865 5722 2916 5767 et
2945 5729 3065 5767 cum
3118 5730 3228 5768 non
3279 5726 3460 5784 posset
3503 5714 3727 5769 illorum
3808 5703 3822 5744 ί

2152 5802 2271 5857 vita:
2297 5801 2576 5874 derogare,
2628 5806 2754 5862 facit
2807 5815 2866 5861 ut
2925 5807 3065 5861 intra
3097 5807 3355 5876 palatium
3394 5806 3538 5878 quasi
3567 5809 3729 5878 magi
