3906 6536
134 414 273 469 Ηιιο

986 410 1563 469 ORIGENIANORUM
1603 411 1733 472 LIB.
1777 413 1843 480 ll,
1887 415 2038 470 CAP.
2081 414 2171 482 ιν,
2215 413 2410 474 SECT.
2445 412 2511 470 ll.

3251 418 3392 475 H50

129 541 474 588 notarentur.
503 549 522 584 ›
565 529 762 585 Subdit
789 531 1130 602 postmodum
1159 532 1501 588 advertentes
1528 533 1717 604 Orige-
1744 537 1790 594 Α
1819 543 1915 588 sta:
1940 533 2146 602 experti
2175 543 2302 588 sunt
2327 547 2342 586 :
2374 531 2644 602 proditum
2695 531 2891 602 quippe
2922 539 3004 586 est
3031 545 3063 585 a
3089 529 3392 588 Soaomeno

127 625 302 677 nistas
331 621 464 675 nihil
507 637 564 676 se
593 622 916 691 profecisse,
957 623 1284 694 «plerosque
1333 627 1386 680 in
1421 628 1701 697 dignitati-

127 717 230 769 bus
265 716 596 769 constitutos
623 716 912 770 adduxisse
944 730 1151 783 secum,
1177 732 1366 773 omnes
1389 719 1704 772 anathema-

125 807 332 861 tizasse
367 807 639 861 lueresim.
673 827 690 858 ι
729 805 864 860 Tum
924 807 1117 862 deinde
1142 808 1400 881 follectas
1446 811 1704 864 adversus

125 897 412 965 Theophili
466 899 804 970 tyrannidem
837 902 1229 967 accusationes,
1277 911 1331 956 et
1366 901 1418 956 in
1471 902 1702 958 libellum

127 990 405 1060 conjectas
445 988 638 1044 Joanni
695 989 891 1046 frustra
927 992 1049 1048 illos
1098 993 1165 1047 ab
1191 993 1404 1063 incepto
1434 995 1705 1049 revocanti

128 1083 373 1136 tradunt.
438 1082 617 1138 Monet
657 1083 746 1138 ille
770 1082 1126 1154 TheOphilum
1155 1085 1398 1141 conﬂata:
1421 1087 1704 1142 adversum

125 1186 185 1227 se
215 1173 598 1229 accusationis.
646 1173 919 1229 Rescribit
962 1174 1290 1245 Theophilus
1329 1176 1552 1230 vetitum
1588 1189 1707 1232 esse

124 1263 367 1320 Nicenis
413 1266 730 1335 canonibus,
768 1283 834 1323 ne
883 1267 1006 1337 quis
1033 1267 1318 1338 episcupus
1373 1271 1436 1324 de
1470 1284 1528 1324 re
1551 1279 1705 1323 extra

128 1357 392 1411 ditionem
442 1373 595 1412 suam
634 1360 807 1428 posita
835 1361 1045 1432 judicet
1076 1381 1090 1418 :
1118 1378 1200 1424 se.
1232 1362 1276 1416 si
1316 1362 1366 1416 in
1393 1362 1483 1430 jus
1513 1377 1709 1418 vocan-

127 1449 232 1503 dus
258 1449 350 1515 sit,
386 1448 454 1504 ab
479 1449 750 1521 Egyptiis
778 1454 1044 1525 episcopis
1066 1469 1189 1510 esse
1227 1453 1601 1524 judicandum.
1625 1455 1708 1510 Ad

126 1539 247 1596 haec
293 1544 711 1610 permovehatur
759 1543 908 1600 falsis
954 1547 1294 1612 rumoribus;
1342 1554 1710 1601 sacramento-

125 1644 248 1684 rum
281 1633 714 1688 communionem
734 1634 1052 1702 Origenistis
1074 1637 1405 1693 concessisse
1421 1635 1706 1704 Joannem,

127 1730 183 1776 et
209 1723 392 1777 animo
422 1737 545 1779 esse
599 1726 665 1779 ad
713 1725 963 1782 ferendas
1012 1728 1143 1799 ipsis
1173 1729 1446 1799 suppetias
1496 1737 1706 1800 parato.

129 1811 314 1877 Quare
374 1814 441 1867 ad
497 1815 779 1884 episcopos
813 1817 980 1870 mittit
1034 1817 1247 1872 litteras
1284 1833 1708 1888 quaquaversus,

126 1901 393 1958 Joannem
415 1904 682 1974 dignitate
709 1916 765 1960 et
796 1908 1108 1977 episcopatu
1133 1919 1399 1976 evertere,
1423 1921 1480 1966 et
1505 1910 1722 1966 Diosco-

131 2008 249 2047 rum
279 2009 403 2048 cttm
444 1995 699 2053 fratribus
739 2013 803 2054 ac
830 2000 994 2056 sociis
1036 2000 1223 2055 ulcisci
1253 2001 1399 2055 omni
1433 2001 1592 2057 modo
1621 2017 1708 2056 sa-

130 2093 346 2155 tagens,
377 2088 660 2143 consilium
699 2098 877 2145 tamen
927 2101 1087 2148 caute
1131 2092 1427 2159 occultans,
1459 2091 1708 2164 Origenis

129 2176 298 2232 libros
325 2179 663 2237 solummodo
691 2197 937 2252 carpens.

197 2269 256 2325 Si
290 2273 412 2341 quis
434 2271 770 2344 Origenistas
806 2291 835 2330 a
867 2275 1074 2333 Joanne
1103 2289 1359 2348 exceptos
1402 2278 1571 2335 fuisse
1608 2279 1710 2334 mi-

130 2373 306 2426 retur,
341 2378 588 2434 magnam
630 2367 770 2436 apud
806 2381 992 2424 omnes
1021 2368 1372 2425 Nitriensium
1415 2371 1708 2426 monacho-

130 2469 250 2506 rum
291 2454 752 2511 existimationem
799 2456 964 2514 fuisse
1001 2461 1342 2527 meminerit;
1387 2469 1441 2516 et
1468 2461 1709 2533 Chryso-

131 2555 312 2599 stomo
353 2544 466 2612 jam
512 2546 635 2603 inde
679 2557 832 2604 notas
871 2565 995 2605 esse
1044 2549 1328 2621 The0pltili
1372 2563 1536 2619 artes,
1584 2567 1706 2608 cum

128 2635 391 2692 lsidorum
431 2639 1157 2712 inConstantinopoIitanam
1187 2643 1370 2724 sedem
1411 2644 1708 2710 intrudere,

130 2739 183 2785 et
219 2731 514 2800 quominus
541 2732 608 2788 ad
648 2748 769 2789 eam
811 2737 1138 2792 eveheretur
1181 2735 1416 2793 Joannes
1449 2737 1710 2808 impedire

130 2832 354 2877 conatus
381 2829 485 2878 est;
520 2823 788 2883 Praeterea
835 2826 1194 2898 Origenianos
1235 2843 1450 2884 errores
1499 2828 1710 2898 publice

131 2913 380 2969 detestati
433 2913 650 2971 fuerant
684 2916 986 2975 Nitrienses
1035 2938 1050 2976 :
1103 2919 1229 2975 hinc
1263 2919 1416 2975 valde
1461 2930 1709 2990 suspecta

133 3003 203 3058 illi
238 3004 524 3076 Theophili
550 3009 878 3066 criminatio.
921 3014 991 3065 At
1024 3025 1123 3066 nec
1145 3011 1270 3066 dum
1297 3012 1433 3068 satis
1461 3011 1710 3067 adverte-

133 3106 213 3152 rat
238 3099 366 3168 pius
401 3099 628 3156 antistes
676 3101 1048 3157 simulationes
1079 3100 1537 3172 Origenistarum,
1585 3101 1708 3170 qni-

133 3188 230 3244 bus
285 3188 528 3260 objectos
578 3207 794 3248 errores
842 3192 1151 3263 juramento
1211 3192 1416 3249 diluere
1471 3192 1709 3263 proclive

1809 635 1864 678 et
1898 622 2220 692 Nicephoro,
2262 624 2329 678 ad
2356 637 2499 686 eam,
2524 635 2645 676 cum
2677 620 2820 675 forte
2843 636 3006 675 curru
3035 622 3392 691 praetervehe-

1811 725 1984 779 retur,
2019 715 2318 769 accessisse
2359 712 2676 776 monachos,
2712 711 2922 782 sibique
2946 711 3124 767 illatas
3151 727 3180 765 a
3212 711 3390 766 Theo-

1813 806 1962 876 phile
1996 806 2222 876 injurias
2261 807 2600 875 exposuisse,
2649 806 2788 859 hanc
2815 805 3020 859 honore
3045 805 3174 874 ipsis
3206 804 3392 858 habito

1811 897 2132 966 pollicitam,
2159 895 2403 950 futurum
2432 905 2492 949 ut
2521 895 2670 950 brevi
2699 905 2986 964 cogeretur
3015 896 3274 964 synodus,
3323 896 3391 950 ad

1811 1000 2039 1056 eamque
2065 984 2394 1055 Theophilus
2419 993 2754 1039 evocaretur.

1888 1077 1956 1132 X.
1986 1078 2118 1133 Dum
2146 1078 2261 1132 haec
2289 1085 2602 1147 agerentur,
2635 1077 2972 1148 Epiphanius
2995 1077 3190 1133 litteris
3215 1077 3394 1132 Theo-

1814 1170 1943 1241 phili
1985 1170 2235 1238 acceptis,
2310 1170 2505 1239 quibus
2535 1170 2603 1225 ad
2658 1171 3058 1226 convocandam
3107 1171 3389 1241 synodum,

1817 1275 1873 1320 et
1904 1262 2241 1318 damnandos
2303 1261 2646 1332 Origenistas
2702 1263 2984 1318 incitatum
3035 1261 3200 1317 fuisse
3229 1277 3393 1331 supra

1815 1357 2070 1423 diximus,
2117 1359 2261 1428 cogit
2296 1361 2667 1429 episcoporum
2709 1353 3029 1426 Cypriorum
3079 1352 3394 1417 concilium,

1819 1449 2083 1506 librorum
2126 1451 2374 1524 Origenis
2406 1450 2691 1508 lectionem
2737 1450 2959 1504 decreto
2999 1446 3267 1516 prohibet,
3305 1462 3396 1500 cu-

1809 1543 1900 1614 jus
1930 1544 2131 1600 decreti
2179 1543 2460 1615 exemplar
2510 1559 2632 1598 cum
2664 1540 2768 1595 alia
2797 1540 2851 1595 in
2902 1539 3041 1604 loca,
3066 1549 3177 1592 tum
3207 1537 3396 1608 praeci-

1816 1652 1920 1709 pue
1941 1635 2460 1706 Constantinopolim
2513 1635 2699 1699 mittit,
2731 1631 2995 1688 Joannem
3041 1631 3104 1687 ad
3146 1630 3286 1684 idem
3317 1627 3396 1681 fa-

1817 1730 2068 1786 ciendum
2096 1730 2414 1784 adhortans.
2445 1727 2738 1783 Collectam
2788 1738 3004 1794 quoque
3033 1737 3062 1776 a
3098 1719 3396 1789 Theophilo

1821 1833 2008 1892 postea
2037 1821 2301 1893 synodum
2328 1820 2676 1876 Alexandria:
2707 1819 2895 1873 eadem
2945 1818 3012 1872 de
3039 1829 3200 1871 causa
3229 1813 3396 1867 fuisse

1753 1912 1795 1968 Β
1820 1913 2064 1968 scribunt
2109 1911 2387 1975 Socrates,
2419 1919 2474 1967 et
2519 1909 2854 1966 Sozomenus
2878 1926 2893 1973 ;
2921 1916 3078 1975 negat
3112 1904 3394 1968 Baronius,

1815 2015 1870 2059 et
1903 2019 2186 2075 perperam
2213 2004 2279 2059 ad
2321 2004 2372 2058 id
2403 2012 2617 2071 tempus
2651 1999 2874 2056 relatam
2918 1999 3082 2053 fuisse
3122 1997 3190 2052 ab
3224 1997 3398 2066 impu-

1816 2099 1892 2155 ris
1921 2099 2274 2169 scriptoribus
2313 2099 2576 2170 synodum
2601 2092 3023 2150 Alexandrinam
3059 2092 3271 2157 asserit,
3305 2100 3392 2144 ut-

1817 2203 1941 2264 pote
1970 2207 2090 2263 quaa
2131 2193 2242 2262 jam
2278 2203 2403 2245 ante
2433 2193 2610 2246 fuerat
2653 2189 2945 2243 celebrata.
2979 2185 3090 2256 Ego
3118 2199 3248 2238 vero
3268 2182 3398 2252 quid

1817 2296 2084 2350 statuam,
2118 2300 2223 2340 non
2255 2284 2458 2347 habeo;
2493 2297 2617 2337 nam
2646 2295 2753 2336 non
2797 2295 2960 2334 unum
2987 2278 3247 2332 adversus
3270 2275 3397 2330 Ori-

1816 2378 2054 2448 genistas
2093 2376 2387 2431 conflatum
2425 2375 2598 2438 fuisse
2638 2371 2928 2429 concilium
2960 2377 3147 2424 narrat
3176 2365 3400 2422 Posthu-

1817 2469 2027 2524 mianus
2058 2470 2199 2538 apud
2222 2467 2520 2538 Sulpicium
2555 2466 2844 2529 Severum,
2871 2462 3077 2532 Dialog.
3123 2479 3159 2527 ι,
3195 2475 3314 2530 cap.
3339 2459 3396 2514 '5.

1889 2557 1977 2613 XI.
2012 2558 2305 2615 Missasad
2334 2572 2398 2613 se
2431 2559 2501 2614 ab
2531 2557 2834 2628 Epiphanio
2882 2563 2937 2609 et
2970 2551 3270 2622 Theophilo
3292 2550 3401 2620 epi-

1819 2653 2008 2717 stolas,
2060 2661 2394 2722 paratasque
2419 2649 2522 2706 sibi
2554 2649 2782 2704 insidias
2818 2643 3398 2714 neglexitChrysosto—

1818 2759 1959 2810 mus,
1999 2746 2348 2812 animmnque
2375 2742 2429 2796 in
2469 2739 2830 2796 ecclesiastica
2860 2735 3200 2792 restituenda
3239 2731 3400 2787 disci-

1818 2835 1962 2906 plina
2006 2837 2216 2890 habuit.
2254 2833 2443 2904 Legati
2478 2831 2694 2887 interim
2739 2847 2768 2883 a
2800 2828 3098 2898 The0phi|o
3129 2825 3399 2881 Constan-

1824 2927 2104 2998 tinopolim
2160 2925 2412 2980 monachi
2447 2921 2785 2992 Origenistas
2841 2920 3035 2976 libellis
3081 2916 3399 2986 proscinde-

1816 3023 1984 3077 bant:
2011 3019 2064 3073 hi
2083 3027 2292 3082 contra,
2322 3031 2415 3086 spe
2443 3016 2594 3085 pacis
2627 3012 2912 3085 praeclusa,
2937 3009 3076 3079 apud
3109 3007 3398 3062 Arcadium

1821 3115 2205 3182 imperatorem
2253 3119 2308 3164 et
2343 3109 2668 3173 Eudoxiam,
2723 3102 3004 3172 Theophili
3052 3099 3226 3169 questi
3273 3104 3402 3151 sunt

1819 3206 2073 3276 injurias,
2123 3201 2412 3270 libelloque
2453 3199 2636 3256 oblato
2691 3210 2886 3269 graves
2944 3193 3131 3264 ipsiet
3173 3191 3400 3244 acerbas

131 3291 266 3336 erat.
314 3280 556 3338 Notanda
596 3282 1060 3356 haec‘llieronymi
1089 3285 1248 3355 epist.
1286 3284 1378 3349 65,
1438 3285 1509 3339 ad
1548 3283 1715 3339 Pam-
1742 3274 1787 3334 (ἶ
1819 3274 2230 3348 criminationes
2262 3291 2623 3360 impegerunt,
2666 3285 3114 3357 postularuntque
3145 3279 3399 3334 utatldu-

132 3375 375 3430 macine!
405 3375 624 3445 Ocean,
663 3393 784 3448 cap.
814 3379 868 3443 l,
919 3396 938 3429 ο
971 3377 1185 3432 Faciant
1227 3379 1368 3448 quod
1406 3376 1581 3432 solum
1619 3392 1710 3432 ea-

133 3475 280 3530 vent,
320 3476 376 3520 ut
427 3484 582 3524 sacra
621 3484 806 3524 eorum
837 3480 1000 3539 atque
1045 3470 1302 3541 mysteria
1337 3471 1390 3524 in
1439 3469 1713 3540 publicum

135 3557 434 3626 proferam,
463 3572 517 3614 et
549 3561 729 3615 omnis
754 3560 1035 3631 prudentia
1069 3577 1278 3628 eorum,
1321 3576 1427 3632 qua
1457 3575 1555 3615 nos
1582 3560 1714 3614 sim-

136 3651 304 3720 plices
329 3651 540 3718 ludunt,
570 3654 621 3707 in
653 3636 936 3723 propatulo
978 3655 1086 3721 sit;
1121 3664 1174 3708 et
1202 3655 1292 3724 qui
1342 3655 1558 3725 neganti
1597 3653 1713 3708 voci

137 3761 237 3798 non
283 3748 540 3812 credunt,
595 3748 820 3802 credant
877 3747 1070 3803 saltem
1115 3749 1361 3818 arguenti
1390 3747 1550 3820 stylo.
1600 3745 1714 3802 lloc

136 3840 273 3894 enim
303 3838 388 3893 vel
439 3840 671 3896 maxime
702 3850 914 3907 cavent,
947 3855 1016 3896 ne
1050 3841 1264 3911 quando
1299 3851 1485 3895 contra
1531 3851 1716 3896 aucto-

138 3949 245 3987 rem
280 3948 442 3987 suum
485 3947 670 3987 eorum
705 3934 908 4004 scripta
957 3942 1261 3988 teneantur.
1312 3932 1492 3987 Facile
1531 3933 1717 3987 dicunt

138 4039 252 4076 cum
279 4023 618 4091 juramento,
651 4026 791 4095 quod
847 4033 1031 4095 postea
1068 4023 1174 4078 alio
1219 4024 1428 4081 solvant
1455 4023 1712 4094 periurio.

138 4119 214 4172 Ad
244 4117 663 4188 suscriptionem
695 4118 1141 4188 tergiversantur,
1169 4125 1523 4187 quaeruntque
1549 4113 1716 4170 suﬂ'u-

138 4208 240 4279 gia.
279 4207 435 4263 Alius
472 4226 486 4262 :
513 4200 639 4262 Non'
663 4223 903 4277 possum,
937 4209 1132 4278 inquit,
1165 4207 1428 4262 damnare
1451 4207 1593 4276 quod
1620 4221 1716 4262 ne-

139 4318 222 4358 mo
254 4303 557 4357 damnavit.
595 4302 745 4356 Allus
781 4319 796 4356 :
827 4301 973 4356 Nihil
1022 4314 1184 4370 super
1231 4301 1334 4356 hoc
1371 4315 1403 4354 a
1464 4300 1716 4356 Patribus

137 4404 401 4448 statutum
437 4403 555 4458 est;
583 4406 644 4464 ut
677 4396 802 4449 dum
829 4395 996 4448 totius
1018 4393 1167 4448 orbis
1183 4401 1506 4462 provocatur
1529 4401 1716 4446 aucto-

141 4485 286 4552 ritas,
317 4485 689 4542 subscribendi
716 4485 1008 4541 necessitas
1024 4483 1319 4538 ditl‘eratur.
1339 4485 1563 4551 Quidam
1587 4498 1717 4538 con-

140 4578 394 4642 stantius,
434 4577 732 4644 Quomodo,
767 4577 962 4645 inquit,
996 4573 1367 4630 damnabimus
1393 4587 1528 4642 quos
1563 4586 1716 4643 syno-
1743 4616 1791 4675 υ

140 4671 236 4725 dus
271 4669 490 4725 Nicaana
525 4684 628 4723 non
671 4668 918 4737 tetigit?»
948 4669 1122 4736 Atque
1149 4666 1202 4720 id
1236 4680 1338 4720 non
1366 4666 1430 4726 de
1464 4664 1715 4720 omnibus

140 4760 476 4830 Origenistis,
520 4769 865 4831 quotcunque
890 4761 964 4842 ad‘
993 4757 1441 4830 Cltrysostomum
1463 4755 1719 4826 confuge-

145 4866 283 4920 rant,
343 4855 673 4909 intellectum
725 4847 907 4916 velim,
956 4867 1080 4907 nam
1138 4853 1335 4921 partim
1378 4851 1714 4916 orthodoxis,

144 4943 332 5010 partim
367 4942 707 4996 heterodoxis
739 4943 880 4995 hanc
907 4941 1214 4996 constitisse
1251 4951 1523 4995 catervam
1562 4949 1719 5009 puto;

141 5033 275 5089 adeo
327 5044 386 5088 ut
429 5034 502 5089 illi
543 5049 607 5088 ex
658 5035 857 5101 animo,
913 5035 966 5088 hi
1000 5043 1252 5089 oretenus
1278 5047 1492 5090 errores
1530 5031 1720 5101 Orige-

146 5127 228 5182 nis
272 5128 672 5182 damnaverint.
731 5127 861 5194 Qum
902 5141 1024 5180 cum
1053 5125 1442 5195 Chrysostomo
1499 5124 1721 5179 minime

145 5228 420 5289 perspecta
462 5233 580 5273 esse
616 5227 853 5286 possunt,
881 5217 1043 5271 corda
1089 5216 1197 5269 Deo
1229 5215 1515 5268 scrutanda
1552 5214 1716 5268 relin-

144 5321 338 5375 quens,
373 5307 554 5362 verbis
588 5309 706 5362 illos
750 5309 996 5367 haeresim
1046 5304 1291 5372 ejurasse
1321 5304 1452 5358 satis
1502 5305 1712 5359 habuit.

143 5400 392 5455 Accessit
429 5399 618 5454 eodem
668 5397 899 5453 fortasse
944 5396 1120 5465 aliqua
1144 5393 1455 5464 Origeniani
1485 5393 1715 5448 nominis

145 5489 464 5555 reverentia,
501 5488 655 5557 cujus
702 5490 900 5557 set-ipta
954 5486 1192 5540 studiose
1238 5485 1505 5538 lectitasse
1547 5483 1714 5538 Joan-

149 5595 292 5645 nem,
320 5581 596 5650 multaque
624 5595 691 5632 ex
730 5580 796 5634 iis
826 5579 891 5633 ad
933 5590 1060 5632 suos
1090 5575 1429 5631 transtulisse
1467 5590 1595 5630 usus
1619 5575 1715 5629 ob-

151 5688 394 5728 servasse
427 5673 554 5726 rnihi
582 5671 784 5737 videor,
815 5682 869 5725 et
923 5673 974 5724 in
1006 5671 1356 5741 sequentibus
1392 5669 1535 5724 notis
1572 5682 1718 5722 com-

149 5767 419 5833 probasse.

223 5856 472 5912 Eatloxim
517 5873 729 5928 quoque
762 5858 1009 5926 Augusta‘
1057 5853 1440 5909 humanitatem
1475 5851 1717 5922 Origeni-

1818 3393 2034 3440 ceretur
2062 3382 2144 3438 vel
2196 3381 2424 3445 invitus,
2484 3389 2538 3434 et
2571 3393 2753 3434 coram
2778 3375 2985 3432 Joanne
3028 3370 3399 3428 vadimonium

1817 3480 2074 3543 sisteret;
2135 3475 2350 3531 conficti
2383 3488 2514 3528 vero
2569 3471 2858 3526 adversum
2900 3483 2959 3523 se
2991 3461 3414 3521 accusationum'

1816 3570 1980 3625 libelli
2033 3568 2304 3640 praefectis
2351 3567 2500 3622 urbis
2555 3548 2884 3635 diiudicandi
2932 3560 3398 3631 permitterentur.

1817 3659 2150 3714 Adducendo
2208 3655 2516 3726 Theophila
2552 3654 2784 3709 mittitur
2840 3649 3224 3706 Alexandriam
3274 3645 3401 3699 Ela-

1818 3752 2010 3823 pltius;
2044 3765 2263 3805 causam
2292 3748 2599 3804 libellorum
2635 3755 2689 3801 et
2719 3745 3123 3800 accusationum
3158 3739 3399 3810 praefecti

1816 3848 2176 3910 cognoscunt.
2215 3837 2558 3906 Deprebensa
2591 3833 3067 3903 The0pltilensium
3100 3832 3396 3898 legatorum

1816 3931 2111 3992 calumnia,
2175 3929 2383 3983 crimen
2431 3927 2483 3980 hi
2517 3925 2568 3978 ln
2598 3923 2954 3992 The0pltilttm
2996 3920 3302 3981 conferunt,
3330 3917 3400 3971 ab

1827 4036 2002 4091 eoque
2028 4021 2353 4075 subornatos
2410 4032 2531 4073 sese
2581 4017 2838 4070 fatentur.
2879 4011 3132 4081 Flagellis
3160 4009 3400 4079 graviter

1816 4116 1943 4168 αῖεὶ
1987 4112 2347 4168 detruduntur
2384 4110 2438 4164 in
2497 4121 2800 4171 carcerem,
2848 4104 3024 4173 quoad
3067 4100 3398 4168 Theophilus

1817 4217 2034 4256 causam
2065 4216 2164 4271 pro
2191 4216 2252 4256 se
2278 4201 2528 4260 dicturus
2560 4197 2774 4250 adesset
2807 4212 2820 4248 :
2855 4208 2963 4264 quo
2986 4192 3160 4247 serius
3190 4190 3396 4243 adven-

1816 4305 1966 4350 tante
2007 4309 2132 4364 pars
2165 4294 2218 4348 in
2259 4293 2496 4347 vinculis
2538 4291 2695 4358 obiit,
2752 4302 2876 4357 pars
2910 4287 2963 4340 itt
2996 4283 3224 4338 insulam
3268 4281 3400 4337 Pro—

1819 4402 2114 4442 connesum
2147 4387 2462 4454 deportatur
2508 4392 2631 4452 post
2661 4382 2948 4434 adventum
2985 4373 3290 4443 Theophili,
3312 4370 3401 4440 ju-

1816 4462 2007 4532 dicum'
2033 4476 2234 4530 animis
2275 4472 2503 4544 pecunia
2536 4470 2774 4526 mollitis.
2825 4469 2949 4523 llaec
2982 4469 3053 4521 ita
3091 4481 3120 4520 a
3155 4461 3398 4518 Palladio

1819 4569 2153 4624 referuntur.
2195 4567 2615 4637 Cbrysostomus
2668 4561 2883 4617 interim
2912 4558 3246 4628 Origenistas
3275 4569 3401 4609 con-

1824 4661 1962 4716 siliis
1995 4669 2050 4714 et
2079 4658 2408 4713 auctoritate
2454 4671 2548 4711 sua
2597 4653 2815 4722 juvasse
2843 4651 3086 4707 creditus
3118 4659 3221 4704 est.
3247 4647 3397 4714 Quo-

1823 4755 1970 4809 circa
1997 4751 2098 4808 sub
2128 4749 2392 4804 Barnabae
2450 4747 2670 4802 nomine
2708 4747 2939 4801 obscure
2968 4743 3036 4797 ab
3069 4742 3398 4810 Hieronymo

1824 4843 2212 4916 perstringitur
2250 4843 2303 4895 in
2335 4840 2504 4909 Epist.
2534 4837 2601 4891 16
2643 4838 2712 4890 ad
2747 4835 3074 4903 Principiam
3113 4849 3132 4887 :
3173 4851 3190 4883 t
3223 4831 3397 4885 Refri-

1823 4939 2031 5000 gerata,
2063 4928 2256 4997 inquit,
2281 4926 2549 4980 charitate
2589 4923 2906 4986 multorum,
2936 4921 3092 4990 pauci
3127 4918 3219 4988 qui
3242 4931 3396 4971 ama-

1821 5023 1952 5077 bant
1975 5022 2097 5075 lidei
2131 5021 2417 5073 veritatem
2449 5026 2636 5070 nostro
2674 5014 3222 5084 laterijungebantur,
3256 5026 3393 5081 quo-

1824 5130 1941 5169 rum
1977 5112 2193 5183 publice
2223 5111 2507 5180 petebatur
2537 5117 2720 5176 caput,
2747 5114 2933 5160 contra
2965 5118 3102 5173 quos
3131 5118 3259 5171 opes
3279 5117 3395 5156 om-

1825 5221 1922 5261 nes
1950 5204 2315 5272 parabantur;
2371 5201 2446 5254 ita
2476 5209 2532 5254 ut
2554 5197 2829 5252 Barnabas
2868 5211 3085 5267 quoque
3110 5196 3395 5249 duceretur

1822 5299 1876 5352 itt
1929 5296 2074 5350 illam
2125 5295 2548 5357 simulationem,
2604 5292 2712 5344 imo
2743 5299 2989 5359 apertum
3021 5286 3393 5355 parricidium,

1823 5390 1964 5460 quod
1995 5402 2100 5441 non
2129 5386 2357 5450 viribus,
2385 5385 2479 5438 sed
2505 5382 2784 5436 voluntate
2806 5379 3097 5434 commisit.
3124 5396 3142 5429 ι

1896 5478 2012 5534 Xll.
2045 5476 2274 5547 Jamque
2302 5475 2442 5529 fama
2469 5475 2860 5544 percreb’uerat
2887 5469 3025 5525 male
3051 5470 3103 5522 in
3132 5467 3394 5522 Joannem

1822 5571 2072 5625 affectum
2100 5585 2222 5624 esse
2270 5567 2650 5636 TlteOphilum,
2707 5575 2760 5619 et
2783 5577 2974 5619 causas
3005 5574 3248 5631 quaarere
3278 5559 3397 5629 qui-

1821 5665 1924 5718 bus
1953 5679 2076 5717 eutn
2128 5661 2256 5714 sede
2309 5659 2584 5726 dejiceret.
2631 5655 2746 5711 Hoc
2804 5654 3078 5709 intellecto
3109 5649 3394 5706 concilium

1825 5753 2292 5823 Constantinopoli
2357 5753 2472 5822 cogi
2521 5751 2708 5804 volunt
2738 5748 3048 5818 optimates,
3103 5754 3156 5799 et
3213 5741 3395 5798 clerici

1826 5851 2146 5918 complures,
2187 5863 2410 5917 quorum
2445 5843 2755 5899 inimicitias
2799 5843 3220 5910 Chrysostomus
3251 5850 3402 5893 seve-
