3914 6528
487 405 616 462 1151

1771 396 1831 452 P.
1877 391 2203 450 DANIELIS!
2236 391 2470 449 IIUETII

3625 386 3755 442 H52

486 527 650 582 ritate
678 541 776 582 sua
817 525 918 581 sibi
971 532 1277 596 pepererat.
1334 523 1595 578 Futurum
1625 522 1676 576 id
1702 521 1938 592 pollicita
1961 517 2070 588 jam
2102 520 2147 574 Α
2179 515 2351 568 nistas
2397 514 2464 567 ad
2497 511 2870 583 Epiphaniam
2915 508 3230 580 qumsivisse
3277 520 3411 562 num
3465 503 3756 596 aliquando

487 629 617 672 ante
639 616 966 688 Origenistis
996 617 1174 672 fuerat
1218 615 1478 670 Eudoxia.
1516 612 1701 683 Itaque
1737 610 2069 679 Theophilus

485 707 774 780 Egyptios
827 708 1113 778 episcopos
1143 724 1209 764 eo
1262 705 1548 762 confestim
1603 705 1856 776 navigare
1895 701 2068 770 jubet,

489 802 764 855 antistites
791 801 1030 856 Orientis
1059 803 1124 856 ad
1168 800 1458 854 concilium
1509 799 1720 853 invitat.
1763 795 1873 851 Nec
1901 793 2070 849 multo

489 902 610 960 post
646 893 824 963 Cypro
883 893 1104 948 solvens
1165 892 1498 962 Epiphanius
1547 888 2067 958 Constantinopolim

489 985 730 1056 appellit.
756 983 979 1040 Obviam
1005 999 1326 1055 progressus
1359 984 1593 1040 Joannes
1621 984 1782 1039 totius
1815 983 1946 1038 cleri
1979 997 2071 1038 co-

488 1081 684 1133 mitatu
707 1080 1082 1133 advenientem
1108 1077 1438 1139 bonestavit,
1485 1092 1589 1133 nec
1621 1091 1687 1132 eo
1722 1075 1953 1146 perpulit
1987 1084 2068 1130 ta-

491 1187 614 1228 men
645 1187 705 1227 nt
727 1173 960 1243 hospitio
991 1185 1114 1234 suo,
1145 1170 1231 1225 vel
1270 1171 1522 1226 domibus
1561 1169 1973 1237 ecclesiasticis,‘
1988 1169 2072 1224 vel

489 1278 586 1318 sua
611 1263 842 1334 denique
865 1263 1257 1320 consuetudine
1285 1263 1360 1318 uti
1394 1263 1554 1318 vellet
1586 1281 1600 1318 :
1641 1263 1776 1318 adeo
1800 1261 2070 1317 infensum

491 1354 689 1411 Joanni
727 1357 972 1412 animum
1009 1366 1235 1425 propter
1263 1367 1545 1426 susceptos
1580 1355 1914 1426 Origenistas
1962 1370 2072 1424 pra;

490 1465 552 1505 se
584 1449 812 1505 ferebat.
849 1449 1045 1504 Statim
1091 1450 1422 1519 Epiphanius
1459 1451 1525 1506 ad
1556 1465 1615 1506 se
1653 1457 1916 1528 convocat
1959 1450 2073 1518 epi-

494 1557 689 1612 scopos
721 1542 812 1611 qui
839 1552 948 1596 tttm
999 1542 1140 1596 forte
1169 1542 1637 1610 Constantinopoli
1668 1542 2069 1596 versabantur:

493 1633 708 1688 decreta
755 1634 1081 1704 synodorum
1120 1633 1351 1703 profert,
1394 1635 1592 1704 quibus
1624 1634 1850 1689 lectione
1878 1632 2070 1704 Orige-

491 1724 577 1778 nis
605 1724 856 1778 omnibus
887 1725 1343 1792 interdicebatur;
1374 1725 1612 1793 postulat
1642 1734 1700 1779 ut
1725 1740 1786 1780 ea
1814 1725 1914 1792 ipsi
1939 1741 2073 1794 quo-

489 1827 598 1882 que
642 1812 915 1884 suffragiis
942 1815 1056 1869 suis
1081 1817 1422 1870 confirment.
1475 1815 1779 1871 Paruerunt
1807 1816 2069 1880 nonnulli,

2176 607 2230 662 in
2260 606 2430 661 libros
2454 620 2582 659 suos
2608 603 2690 659 vel
2715 602 3008 673 discipulos
3040 601 3360 666 incidisset;
3398 607 3644 667 negante
3671 595 3755 647 illo

2175 705 2526 767 percontatos
2562 697 2702 750 unde
2735 711 2794 750 se
2818 694 3108 750 haereticos
3140 690 3627 760 deprehendisset,
3671 688 3756 756 qui

2177 787 2462 843 sentcntiae
2489 801 2600 840 sua:
2627 785 2832 839 nullum
2886 784 3102 838 fecisset
3149 782 3496 852 periculum;
3531 781 3661 834 huic
3693 793 3754 832 ex

2177 881 2365 934 auditu
2395 877 2807 932 seintellexisse
2847 875 3226 944 respondenti,
3265 873 3578 943 subjecisse
3601 870 3756 925 illos:

2176 970 2346 1026 Nobis
2378 984 2505 1024 vero
2549 967 2883 1024 contrarium
2935 966 3142 1029 evenit,
3190 981 3313 1020 nam
3364 979 3434 1018 ex
3485 961 3758 1031 discipulis

2177 1065 2287 1119 tuis
2311 1073 2366 1119 et
2394 1061 2566 1126 libris,
2603 1076 2667 1116 ac
2698 1061 2965 1115 Ancorato
3012 1059 3280 1130 praecipue
3316 1067 3412 1113 tua
3462 1055 3627 1111 nobis
3652 1070 3760 1125 per-

2185 1165 2372 1227 specta
2413 1154 2682 1210 sententia
2736 1152 3022 1208 nonnullos
3063 1165 3205 1222 saape
3239 1149 3634 1212 refutavimus,
3673 1149 3757 1218 qui

2179 1250 2456 1305 haereseos
2490 1245 2818 1302 calumniam
2853 1244 2952 1300 tibi
2982 1243 3358 1314 impingebant
3386 1259 3402 1306 ;
3442 1256 3634 1309 parem
3666 1241 3761 1294 ita-

2179 1358 2288 1411 que
2311 1342 2465 1396 nobis
2493 1340 2667 1394 vicem
2697 1337 3000 1393 retribuere
3024 1337 3294 1392 debueras
3320 1353 3333 1389 :
3361 1335 3450 1390 his
3474 1333 3762 1388 intellectis

2183 1435 2454 1505 placatum
2498 1432 2859 1502 Epiphanium
2913 1430 3060 1484 viros
3097 1428 3375 1484 dimisisse
3417 1445 3432 1494 ;
3490 1436 3548 1482 et
3591 1427 3765 1508 ipsuml

2179 1541 2392 1597 quoque
2423 1524 2582 1594 paulo
2614 1532 2736 1594 post
2773 1522 3056 1591 navigasse
3099 1521 3151 1575 in
3190 1520 3454 1592 Cyprum,
3489 1519 3609 1572 sive
3629 1517 3765 1592 Con-l

2180 1617 2530 1685 stantiuopoli
2584 1614 2936 1686 pcenituisset
2995 1628 3118 1668 eum
3174 1613 3411 1676 itineris,
3463 1611 3583 1665 sive
3627 1601 3766 1664 Deus

2177 1716 2398 1770 oraculo
2421 1723 2651 1769 mortem
2695 1713 2902 1766 instare
2958 1711 3281 1764 monuisset.
3323 1709 3546 1774 Ecquas
3594 1707 3760 1762 disce-

2178 1808 2340 1864 dendi
2377 1821 2571 1861 causas
2625 1804 2896 1868 habuerit,
2945 1803 3214 1857 incertum
3260 1809 3366 1857 est.
3421 1800 3588 1855 Certe
3616 1807 3766 1874 ante-I

491 1879 676 1974 plures
712 1879 1169 1961 detrectaverunt.
1218 1906 1273 1960 In
1307 1907 1392 1963 his
1418 1908 1734 1963 Tlteotimus
1759 1879 2074 1964 Tomitanus
2108 1881 2152 1936 Β
2180 1914 2339 1969 quam
2372 1899 2638 1968 attigisset
2663 1896 2921 1968 Cyprum,
2958 1895 3010 1949 in
3036 1894 3152 1964 ipsa
3183 1893 3308 1948 navi
3345 1891 3610 1955 decessit,
3645 1879 3764 1974 cum:

491 1996 799 2064 cpiscopus,
846 2007 1099 2064 spectata:
1143 1998 1226 2052 vir
1284 2000 1611 2062 sanctitatis,
1668 2001 1908 2068 iniquum
1955 2014 2076 2056 esse

493 2085 649 2153 dixit,
676 2088 879 2141 homini
900 2089 1222 2158 jampridem
1250 2100 1464 2145 mortuo
1492 2091 1740 2162 injuriam
1765 2093 1990 2156 inferre,
2021 2102 2078 2148 et

493 2177 759 2244 majorum
794 2179 861 2232 de
890 2195 954 2235 eo
982 2181 1200 2235 decreta
1257 2183 1567 2238 rescindere
1607 2202 1622 2238 :
1667 2199 1774 2253 quo
1814 2183 1958 2240 dicto
2014 2184 2076 2238 li-

495 2270 649 2325 brum
673 2274 960 2341 quemdam
992 2271 1244 2344 Origenis
1273 2275 1502 2344 profert,
1537 2275 1888 2345 pellectisque
1913 2277 2082 2331 versi-

492 2363 592 2416 bus
627 2363 860 2432 aliquot,
888 2365 1086 2433 quibus
1119 2365 1373 2420 Ecclesite
1403 2365 1561 2421 utiles
1596 2368 1877 2422 sententiae
1903 2370 2075 2422 conti-

492 2454 760 2508 nebantur
787 2473 800 2509 :
825 2455 1156 2527 Intelligant,
1185 2457 1380 2526 inquit,
1403 2459 1492 2526 qui
1523 2458 1691 2512 libros
1717 2457 1965 2527 Origenis
1998 2475 2078 2514 re-

492 2544 743 2612 pudiant,
779 2546 892 2600 haec
925 2562 1138 2615 quoque
1167 2563 1194 2600 a
1241 2563 1301 2603 se
1357 2548 1651 2616 repudiari.
1692 2547 1868 2602 Nihilo
1897 2559 2074 2603 tamen

492 2635 671 2689 secius
715 2637 922 2705 roganti
969 2637 1378 2708 Chrysostomo,
1416 2647 1476 2694 ut
1529 2654 1632 2692 una
1669 2641 2072 2706 secumldomo,

495 2735 552 2782 et
589 2743 691 2780 una
725 2725 965 2782 Ecclesia
1009 2738 1275 2796 uteretur,
1305 2730 1638 2796 renuntiavit
1667 2730 2000 2800 Epiphanius
2021 2730 2075 2784 in

495 2817 688 2872 domus
715 2828 764 2872 et
795 2833 1013 2887 precum
1055 2823 1488 2878 communionem
1521 2838 1645 2878 cum
1674 2824 1767 2879 illo
1801 2839 1922 2878 sese
1948 2840 2077 2880 ven-

497 2913 697 2965 turum,
753 2907 826 2960 ita
857 2909 900 2962 si
931 2907 1098 2963 libros
1133 2910 1386 2981 Origenis
1420 2913 1699 2978 damnare,
1739 2923 1792 2969 et
1823 2913 2074 2986 Origcui-

497 3009 612 3051 stas
640 2995 930 3068 Egyptios
961 3017 988 3054 a
1018 3018 1076 3057 se
1120 3003 1349 3074 rejicere
1382 3004 1545 3059 vellet
1579 3024 1591 3060 :
1627 3007 1770 3076 quod
1801 3023 1921 3062 cum
1953 3019 2077 3064 ante

495 3089 939 3158 disceptationem
965 3111 1142 3151 causze
1169 3096 1348 3151 facere
1369 3107 1652 3153 recusaret
1679 3097 1934 3163 Joannes,
1961 3116 2078 3169 per-

495 3197 690 3237 suasus
719 3193 800 3237 est
831 3184 1161 3256 Epiphanius
1209 3202 1238 3240 a
1269 3187 1595 3256 quibusdam
1625 3188 1848 3244 Joannis
1885 3193 2077 3245 adver-

495 3272 678 3334 sariis,
710 3283 769 3328 ut
798 3275 850 3329 in
881 3278 1136 3344 templum
1174 3277 1575 3347 Apostolorum,
1608 3293 1718 3354 quo
1753 3278 2075 3335 celebranda

493 3375 614 3417 erat
647 3363 901 3436 Synaxis,
931 3368 1143 3436 publice
1169 3368 1426 3438 prodiret,
1455 3370 1738 3425 damnaret
1771 3371 1936 3426 libros
1964 3371 2079 3428 Ori-

495 3456 648 3524 genis
677 3473 741 3511 ac
769 3457 1120 3525 Origenistas,
1153 3469 1208 3512 et
1234 3459 1678 3532 Chrysostomum
1701 3462 1873 3532 ipsum
1904 3464 2078 3518 inceso

494 3555 660 3600 seret.
696 3547 760 3600 Et
790 3548 1006 3602 fecisset
1047 3565 1196 3615 sane,
1224 3551 1326 3605 nisi
1349 3551 1462 3620 jam
1495 3552 1692 3621 templo
1718 3555 2076 3625 propinquum

497 3639 720 3693 adiisset
750 3641 1011 3709 Serapion
1066 3643 1328 3696 diaconus
1372 3658 1401 3696 a
1435 3642 1643 3699 Joanne
1691 3648 1907 3711 missus,
1962 3665 2080 3703 mo-

496 3728 813 3797 nuissetque
835 3731 1075 3798 periculo
1127 3733 1294 3799 ipsius
1344 3733 1606 3800 futurum,
1643 3735 1686 3790 si
1721 3735 1862 3804 quod
1895 3738 2078 3792 animo

495 3819 884 3887 destinaverat,
920 3822 1093 3892 reipsa
1133 3832 1448 3892 praestaret;
1478 3823 1543 3878 ad
1573 3825 1892 3880 seditionem
1917 3829 2078 3897 quip-

498 3925 564 3980 pe
591 3928 703 3966 rem
729 3922 993 3980 spectare.
1027 3914 1406 3971 Admonitione
1431 3917 1722 3973 deterritus
1751 3918 2080 3989 Epiphanius

495 4005 682 4072 pedem
711 4005 906 4059 retulit.

568 4092 702 4148 XIII.
735 4095 891 4149 Circa
930 4096 1069 4150 idem
1107 4108 1316 4169 tempus
1350 4100 1494 4155 hunc
1531 4102 1674 4156 inter
1698 4111 1751 4157 et
1779 4103 2076 4158 Eudoxiam

497 4187 744 4256 simultas
775 4188 1112 4242 intervenit:
1163 4205 1381 4244 causam
1427 4192 1578 4247 varie
1612 4194 1910 4264 scriptores
1950 4210 2079 4250 nar-

496 4290 640 4334 rant.
689 4279 944 4334 Scribunt
997 4281 1105 4337 Leo
1159 4283 1453 4351 imperator
1513 4295 1568 4337 et
1612 4285 1830 4340 Simeou
1904 4286 2076 4340 Meta-

500 4372 748 4440 phrastes
796 4374 1092 4428 Eudoxiatn
1143 4377 1467 4444 Augustam,
1517 4377 1744 4432 inimico
1778 4388 1837 4433 ut
1869 4388 1991 4433 erat
2023 4380 2074 4435 in

499 4462 944 4531 Cbrysostorrum
989 4467 1193 4533 animo,
1227 4466 1403 4536 ipsum
1456 4468 1726 4525 hmreseos
1769 4471 1909 4538 apud
1952 4471 2078 4541 Epi-

2172 1991 2284 2061 jam
2329 1999 2472 2045 esset
2510 2002 2703 2057 magno
2739 1997 2892 2041 natu.
2944 1986 3082 2040 Fato
3128 2001 3348 2055 quoque
3393 1984 3627 2039 circiter
3662 1971 3764 2039 hoc

2180 2092 2392 2152 tempus
2417 2081 2672 2136 exstincti
2708 2088 2838 2132 sunt
2882 2076 3367 2147 Constantinopoli
3409 2076 3676 2142 Isidorus,
3711 2082 3764 2130 et

2180 2175 2490 2238 Dioscorus,
2518 2181 2573 2225 et
2605 2171 2765 2240 paulo
2792 2179 2917 2239 post
2951 2169 3296 2232 Ammonius,
3346 2182 3608 2237 magnam
3650 2175 3764 2237 post

2178 2267 2390 2321 obitum
2431 2263 2734 2318 sanctitatis
2762 2261 2960 2315 famam
3006 2259 3303 2315 consecuti.
3357 2259 3483 2326 Quo
3529 2267 3764 2327 tempore

2145 2347 2354 2413 ‘annus
2381 2356 2648 2426 agebatur
2669 2354 2793 2408 405.

2254 2449 2398 2506 XIV.
2433 2447 2573 2514 Quid
2608 2448 2674 2501 de
2710 2447 2811 2500 hoc
2856 2446 3072 2509 itinere,
3104 2443 3430 2512 itinerisque
3473 2457 3645 2498 causa
3678 2435 3767 2496 lit?

2178 2539 2310 2593 teris
2353 2536 2635 2591 tradiderit
2703 2535 2958 2607 Polybius
3010 2535 3292 2604 Epiphauii
3352 2533 3657 2602 discipulus
3705 2547 3762 2588 ac

2177 2630 2377 2693 socius,
2423 2643 2488 2682 ac
2531 2641 2712 2710 rerum
2769 2626 3008 2679 omnium
3057 2625 3308 2681 oculatus
3359 2626 3541 2689 testis,
3588 2640 3762 2695 operte

2179 2719 2414 2789 pretium
2479 2727 2562 2773 est
2619 2732 2970 2788 cognoscere.
3017 2717 3224 2773 Scribit
3268 2717 3362 2772 ille
3405 2716 3763 2786 Theophilum

2177 2811 3084 2883 JoanniChrysostomoiufensum
3148 2811 3219 2865 ob
3268 2809 3650 2864 communioni
3685 2824 3766 2864 re-

2179 2906 2398 2961 stitutos
2429 2904 2648 2974 Longos
2690 2903 2910 2967 fratres,
2941 2917 3062 2957 cum
3093 2899 3509 2972 imperatricem
3556 2901 3762 2955 mittere

2182 2999 2324 3052 hunc
2359 2997 2414 3050 in
2451 2997 2703 3051 exsilium
2739 2994 2875 3048 velle
2920 2993 3247 3061 accepisset,
3298 2991 3352 3046 id
3391 3001 3453 3045 ut
3486 2991 3766 3061 perficere-

2183 3099 2268 3143 tur
2303 3102 2648 3158 summopere
2701 3086 3023 3150 laborasse;
3059 3085 3273 3140 dedisse
3325 3083 3516 3152 itaque
3561 3083 3763 3140 litteras

2185 3182 2250 3234 ad
2286 3180 2673 3251 Epiphanium,
2706 3179 2904 3249 quibus
2929 3177 3259 3244 Origeuismi
3297 3175 3566 3231 Joannem
3613 3189 3766 3229 accu-

2182 3273 2372 3337 sabat;
2410 3270 2574 3324 aliam
2618 3279 2797 3324 autem
2833 3268 2903 3322 ob
2954 3283 3183 3323 causam
3229 3264 3763 3336 Constantinopolim

2181 3364 2561 3432 navigaturum
2615 3361 2975 3430 Epiphanium
3031 3373 3097 3414 eo
3145 3359 3322 3428 magis
3370 3358 3759 3427 profectionem

2181 3456 2540 3519 aucelerasse,
2573 3469 2678 3508 non
2711 3454 3100 3524 Chrysostomo
3136 3461 3316 3506 tamen
3370 3450 3608 3505 nocendi
3649 3459 3759 3504 stu-

2182 3549 2306 3604 dio:
2339 3562 2589 3618 magnam
2623 3557 2734 3601 tum
2761 3545 2933 3599 fuisse
2966 3545 3019 3598 in
3052 3545 3189 3599 urbe
3221 3542 3373 3612 regia
3411 3557 3598 3598 rerum
3645 3555 3759 3610 per-

2181 3641 2564 3705 turbationem,
2607 3646 2828 3709 propter
2855 3635 3113 3691 Eudoxia:
3145 3647 3208 3690 ac
3236 3633 3625 3707 Chrysostomi
3656 3633 3762 3687 dis-

2181 3734 2318 3789 sidia
2357 3749 2372 3796 ;
2429 3732 2738 3803 ingressum
2783 3727 3176 3785 monaSterium
3213 3727 3496 3797 quoddam
3533 3724 3763 3796 Epipha-

2183 3824 2331 3878 nium
2362 3822 2689 3876 necessitate
2719 3820 2884 3875 fuisse
2913 3828 3187 3883 coactum,
3210 3826 3270 3871 ut
3301 3814 3597 3887 quemdam
3624 3813 3761 3868 ordi-

2182 3924 2336 3969 naret
2362 3931 2376 3979 ;
2400 3928 2542 3982 tngre
2572 3913 2622 3966 id
2653 3912 2839 3966 tulisse
2867 3910 3321 3982 Cbrysostomum
3349 3925 3365 3969 ;
3402 3908 3531 3962 hinc
3557 3907 3759 3960 dissen-

2181 4006 2363 4059 siones
2388 4005 2530 4058 inter
2563 4012 2854 4071 utrumque
2895 4001 3215 4064 exstitisse;
3284 3997 3585 4054 Eudoxiam
3630 4009 3757 4050 vero

2184 4095 2269 4150 his
2303 4095 2596 4164 compertis
2645 4093 3007 4148 accersivisse
3052 4091 3441 4161 Epiphanium,
3493 4092 3759 4146 haereseos

2180 4201 2465 4242 accusasse
2495 4186 2960 4256 Chrysostomum,
3014 4194 3068 4238 et
3097 4183 3405 4253 postulasse
3427 4192 3486 4237 ut
3515 4197 3578 4236 eo
3604 4184 3763 4237 abro-

2180 4291 2302 4351 gato
2338 4279 2501 4332 alium
2540 4275 3009 4344 Constantinopoli
3052 4276 3370 4344 episcOpum
3417 4273 3761 4343 praeﬁceret;

2181 4372 2528 4441 respondisse
2575 4370 2960 4441 Epiphanium,
3001 4367 3308 4446 sacerdotio
3363 4368 3577 4436 quidem
3623 4363 3764 4417 indi-

2182 4480 2348 4534 gnum
2382 4478 2502 4518 esse
2539 4461 2827 4528 Joannem,
2858 4463 2903 4517 si
2934 4451 3122 4530 reipsa-
3161 4461 3216 4515 in
3253 4459 3510 4514 hatresim
3547 4456 3764 4514 incidis—

499 4550 757 4617 pltanium
805 4569 1098 4608 accusasse
1135 4573 1150 4620 ;
1219 4555 1519 4624 postulasse
1575 4557 1954 4626 Epiphaniam,
2015 4570 2074 4613 ut
2107 4578 2151 4632 ι)
2180 4565 2256 4609 set
2283 4573 2298 4622 ;
2330 4555 2410 4608 sin
2441 4555 2552 4621 ipsa
2580 4554 2646 4606 ad
2675 4551 3009 4608 ulciscendas
3079 4550 3322 4619 privatas
3371 4549 3595 4619 injurias
3629 4560 3759 4600 eum

497 4654 720 4695 causam
769 4643 1014 4699 dicturus
1062 4645 1297 4700 Joannes
1338 4657 1736 4713 accerseretur,
1771 4664 1830 4702 se
1875 4649 2074 4718 alioqui

498 4732 722 4787 minime
778 4749 1174 4802 assensurum;
1221 4737 1288 4790 ad
1338 4736 1450 4791 hmc
1507 4738 1838 4794 exclamasse
1896 4740 2077 4812 Augu-

499 4833 660 4893 stam,
692 4827 738 4882 si
765 4825 991 4882 Joannis
1023 4829 1250 4883 exitium
1289 4829 1618 4900 iuterpellet,
1652 4846 1771 4886 sese
1805 4831 2068 4887 idolorum

500 4915 702 4970 cultum
739 4917 1150 4984 restituturam;
1187 4935 1295 4988 quo
1330 4919 1516 4974 audito
1552 4921 1738 4976 dolore
1763 4921 2074 4990 perculsum

498 5005 854 5076 Epiphanium
885 5008 1018 5065 fusis
1057 5009 1310 5081 lacrymis
1361 5010 1827 5082 Constantinopoli
1880 5027 2072 5068 exces-

497 5099 657 5153 sisse.
701 5099 770 5153 At
810 5100 1022 5154 diversa
1059 5101 1222 5155 habet
1270 5102 1606 5158 Suzomenus
1643 5121 1658 5170 ;
1716 5105 1768 5157 in
1825 5105 2073 5158 morbum

500 5189 1128 5260 incidisseimperatoris
1161 5189 1384 5246 filiolum
1413 5211 1426 5256 ;
1459 5192 1619 5260 hujus
1641 5194 1766 5248 vita:
1797 5195 2074 5249 timentem

503 5281 904 5350 imperatricem
953 5299 1176 5353 rogasse
1210 5284 1574 5354 Epiphanium
1625 5294 1683 5340 ut
1734 5301 1832 5356 pro
1866 5300 1932 5340 eo
1955 5301 2077 5341 ora-

504 5383 585 5428 ret
613 5391 628 5441 ;
663 5375 753 5444 qui
785 5390 906 5430 cum
948 5375 1188 5432 futurum
1219 5375 1538 5446 recepisset,
1569 5387 1630 5432 ut
1674 5379 2078 5434 convalesceret

504 5462 670 5528 ﬁlius,
705 5466 748 5519 si
775 5465 842 5519 ab
875 5464 1313 5536 Origenistarum
1341 5467 1589 5535 partibus
1608 5466 1697 5520 illa
1730 5467 2078 5532 descisceret,

506 5555 848 5624 respondisse
900 5558 1200 5626 Augustam
1256 5573 1272 5610 :
1344 5557 1400 5610 In
1457 5557 1550 5612 Dei
1617 5566 1888 5626 potestate
1939 5556 2080 5612 filius

507 5658 660 5698 meus
688 5655 806 5709 est;
839 5655 895 5699 tu
930 5661 1078 5712 vero,
1117 5646 1405 5717 Epiphani,
1443 5647 1485 5700 si
1519 5656 1762 5701 mortuos
1805 5646 1872 5701 ad
1913 5647 2077 5700 vitam

509 5749 767 5790 revocare
801 5752 1008 5806 posses,
1053 5739 1367 5809 neutiquam
1395 5738 1621 5793 obiissct
1661 5748 1786 5794 tuus
1812 5738 2080 5793 archidia-

519 5838 730 5886 conus;
766 5828 960 5884 missos
998 5830 1188 5886 eodem
1231 5839 1474 5899 tempore
1520 5833 1587 5886 ab
1619 5831 1856 5884 Eudoxia
1895 5829 2082 5900 Orige-

2180 4655 2538 4700 exauctorare
2573 4643 2758 4709 vellet,
2785 4644 3106 4713 neutiquam
3134 4656 3193 4696 se
3218 4641 3716 4710 obtemperaturum
3740 4654 3758 4701 ;

2179 4733 2540 4791 excanduisse
2569 4734 2736 4799 illam,
2768 4742 2824 4789 et
2852 4731 3258 4787 interminatam
3293 4731 3539 4786 futurum
3560 4740 3614 4783 ut
3642 4729 3763 4784 ido-

2178 4827 2354 4879 lorum
2386 4825 2584 4893 templa
2620 4825 2879 4894 aperiret,
2936 4824 2981 4879 si
3016 4821 3244 4878 Joannis
3294 4822 3492 4877 exsilio
3537 4823 3765 4875 interce-

2178 4915 2308 4973 dere
2359 4915 2556 4970 vellet:
2591 4916 2852 4986 perlatutn
2918 4916 3083 4971 fuisse
3114 4916 3182 4969 ad
3203 4914 3671 4984 Cbrysostomutn,
3704 4912 3763 4967 in

2179 5007 2433 5062 exsilium
2465 5023 2623 5062 suum
2657 5006 3016 5076 Epiphanium
3060 5008 3448 5073 consensisse;
3480 5005 3632 5073 eique
3664 5019 3765 5056 va-

2174 5099 2454 5155 ticinatum
2499 5099 2646 5153 illum
2677 5099 2792 5153 fore
2834 5109 2892 5153 ut
2923 5100 2975 5155 in
3010 5099 3207 5154 throno
3248 5115 3354 5154 non
3415 5098 3634 5168 amplius
3668 5111 3764 5152 se-

2177 5191 2351 5255 deret,
2399 5200 2563 5260 atque
2613 5191 2759 5244 hunc
2814 5189 3055 5246 vicissim
3109 5192 3515 5260 prtenuntiasse
3556 5189 3760 5243 Joauni

2175 5280 2416 5334 futurum
2459 5290 2517 5334 ut
2538 5280 2605 5335 ad
2639 5281 2815 5335 exsilii
2867 5281 3043 5336 locum
3096 5298 3202 5336 non
3253 5283 3593 5351 perveniret;
3625 5296 3768 5334 cou—

2177 5389 2369 5428 scensa
2396 5374 2614 5428 demum
2650 5375 2770 5428 navi
2795 5372 3180 5442 Epipltanium,
3205 5385 3496 5444 antequam
3521 5372 3764 5442 Cyprum

2179 5464 2494 5534 attingeret,
2533 5464 2757 5518 obiisse.
2800 5463 3064 5518 Baronius
3113 5465 3188 5517 ad
3240 5481 3334 5518 an.
3364 5463 3490 5528 402,
3529 5477 3650 5531 cap.
3703 5460 3764 5525 7,

2179 5552 2372 5608 falsum
2391 5567 2512 5609 esse
2529 5553 2728 5608 asserit
2752 5553 2817 5607 ad
2859 5553 3207 5607 diaconatum
3237 5567 3561 5623 quemquam
3587 5550 3770 5606 fuisse

2184 5654 2494 5714 promotum
2556 5644 2625 5698 ab
2695 5641 2996 5713 Epiphanio
3049 5642 3102 5696 in
3159 5640 3770 5708 Constantinopolitana

2189 5737 2436 5804 dimcesi,
2477 5744 2533 5791 et
2565 5735 2727 5791 unius
2753 5733 3043 5790 Sozomeni
3065 5733 3342 5788 silentium
3367 5730 3596 5804 opinioni
3644 5745 3775 5784 suae

2198 5830 2522 5898 praetendit;
2555 5841 2778 5884 causam
2811 5841 2939 5882 vero
2973 5842 3069 5882 cur
3101 5826 3155 5883 id
3177 5825 3439 5896 iactatum
3483 5824 3567 5890 sit,
3610 5823 3772 5878 hanc
