3914 6576
203 466 332 523 1155

201 673 299 730 cesi
328 673 440 743 jam
473 690 506 728 a
531 687 628 731 nte
663 677 976 732 Pauliniano
1003 676 1314 750 Hieronymi
1341 678 1496 734 fratri
1547 681 1774 752 presby-

203 767 313 822 terii
334 768 722 823 characterem
761 770 1130 840 imposuerat;
1165 771 1322 826 facile
1375 772 1556 842 itaque
1603 771 1776 828 Joan-

201 875 314 914 nem
373 859 899 934 Jerosolymitanum
980 879 1101 918 cmn
1168 863 1768 936 Constantinopolitano

198 951 394 1008 Joanne
450 955 757 1024 scriptores
820 957 1150 1013 eonfudisse.
1220 957 1415 1013 Verum
1476 969 1536 1014 ut
1587 962 1770 1017 dicere

199 1046 607 1115 praetermittam
639 1063 799 1116 quam
830 1047 948 1104 leve
981 1051 1052 1104 sit
1081 1060 1459 1122 argumentum
1486 1068 1551 1108 ex
1587 1051 1760 1109 Sozo-

198 1137 330 1191 meni
364 1137 475 1203 (cui
507 1149 567 1192 et
595 1137 898 1194 Cedrenum
929 1139 1128 1194 addere
1159 1145 1354 1212 potutt)
1384 1142 1600 1198 silentio
1630 1147 1769 1214 peti-

197 1236 326 1290 tum,
356 1236 553 1280 contra
578 1226 842 1293 Socratis,
869 1229 1063 1284 Leonis
1108 1233 1469 1302 imperatoris,
1499 1233 1768 1290 Simeonis

197 1316 616 1386 hletaphrastae,
682 1329 736 1374 et
808 1319 1094 1391 Nieephori
1157 1325 1558 1391 auctoritatem,
1618 1328 1758 1382 tollit

194 1419 346 1458 omne
389 1406 620 1460 dubium
667 1408 925 1480 Polybius
960 1411 1011 1465 id
1042 1411 1215 1482 ipsum
1245 1428 1516 1483 asserens,
1558 1417 1650 1487 qui
1685 1419 1764 1473 rei

193 1505 348 1565 gesta:
373 1497 654 1555 interfuit.
1494 1561 1497 1563 _

253 1586 370 1643 XV.
422 1587 541 1643 Hac
610 1599 932 1660 tempestate
987 1593 1458 1666 Constantinopoli
1520 1601 1760 1669 agebant

189 1681 413 1736 Aeacius
434 1681 775 1744 Bermensis.
805 1685 1138 1741 Severianus
1163 1687 1545 1758 Gabalitanus,
1575 1700 1630 1748 et
1658 1694 1762 1749 An-

193 1774 390 1828 tiochus
443 1775 801 1832 Ptolemaidis
846 1779 1103 1848 episcopi,
1129 1789 1183 1836 et
1213 1780 1440 1852 Syrulus
1467 1787 1762 1842 monachus

190 1865 414 1922 lsaaeus.
464 1865 530 1920 Hi
564 1869 808 1937 privatas
843 1870 1158 1927 inimicitias
1205 1890 1327 1929 cum
1370 1875 1759 1948 Chrysostomo

1057 469 1629 528 ORIGENIANORUM
1663 471 1790 529 LIB.
1834 474 1899 540 ll,
1939 475 2091 532 CAP.
2134 477 2223 541 IV,
2270 478 2462 533 SEC'I.
2507 482 2572 532 ll.

1861 41 1942 52 ,κη
1983 45 1986 48 .
2047 45 2056 48 ..
2117 39 2688 59 ᾞτ
2781 57 2786 59 .
3379 58 3461 60 ίὴ
3537 59 3694 62 θνή-

1948 44 2312 61 ._..,.___..__I=
2363 51 2380 63 ε
2609 55 2623 60 η
2689 56 2722 62 ..η
2765 57 3254 80 --===___=----_-_._
3331 66 3522 76 -.νο-.-.ς
3563 70 3664 76 --.η
3711 61 3876 77 ᾖ

3302 488 3443 544 115⁸4

201 596 309 636 esse
335 580 579 645 divinat,
613 584 761 652 quod
796 583 848 638 in
882 582 1107 640 Joannis
1153 583 1600 657 Jerosolymitaui
1645 589 1774 644 dite-
1801 598 1848 652 Α
1876 601 2165 659 praesentat
2207 590 2428 649 Pbotius
2478 594 2598 649 eod.
2649 612 2765 651 ιιι.
2796 598 2864 652 Al
2903 597 3176 656 Palladius
3231 603 3449 674 triginta

1876 698 1972 738 sex
2005 684 2267 738 duntaxat
2293 687 2540 756 agnoscit
2581 705 2594 742 :
2625 690 2704 744 sic
2751 690 2893 745 enim
2933 692 3214 764 episcopos
3242 697 3333 767 qui
3363 713 3448 752 as-

1875 775 2128 829 sidebant
2179 774 2413 846 Joanni,
2481 778 2549 834 ad
2608 782 3040 838 conventiculum
3101 787 3450 856 rescripsisse

1877 865 2073 918 tradit:
2111 885 2130 916 ι
2160 865 2272 920 Tua
2297 868 2513 936 quidem
2544 871 2783 940 synodus
2814 872 3034 944 triginta
3060 883 3115 930 et
3146 890 3244 931 sex
3283 878 3448 936 habet

1872 956 2155 1026 episcopos
2221 974 2288 1012 ex
2338 974 2440 1013 una
2497 962 2814 1030 provincia:
2861 980 2958 1021 nos
3003 977 3183 1023 autem
3211 970 3446 1040 quadra~

1871 1048 2020 1118 ginta
2065 1064 2253 1105 sumus
2281 1065 2345 1106 ex
2377 1053 2668 1121 provinciis
2698 1056 2880 1121 variis,
2921 1058 2976 1112 in
2999 1060 3194 1130 quibus
3239 1070 3294 1118 et
3350 1079 3442 1120 se-

1871 1149 2016 1207 ptem
2087 1151 2212 1196 snnt
2283 1144 2656 1214 metrOpolitte.
2691 1164 2711 1198 ι
2778 1147 2923 1206 Duos
2975 1159 3032 1205 et
3089 1153 3443 1227 quadraginta

1868 1229 2058 1286 Joanni
2089 1232 2330 1288 adfuisse
2354 1245 2542 1290 auctor
2578 1248 2660 1292 est
2704 1237 2813 1294 Leo
2843 1240 3158 1312 imperator.
3199 1245 3333 1302 Cum
3359 1250 3445 1316 sit

1870 1329 2048 1376 autem
2106 1323 2158 1376 in
2224 1323 2551 1381 adnotandis
2603 1330 2842 1384 numeris
2894 1333 3151 1401 proclivis
3221 1334 3438 1406 lapsus,

1868 1414 2172 1481 promptius
2206 1425 2290 1469 est
2318 1418 2580 1487 suSpicari
2611 1430 2926 1489 corruptum
2972 1439 3259 1480 numerum
3294 1430 3437 1496 apud

1866 1505 2159 1576 scriptores
2190 1509 2328 1572 illos,
2365 1526 2526 1580 quam
2581 1513 2720 1581 apud
2761 1513 3060 1570 Palladium
3089 1519 3180 1588 qui
3221 1524 3437 1590 paucio-

1865 1612 1953 1654 res
1977 1613 2135 1667 quam
2161 1600 2541 1672 quadringinta
2595 1603 2896 1672 Theophila
2958 1607 3196 1664 adfuisse
3234 1611 3435 1668 diserte

1865 1691 2082 1744 asserit.
2114 1684 2312 1744 Statim
2343 1693 2540 1749 adesse
2564 1693 2784 1762 iubetur
2806 1694 3065 1764 Joannes,
3093 1710 3143 1754 et
3170 1702 3237 1755 ad
3269 1718 3433 1757 accu-

1810 1821 1819 1829 .
1863 1781 2106 1836 sationes
2141 1785 2490 1851 respondere,
2520 1802 2735 1856 unaque
2770 1803 2893 1844 eum
2935 1805 3000 1844 eo
3048 1791 3335 1862 Serapion,
3382 1804 3438 1850 et

1863 1871 2040 1942 Tigris
2074 1874 2353 1928 eunuchus
2395 1877 2728 1947 presbyteri,
2799 1889 2853 1934 et
2896 1879 3328 1950 Pauluslector;
3362 1886 3437 1939 si-

188 1968 451 2027 gerentes,
509 1958 868 2030 Theophilum
920 1963 1212 2019 sollicitant
1270 1981 1368 2036 per
1431 1938 1648 2025 nuntios
1698 1979 1756 2025 ιιι
1787 1938 1831 1992 Β
1861 1964 1975 2018 mul
2004 1965 2318 2020 universunt
2363 1966 2623 2022 Ecclesiae
2659 1969 3277 2040 Constantinopolitante
3320 1975 3432 2030 cle-

186 2064 359 2104 seeum
393 2065 598 2120 operas
643 2053 710 2107 ad
741 2054 1116 2124 expellendum
1161 2053 1426 2114 Joannem
1462 2062 1738 2116 consocia-

185 2151 279 2196 ret.
307 2141 618 2200 Morantem
655 2161 876 2215 quoque
900 2159 1051 2219 urget
1086 2148 1331 2206 Eudoxia
1369 2152 1755 2224 Cbrysostomo

183 2232 454 2302 offensior,
490 2235 615 2291 ideo
647 2239 792 2330 quod
814 2241 988 2294 sacris
1012 2241 1182 2310 ipsius
1209 2245 1588 2312 concionihus,
1633 2247 1766 2317 qui:

183 2327 273 2382 bus
301 2329 608 2384 auliearum
645 2327 933 2388 mulierum
967 2350 1149 2390 mores
1183 2351 1323 2406 sa’pe
1369 2338 1750 2407 carpebantur,

178 2420 422 2476 vitiorum
453 2437 678 2478 suorum
710 2425 810 2480 sibi
838 2426 1052 2483 conscia
1084 2429 1260 2484 notari
1299 2443 1358 2483 se
1381 2430 1658 2486 censebat.
1678 2429 1750 2485 E-

179 2515 446 2568 contrario
477 2529 611 2569 vero
632 2517 951 2573 accersitum
986 2533 1108 2573 eum
1139 2521 1205 2574 ad
1249 2521 1499 2576 diluenda
1519 2520 1748 2578 erimina

178 2604 326 2673 (apud
378 2605 767 2674 imperatorem
825 2608 1021 2678 quippe
1095 2610 1270 2666 fuerat
1323 2612 1644 2668 seditionum
1693 2622 1748 2669 et

180 2695 390 2748 caedium
426 2699 739 2767 accusatus)
795 2707 1020 2753 testatur
1070 2701 1184 2769 ipse
1223 2701 1647 2770 Cbrysostomus
1687 2705 1740 2759 in

175 2785 390 2855 epistola
453 2789 520 2842 ad
575 2790 946 2845 Innocentium
1019 2807 1245 2862 papam,
1302 2809 1461 2863 quam
1531 2795 1747 2852 exhibet

176 2875 457 2937 Palladius.
501 2879 615 2935 Leo
660 2891 839 2935 autem
891 2882 1224 2952 imperator,
1259 2896 1615 2954 Cognomento
1641 2887 1743 2941 Sa-

178 2969 336 3037 piens,
379 2971 580 3026 scribit
630 2973 684 3026 in
718 2971 839 3026 Vita
865 2972 1253 3046 Chrysostomi,
1300 2976 1524 3044 jussisse
1571 2977 1742 3031 Arca-

175 3060 304 3115 dium
356 3063 406 3116 vi
461 3064 662 3118 adduci
722 3062 1101 3133 Theophilum,
1163 3082 1284 3121 eum
1317 3083 1435 3136 qua:
1481 3068 1738 3123 adversus

174 3149 420 3206 Joannem
460 3151 646 3207 fuerat
704 3154 923 3210 molitus
958 3158 1347 3225 comperisset;
1393 3167 1446 3212 et
1484 3159 1552 3214 ab
1582 3159 1740 3214 Inno-

1860 2070 1980 2109 rum
2012 2058 2252 2128 synodus
2278 2059 2535 2114 accersit.
2563 2059 2820 2125 Quamvis
2855 2073 3035 2116 autem
3073 2061 3268 2118 Joanni
3303 2081 3432 2135 qua-

1857 2145 2103 2216 draginta
2127 2148 2451 2204 assisterent
2476 2150 2737 2220 episcopi,
2769 2167 2875 2205 non
2905 2153 3109 2208 ideirco
3143 2163 3325 2209 tamen
3356 2158 3426 2212 ad

1855 2235 2130 2301 Quercum
2178 2253 2398 2293 causam
2444 2239 2691 2295 dicturus
2742 2243 2933 2296 adessc
2990 2246 3327 2308 recusabat;
3381 2247 3431 2302 si

1853 2324 2012 2378 modo
2042 2339 2109 2380 ex
2181 2328 2479 2383 antistitum
2520 2347 2745 2387 numero
2772 2341 3006 2402 quatuor
3037 2333 3426 2402 eximerentur,

1852 2415 2049 2471 merito
2077 2417 2179 2473 sibi
2210 2420 2316 2474 odii
2345 2430 2399 2475 et
2430 2422 2832 2478 inimicitiarum
2888 2425 3125 2493 suspecti
3166 2442 3182 2491 ;
3232 2425 3316 2480 sin
3355 2427 3430 2482 ul-

1853 2507 2020 2562 terius
2059 2512 2478 2578 perteuderent,
2510 2515 2773 2584 synodum
2813 2516 3205 2571 meumenicam
3243 2519 3429 2588 appel-

1851 2595 1965 2652 lare
1986 2613 2044 2654 se
2071 2601 2472 2658 obtestabatur.
2505 2605 2717 2671 Quibus
2751 2605 2975 2671 auditis,
3014 2617 3211 2677 quater
3236 2625 3301 2665 eo
3332 2625 3428 2666 vo-

1849 2701 1995 2759 cato,
2043 2696 2344 2765 eademque
2387 2698 2708 2767 exceptione
2761 2715 2881 2763 uso,
2933 2698 3001 2754 ad
3047 2702 3428 2759 accusationes

1847 2790 2066 2844 tandem
2115 2790 2499 2859 expendendas
2540 2791 2784 2845 animum
2829 2791 3189 2859 Quercetanae
3229 2795 3430 2867 synodi-

1847 2880 2104 2952 praesules
2133 2881 2478 2950 appulerunt.

1915 2971 2057 3026 XVI.
2101 2971 2222 3026 Non
2271 2988 2358 3027 res
2409 2972 2519 3026 illic
2564 2987 2630 3026 ex
2673 2987 2830 3043 aequm
2869 2988 3160 3043 expensas,
3202 2977 3295 3031 sed
3325 2991 3427 3047 per

1842 3065 2228 3120 contumeliam
2266 3073 2322 3118 et
2351 3063 2634 3119 malediCta
2684 3063 2854 3120 fuisse
2897 3079 3077 3137 gestas
3125 3071 3422 3138 scriptores

1844 3155 2086 3210 tradunt.
2119 3154 2185 3208 Et
2215 3165 2324 3211 tres
2349 3156 2568 3224 quidem
2609 3157 3053 3212 criminationum
3094 3159 3305 3215 libellos
3351 3162 3418 3217 ad

173 3243 337 3297 centio
382 3246 643 3314 pontifice
678 3245 939 3312 Romano,
971 3256 1025 3302 et
1057 3249 1123 3302 ah
1155 3247 1391 3304 Honorio
1425 3248 1594 3304 fratre
1644 3265 1738 3318 po-
1763 3284 1805 3342 α
1840 3247 2254 3302 conciliabulum
2317 3246 2522 3301 delatos
2555 3247 2986 3302 commemorant
3041 3259 3160 3304 aeta
3212 3250 3353 3305 illius
3383 3267 3414 3306 a

173 3336 410 3402 stulasse,
447 3346 508 3391 ut
538 3338 706 3408 aliqui
738 3338 909 3392 Roma
954 3339 1316 3404 mitterentur,
1349 3340 1438 3410 qui
1472 3341 1537 3396 de
1559 3338 1736 3395 Theo-

173 3427 284 3494 phili
308 3442 472 3482 causa
501 3439 936 3497 cognoscerent:
971 3431 1370 3501 tergiversante
1405 3447 1534 3485 vero
1569 3432 1734 3486 Inno-

171 3520 354 3584 centio,
408 3518 772 3587 Theophilum
831 3519 1151 3592 Origenismi
1213 3523 1390 3577 dicam
1452 3523 1737 3594 scripsisse

169 3604 366 3672 Joanni,
401 3618 458 3663 et
501 3608 867 3666 Nitriensibus
915 3611 1236 3678 monachis,
1276 3627 1306 3666 a
1357 3611 1550 3681 quibus
1593 3613 1734 3683 apud

171 3697 536 3768 imperatorem
582 3701 758 3757 fuerat
810 3712 1119 3766 accusatus,
1156 3717 1389 3772 suasque
1445 3704 1498 3758 in
1552 3715 1734 3773 partes

169 3793 511 3866 Epiphanium
566 3797 820 3852 illexisse.
858 3796 1094 3851 Narrant
1119 3796 1228 3852 Leo
1255 3808 1308 3851 et
1337 3797 1604 3854 Palladius
1638 3801 1734 3853 da-

169 3892 238 3939 tos
269 3887 533 3942 adversus
565 3885 923 3956 TheOphilum
951 3887 1321 3943 accusationis
1372 3887 1604 3953 libellos,
1653 3904 1729 3944 se-

167 3981 422 4049 ptuaginta
459 3979 646 4049 capita
699 3979 980 4035 habuisse.
1016 3977 1395 4048 Maturatergo
1427 3979 1532 4032 iter
1558 3977 1730 4034 Theo-

167 4070 347 4136 philus,
377 4078 433 4126 et
460 4070 859 4126 Cbalcedonem
884 4071 1147 4141 pervenit.
1193 4069 1392 4124 Eodem
1448 4070 1728 4124 conﬂuunt

163 4157 404 4227 episcopi,
470 4160 670 4227 partim
695 4158 976 4230 Theophili
1016 4161 1236 4224 nuntiis,
1270 4160 1463 4229 partim
1492 4162 1727 4232 impera-

167 4251 282 4305 toris
315 4251 572 4307 mandato
599 4253 784 4308 exciti.
835 4253 910 4308 Ex
966 4269 1069 4308 una
1105 4269 1295 4310 omnes
1343 4255 1553 4311 venisse
1597 4271 1725 4326 pro-

164 4341 322 4397 vincia
349 4346 548 4399 scribit
593 4345 908 4413 Palladius;
948 4347 1037 4401 alii
1079 4362 1146 4402 ex
1185 4345 1449 4419 Egypto,
1499 4349 1725 4418 aliisque

163 4434 415 4501 profectos
471 4437 610 4492 locis
643 4447 890 4503 narrant,
942 4453 1150 4494 necnon
1196 4454 1258 4493 ex
1287 4441 1438 4507 Asia,
1497 4442 1726 4510 quicun-

161 4537 256 4590 que
277 4527 492 4581 sedibus
547 4529 662 4583 suis
707 4529 956 4598 depulsos
983 4545 1042 4586 se
1079 4546 1110 4585 a
1135 4529 1345 4586 Joanne
1402 4548 1546 4602 :egre
1582 4533 1723 4589 fcre-

1843 3337 2034 3392 Pbotio
2058 3339 2326 3403 exhibita,
2364 3346 2418 3392 et
2467 3338 2518 3391 in
2556 3336 2687 3392 Jure
2715 3337 3184 3394 Cresco-Romano
3223 3340 3416 3406 relata,

1841 3430 1984 3496 quod
2019 3428 2188 3482 edidit
2218 3425 2599 3481 Leunclavius.
2644 3426 2891 3482 Priorem
2934 3430 3134 3485 obtulit
3175 3429 3415 3488 Joannes

1838 3518 2208 3591 Chrysostomi
2245 3519 2528 3582 diaconus,
2559 3519 2750 3588 viginti
2779 3535 2972 3573 novem
3002 3522 3410 3576 accusationum

1837 3611 2102 3681 capitibus
2156 3611 2414 3666 refertum
2455 3625 2470 3675 ;
2509 3610 2742 3664 alterum
2789 3609 3037 3666 Joannes
3091 3613 3408 3679 monachus,

1836 3719 1944 3774 quo
1993 3703 2306 3759 Heraclides
2346 3701 2672 3772 Origenismi
2723 3718 2787 3758 ac
2831 3704 2963 3758 furti
3007 3706 3407 3770 arcessebatur,

1835 3796 2223 3868 CbrysostOmo
2269 3810 2401 3850 vero
2450 3795 2668 3849 crimini
2699 3797 2954 3863 dabatur,
2984 3799 3127 3866 quod
3165 3796 3411 3853 Heracli-

1833 3888 1958 3955 den,
1992 3889 2304 3942 htereticum
2333 3887 2461 3944 licet
2487 3904 2551 3943 ac
2585 3885 2784 3952 furem,
2842 3887 3172 3957 Ephesinum
3197 3890 3410 3958 episeo-

1833 3993 1957 4048 pum
1985 3979 2390 4045 constituisset,
2428 3981 2704 4046 multaque
2735 3993 2930 4046 passus
2987 3989 3131 4034 esset
3156 3978 3406 4049 Origeni-

1833 4082 2038 4123 starum
2059 4083 2222 4122 causa
2244 4086 2258 4135 ;
2286 4069 2642 4138 posteriorem
2673 4069 2817 4122 dedit.
2844 4069 3080 4123 lsaacius
3101 4071 3402 4139 episcopus,

1829 4162 2005 4231 capita
2035 4161 2338 4216 octodecim
2376 4160 2820 4215 criminationum
2865 4161 3232 4231 complexum,
3268 4177 3394 4217 cum

1829 4252 1979 4320 prius
2021 4248 2343 4318 Origenismi
2395 4249 2644 4304 eumdem
2695 4248 3016 4304 Heracliden
3063 4258 3397 4307 accusasset.

1826 4339 2023 4394 Narrat
2062 4339 2282 4394 Pbotius
2308 4339 2561 4394 tredecim
2593 4339 2898 4395 actionibus
2933 4340 3200 4411 synodum
3231 4341 3402 4408 illam,

1825 4449 1946 4503 qua:
1977 4447 2006 4485 a
2031 4446 2090 4486 se
2119 4431 2258 4486 lecta
2285 4441 2389 4496 est,
2430 4431 2596 4486 fuisse
2624 4429 2956 4494 absolutam,
3001 4444 3228 4500 quarum
3254 4433 3404 4500 prio-

1826 4541 1912 4580 res
1941 4524 2226 4580 duodecim
2278 4524 2726 4595 Chrysostomum
2793 4523 3073 4592 petebant,
3123 4533 3399 4592 postrema

160 4613 295 4681 bant,
333 4617 414 4672 vel
441 4616 565 4672 aliis
612 4618 712 4687 ipsi
745 4621 811 4673 de
857 4620 1040 4674 causis
1079 4623 1488 4677 succensebant.
1540 4621 1710 4697 Egy-
1747 4620 1792 4674 D
1822 4615 2392 4684 Heracliden;prioris
2417 4614 2580 4669 libelli
2627 4623 2791 4684 caput
2818 4614 3054 4683 primum
3105 4629 3169 4671 ac
3215 4631 3404 4672 secun-

159 4708 273 4774 ptiis
297 4709 366 4764 illi
393 4712 623 4766 navibus
651 4713 971 4768 transmisso
1014 4713 1294 4783 Bosphoro
1325 4715 1713 4772 Constantino-

159 4800 303 4868 polim
330 4804 628 4873 appellunt.
647 4803 716 4858 At
733 4802 1087 4874 Theophilum
1114 4822 1234 4861 cum
1276 4806 1462 4878 plausu
1482 4823 1712 4880 excepe-

160 4903 272 4948 runt
296 4895 540 4967 Egyptii
577 4905 796 4962 nautea;
832 4897 1172 4952 clericorum
1211 4899 1421 4954 obviam
1450 4903 1716 4970 processit

159 4986 349 5053 nullus,
421 4997 607 5057 utpote
684 4988 946 5042 infensum
1003 4990 1395 5060 Chrysostomo
1469 4992 1710 5045 animum

157 5090 254 5143 prae
278 5094 332 5133 se
378 5079 593 5134 ferenti.
647 5079 765 5148 ipse
806 5081 1088 5136 ecclesiam
1139 5093 1578 5152 praatergressus,
1657 5085 1707 5137 in

159 5165 545 5236 imperatoriam
576 5170 867 5239 quamdam
905 5173 1122 5226 domum
1171 5173 1274 5228 sibi
1317 5183 1564 5242 paratam
1619 5175 1702 5228 di-

158 5261 321 5314 vertit.
347 5261 496 5314 Mora
529 5261 638 5315 illic
671 5261 828 5315 trium
862 5262 1326 5316 hebdomadarum
1369 5262 1539 5328 facta,
1585 5280 1709 5332 per-

156 5355 354 5410 teutatis
383 5353 680 5407 multorum
706 5354 922 5418 animis,
956 5365 1011 5408 et
1041 5355 1108 5408 ad
1145 5357 1510 5409 accusandum
1537 5355 1705 5411 Joan-

154 5458 281 5508 nem,
313 5443 470 5515 eujns
501 5459 862 5512 congressum
909 5453 1067 5500 caute
1125 5445 1353 5510 vitabat,
1403 5447 1705 5514 instructis,

153 5533 197 5588 in
231 5534 493 5601 Quercum
541 5535 901 5591 Chalcedonis
953 5538 1275 5594 suburbium
1313 5555 1418 5593 una
1453 5555 1574 5594 cum
1626 5542 1706 5594 fa-

153 5629 324 5685 ctinnis
361 5646 475 5686 sua:
519 5630 840 5699 praesulibus
869 5634 1165 5696 concessit,
1207 5641 1261 5687 et
1283 5632 1701 5688 conciliabulum

152 5722 443 5777 celebrat-it.
494 5723 866 5791 Quadraginta
912 5725 1155 5794 quinque
1206 5725 1518 5781 interfuisse
1584 5727 1700 5794 epi-

151 5825 321 5882 scopos
362 5814 646 5869 declarant
688 5811 954 5884 Georgius
988 5815 1416 5881 Alexandrinus,
1473 5815 1696 5872 Simcon

154 5901 542 5975 lletaphrastes,
577 5917 630 5959 ct
660 5907 798 5960 Acta
830 5908 1228 5977 pseudosyuodi
1260 5908 1431 5968 illius.
1459 5923 1576 5975 quae
1609 5924 1697 5964 re—

1824 4709 1948 4763 dum
1982 4706 2323 4762 examinasse
2371 4705 2680 4776 episcopos,
2716 4704 2838 4760 inde
2878 4704 2931 4759 in
2991 4705 3308 4760 Heracliden
3344 4716 3401 4762 et

1822 4798 2116 4854 Palladium
2143 4799 2496 4868 quaestionem
2522 4797 2804 4865 habuisse,
2834 4798 2886 4852 in
2918 4813 3118 4853 nonum
3144 4799 3398 4869 deinceps

1820 4907 1884 4947 ac
1901 4875 2214 4948 vicesimum
2233 4891 2522 4960 septimum
2541 4902 2702 4958 caput
2724 4892 3067 4960 inquisivisse
3091 4907 3105 4945 :
3133 4893 3393 4960 postremi

1822 4987 2054 5056 denique
2106 4984 2270 5039 libelli
2305 4997 2595 5037 excussum
2649 4982 2814 5036 fuisse
2865 4991 3026 5050 caput
3073 4982 3389 5043 secundum,

1817 5080 1959 5149 quod
2013 5077 2112 5130 fuit
2152 5074 2456 5144 hujusmodi
2488 5092 2501 5127 :
2547 5075 2668 5127 Ὅτι
2704 5075 2731 5125 ὁ
2769 5073 3036 5144 μακάριος
3079 5073 3392 5140 Ἐπιφάνιος

1815 5171 1903 5224 διὰ
1933 5171 2062 5232 τοὺς
2100 5166 2532 5238 Ὠριγενειαστὰς
2571 5165 2898 5236 Ἀμμώνιον,
2958 5163 3263 5234 Ἐυούμιον,
3295 5166 3390 5218 καὶ

1825 5260 2199 5334 Ἡρακλείδην,
2217 5259 2309 5311 καὶ
2333 5257 2649 5323 Παλλάδιον,
2671 5257 2770 5308 οὑκ
2796 5255 3018 5326 ἐθέλησε
3043 5254 3386 5325 κοινωνῆσαι.

1821 5380 1838 5407 ι
1872 5354 2092 5407 Beatum
2129 5349 2487 5418 Epiphaniam
2535 5357 2756 5417 propter
2788 5346 3124 5415 Origenistas
3161 5347 3386 5399 Ammo-

1809 5449 1981 5511 ninm,
2041 5445 2411 5514 Euthymium,
2477 5441 2787 5504 Eusebium,
2835 5449 2890 5493 et
2939 5437 3277 5502 Heracliden,
3330 5446 3386 5491 et

1808 5540 2131 5602 Palladium,
2175 5533 2614 5591 communionem
2673 5547 2795 5588 cum
2846 5545 2912 5585 eo
2952 5530 3383 5602 (Chrysostomo)

1807 5633 2006 5687 habere
2034 5629 2310 5682 noluisse:
2342 5645 2361 5676 ι
2398 5639 2686 5680 excussum
2729 5623 2945 5692 insuper
2966 5622 3251 5691 septimum
3291 5637 3385 5676 ea-

1806 5733 1922 5794 put,
1953 5736 2017 5776 ae
2042 5720 2236 5775 deinde
2273 5717 2512 5771 tertium.
2542 5716 2746 5770 Praeter
2776 5715 2927 5779 illud,
2961 5715 3064 5768 duo
3088 5713 3380 5769 admodum

1809 5818 1875 5870 ad
1915 5813 2313 5883 Origenismutn
2348 5809 2692 5879 pertinebant
2725 5825 2742 5873 ;
2797 5807 3058 5877 primum,
3102 5803 3378 5868 .JOannem

1807 5907 2130 5964 monachum
2169 5911 2390 5972 propter
2415 5901 2753 5970 Origeuistas
2778 5916 2977 5957 czcsum
3009 5899 3377 5972 Chrysostomi
