  <div class='ocr_page' id='page_1' title='image "/cluster/home/n/w/nwhite01/storage/ocr_20150623/17/hvd.32044051719607/589.png"; bbox 0 0 3914 6524; ppageno 0'>
   <div class='ocr_carea' id='block_1_1' title="bbox 490 443 632 496">
    <p class='ocr_par' dir='ltr' id='par_1_1' title="bbox 490 443 632 496">
     <span class='ocr_line' id='line_1_1' title="bbox 490 443 632 496; baseline 0.007 -1"><span class='ocrx_word' id='word_1_1' title='bbox 490 443 632 496; x_wconf 80' lang='lat' dir='ltr'><strong>M55</strong></span> 
     </span>
    </p>
   </div>
   <div class='ocr_carea' id='block_1_2' title="bbox 1795 433 2483 493">
    <p class='ocr_par' dir='ltr' id='par_1_2' title="bbox 1795 433 2483 493">
     <span class='ocr_line' id='line_1_2' title="bbox 1795 433 2483 493; baseline -0.006 -1"><span class='ocrx_word' id='word_1_2' title='bbox 1795 440 1854 493; x_wconf 84' lang='lat' dir='ltr'><strong>P.</strong></span> <span class='ocrx_word' id='word_1_3' title='bbox 1899 438 2207 493; x_wconf 82' lang='lat' dir='ltr'><strong>DANIELIS</strong></span> <span class='ocrx_word' id='word_1_4' title='bbox 2246 433 2483 491; x_wconf 83' lang='lat' dir='ltr'><strong>IIUETII</strong></span> 
     </span>
    </p>
   </div>
   <div class='ocr_carea' id='block_1_3' title="bbox 3608 432 3754 489">
    <p class='ocr_par' dir='ltr' id='par_1_3' title="bbox 3608 432 3754 489">
     <span class='ocr_line' id='line_1_3' title="bbox 3608 432 3754 489; baseline 0.007 -1"><span class='ocrx_word' id='word_1_5' title='bbox 3608 432 3754 489; x_wconf 79' lang='lat'><strong>“56</strong></span> 
     </span>
    </p>
   </div>
   <div class='ocr_carea' id='block_1_4' title="bbox 480 554 3758 634">
    <p class='ocr_par' dir='ltr' id='par_1_4' title="bbox 480 554 3758 634">
     <span class='ocr_line' id='line_1_4' title="bbox 480 554 3758 634; baseline -0.002 -17"><span class='ocrx_word' id='word_1_6' title='bbox 480 561 655 632; x_wconf 85' lang='lat' dir='ltr'><strong>jussu,</strong></span> <span class='ocrx_word' id='word_1_7' title='bbox 698 572 754 619; x_wconf 91' lang='lat' dir='ltr'><strong>et</strong></span> <span class='ocrx_word' id='word_1_8' title='bbox 797 578 959 634; x_wconf 87' lang='lat' dir='ltr'><strong>porro</strong></span> <span class='ocrx_word' id='word_1_9' title='bbox 1004 564 1243 620; x_wconf 84' lang='lat' dir='ltr'><strong>vinctum</strong></span> <span class='ocrx_word' id='word_1_10' title='bbox 1290 562 1461 620; x_wconf 80' lang='lat' dir='ltr'><strong>fuisse</strong></span> <span class='ocrx_word' id='word_1_11' title='bbox 1508 563 1778 618; x_wconf 91' lang='lat' dir='ltr'><strong>decimum</strong></span> <span class='ocrx_word' id='word_1_12' title='bbox 1812 570 2056 626; x_wconf 83' lang='lat' dir='ltr'><strong>sextum,</strong></span> <span class='ocrx_word' id='word_1_13' title='bbox 2088 566 2137 622; x_wconf 66' lang='grc' dir='ltr'>Α</span> <span class='ocrx_word' id='word_1_14' title='bbox 2167 559 2432 622; x_wconf 77' lang='lat' dir='ltr'><strong>Eudoxia,</strong></span> <span class='ocrx_word' id='word_1_15' title='bbox 2460 567 2518 613; x_wconf 92' lang='lat' dir='ltr'><strong>ut</strong></span> <span class='ocrx_word' id='word_1_16' title='bbox 2547 572 2668 613; x_wconf 89' lang='lat' dir='ltr'><strong>cum</strong></span> <span class='ocrx_word' id='word_1_17' title='bbox 2699 557 2767 612; x_wconf 89' lang='lat' dir='ltr'><strong>ab</strong></span> <span class='ocrx_word' id='word_1_18' title='bbox 2795 555 2989 612; x_wconf 81' lang='lat' dir='ltr'><strong>exsilio</strong></span> <span class='ocrx_word' id='word_1_19' title='bbox 3013 554 3258 611; x_wconf 88' lang='lat' dir='ltr'><strong>revocari</strong></span> <span class='ocrx_word' id='word_1_20' title='bbox 3295 554 3561 611; x_wconf 87' lang='lat' dir='ltr'><strong>continuo</strong></span> <span class='ocrx_word' id='word_1_21' title='bbox 3589 569 3758 609; x_wconf 84' lang='lat' dir='ltr'><strong>cura-</strong></span> 
     </span>
    </p>
   </div>
   <div class='ocr_carea' id='block_1_5' title="bbox 485 655 2058 727">
    <p class='ocr_par' dir='ltr' id='par_1_5' title="bbox 485 655 2058 727">
     <span class='ocr_line' id='line_1_5' title="bbox 485 655 2058 727; baseline -0.003 -16"><span class='ocrx_word' id='word_1_22' title='bbox 485 657 731 711; x_wconf 88' lang='lat' dir='ltr'><strong>eumdem</strong></span> <span class='ocrx_word' id='word_1_23' title='bbox 772 656 1075 725; x_wconf 86' lang='lat' dir='ltr'><strong>suscepisse</strong></span> <span class='ocrx_word' id='word_1_24' title='bbox 1100 655 1459 727; x_wconf 89' lang='lat' dir='ltr'><strong>Origenistas,</strong></span> <span class='ocrx_word' id='word_1_25' title='bbox 1498 673 1552 712; x_wconf 86' lang='lat' dir='ltr'><strong>tn</strong></span> <span class='ocrx_word' id='word_1_26' title='bbox 1599 670 1875 710; x_wconf 88' lang='lat' dir='ltr'><strong>carcerem</strong></span> <span class='ocrx_word' id='word_1_27' title='bbox 1931 670 2058 708; x_wconf 87' lang='lat' dir='ltr'><strong>con-</strong></span> 
     </span>
    </p>
   </div>
   <div class='ocr_carea' id='block_1_6' title="bbox 482 746 2055 819">
    <p class='ocr_par' dir='ltr' id='par_1_6' title="bbox 482 746 2055 819">
     <span class='ocr_line' id='line_1_6' title="bbox 482 746 2055 819; baseline -0.001 -17"><span class='ocrx_word' id='word_1_28' title='bbox 482 747 678 819; x_wconf 88' lang='lat' dir='ltr'><strong>jecisse</strong></span> <span class='ocrx_word' id='word_1_29' title='bbox 709 746 987 819; x_wconf 82' lang='lat' dir='ltr'><strong>TheOphili</strong></span> <span class='ocrx_word' id='word_1_30' title='bbox 1018 746 1249 818; x_wconf 88' lang='lat' dir='ltr'><strong>legatos,</strong></span> <span class='ocrx_word' id='word_1_31' title='bbox 1297 759 1353 804; x_wconf 91' lang='lat' dir='ltr'><strong>et</strong></span> <span class='ocrx_word' id='word_1_32' title='bbox 1400 763 1468 805; x_wconf 91' lang='lat' dir='ltr'><strong>ne</strong></span> <span class='ocrx_word' id='word_1_33' title='bbox 1519 748 1814 804; x_wconf 91' lang='lat' dir='ltr'><strong>morientes</strong></span> <span class='ocrx_word' id='word_1_34' title='bbox 1837 747 2055 816; x_wconf 84' lang='lat' dir='ltr'><strong>quidem</strong></span> 
     </span>
    </p>
   </div>
   <div class='ocr_carea' id='block_1_7' title="bbox 487 838 2057 910">
    <p class='ocr_par' dir='ltr' id='par_1_7' title="bbox 487 838 2057 910">
     <span class='ocr_line' id='line_1_7' title="bbox 487 838 2057 910; baseline 0.003 -19"><span class='ocrx_word' id='word_1_35' title='bbox 487 838 555 892; x_wconf 90' lang='lat' dir='ltr'><strong>ad</strong></span> <span class='ocrx_word' id='word_1_36' title='bbox 589 838 868 893; x_wconf 88' lang='lat' dir='ltr'><strong>visendum</strong></span> <span class='ocrx_word' id='word_1_37' title='bbox 924 840 1142 895; x_wconf 87' lang='lat' dir='ltr'><strong>adiisse.</strong></span> <span class='ocrx_word' id='word_1_38' title='bbox 1201 840 1356 895; x_wconf 82' lang='lat' dir='ltr'><strong>Nulla</strong></span> <span class='ocrx_word' id='word_1_39' title='bbox 1409 850 1671 910; x_wconf 71' lang='lat' dir='ltr'><strong>prmterea</strong></span> <span class='ocrx_word' id='word_1_40' title='bbox 1728 840 1783 894; x_wconf 91' lang='lat' dir='ltr'><strong>in</strong></span> <span class='ocrx_word' id='word_1_41' title='bbox 1834 838 2057 908; x_wconf 86' lang='lat' dir='ltr'><strong>reliquis</strong></span> 
     </span>
    </p>
   </div>
   <div class='ocr_carea' id='block_1_8' title="bbox 488 929 2060 1003">
    <p class='ocr_par' dir='ltr' id='par_1_8' title="bbox 488 929 2060 1003">
     <span class='ocr_line' id='line_1_8' title="bbox 488 929 2060 1003; baseline 0 -20"><span class='ocrx_word' id='word_1_42' title='bbox 488 929 959 985; x_wconf 76' lang='lat' dir='ltr'><strong>criminationibus</strong></span> <span class='ocrx_word' id='word_1_43' title='bbox 984 931 1335 999; x_wconf 88' lang='lat' dir='ltr'><strong>Origenismi,</strong></span> <span class='ocrx_word' id='word_1_44' title='bbox 1365 932 1866 1003; x_wconf 86' lang='lat' dir='ltr'><strong>Origenistarumve</strong></span> <span class='ocrx_word' id='word_1_45' title='bbox 1906 944 2060 984; x_wconf 85' lang='lat' dir='ltr'><strong>men-</strong></span> 
     </span>
    </p>
   </div>
   <div class='ocr_carea' id='block_1_9' title="bbox 487 1020 1703 1094">
    <p class='ocr_par' dir='ltr' id='par_1_9' title="bbox 487 1020 1703 1094">
     <span class='ocr_line' id='line_1_9' title="bbox 487 1020 1703 1094; baseline 0.002 -19"><span class='ocrx_word' id='word_1_46' title='bbox 487 1020 562 1075; x_wconf 89' lang='lat' dir='ltr'><strong>tio</strong></span> <span class='ocrx_word' id='word_1_47' title='bbox 590 1037 603 1075; x_wconf 89' lang='lat'><strong>:</strong></span> <span class='ocrx_word' id='word_1_48' title='bbox 635 1021 687 1076; x_wconf 94' lang='lat' dir='ltr'><strong>in</strong></span> <span class='ocrx_word' id='word_1_49' title='bbox 719 1023 898 1092; x_wconf 86' lang='lat' dir='ltr'><strong>priore</strong></span> <span class='ocrx_word' id='word_1_50' title='bbox 932 1040 1063 1080; x_wconf 88' lang='lat' dir='ltr'><strong>vero</strong></span> <span class='ocrx_word' id='word_1_51' title='bbox 1090 1024 1268 1079; x_wconf 90' lang='lat' dir='ltr'><strong>libello</strong></span> <span class='ocrx_word' id='word_1_52' title='bbox 1296 1025 1437 1079; x_wconf 91' lang='lat' dir='ltr'><strong>nulla</strong></span> <span class='ocrx_word' id='word_1_53' title='bbox 1468 1028 1703 1094; x_wconf 75' lang='lat' dir='ltr'><strong>penitus.</strong></span> 
     </span>
    </p>
   </div>
   <div class='ocr_carea' id='block_1_10' title="bbox 560 1111 2059 1171">
    <p class='ocr_par' dir='ltr' id='par_1_10' title="bbox 560 1111 2059 1171">
     <span class='ocr_line' id='line_1_10' title="bbox 560 1111 2059 1171; baseline 0.002 -6"><span class='ocrx_word' id='word_1_54' title='bbox 560 1111 720 1170; x_wconf 82' lang='lat' dir='ltr'><strong>XVII.</strong></span> <span class='ocrx_word' id='word_1_55' title='bbox 792 1116 1050 1169; x_wconf 83' lang='lat' dir='ltr'><strong>Actorum</strong></span> <span class='ocrx_word' id='word_1_56' title='bbox 1112 1114 1499 1171; x_wconf 88' lang='lat' dir='ltr'><strong>Photianorum</strong></span> <span class='ocrx_word' id='word_1_57' title='bbox 1567 1114 1931 1171; x_wconf 88' lang='lat' dir='ltr'><strong>conventiculi</strong></span> <span class='ocrx_word' id='word_1_58' title='bbox 1990 1114 2059 1168; x_wconf 86' lang='lat' dir='ltr'><strong>ad</strong></span> 
     </span>
    </p>
   </div>
   <div class='ocr_carea' id='block_1_11' title="bbox 491 1205 2062 1272">
    <p class='ocr_par' dir='ltr' id='par_1_11' title="bbox 491 1205 2062 1272">
     <span class='ocr_line' id='line_1_11' title="bbox 491 1205 2062 1272; baseline 0.002 -14"><span class='ocrx_word' id='word_1_59' title='bbox 491 1205 767 1272; x_wconf 85' lang='lat' dir='ltr'><strong>Quercum</strong></span> <span class='ocrx_word' id='word_1_60' title='bbox 805 1206 968 1261; x_wconf 85' lang='lat' dir='ltr'><strong>fidem</strong></span> <span class='ocrx_word' id='word_1_61' title='bbox 1004 1207 1217 1262; x_wconf 88' lang='lat' dir='ltr'><strong>elevare</strong></span> <span class='ocrx_word' id='word_1_62' title='bbox 1263 1218 1491 1263; x_wconf 88' lang='lat' dir='ltr'><strong>conatur</strong></span> <span class='ocrx_word' id='word_1_63' title='bbox 1526 1207 1792 1262; x_wconf 89' lang='lat' dir='ltr'><strong>Baronius</strong></span> <span class='ocrx_word' id='word_1_64' title='bbox 1829 1206 1934 1262; x_wconf 89' lang='lat' dir='ltr'><strong>hoc</strong></span> <span class='ocrx_word' id='word_1_65' title='bbox 1972 1222 2062 1261; x_wconf 85' lang='lat' dir='ltr'><strong>ar-</strong></span> 
     </span>
    </p>
   </div>
   <div class='ocr_carea' id='block_1_12' title="bbox 486 1298 2057 1369">
    <p class='ocr_par' dir='ltr' id='par_1_12' title="bbox 486 1298 2057 1369">
     <span class='ocr_line' id='line_1_12' title="bbox 486 1298 2057 1369; baseline 0.001 -19"><span class='ocrx_word' id='word_1_66' title='bbox 486 1306 762 1368; x_wconf 82' lang='lat' dir='ltr'><strong>gumento,</strong></span> <span class='ocrx_word' id='word_1_67' title='bbox 789 1301 933 1367; x_wconf 90' lang='lat' dir='ltr'><strong>quod</strong></span> <span class='ocrx_word' id='word_1_68' title='bbox 958 1300 1218 1369; x_wconf 86' lang='lat' dir='ltr'><strong>pleraque</strong></span> <span class='ocrx_word' id='word_1_69' title='bbox 1244 1301 1311 1354; x_wconf 90' lang='lat' dir='ltr'><strong>ab</strong></span> <span class='ocrx_word' id='word_1_70' title='bbox 1339 1300 1459 1353; x_wconf 87' lang='lat' dir='ltr'><strong>aliis</strong></span> <span class='ocrx_word' id='word_1_71' title='bbox 1501 1308 1948 1366; x_wconf 86' lang='lat' dir='ltr'><strong>commemorata,</strong></span> <span class='ocrx_word' id='word_1_72' title='bbox 2002 1298 2057 1352; x_wconf 89' lang='lat' dir='ltr'><strong>in</strong></span> 
     </span>
    </p>
   </div>
   <div class='ocr_carea' id='block_1_13' title="bbox 490 1389 2059 1445">
    <p class='ocr_par' dir='ltr' id='par_1_13' title="bbox 490 1389 2059 1445">
     <span class='ocr_line' id='line_1_13' title="bbox 490 1389 2059 1445; baseline 0.001 -3"><span class='ocrx_word' id='word_1_73' title='bbox 490 1389 558 1443; x_wconf 91' lang='lat' dir='ltr'><strong>iis</strong></span> <span class='ocrx_word' id='word_1_74' title='bbox 589 1390 791 1444; x_wconf 88' lang='lat' dir='ltr'><strong>omissa</strong></span> <span class='ocrx_word' id='word_1_75' title='bbox 821 1391 951 1444; x_wconf 87' lang='lat' dir='ltr'><strong>sint.</strong></span> <span class='ocrx_word' id='word_1_76' title='bbox 986 1391 1183 1444; x_wconf 87' lang='lat' dir='ltr'><strong>Verum</strong></span> <span class='ocrx_word' id='word_1_77' title='bbox 1233 1406 1338 1444; x_wconf 90' lang='lat' dir='ltr'><strong>non</strong></span> <span class='ocrx_word' id='word_1_78' title='bbox 1384 1390 1614 1445; x_wconf 91' lang='lat' dir='ltr'><strong>attendit</strong></span> <span class='ocrx_word' id='word_1_79' title='bbox 1658 1390 2059 1445; x_wconf 82' lang='lat' dir='ltr'><strong>illustrissimus</strong></span> 
     </span>
    </p>
   </div>
   <div class='ocr_carea' id='block_1_14' title="bbox 488 1478 2061 1547">
    <p class='ocr_par' dir='ltr' id='par_1_14' title="bbox 488 1478 2061 1547">
     <span class='ocr_line' id='line_1_14' title="bbox 488 1478 2061 1547; baseline 0.001 -16"><span class='ocrx_word' id='word_1_80' title='bbox 488 1478 776 1532; x_wconf 89' lang='lat' dir='ltr'><strong>cardiualis</strong></span> <span class='ocrx_word' id='word_1_81' title='bbox 827 1479 1022 1533; x_wconf 78' lang='lat' dir='ltr'><strong>eximia</strong></span> <span class='ocrx_word' id='word_1_82' title='bbox 1087 1482 1333 1547; x_wconf 72' lang='lat' dir='ltr'><strong>qumdam</strong></span> <span class='ocrx_word' id='word_1_83' title='bbox 1381 1479 1758 1533; x_wconf 89' lang='lat' dir='ltr'><strong>tantummodo</strong></span> <span class='ocrx_word' id='word_1_84' title='bbox 1802 1479 2061 1547; x_wconf 89' lang='lat' dir='ltr'><strong>selegisse</strong></span> 
     </span>
    </p>
   </div>
   <div class='ocr_carea' id='block_1_15' title="bbox 490 1567 2061 1639">
    <p class='ocr_par' dir='ltr' id='par_1_15' title="bbox 490 1567 2061 1639">
     <span class='ocr_line' id='line_1_15' title="bbox 490 1567 2061 1639; baseline 0.001 -18"><span class='ocrx_word' id='word_1_85' title='bbox 490 1567 784 1633; x_wconf 86' lang='lat' dir='ltr'><strong>Photium,</strong></span> <span class='ocrx_word' id='word_1_86' title='bbox 825 1579 879 1622; x_wconf 92' lang='lat' dir='ltr'><strong>et</strong></span> <span class='ocrx_word' id='word_1_87' title='bbox 932 1570 984 1623; x_wconf 92' lang='lat' dir='ltr'><strong>in</strong></span> <span class='ocrx_word' id='word_1_88' title='bbox 1042 1568 1415 1639; x_wconf 77' lang='lat' dir='ltr'><strong>Myriobiblum</strong></span> <span class='ocrx_word' id='word_1_89' title='bbox 1471 1570 1773 1635; x_wconf 89' lang='lat' dir='ltr'><strong>retulisse;</strong></span> <span class='ocrx_word' id='word_1_90' title='bbox 1831 1569 2061 1639; x_wconf 90' lang='lat' dir='ltr'><strong>plurima</strong></span> 
     </span>
    </p>
   </div>
   <div class='ocr_carea' id='block_1_16' title="bbox 486 1662 2061 1731">
    <p class='ocr_par' dir='ltr' id='par_1_16' title="bbox 486 1662 2061 1731">
     <span class='ocr_line' id='line_1_16' title="bbox 486 1662 2061 1731; baseline 0.003 -17"><span class='ocrx_word' id='word_1_91' title='bbox 486 1677 616 1715; x_wconf 87' lang='lat' dir='ltr'><strong>vero</strong></span> <span class='ocrx_word' id='word_1_92' title='bbox 657 1662 904 1716; x_wconf 91' lang='lat' dir='ltr'><strong>consulto</strong></span> <span class='ocrx_word' id='word_1_93' title='bbox 935 1663 1369 1731; x_wconf 69' lang='lat' dir='ltr'><strong>prmtermisisse.</strong></span> <span class='ocrx_word' id='word_1_94' title='bbox 1435 1662 1543 1715; x_wconf 85' lang='lat' dir='ltr'><strong>Sua</strong></span> <span class='ocrx_word' id='word_1_95' title='bbox 1591 1677 1718 1731; x_wconf 90' lang='lat' dir='ltr'><strong>ergo</strong></span> <span class='ocrx_word' id='word_1_96' title='bbox 1778 1663 1913 1718; x_wconf 87' lang='lat' dir='ltr'><strong>actis</strong></span> <span class='ocrx_word' id='word_1_97' title='bbox 1953 1663 2061 1719; x_wconf 86' lang='lat' dir='ltr'><strong>illis</strong></span> 
     </span>
    </p>
   </div>
   <div class='ocr_carea' id='block_1_17' title="bbox 488 1753 2059 1822">
    <p class='ocr_par' dir='ltr' id='par_1_17' title="bbox 488 1753 2059 1822">
     <span class='ocr_line' id='line_1_17' title="bbox 488 1753 2059 1822; baseline 0.003 -17"><span class='ocrx_word' id='word_1_98' title='bbox 488 1765 736 1808; x_wconf 81' lang='lat' dir='ltr'><strong>servetur</strong></span> <span class='ocrx_word' id='word_1_99' title='bbox 766 1754 1086 1819; x_wconf 81' lang='lat' dir='ltr'><strong>auctoritas,</strong></span> <span class='ocrx_word' id='word_1_100' title='bbox 1120 1754 1298 1822; x_wconf 84' lang='lat' dir='ltr'><strong>quoad</strong></span> <span class='ocrx_word' id='word_1_101' title='bbox 1317 1753 1565 1809; x_wconf 81' lang='lat' dir='ltr'><strong>validiori</strong></span> <span class='ocrx_word' id='word_1_102' title='bbox 1597 1754 1806 1809; x_wconf 85' lang='lat' dir='ltr'><strong>ratione</strong></span> <span class='ocrx_word' id='word_1_103' title='bbox 1842 1753 2059 1809; x_wconf 89' lang='lat' dir='ltr'><strong>Baronii</strong></span> 
     </span>
    </p>
   </div>
   <div class='ocr_carea' id='block_1_18' title="bbox 488 1846 1103 1914">
    <p class='ocr_par' dir='ltr' id='par_1_18' title="bbox 488 1846 1103 1914">
     <span class='ocr_line' id='line_1_18' title="bbox 488 1846 1103 1914; baseline 0 -16"><span class='ocrx_word' id='word_1_104' title='bbox 488 1846 795 1914; x_wconf 84' lang='lat' dir='ltr'><strong>conjectura</strong></span> <span class='ocrx_word' id='word_1_105' title='bbox 839 1846 1103 1899; x_wconf 87' lang='lat' dir='ltr'><strong>firmetur.</strong></span> 
     </span>
    </p>
   </div>
   <div class='ocr_carea' id='block_1_19' title="bbox 2164 644 3747 715">
    <p class='ocr_par' dir='ltr' id='par_1_19' title="bbox 2164 644 3747 715">
     <span class='ocr_line' id='line_1_19' title="bbox 2164 644 3747 715; baseline -0.003 -14"><span class='ocrx_word' id='word_1_106' title='bbox 2164 651 2330 703; x_wconf 88' lang='lat' dir='ltr'><strong>verit.</strong></span> <span class='ocrx_word' id='word_1_107' title='bbox 2367 648 2436 701; x_wconf 89' lang='lat' dir='ltr'><strong>At</strong></span> <span class='ocrx_word' id='word_1_108' title='bbox 2470 647 2978 703; x_wconf 83' lang='lat' dir='ltr'><strong>recrudescentibus</strong></span> <span class='ocrx_word' id='word_1_109' title='bbox 3006 654 3269 715; x_wconf 86' lang='lat' dir='ltr'><strong>sequente</strong></span> <span class='ocrx_word' id='word_1_110' title='bbox 3297 661 3442 701; x_wconf 93' lang='lat' dir='ltr'><strong>anno</strong></span> <span class='ocrx_word' id='word_1_111' title='bbox 3477 644 3747 700; x_wconf 83' lang='lat' dir='ltr'><strong>simulta-</strong></span> 
     </span>
    </p>
   </div>
   <div class='ocr_carea' id='block_1_20' title="bbox 2169 736 3756 808">
    <p class='ocr_par' dir='ltr' id='par_1_20' title="bbox 2169 736 3756 808">
     <span class='ocr_line' id='line_1_20' title="bbox 2169 736 3756 808; baseline -0.004 -12"><span class='ocrx_word' id='word_1_112' title='bbox 2169 742 2313 797; x_wconf 85' lang='lat' dir='ltr'><strong>tibus</strong></span> <span class='ocrx_word' id='word_1_113' title='bbox 2360 750 2417 795; x_wconf 90' lang='lat' dir='ltr'><strong>et</strong></span> <span class='ocrx_word' id='word_1_114' title='bbox 2452 738 2803 803; x_wconf 73' lang='lat' dir='ltr'><strong>factionibus,</strong></span> <span class='ocrx_word' id='word_1_115' title='bbox 2846 739 3055 808; x_wconf 74' lang='lat' dir='ltr'><strong>injuriae</strong></span> <span class='ocrx_word' id='word_1_116' title='bbox 3116 738 3387 802; x_wconf 88' lang='lat' dir='ltr'><strong>concedit,</strong></span> <span class='ocrx_word' id='word_1_117' title='bbox 3438 746 3497 792; x_wconf 91' lang='lat' dir='ltr'><strong>et</strong></span> <span class='ocrx_word' id='word_1_118' title='bbox 3552 736 3756 791; x_wconf 72' lang='lat' dir='ltr'><strong>Nicamc</strong></span> 
     </span>
    </p>
   </div>
   <div class='ocr_carea' id='block_1_21' title="bbox 2164 829 3755 903">
    <p class='ocr_par' dir='ltr' id='par_1_21' title="bbox 2164 829 3755 903">
     <span class='ocr_line' id='line_1_21' title="bbox 2164 829 3755 903; baseline -0.003 -15"><span class='ocrx_word' id='word_1_119' title='bbox 2164 833 2557 903; x_wconf 86' lang='lat' dir='ltr'><strong>aliquantisper</strong></span> <span class='ocrx_word' id='word_1_120' title='bbox 2606 840 2872 893; x_wconf 89' lang='lat' dir='ltr'><strong>moratus,</strong></span> <span class='ocrx_word' id='word_1_121' title='bbox 2927 830 3227 897; x_wconf 90' lang='lat' dir='ltr'><strong>Cucusum,</strong></span> <span class='ocrx_word' id='word_1_122' title='bbox 3290 845 3413 900; x_wconf 78' lang='lat' dir='ltr'><strong>qua:</strong></span> <span class='ocrx_word' id='word_1_123' title='bbox 3467 829 3755 884; x_wconf 70' lang='lat' dir='ltr'><strong>Armenia:</strong></span> 
     </span>
    </p>
   </div>
   <div class='ocr_carea' id='block_1_22' title="bbox 2165 919 3752 991">
    <p class='ocr_par' dir='ltr' id='par_1_22' title="bbox 2165 919 3752 991">
     <span class='ocr_line' id='line_1_22' title="bbox 2165 919 3752 991; baseline -0.003 -13"><span class='ocrx_word' id='word_1_124' title='bbox 2165 926 2294 979; x_wconf 88' lang='lat' dir='ltr'><strong>urbs</strong></span> <span class='ocrx_word' id='word_1_125' title='bbox 2319 932 2422 988; x_wconf 90' lang='lat' dir='ltr'><strong>est,</strong></span> <span class='ocrx_word' id='word_1_126' title='bbox 2446 924 2531 977; x_wconf 85' lang='lat' dir='ltr'><strong>vel</strong></span> <span class='ocrx_word' id='word_1_127' title='bbox 2562 932 2621 976; x_wconf 91' lang='lat' dir='ltr'><strong>ut</strong></span> <span class='ocrx_word' id='word_1_128' title='bbox 2649 930 2879 977; x_wconf 88' lang='lat' dir='ltr'><strong>testatur</strong></span> <span class='ocrx_word' id='word_1_129' title='bbox 2907 921 3020 989; x_wconf 87' lang='lat' dir='ltr'><strong>ipse</strong></span> <span class='ocrx_word' id='word_1_130' title='bbox 3044 920 3491 991; x_wconf 86' lang='lat' dir='ltr'><strong>Chrysostomus,</strong></span> <span class='ocrx_word' id='word_1_131' title='bbox 3517 919 3752 987; x_wconf 69' lang='lat' dir='ltr'><strong>Ciliciaz,</strong></span> 
     </span>
    </p>
   </div>
   <div class='ocr_carea' id='block_1_23' title="bbox 2166 1011 3755 1082">
    <p class='ocr_par' dir='ltr' id='par_1_23' title="bbox 2166 1011 3755 1082">
     <span class='ocr_line' id='line_1_23' title="bbox 2166 1011 3755 1082; baseline -0.003 -11"><span class='ocrx_word' id='word_1_132' title='bbox 2166 1018 2217 1071; x_wconf 91' lang='lat' dir='ltr'><strong>in</strong></span> <span class='ocrx_word' id='word_1_133' title='bbox 2251 1015 2503 1072; x_wconf 78' lang='lat' dir='ltr'><strong>exsilium</strong></span> <span class='ocrx_word' id='word_1_134' title='bbox 2541 1015 2811 1068; x_wconf 91' lang='lat' dir='ltr'><strong>mittitur:</strong></span> <span class='ocrx_word' id='word_1_135' title='bbox 2841 1013 3055 1069; x_wconf 88' lang='lat' dir='ltr'><strong>Cucuso</strong></span> <span class='ocrx_word' id='word_1_136' title='bbox 3081 1013 3401 1068; x_wconf 86' lang='lat' dir='ltr'><strong>Arabissum</strong></span> <span class='ocrx_word' id='word_1_137' title='bbox 3429 1022 3485 1066; x_wconf 89' lang='lat' dir='ltr'><strong>et</strong></span> <span class='ocrx_word' id='word_1_138' title='bbox 3518 1011 3755 1082; x_wconf 81' lang='lat' dir='ltr'><strong>Pityun-</strong></span> 
     </span>
    </p>
   </div>
   <div class='ocr_carea' id='block_1_24' title="bbox 2169 1104 3745 1177">
    <p class='ocr_par' dir='ltr' id='par_1_24' title="bbox 2169 1104 3745 1177">
     <span class='ocr_line' id='line_1_24' title="bbox 2169 1104 3745 1177; baseline -0.003 -14"><span class='ocrx_word' id='word_1_139' title='bbox 2169 1119 2272 1163; x_wconf 90' lang='lat' dir='ltr'><strong>tem</strong></span> <span class='ocrx_word' id='word_1_140' title='bbox 2313 1108 2524 1177; x_wconf 77' lang='lat' dir='ltr'><strong>migrat.</strong></span> <span class='ocrx_word' id='word_1_141' title='bbox 2558 1104 2839 1160; x_wconf 77' lang='lat' dir='ltr'><strong>Sufﬁcitur</strong></span> <span class='ocrx_word' id='word_1_142' title='bbox 2878 1105 2978 1174; x_wconf 90' lang='lat' dir='ltr'><strong>ipsi</strong></span> <span class='ocrx_word' id='word_1_143' title='bbox 3006 1106 3266 1159; x_wconf 85' lang='lat' dir='ltr'><strong>Arsacius</strong></span> <span class='ocrx_word' id='word_1_144' title='bbox 3309 1105 3601 1175; x_wconf 82' lang='lat' dir='ltr'><strong>presbyter</strong></span> <span class='ocrx_word' id='word_1_145' title='bbox 3632 1104 3745 1159; x_wconf 83' lang='lat' dir='ltr'><strong>Ne-</strong></span> 
     </span>
    </p>
   </div>
   <div class='ocr_carea' id='block_1_25' title="bbox 2167 1196 3755 1267">
    <p class='ocr_par' dir='ltr' id='par_1_25' title="bbox 2167 1196 3755 1267">
     <span class='ocr_line' id='line_1_25' title="bbox 2167 1196 3755 1267; baseline -0.004 -10"><span class='ocrx_word' id='word_1_146' title='bbox 2167 1202 2319 1257; x_wconf 85' lang='lat' dir='ltr'><strong>ctarii</strong></span> <span class='ocrx_word' id='word_1_147' title='bbox 2351 1197 2940 1267; x_wconf 89' lang='lat' dir='ltr'><strong>Constantinopolitani</strong></span> <span class='ocrx_word' id='word_1_148' title='bbox 2969 1197 3097 1251; x_wconf 90' lang='lat' dir='ltr'><strong>olim</strong></span> <span class='ocrx_word' id='word_1_149' title='bbox 3126 1196 3375 1266; x_wconf 66' lang='lat' dir='ltr'><strong>praesulis</strong></span> <span class='ocrx_word' id='word_1_150' title='bbox 3424 1196 3619 1261; x_wconf 83' lang='lat' dir='ltr'><strong>frater,</strong></span> <span class='ocrx_word' id='word_1_151' title='bbox 3649 1197 3755 1251; x_wconf 82' lang='lat' dir='ltr'><strong>Ar-</strong></span> 
     </span>
    </p>
   </div>
   <div class='ocr_carea' id='block_1_26' title="bbox 2167 1287 3758 1356">
    <p class='ocr_par' dir='ltr' id='par_1_26' title="bbox 2167 1287 3758 1356">
     <span class='ocr_line' id='line_1_26' title="bbox 2167 1287 3758 1356; baseline -0.003 -10"><span class='ocrx_word' id='word_1_152' title='bbox 2167 1291 2565 1346; x_wconf 83' lang='lat' dir='ltr'><strong>sacio&#39;Atticus.</strong></span> <span class='ocrx_word' id='word_1_153' title='bbox 2595 1288 2749 1342; x_wconf 85' lang='lat' dir='ltr'><strong>Pium</strong></span> <span class='ocrx_word' id='word_1_154' title='bbox 2794 1287 3011 1341; x_wconf 85' lang='lat' dir='ltr'><strong>interim</strong></span> <span class='ocrx_word' id='word_1_155' title='bbox 3047 1289 3291 1342; x_wconf 72' lang='lat' dir='ltr'><strong>exsulem</strong></span> <span class='ocrx_word' id='word_1_156' title='bbox 3347 1288 3575 1342; x_wconf 90' lang='lat' dir='ltr'><strong>mitibus</strong></span> <span class='ocrx_word' id='word_1_157' title='bbox 3632 1288 3758 1356; x_wconf 80' lang='lat' dir='ltr'><strong>epi-</strong></span> 
     </span>
    </p>
   </div>
   <div class='ocr_carea' id='block_1_27' title="bbox 2166 1379 3758 1451">
    <p class='ocr_par' dir='ltr' id='par_1_27' title="bbox 2166 1379 3758 1451">
     <span class='ocr_line' id='line_1_27' title="bbox 2166 1379 3758 1451; baseline -0.004 -13"><span class='ocrx_word' id='word_1_158' title='bbox 2166 1383 2321 1439; x_wconf 88' lang='lat' dir='ltr'><strong>stolis</strong></span> <span class='ocrx_word' id='word_1_159' title='bbox 2358 1381 2568 1436; x_wconf 85' lang='lat' dir='ltr'><strong>solatur</strong></span> <span class='ocrx_word' id='word_1_160' title='bbox 2602 1381 2947 1436; x_wconf 76' lang='lat' dir='ltr'><strong>Iunocentius</strong></span> <span class='ocrx_word' id='word_1_161' title='bbox 2976 1395 3110 1449; x_wconf 86' lang='lat' dir='ltr'><strong>papa</strong></span> <span class='ocrx_word' id='word_1_162' title='bbox 3179 1379 3291 1451; x_wconf 90' lang='lat' dir='ltr'><strong>(qui</strong></span> <span class='ocrx_word' id='word_1_163' title='bbox 3337 1394 3519 1434; x_wconf 89' lang='lat' dir='ltr'><strong>rerum</strong></span> <span class='ocrx_word' id='word_1_164' title='bbox 3570 1388 3758 1447; x_wconf 79' lang='lat' dir='ltr'><strong>gesta-</strong></span> 
     </span>
    </p>
   </div>
   <div class='ocr_carea' id='block_1_28' title="bbox 2168 1471 3755 1543">
    <p class='ocr_par' dir='ltr' id='par_1_28' title="bbox 2168 1471 3755 1543">
     <span class='ocr_line' id='line_1_28' title="bbox 2168 1471 3755 1543; baseline -0.001 -15"><span class='ocrx_word' id='word_1_165' title='bbox 2168 1490 2287 1528; x_wconf 77' lang='lat' dir='ltr'><strong>rum</strong></span> <span class='ocrx_word' id='word_1_166' title='bbox 2319 1489 2416 1543; x_wconf 89' lang='lat' dir='ltr'><strong>per</strong></span> <span class='ocrx_word' id='word_1_167' title='bbox 2443 1473 2612 1542; x_wconf 88' lang='lat' dir='ltr'><strong>ipsius</strong></span> <span class='ocrx_word' id='word_1_168' title='bbox 2637 1472 2850 1528; x_wconf 87' lang='lat' dir='ltr'><strong>litteras</strong></span> <span class='ocrx_word' id='word_1_169' title='bbox 2873 1475 3077 1528; x_wconf 91' lang='lat' dir='ltr'><strong>certior</strong></span> <span class='ocrx_word' id='word_1_170' title='bbox 3101 1472 3277 1528; x_wconf 89' lang='lat' dir='ltr'><strong>factus</strong></span> <span class='ocrx_word' id='word_1_171' title='bbox 3300 1471 3505 1540; x_wconf 85' lang='lat' dir='ltr'><strong>fuerat)</strong></span> <span class='ocrx_word' id='word_1_172' title='bbox 3524 1484 3578 1527; x_wconf 90' lang='lat' dir='ltr'><strong>et</strong></span> <span class='ocrx_word' id='word_1_173' title='bbox 3600 1489 3755 1527; x_wconf 83' lang='lat' dir='ltr'><strong>com-</strong></span> 
     </span>
    </p>
   </div>
   <div class='ocr_carea' id='block_1_29' title="bbox 2168 1566 3751 1638">
    <p class='ocr_par' dir='ltr' id='par_1_29' title="bbox 2168 1566 3751 1638">
     <span class='ocr_line' id='line_1_29' title="bbox 2168 1566 3751 1638; baseline 0.001 -19"><span class='ocrx_word' id='word_1_174' title='bbox 2168 1568 2430 1621; x_wconf 91' lang='lat' dir='ltr'><strong>munione</strong></span> <span class='ocrx_word' id='word_1_175' title='bbox 2465 1582 2560 1622; x_wconf 92' lang='lat' dir='ltr'><strong>sua</strong></span> <span class='ocrx_word' id='word_1_176' title='bbox 2597 1568 2944 1638; x_wconf 84' lang='lat' dir='ltr'><strong>impertitur;</strong></span> <span class='ocrx_word' id='word_1_177' title='bbox 2984 1568 3286 1636; x_wconf 79' lang='lat' dir='ltr'><strong>improbata</strong></span> <span class='ocrx_word' id='word_1_178' title='bbox 3330 1566 3622 1637; x_wconf 85' lang='lat' dir='ltr'><strong>Theophili</strong></span> <span class='ocrx_word' id='word_1_179' title='bbox 3661 1568 3751 1621; x_wconf 89' lang='lat' dir='ltr'><strong>fa-</strong></span> 
     </span>
    </p>
   </div>
   <div class='ocr_carea' id='block_1_30' title="bbox 2168 1658 3755 1729">
    <p class='ocr_par' dir='ltr' id='par_1_30' title="bbox 2168 1658 3755 1729">
     <span class='ocr_line' id='line_1_30' title="bbox 2168 1658 3755 1729; baseline 0 -16"><span class='ocrx_word' id='word_1_180' title='bbox 2168 1666 2274 1722; x_wconf 89' lang='lat' dir='ltr'><strong>cto,</strong></span> <span class='ocrx_word' id='word_1_181' title='bbox 2307 1674 2466 1727; x_wconf 90' lang='lat' dir='ltr'><strong>quem</strong></span> <span class='ocrx_word' id='word_1_182' title='bbox 2501 1669 2557 1712; x_wconf 89' lang='lat' dir='ltr'><strong>et</strong></span> <span class='ocrx_word' id='word_1_183' title='bbox 2611 1658 3072 1715; x_wconf 85' lang='lat' dir='ltr'><strong>consentientibus</strong></span> <span class='ocrx_word' id='word_1_184' title='bbox 3113 1660 3228 1715; x_wconf 87' lang='lat' dir='ltr'><strong>fere</strong></span> <span class='ocrx_word' id='word_1_185' title='bbox 3269 1660 3501 1729; x_wconf 71' lang='lat' dir='ltr'><strong>Europa:</strong></span> <span class='ocrx_word' id='word_1_186' title='bbox 3530 1661 3755 1728; x_wconf 84' lang='lat' dir='ltr'><strong>episco—</strong></span> 
     </span>
    </p>
   </div>
   <div class='ocr_carea' id='block_1_31' title="bbox 2168 1750 3758 1821">
    <p class='ocr_par' dir='ltr' id='par_1_31' title="bbox 2168 1750 3758 1821">
     <span class='ocr_line' id='line_1_31' title="bbox 2168 1750 3758 1821; baseline 0.001 -18"><span class='ocrx_word' id='word_1_187' title='bbox 2168 1750 2250 1821; x_wconf 88' lang='lat' dir='ltr'><strong>pis</strong></span> <span class='ocrx_word' id='word_1_188' title='bbox 2279 1765 2308 1803; x_wconf 88' lang='lat' dir='ltr'><strong>a</strong></span> <span class='ocrx_word' id='word_1_189' title='bbox 2338 1750 2724 1805; x_wconf 89' lang='lat' dir='ltr'><strong>communione</strong></span> <span class='ocrx_word' id='word_1_190' title='bbox 2753 1767 2853 1807; x_wconf 90' lang='lat' dir='ltr'><strong>sua</strong></span> <span class='ocrx_word' id='word_1_191' title='bbox 2889 1751 3083 1806; x_wconf 91' lang='lat' dir='ltr'><strong>deinde</strong></span> <span class='ocrx_word' id='word_1_192' title='bbox 3110 1752 3421 1821; x_wconf 83' lang='lat' dir='ltr'><strong>segregavit</strong></span> <span class='ocrx_word' id='word_1_193' title='bbox 3451 1767 3467 1816; x_wconf 90' lang='lat'><strong>;</strong></span> <span class='ocrx_word' id='word_1_194' title='bbox 3504 1765 3564 1806; x_wconf 91' lang='lat' dir='ltr'><strong>ut</strong></span> <span class='ocrx_word' id='word_1_195' title='bbox 3604 1760 3758 1821; x_wconf 89' lang='lat' dir='ltr'><strong>patet</strong></span> 
     </span>
    </p>
   </div>
   <div class='ocr_carea' id='block_1_32' title="bbox 2168 1841 3753 1909">
    <p class='ocr_par' dir='ltr' id='par_1_32' title="bbox 2168 1841 3753 1909">
     <span class='ocr_line' id='line_1_32' title="bbox 2168 1841 3753 1909; baseline 0 -14"><span class='ocrx_word' id='word_1_196' title='bbox 2168 1854 2233 1895; x_wconf 82' lang='lat' dir='ltr'><strong>ex</strong></span> <span class='ocrx_word' id='word_1_197' title='bbox 2273 1841 2502 1909; x_wconf 84' lang='lat' dir='ltr'><strong>epistola</strong></span> <span class='ocrx_word' id='word_1_198' title='bbox 2534 1841 2768 1909; x_wconf 91' lang='lat' dir='ltr'><strong>quadam</strong></span> <span class='ocrx_word' id='word_1_199' title='bbox 2804 1841 3105 1896; x_wconf 89' lang='lat' dir='ltr'><strong>Innocentii</strong></span> <span class='ocrx_word' id='word_1_200' title='bbox 3139 1842 3208 1894; x_wconf 86' lang='lat' dir='ltr'><strong>ad</strong></span> <span class='ocrx_word' id='word_1_201' title='bbox 3239 1842 3556 1905; x_wconf 81' lang='lat' dir='ltr'><strong>Arcadium,</strong></span> <span class='ocrx_word' id='word_1_202' title='bbox 3584 1857 3753 1909; x_wconf 87' lang='lat' dir='ltr'><strong>quam</strong></span> 
     </span>
    </p>
   </div>
   <div class='ocr_carea' id='block_1_33' title="bbox 560 1928 3755 2007">
    <p class='ocr_par' dir='ltr' id='par_1_33' title="bbox 560 1928 3755 2007">
     <span class='ocr_line' id='line_1_33' title="bbox 560 1928 3755 2007; baseline -0.002 -16"><span class='ocrx_word' id='word_1_203' title='bbox 560 1937 744 1991; x_wconf 78' lang='lat' dir='ltr'><strong>XVIII.</strong></span> <span class='ocrx_word' id='word_1_204' title='bbox 785 1938 1052 1991; x_wconf 79' lang='lat' dir='ltr'><strong>Caeterum</strong></span> <span class='ocrx_word' id='word_1_205' title='bbox 1091 1938 1159 1991; x_wconf 91' lang='lat' dir='ltr'><strong>de</strong></span> <span class='ocrx_word' id='word_1_206' title='bbox 1189 1937 1345 1991; x_wconf 88' lang='lat' dir='ltr'><strong>libris</strong></span> <span class='ocrx_word' id='word_1_207' title='bbox 1378 1937 1627 2007; x_wconf 87' lang='lat' dir='ltr'><strong>Origenis</strong></span> <span class='ocrx_word' id='word_1_208' title='bbox 1660 1937 1829 1990; x_wconf 91' lang='lat' dir='ltr'><strong>altum</strong></span> <span class='ocrx_word' id='word_1_209' title='bbox 1875 1936 1978 1991; x_wconf 92' lang='lat' dir='ltr'><strong>fuit</strong></span> <span class='ocrx_word' id='word_1_210' title='bbox 2002 1938 2056 1991; x_wconf 89' lang='lat' dir='ltr'><strong>in</strong></span> <span class='ocrx_word' id='word_1_211' title='bbox 2089 1934 2133 1991; x_wconf 91' lang='lat' dir='ltr'><strong>B</strong></span> <span class='ocrx_word' id='word_1_212' title='bbox 2159 1931 2420 1985; x_wconf 81' lang='lat' dir='ltr'><strong>exhibent</strong></span> <span class='ocrx_word' id='word_1_213' title='bbox 2468 1931 2732 2002; x_wconf 80' lang='lat' dir='ltr'><strong>Georgius</strong></span> <span class='ocrx_word' id='word_1_214' title='bbox 2768 1931 3169 1987; x_wconf 83' lang='lat' dir='ltr'><strong>Alexandrinus</strong></span> <span class='ocrx_word' id='word_1_215' title='bbox 3233 1930 3288 1985; x_wconf 92' lang='lat' dir='ltr'><strong>in</strong></span> <span class='ocrx_word' id='word_1_216' title='bbox 3340 1928 3463 1983; x_wconf 84' lang='lat' dir='ltr'><strong>Vita</strong></span> <span class='ocrx_word' id='word_1_217' title='bbox 3513 1929 3755 2002; x_wconf 78' lang='lat' dir='ltr'><strong>Chryso-</strong></span> 
     </span>
    </p>
   </div>
   <div class='ocr_carea' id='block_1_34' title="bbox 489 2027 2069 2096">
    <p class='ocr_par' dir='ltr' id='par_1_34' title="bbox 489 2027 2069 2096">
     <span class='ocr_line' id='line_1_34' title="bbox 489 2027 2069 2096; baseline -0.002 -12"><span class='ocrx_word' id='word_1_218' title='bbox 489 2029 849 2085; x_wconf 88' lang='lat' dir='ltr'><strong>conciliahulo</strong></span> <span class='ocrx_word' id='word_1_219' title='bbox 896 2029 1205 2083; x_wconf 89' lang='lat' dir='ltr'><strong>silentium:</strong></span> <span class='ocrx_word' id='word_1_220' title='bbox 1257 2028 1323 2081; x_wconf 92' lang='lat' dir='ltr'><strong>de</strong></span> <span class='ocrx_word' id='word_1_221' title='bbox 1362 2027 1686 2096; x_wconf 89' lang='lat' dir='ltr'><strong>Origenistis</strong></span> <span class='ocrx_word' id='word_1_222' title='bbox 1717 2042 1845 2081; x_wconf 89' lang='lat' dir='ltr'><strong>vero</strong></span> <span class='ocrx_word' id='word_1_223' title='bbox 1876 2036 2069 2096; x_wconf 62' lang='lat' dir='ltr'><strong>printer</strong></span> 
     </span>
    </p>
   </div>
   <div class='ocr_carea' id='block_1_35' title="bbox 489 2119 2069 2191">
    <p class='ocr_par' dir='ltr' id='par_1_35' title="bbox 489 2119 2069 2191">
     <span class='ocr_line' id='line_1_35' title="bbox 489 2119 2069 2191; baseline -0.001 -17"><span class='ocrx_word' id='word_1_224' title='bbox 489 2136 762 2191; x_wconf 83' lang='lat' dir='ltr'><strong>perpauca</strong></span> <span class='ocrx_word' id='word_1_225' title='bbox 798 2120 910 2185; x_wconf 89' lang='lat' dir='ltr'><strong>illa,</strong></span> <span class='ocrx_word' id='word_1_226' title='bbox 948 2136 1067 2191; x_wconf 79' lang='lat' dir='ltr'><strong>qua:</strong></span> <span class='ocrx_word' id='word_1_227' title='bbox 1093 2122 1471 2183; x_wconf 88' lang='lat' dir='ltr'><strong>disseruimus,</strong></span> <span class='ocrx_word' id='word_1_228' title='bbox 1500 2121 1613 2174; x_wconf 78' lang='lat' dir='ltr'><strong>haec</strong></span> <span class='ocrx_word' id='word_1_229' title='bbox 1635 2119 1799 2173; x_wconf 91' lang='lat' dir='ltr'><strong>etiam</strong></span> <span class='ocrx_word' id='word_1_230' title='bbox 1832 2119 2069 2173; x_wconf 91' lang='lat' dir='ltr'><strong>referun-</strong></span> 
     </span>
    </p>
   </div>
   <div class='ocr_carea' id='block_1_36' title="bbox 494 2209 2071 2280">
    <p class='ocr_par' dir='ltr' id='par_1_36' title="bbox 494 2209 2071 2280">
     <span class='ocr_line' id='line_1_36' title="bbox 494 2209 2071 2280; baseline 0.003 -17"><span class='ocrx_word' id='word_1_231' title='bbox 494 2220 625 2275; x_wconf 88' lang='lat' dir='ltr'><strong>tur;</strong></span> <span class='ocrx_word' id='word_1_232' title='bbox 668 2209 915 2265; x_wconf 87' lang='lat' dir='ltr'><strong>Scetinos</strong></span> <span class='ocrx_word' id='word_1_233' title='bbox 966 2210 1159 2264; x_wconf 87' lang='lat' dir='ltr'><strong>leniter</strong></span> <span class='ocrx_word' id='word_1_234' title='bbox 1196 2210 1492 2280; x_wconf 74' lang='lat' dir='ltr'><strong>appellasse</strong></span> <span class='ocrx_word' id='word_1_235' title='bbox 1526 2210 1914 2279; x_wconf 89' lang='lat' dir='ltr'><strong>Theophilum,</strong></span> <span class='ocrx_word' id='word_1_236' title='bbox 1946 2214 2071 2268; x_wconf 84' lang='lat' dir='ltr'><strong>hor-</strong></span> 
     </span>
    </p>
   </div>
   <div class='ocr_carea' id='block_1_37' title="bbox 492 2302 2070 2374">
    <p class='ocr_par' dir='ltr' id='par_1_37' title="bbox 492 2302 2070 2374">
     <span class='ocr_line' id='line_1_37' title="bbox 492 2302 2070 2374; baseline 0.001 -17"><span class='ocrx_word' id='word_1_237' title='bbox 492 2313 663 2357; x_wconf 90' lang='lat' dir='ltr'><strong>tatum</strong></span> <span class='ocrx_word' id='word_1_238' title='bbox 698 2318 818 2357; x_wconf 91' lang='lat' dir='ltr'><strong>esse</strong></span> <span class='ocrx_word' id='word_1_239' title='bbox 854 2303 919 2357; x_wconf 90' lang='lat' dir='ltr'><strong>ad</strong></span> <span class='ocrx_word' id='word_1_240' title='bbox 950 2304 1349 2371; x_wconf 80' lang='lat' dir='ltr'><strong>paenitentiam,</strong></span> <span class='ocrx_word' id='word_1_241' title='bbox 1386 2302 1762 2373; x_wconf 88' lang='lat' dir='ltr'><strong>impunitatem</strong></span> <span class='ocrx_word' id='word_1_242' title='bbox 1790 2316 1908 2357; x_wconf 90' lang='lat' dir='ltr'><strong>esse</strong></span> <span class='ocrx_word' id='word_1_243' title='bbox 1954 2305 2070 2374; x_wconf 82' lang='lat' dir='ltr'><strong>pol-</strong></span> 
     </span>
    </p>
   </div>
   <div class='ocr_carea' id='block_1_38' title="bbox 489 2392 2071 2466">
    <p class='ocr_par' dir='ltr' id='par_1_38' title="bbox 489 2392 2071 2466">
     <span class='ocr_line' id='line_1_38' title="bbox 489 2392 2071 2466; baseline 0.001 -18"><span class='ocrx_word' id='word_1_244' title='bbox 489 2392 726 2458; x_wconf 88' lang='lat' dir='ltr'><strong>licitum,</strong></span> <span class='ocrx_word' id='word_1_245' title='bbox 761 2392 920 2448; x_wconf 91' lang='lat' dir='ltr'><strong>simul</strong></span> <span class='ocrx_word' id='word_1_246' title='bbox 949 2408 1041 2447; x_wconf 92' lang='lat' dir='ltr'><strong>eos</strong></span> <span class='ocrx_word' id='word_1_247' title='bbox 1072 2393 1137 2447; x_wconf 91' lang='lat' dir='ltr'><strong>ad</strong></span> <span class='ocrx_word' id='word_1_248' title='bbox 1175 2394 1564 2463; x_wconf 87' lang='lat' dir='ltr'><strong>implorandam</strong></span> <span class='ocrx_word' id='word_1_249' title='bbox 1615 2395 1828 2449; x_wconf 89' lang='lat' dir='ltr'><strong>veniam</strong></span> <span class='ocrx_word' id='word_1_250' title='bbox 1863 2397 2071 2466; x_wconf 82' lang='lat' dir='ltr'><strong>magnis</strong></span> 
     </span>
    </p>
   </div>
   <div class='ocr_carea' id='block_1_39' title="bbox 490 2484 2070 2557">
    <p class='ocr_par' dir='ltr' id='par_1_39' title="bbox 490 2484 2070 2557">
     <span class='ocr_line' id='line_1_39' title="bbox 490 2484 2070 2557; baseline 0.003 -20"><span class='ocrx_word' id='word_1_251' title='bbox 490 2484 977 2540; x_wconf 80' lang='lat' dir='ltr'><strong>vociferationibus</strong></span> <span class='ocrx_word' id='word_1_252' title='bbox 1056 2485 1331 2555; x_wconf 73' lang='lat' dir='ltr'><strong>impulisse</strong></span> <span class='ocrx_word' id='word_1_253' title='bbox 1376 2487 1467 2555; x_wconf 91' lang='lat' dir='ltr'><strong>qui</strong></span> <span class='ocrx_word' id='word_1_254' title='bbox 1508 2487 1737 2541; x_wconf 90' lang='lat' dir='ltr'><strong>aderant</strong></span> <span class='ocrx_word' id='word_1_255' title='bbox 1787 2486 2070 2557; x_wconf 88' lang='lat' dir='ltr'><strong>Theophili</strong></span> 
     </span>
    </p>
   </div>
   <div class='ocr_carea' id='block_1_40' title="bbox 493 2575 2068 2645">
    <p class='ocr_par' dir='ltr' id='par_1_40' title="bbox 493 2575 2068 2645">
     <span class='ocr_line' id='line_1_40' title="bbox 493 2575 2068 2645; baseline 0.002 -16"><span class='ocrx_word' id='word_1_256' title='bbox 493 2575 827 2642; x_wconf 81' lang='lat' dir='ltr'><strong>familiares;</strong></span> <span class='ocrx_word' id='word_1_257' title='bbox 865 2592 971 2645; x_wconf 91' lang='lat' dir='ltr'><strong>qua</strong></span> <span class='ocrx_word' id='word_1_258' title='bbox 1015 2591 1073 2629; x_wconf 92' lang='lat' dir='ltr'><strong>re</strong></span> <span class='ocrx_word' id='word_1_259' title='bbox 1128 2586 1408 2645; x_wconf 88' lang='lat' dir='ltr'><strong>permotos</strong></span> <span class='ocrx_word' id='word_1_260' title='bbox 1442 2578 1740 2632; x_wconf 89' lang='lat' dir='ltr'><strong>monachos</strong></span> <span class='ocrx_word' id='word_1_261' title='bbox 1769 2592 1939 2632; x_wconf 80' lang='lat' dir='ltr'><strong>noxas</strong></span> <span class='ocrx_word' id='word_1_262' title='bbox 1966 2578 2068 2633; x_wconf 85' lang='lat' dir='ltr'><strong>sibi</strong></span> 
     </span>
    </p>
   </div>
   <div class='ocr_carea' id='block_1_41' title="bbox 496 2668 2073 2737">
    <p class='ocr_par' dir='ltr' id='par_1_41' title="bbox 496 2668 2073 2737">
     <span class='ocr_line' id='line_1_41' title="bbox 496 2668 2073 2737; baseline 0.001 -14"><span class='ocrx_word' id='word_1_263' title='bbox 496 2668 789 2723; x_wconf 89' lang='lat' dir='ltr'><strong>condonari</strong></span> <span class='ocrx_word' id='word_1_264' title='bbox 820 2669 1161 2737; x_wconf 83' lang='lat' dir='ltr'><strong>postulasse;</strong></span> <span class='ocrx_word' id='word_1_265' title='bbox 1206 2668 1383 2723; x_wconf 74' lang='lat' dir='ltr'><strong>ftedus</strong></span> <span class='ocrx_word' id='word_1_266' title='bbox 1418 2670 1583 2725; x_wconf 90' lang='lat' dir='ltr'><strong>inisse</strong></span> <span class='ocrx_word' id='word_1_267' title='bbox 1609 2686 1732 2725; x_wconf 91' lang='lat' dir='ltr'><strong>cum</strong></span> <span class='ocrx_word' id='word_1_268' title='bbox 1774 2671 1877 2725; x_wconf 90' lang='lat' dir='ltr'><strong>illis</strong></span> <span class='ocrx_word' id='word_1_269' title='bbox 1900 2670 2073 2725; x_wconf 84' lang='lat' dir='ltr'><strong>Theo-</strong></span> 
     </span>
    </p>
   </div>
   <div class='ocr_carea' id='block_1_42' title="bbox 494 2746 2091 2833">
    <p class='ocr_par' dir='ltr' id='par_1_42' title="bbox 494 2746 2091 2833">
     <span class='ocr_line' id='line_1_42' title="bbox 494 2746 2091 2833; baseline 0.003 -20"><span class='ocrx_word' id='word_1_270' title='bbox 494 2760 726 2828; x_wconf 92' lang='lat' dir='ltr'><strong>philum,</strong></span> <span class='ocrx_word' id='word_1_271' title='bbox 772 2769 828 2813; x_wconf 92' lang='lat' dir='ltr'><strong>et</strong></span> <span class='ocrx_word' id='word_1_272' title='bbox 877 2762 927 2814; x_wconf 93' lang='lat' dir='ltr'><strong>in</strong></span> <span class='ocrx_word' id='word_1_273' title='bbox 966 2760 1401 2815; x_wconf 90' lang='lat' dir='ltr'><strong>communionem</strong></span> <span class='ocrx_word' id='word_1_274' title='bbox 1452 2762 1745 2831; x_wconf 90' lang='lat' dir='ltr'><strong>recepisse,</strong></span> <span class='ocrx_word' id='word_1_275' title='bbox 1788 2774 1952 2833; x_wconf 91' lang='lat' dir='ltr'><strong>atque</strong></span> <span class='ocrx_word' id='word_1_276' title='bbox 1996 2746 2091 2818; x_wconf 68' lang='lat' dir='ltr'><strong>ita~</strong></span> 
     </span>
    </p>
   </div>
   <div class='ocr_carea' id='block_1_43' title="bbox 494 2848 2072 2924">
    <p class='ocr_par' dir='ltr' id='par_1_43' title="bbox 494 2848 2072 2924">
     <span class='ocr_line' id='line_1_43' title="bbox 494 2848 2072 2924; baseline 0.004 -23"><span class='ocrx_word' id='word_1_277' title='bbox 494 2848 724 2903; x_wconf 91' lang='lat' dir='ltr'><strong>crimine</strong></span> <span class='ocrx_word' id='word_1_278' title='bbox 758 2848 1037 2903; x_wconf 73' lang='lat' dir='ltr'><strong>absolutos</strong></span> <span class='ocrx_word' id='word_1_279' title='bbox 1068 2864 1190 2903; x_wconf 89' lang='lat' dir='ltr'><strong>esse</strong></span> <span class='ocrx_word' id='word_1_280' title='bbox 1214 2850 1542 2917; x_wconf 84' lang='lat' dir='ltr'><strong>Nitrienses,</strong></span> <span class='ocrx_word' id='word_1_281' title='bbox 1573 2866 1603 2905; x_wconf 92' lang='lat' dir='ltr'><strong>e</strong></span> <span class='ocrx_word' id='word_1_282' title='bbox 1625 2854 1824 2922; x_wconf 90' lang='lat' dir='ltr'><strong>quibus</strong></span> <span class='ocrx_word' id='word_1_283' title='bbox 1850 2854 1986 2924; x_wconf 87' lang='lat' dir='ltr'><strong>jam,</strong></span> <span class='ocrx_word' id='word_1_284' title='bbox 2013 2862 2072 2908; x_wconf 90' lang='lat' dir='ltr'><strong>ut</strong></span> 
     </span>
    </p>
   </div>
   <div class='ocr_carea' id='block_1_44' title="bbox 495 2939 2069 3010">
    <p class='ocr_par' dir='ltr' id='par_1_44' title="bbox 495 2939 2069 3010">
     <span class='ocr_line' id='line_1_44' title="bbox 495 2939 2069 3010; baseline 0.005 -18"><span class='ocrx_word' id='word_1_285' title='bbox 495 2939 754 3002; x_wconf 83' lang='lat' dir='ltr'><strong>diximus,</strong></span> <span class='ocrx_word' id='word_1_286' title='bbox 788 2941 1128 3005; x_wconf 80' lang='lat' dir='ltr'><strong>interierunt,</strong></span> <span class='ocrx_word' id='word_1_287' title='bbox 1160 2941 1453 2996; x_wconf 87' lang='lat' dir='ltr'><strong>Dioscorus</strong></span> <span class='ocrx_word' id='word_1_288' title='bbox 1481 2952 1535 2997; x_wconf 93' lang='lat' dir='ltr'><strong>et</strong></span> <span class='ocrx_word' id='word_1_289' title='bbox 1562 2942 1819 3010; x_wconf 89' lang='lat' dir='ltr'><strong>Isidorus,</strong></span> <span class='ocrx_word' id='word_1_290' title='bbox 1850 2946 2069 3000; x_wconf 81' lang='lat' dir='ltr'><strong>Ammo-</strong></span> 
     </span>
    </p>
   </div>
   <div class='ocr_carea' id='block_1_45' title="bbox 498 3030 2070 3106">
    <p class='ocr_par' dir='ltr' id='par_1_45' title="bbox 498 3030 2070 3106">
     <span class='ocr_line' id='line_1_45' title="bbox 498 3030 2070 3106; baseline 0.006 -23"><span class='ocrx_word' id='word_1_291' title='bbox 498 3030 620 3084; x_wconf 91' lang='lat' dir='ltr'><strong>nius</strong></span> <span class='ocrx_word' id='word_1_292' title='bbox 646 3046 779 3085; x_wconf 90' lang='lat' dir='ltr'><strong>vero</strong></span> <span class='ocrx_word' id='word_1_293' title='bbox 810 3034 861 3085; x_wconf 94' lang='lat' dir='ltr'><strong>in</strong></span> <span class='ocrx_word' id='word_1_294' title='bbox 897 3030 1112 3097; x_wconf 86' lang='lat' dir='ltr'><strong>Quercu</strong></span> <span class='ocrx_word' id='word_1_295' title='bbox 1142 3034 1245 3088; x_wconf 90' lang='lat' dir='ltr'><strong>sub</strong></span> <span class='ocrx_word' id='word_1_296' title='bbox 1276 3034 1389 3104; x_wconf 87' lang='lat' dir='ltr'><strong>ipsa</strong></span> <span class='ocrx_word' id='word_1_297' title='bbox 1420 3036 1610 3106; x_wconf 87' lang='lat' dir='ltr'><strong>synodi</strong></span> <span class='ocrx_word' id='word_1_298' title='bbox 1636 3035 1787 3089; x_wconf 92' lang='lat' dir='ltr'><strong>initia</strong></span> <span class='ocrx_word' id='word_1_299' title='bbox 1820 3037 2070 3092; x_wconf 87' lang='lat' dir='ltr'><strong>decesse-</strong></span> 
     </span>
    </p>
   </div>
   <div class='ocr_carea' id='block_1_46' title="bbox 498 3123 2072 3197">
    <p class='ocr_par' dir='ltr' id='par_1_46' title="bbox 498 3123 2072 3197">
     <span class='ocr_line' id='line_1_46' title="bbox 498 3123 2072 3197; baseline 0.004 -20"><span class='ocrx_word' id='word_1_300' title='bbox 498 3132 602 3177; x_wconf 77' lang='lat' dir='ltr'><strong>rat.</strong></span> <span class='ocrx_word' id='word_1_301' title='bbox 635 3123 835 3178; x_wconf 89' lang='lat' dir='ltr'><strong>Fertur</strong></span> <span class='ocrx_word' id='word_1_302' title='bbox 864 3124 1023 3194; x_wconf 86' lang='lat' dir='ltr'><strong>hujus</strong></span> <span class='ocrx_word' id='word_1_303' title='bbox 1054 3126 1233 3179; x_wconf 91' lang='lat' dir='ltr'><strong>audita</strong></span> <span class='ocrx_word' id='word_1_304' title='bbox 1269 3135 1440 3181; x_wconf 90' lang='lat' dir='ltr'><strong>morte</strong></span> <span class='ocrx_word' id='word_1_305' title='bbox 1486 3127 1854 3197; x_wconf 87' lang='lat' dir='ltr'><strong>illacrymasse</strong></span> <span class='ocrx_word' id='word_1_306' title='bbox 1896 3128 2072 3184; x_wconf 90' lang='lat' dir='ltr'><strong>Theo-</strong></span> 
     </span>
    </p>
   </div>
   <div class='ocr_carea' id='block_1_47' title="bbox 497 3217 2071 3288">
    <p class='ocr_par' dir='ltr' id='par_1_47' title="bbox 497 3217 2071 3288">
     <span class='ocr_line' id='line_1_47' title="bbox 497 3217 2071 3288; baseline 0.004 -16"><span class='ocrx_word' id='word_1_307' title='bbox 497 3218 702 3288; x_wconf 84' lang='lat' dir='ltr'><strong>philus,</strong></span> <span class='ocrx_word' id='word_1_308' title='bbox 744 3217 1031 3287; x_wconf 86' lang='lat' dir='ltr'><strong>palamque</strong></span> <span class='ocrx_word' id='word_1_309' title='bbox 1061 3218 1272 3275; x_wconf 79' lang='lat' dir='ltr'><strong>dixisse</strong></span> <span class='ocrx_word' id='word_1_310' title='bbox 1300 3220 1532 3274; x_wconf 88' lang='lat' dir='ltr'><strong>similem</strong></span> <span class='ocrx_word' id='word_1_311' title='bbox 1567 3222 1707 3274; x_wconf 90' lang='lat' dir='ltr'><strong>intcr</strong></span> <span class='ocrx_word' id='word_1_312' title='bbox 1737 3236 1864 3275; x_wconf 90' lang='lat' dir='ltr'><strong>suos</strong></span> <span class='ocrx_word' id='word_1_313' title='bbox 1898 3226 2071 3279; x_wconf 86' lang='lat' dir='ltr'><strong>nemi-</strong></span> 
     </span>
    </p>
   </div>
   <div class='ocr_carea' id='block_1_48' title="bbox 498 3307 2071 3383">
    <p class='ocr_par' dir='ltr' id='par_1_48' title="bbox 498 3307 2071 3383">
     <span class='ocr_line' id='line_1_48' title="bbox 498 3307 2071 3383; baseline 0.004 -20"><span class='ocrx_word' id='word_1_314' title='bbox 498 3324 620 3363; x_wconf 89' lang='lat' dir='ltr'><strong>nem</strong></span> <span class='ocrx_word' id='word_1_315' title='bbox 648 3308 903 3362; x_wconf 81' lang='lat' dir='ltr'><strong>habuisse</strong></span> <span class='ocrx_word' id='word_1_316' title='bbox 939 3307 1306 3362; x_wconf 85' lang='lat' dir='ltr'><strong>Ammonium.</strong></span> <span class='ocrx_word' id='word_1_317' title='bbox 1341 3310 1657 3365; x_wconf 91' lang='lat' dir='ltr'><strong>Dioscorum</strong></span> <span class='ocrx_word' id='word_1_318' title='bbox 1689 3313 1902 3380; x_wconf 87' lang='lat' dir='ltr'><strong>quidem</strong></span> <span class='ocrx_word' id='word_1_319' title='bbox 1950 3324 2071 3383; x_wconf 86' lang='lat' dir='ltr'><strong>post</strong></span> 
     </span>
    </p>
   </div>
   <div class='ocr_carea' id='block_1_49' title="bbox 498 3398 2073 3472">
    <p class='ocr_par' dir='ltr' id='par_1_49' title="bbox 498 3398 2073 3472">
     <span class='ocr_line' id='line_1_49' title="bbox 498 3398 2073 3472; baseline 0.003 -16"><span class='ocrx_word' id='word_1_320' title='bbox 498 3401 761 3471; x_wconf 79' lang='lat' dir='ltr'><strong>synodum</strong></span> <span class='ocrx_word' id='word_1_321' title='bbox 797 3410 852 3453; x_wconf 85' lang='lat' dir='ltr'><strong>et</strong></span> <span class='ocrx_word' id='word_1_322' title='bbox 883 3398 1167 3469; x_wconf 86' lang='lat' dir='ltr'><strong>Theophili</strong></span> <span class='ocrx_word' id='word_1_323' title='bbox 1202 3401 1382 3471; x_wconf 82' lang='lat' dir='ltr'><strong>fugam</strong></span> <span class='ocrx_word' id='word_1_324' title='bbox 1420 3403 1621 3457; x_wconf 90' lang='lat' dir='ltr'><strong>obiisse</strong></span> <span class='ocrx_word' id='word_1_325' title='bbox 1644 3406 1877 3472; x_wconf 91' lang='lat' dir='ltr'><strong>produnt</strong></span> <span class='ocrx_word' id='word_1_326' title='bbox 1905 3405 2073 3460; x_wconf 84' lang='lat' dir='ltr'><strong>Geor-</strong></span> 
     </span>
    </p>
   </div>
   <div class='ocr_carea' id='block_1_50' title="bbox 497 3491 2072 3566">
    <p class='ocr_par' dir='ltr' id='par_1_50' title="bbox 497 3491 2072 3566">
     <span class='ocr_line' id='line_1_50' title="bbox 497 3491 2072 3566; baseline 0.003 -21"><span class='ocrx_word' id='word_1_327' title='bbox 497 3492 617 3561; x_wconf 82' lang='lat' dir='ltr'><strong>gius</strong></span> <span class='ocrx_word' id='word_1_328' title='bbox 666 3491 1066 3545; x_wconf 84' lang='lat' dir='ltr'><strong>Alexandrinus</strong></span> <span class='ocrx_word' id='word_1_329' title='bbox 1118 3504 1173 3546; x_wconf 92' lang='lat' dir='ltr'><strong>et</strong></span> <span class='ocrx_word' id='word_1_330' title='bbox 1246 3491 1540 3558; x_wconf 86' lang='lat' dir='ltr'><strong>Socrates;</strong></span> <span class='ocrx_word' id='word_1_331' title='bbox 1592 3496 1684 3548; x_wconf 86' lang='lat' dir='ltr'><strong>sed</strong></span> <span class='ocrx_word' id='word_1_332' title='bbox 1730 3496 1782 3548; x_wconf 91' lang='lat' dir='ltr'><strong>in</strong></span> <span class='ocrx_word' id='word_1_333' title='bbox 1835 3506 2072 3566; x_wconf 88' lang='lat' dir='ltr'><strong>tempora</strong></span> 
     </span>
    </p>
   </div>
   <div class='ocr_carea' id='block_1_51' title="bbox 501 3583 2070 3658">
    <p class='ocr_par' dir='ltr' id='par_1_51' title="bbox 501 3583 2070 3658">
     <span class='ocr_line' id='line_1_51' title="bbox 501 3583 2070 3658; baseline 0.002 -20"><span class='ocrx_word' id='word_1_334' title='bbox 501 3583 708 3654; x_wconf 89' lang='lat' dir='ltr'><strong>synodo</strong></span> <span class='ocrx_word' id='word_1_335' title='bbox 744 3584 926 3651; x_wconf 84' lang='lat' dir='ltr'><strong>priora</strong></span> <span class='ocrx_word' id='word_1_336' title='bbox 955 3593 1183 3637; x_wconf 90' lang='lat' dir='ltr'><strong>mortem</strong></span> <span class='ocrx_word' id='word_1_337' title='bbox 1232 3584 1403 3653; x_wconf 92' lang='lat' dir='ltr'><strong>ipsius</strong></span> <span class='ocrx_word' id='word_1_338' title='bbox 1452 3584 1788 3643; x_wconf 79' lang='lat' dir='ltr'><strong>Sozomenus</strong></span> <span class='ocrx_word' id='word_1_339' title='bbox 1832 3589 2070 3658; x_wconf 87' lang='lat' dir='ltr'><strong>conjicit,</strong></span> 
     </span>
    </p>
   </div>
   <div class='ocr_carea' id='block_1_52' title="bbox 499 3674 2073 3744">
    <p class='ocr_par' dir='ltr' id='par_1_52' title="bbox 499 3674 2073 3744">
     <span class='ocr_line' id='line_1_52' title="bbox 499 3674 2073 3744; baseline 0.003 -16"><span class='ocrx_word' id='word_1_340' title='bbox 499 3675 583 3728; x_wconf 83' lang='lat' dir='ltr'><strong>cui</strong></span> <span class='ocrx_word' id='word_1_341' title='bbox 611 3675 938 3743; x_wconf 68' lang='lat' dir='ltr'><strong>praecipuam</strong></span> <span class='ocrx_word' id='word_1_342' title='bbox 982 3674 1141 3727; x_wconf 86' lang='lat' dir='ltr'><strong>Iidem</strong></span> <span class='ocrx_word' id='word_1_343' title='bbox 1191 3675 1500 3731; x_wconf 87' lang='lat' dir='ltr'><strong>tribuimus.</strong></span> <span class='ocrx_word' id='word_1_344' title='bbox 1530 3678 1708 3744; x_wconf 82' lang='lat' dir='ltr'><strong>Atque</strong></span> <span class='ocrx_word' id='word_1_345' title='bbox 1742 3678 1820 3731; x_wconf 88' lang='lat' dir='ltr'><strong>ita</strong></span> <span class='ocrx_word' id='word_1_346' title='bbox 1857 3680 2073 3733; x_wconf 88' lang='lat' dir='ltr'><strong>demum</strong></span> 
     </span>
    </p>
   </div>
   <div class='ocr_carea' id='block_1_53' title="bbox 500 3765 2073 3841">
    <p class='ocr_par' dir='ltr' id='par_1_53' title="bbox 500 3765 2073 3841">
     <span class='ocr_line' id='line_1_53' title="bbox 500 3765 2073 3841; baseline 0.004 -20"><span class='ocrx_word' id='word_1_347' title='bbox 500 3766 780 3836; x_wconf 80' lang='lat' dir='ltr'><strong>conSOpita</strong></span> <span class='ocrx_word' id='word_1_348' title='bbox 814 3775 897 3820; x_wconf 88' lang='lat' dir='ltr'><strong>est</strong></span> <span class='ocrx_word' id='word_1_349' title='bbox 928 3766 1099 3821; x_wconf 91' lang='lat' dir='ltr'><strong>tristis</strong></span> <span class='ocrx_word' id='word_1_350' title='bbox 1124 3765 1213 3820; x_wconf 85' lang='lat' dir='ltr'><strong>illa</strong></span> <span class='ocrx_word' id='word_1_351' title='bbox 1261 3777 1315 3821; x_wconf 91' lang='lat' dir='ltr'><strong>et</strong></span> <span class='ocrx_word' id='word_1_352' title='bbox 1365 3768 1686 3823; x_wconf 87' lang='lat' dir='ltr'><strong>calamitosa</strong></span> <span class='ocrx_word' id='word_1_353' title='bbox 1724 3770 1791 3825; x_wconf 88' lang='lat' dir='ltr'><strong>de</strong></span> <span class='ocrx_word' id='word_1_354' title='bbox 1823 3769 2073 3841; x_wconf 90' lang='lat' dir='ltr'><strong>Origenis</strong></span> 
     </span>
    </p>
   </div>
   <div class='ocr_carea' id='block_1_54' title="bbox 499 3858 2075 3927">
    <p class='ocr_par' dir='ltr' id='par_1_54' title="bbox 499 3858 2075 3927">
     <span class='ocr_line' id='line_1_54' title="bbox 499 3858 2075 3927; baseline 0.003 -15"><span class='ocrx_word' id='word_1_355' title='bbox 499 3858 779 3913; x_wconf 88' lang='lat' dir='ltr'><strong>erroribus</strong></span> <span class='ocrx_word' id='word_1_356' title='bbox 824 3859 1240 3913; x_wconf 86' lang='lat' dir='ltr'><strong>controversia:</strong></span> <span class='ocrx_word' id='word_1_357' title='bbox 1280 3861 1530 3927; x_wconf 91' lang='lat' dir='ltr'><strong>quamvis</strong></span> <span class='ocrx_word' id='word_1_358' title='bbox 1570 3862 1713 3914; x_wconf 90' lang='lat' dir='ltr'><strong>enim</strong></span> <span class='ocrx_word' id='word_1_359' title='bbox 1765 3863 1895 3917; x_wconf 91' lang='lat' dir='ltr'><strong>hinc</strong></span> <span class='ocrx_word' id='word_1_360' title='bbox 1941 3874 2075 3918; x_wconf 69' lang='lat' dir='ltr'><strong>ortae</strong></span> 
     </span>
    </p>
   </div>
   <div class='ocr_carea' id='block_1_55' title="bbox 499 3951 2072 4020">
    <p class='ocr_par' dir='ltr' id='par_1_55' title="bbox 499 3951 2072 4020">
     <span class='ocr_line' id='line_1_55' title="bbox 499 3951 2072 4020; baseline 0.004 -15"><span class='ocrx_word' id='word_1_361' title='bbox 499 3952 606 4005; x_wconf 87' lang='lat' dir='ltr'><strong>sint</strong></span> <span class='ocrx_word' id='word_1_362' title='bbox 639 3958 987 4018; x_wconf 84' lang='lat' dir='ltr'><strong>tempestates</strong></span> <span class='ocrx_word' id='word_1_363' title='bbox 1014 3960 1069 4003; x_wconf 94' lang='lat' dir='ltr'><strong>et</strong></span> <span class='ocrx_word' id='word_1_364' title='bbox 1092 3951 1379 4017; x_wconf 90' lang='lat' dir='ltr'><strong>tumultus,</strong></span> <span class='ocrx_word' id='word_1_365' title='bbox 1409 3952 1607 4020; x_wconf 88' lang='lat' dir='ltr'><strong>quibus</strong></span> <span class='ocrx_word' id='word_1_366' title='bbox 1637 3964 1833 4007; x_wconf 83' lang='lat' dir='ltr'><strong>vexata</strong></span> <span class='ocrx_word' id='word_1_367' title='bbox 1875 3955 2072 4011; x_wconf 89' lang='lat' dir='ltr'><strong>deinde</strong></span> 
     </span>
    </p>
   </div>
   <div class='ocr_carea' id='block_1_56' title="bbox 500 4043 2065 4115">
    <p class='ocr_par' dir='ltr' id='par_1_56' title="bbox 500 4043 2065 4115">
     <span class='ocr_line' id='line_1_56' title="bbox 500 4043 2065 4115; baseline 0.002 -17"><span class='ocrx_word' id='word_1_368' title='bbox 500 4052 556 4098; x_wconf 91' lang='lat' dir='ltr'><strong>et</strong></span> <span class='ocrx_word' id='word_1_369' title='bbox 606 4045 821 4097; x_wconf 86' lang='lat' dir='ltr'><strong>turbata</strong></span> <span class='ocrx_word' id='word_1_370' title='bbox 872 4043 1126 4115; x_wconf 34' lang='lat' dir='ltr'><strong>Ecclesia.</strong></span> <span class='ocrx_word' id='word_1_371' title='bbox 1160 4050 1263 4108; x_wconf 88' lang='lat' dir='ltr'><strong>est,</strong></span> <span class='ocrx_word' id='word_1_372' title='bbox 1295 4046 1678 4100; x_wconf 87' lang='lat' dir='ltr'><strong>accedentibus</strong></span> <span class='ocrx_word' id='word_1_373' title='bbox 1729 4056 1906 4101; x_wconf 89' lang='lat' dir='ltr'><strong>tamen</strong></span> <span class='ocrx_word' id='word_1_374' title='bbox 1938 4048 2065 4102; x_wconf 88' lang='lat' dir='ltr'><strong>sub-</strong></span> 
     </span>
    </p>
   </div>
   <div class='ocr_carea' id='block_1_57' title="bbox 504 4132 2072 4207">
    <p class='ocr_par' dir='ltr' id='par_1_57' title="bbox 504 4132 2072 4207">
     <span class='ocr_line' id='line_1_57' title="bbox 504 4132 2072 4207; baseline 0.003 -19"><span class='ocrx_word' id='word_1_375' title='bbox 504 4135 626 4189; x_wconf 91' lang='lat' dir='ltr'><strong>inde</strong></span> <span class='ocrx_word' id='word_1_376' title='bbox 681 4132 836 4187; x_wconf 87' lang='lat' dir='ltr'><strong>novis</strong></span> <span class='ocrx_word' id='word_1_377' title='bbox 895 4136 1241 4204; x_wconf 82' lang='lat' dir='ltr'><strong>querelarum</strong></span> <span class='ocrx_word' id='word_1_378' title='bbox 1294 4146 1348 4190; x_wconf 93' lang='lat' dir='ltr'><strong>et</strong></span> <span class='ocrx_word' id='word_1_379' title='bbox 1388 4136 1495 4191; x_wconf 91' lang='lat' dir='ltr'><strong>odii</strong></span> <span class='ocrx_word' id='word_1_380' title='bbox 1549 4140 1907 4207; x_wconf 85' lang='lat' dir='ltr'><strong>argumentis,</strong></span> <span class='ocrx_word' id='word_1_381' title='bbox 1946 4140 2072 4193; x_wconf 89' lang='lat' dir='ltr'><strong>dum</strong></span> 
     </span>
    </p>
   </div>
   <div class='ocr_carea' id='block_1_58' title="bbox 503 4229 2074 4299">
    <p class='ocr_par' dir='ltr' id='par_1_58' title="bbox 503 4229 2074 4299">
     <span class='ocr_line' id='line_1_58' title="bbox 503 4229 2074 4299; baseline 0.002 -18"><span class='ocrx_word' id='word_1_382' title='bbox 503 4238 696 4299; x_wconf 71' lang='lat' dir='ltr'><strong>praesto</strong></span> <span class='ocrx_word' id='word_1_383' title='bbox 724 4238 852 4283; x_wconf 92' lang='lat' dir='ltr'><strong>sunt</strong></span> <span class='ocrx_word' id='word_1_384' title='bbox 886 4231 1220 4284; x_wconf 88' lang='lat' dir='ltr'><strong>recentiores</strong></span> <span class='ocrx_word' id='word_1_385' title='bbox 1276 4229 1520 4297; x_wconf 70' lang='lat' dir='ltr'><strong>ol‘fensm,</strong></span> <span class='ocrx_word' id='word_1_386' title='bbox 1557 4240 1770 4285; x_wconf 86' lang='lat' dir='ltr'><strong>veteres</strong></span> <span class='ocrx_word' id='word_1_387' title='bbox 1818 4232 2074 4285; x_wconf 81' lang='lat' dir='ltr'><strong>exoleve-</strong></span> 
     </span>
    </p>
   </div>
   <div class='ocr_carea' id='block_1_59' title="bbox 502 4320 2076 4390">
    <p class='ocr_par' dir='ltr' id='par_1_59' title="bbox 502 4320 2076 4390">
     <span class='ocr_line' id='line_1_59' title="bbox 502 4320 2076 4390; baseline 0.001 -15"><span class='ocrx_word' id='word_1_388' title='bbox 502 4331 653 4375; x_wconf 89' lang='lat' dir='ltr'><strong>runt.</strong></span> <span class='ocrx_word' id='word_1_389' title='bbox 686 4320 883 4374; x_wconf 82' lang='lat' dir='ltr'><strong>Paucis</strong></span> <span class='ocrx_word' id='word_1_390' title='bbox 909 4320 1092 4390; x_wconf 89' lang='lat' dir='ltr'><strong>itaque</strong></span> <span class='ocrx_word' id='word_1_391' title='bbox 1121 4328 1174 4374; x_wconf 91' lang='lat' dir='ltr'><strong>et</strong></span> <span class='ocrx_word' id='word_1_392' title='bbox 1201 4320 1406 4374; x_wconf 81' lang='lat' dir='ltr'><strong>cursim</strong></span> <span class='ocrx_word' id='word_1_393' title='bbox 1442 4335 1560 4389; x_wconf 73' lang='lat' dir='ltr'><strong>qua:</strong></span> <span class='ocrx_word' id='word_1_394' title='bbox 1595 4333 1886 4390; x_wconf 86' lang='lat' dir='ltr'><strong>supersunt</strong></span> <span class='ocrx_word' id='word_1_395' title='bbox 1916 4324 2076 4377; x_wconf 90' lang='lat' dir='ltr'><strong>attin-</strong></span> 
     </span>
    </p>
   </div>
   <div class='ocr_carea' id='block_1_60' title="bbox 502 4427 713 4481">
    <p class='ocr_par' dir='ltr' id='par_1_60' title="bbox 502 4427 713 4481">
     <span class='ocr_line' id='line_1_60' title="bbox 502 4427 713 4481; baseline 0.014 -19"><span class='ocrx_word' id='word_1_396' title='bbox 502 4427 713 4481; x_wconf 81' lang='lat' dir='ltr'><strong>gamus.</strong></span> 
     </span>
    </p>
   </div>
   <div class='ocr_carea' id='block_1_61' title="bbox 578 4500 2071 4569">
    <p class='ocr_par' dir='ltr' id='par_1_61' title="bbox 578 4500 2071 4569">
     <span class='ocr_line' id='line_1_61' title="bbox 578 4500 2071 4569; baseline 0.005 -16"><span class='ocrx_word' id='word_1_397' title='bbox 578 4500 716 4555; x_wconf 77' lang='lat' dir='ltr'><strong>XIX.</strong></span> <span class='ocrx_word' id='word_1_398' title='bbox 769 4503 926 4555; x_wconf 80' lang='lat' dir='ltr'><strong>Anno</strong></span> <span class='ocrx_word' id='word_1_399' title='bbox 967 4502 1168 4557; x_wconf 86' lang='lat' dir='ltr'><strong>Christi</strong></span> <span class='ocrx_word' id='word_1_400' title='bbox 1214 4502 1341 4569; x_wconf 64' lang='lat'><strong>405,</strong></span> <span class='ocrx_word' id='word_1_401' title='bbox 1390 4502 1537 4558; x_wconf 90' lang='lat' dir='ltr'><strong>circa</strong></span> <span class='ocrx_word' id='word_1_402' title='bbox 1586 4519 1827 4560; x_wconf 90' lang='lat' dir='ltr'><strong>mensem</strong></span> <span class='ocrx_word' id='word_1_403' title='bbox 1874 4504 2071 4561; x_wconf 89' lang='lat' dir='ltr'><strong>Julium</strong></span> 
     </span>
    </p>
   </div>
   <div class='ocr_carea' id='block_1_62' title="bbox 504 4593 2065 4668">
    <p class='ocr_par' dir='ltr' id='par_1_62' title="bbox 504 4593 2065 4668">
     <span class='ocr_line' id='line_1_62' title="bbox 504 4593 2065 4668; baseline 0.004 -21"><span class='ocrx_word' id='word_1_404' title='bbox 504 4594 863 4655; x_wconf 89' lang='lat' dir='ltr'><strong>conventicuIi</strong></span> <span class='ocrx_word' id='word_1_405' title='bbox 900 4593 1172 4663; x_wconf 80' lang='lat' dir='ltr'><strong>squragiis</strong></span> <span class='ocrx_word' id='word_1_406' title='bbox 1202 4605 1591 4651; x_wconf 84' lang='lat' dir='ltr'><strong>exauctoratur</strong></span> <span class='ocrx_word' id='word_1_407' title='bbox 1619 4595 2065 4668; x_wconf 88' lang='lat' dir='ltr'><strong>Chrysostomus.</strong></span> 
     </span>
    </p>
   </div>
   <div class='ocr_carea' id='block_1_63' title="bbox 506 4684 2074 4755">
    <p class='ocr_par' dir='ltr' id='par_1_63' title="bbox 506 4684 2074 4755">
     <span class='ocr_line' id='line_1_63' title="bbox 506 4684 2074 4755; baseline 0.004 -18"><span class='ocrx_word' id='word_1_408' title='bbox 506 4684 561 4737; x_wconf 82' lang='lat' dir='ltr'><strong>Itl</strong></span> <span class='ocrx_word' id='word_1_409' title='bbox 596 4700 759 4737; x_wconf 89' lang='lat' dir='ltr'><strong>unum</strong></span> <span class='ocrx_word' id='word_1_410' title='bbox 790 4686 1153 4739; x_wconf 84' lang='lat' dir='ltr'><strong>causabantur</strong></span> <span class='ocrx_word' id='word_1_411' title='bbox 1181 4686 1441 4755; x_wconf 89' lang='lat' dir='ltr'><strong>episcopi,</strong></span> <span class='ocrx_word' id='word_1_412' title='bbox 1475 4692 1617 4755; x_wconf 87' lang='lat' dir='ltr'><strong>quod</strong></span> <span class='ocrx_word' id='word_1_413' title='bbox 1664 4689 1934 4743; x_wconf 86' lang='lat' dir='ltr'><strong>mandatis</strong></span> <span class='ocrx_word' id='word_1_414' title='bbox 1961 4691 2074 4745; x_wconf 92' lang='lat' dir='ltr'><strong>suis</strong></span> 
     </span>
    </p>
   </div>
   <div class='ocr_carea' id='block_1_64' title="bbox 509 4776 2071 4847">
    <p class='ocr_par' dir='ltr' id='par_1_64' title="bbox 509 4776 2071 4847">
     <span class='ocr_line' id='line_1_64' title="bbox 509 4776 2071 4847; baseline 0.006 -21"><span class='ocrx_word' id='word_1_415' title='bbox 509 4776 716 4828; x_wconf 91' lang='lat' dir='ltr'><strong>accitus</strong></span> <span class='ocrx_word' id='word_1_416' title='bbox 748 4776 1054 4828; x_wconf 82' lang='lat' dir='ltr'><strong>audientem</strong></span> <span class='ocrx_word' id='word_1_417' title='bbox 1093 4790 1153 4830; x_wconf 85' lang='lat' dir='ltr'><strong>se</strong></span> <span class='ocrx_word' id='word_1_418' title='bbox 1185 4793 1290 4831; x_wconf 89' lang='lat' dir='ltr'><strong>non</strong></span> <span class='ocrx_word' id='word_1_419' title='bbox 1325 4778 1664 4847; x_wconf 66' lang='lat' dir='ltr'><strong>prtebuisset.</strong></span> <span class='ocrx_word' id='word_1_420' title='bbox 1712 4778 1817 4833; x_wconf 89' lang='lat' dir='ltr'><strong>Per</strong></span> <span class='ocrx_word' id='word_1_421' title='bbox 1850 4796 2071 4835; x_wconf 83' lang='lat' dir='ltr'><strong>causam</strong></span> 
     </span>
    </p>
   </div>
   <div class='ocr_carea' id='block_1_65' title="bbox 503 4869 2075 4940">
    <p class='ocr_par' dir='ltr' id='par_1_65' title="bbox 503 4869 2075 4940">
     <span class='ocr_line' id='line_1_65' title="bbox 503 4869 2075 4940; baseline 0.005 -19"><span class='ocrx_word' id='word_1_422' title='bbox 503 4883 635 4923; x_wconf 86' lang='lat' dir='ltr'><strong>vero</strong></span> <span class='ocrx_word' id='word_1_423' title='bbox 683 4869 761 4923; x_wconf 90' lang='lat' dir='ltr'><strong>rei</strong></span> <span class='ocrx_word' id='word_1_424' title='bbox 814 4880 979 4936; x_wconf 71' lang='lat' dir='ltr'><strong>gesta:</strong></span> <span class='ocrx_word' id='word_1_425' title='bbox 1022 4870 1090 4923; x_wconf 90' lang='lat' dir='ltr'><strong>ad</strong></span> <span class='ocrx_word' id='word_1_426' title='bbox 1130 4870 1514 4940; x_wconf 87' lang='lat' dir='ltr'><strong>imperatorem</strong></span> <span class='ocrx_word' id='word_1_427' title='bbox 1561 4872 1878 4939; x_wconf 62' lang='lat' dir='ltr'><strong>referendae,</strong></span> <span class='ocrx_word' id='word_1_428' title='bbox 1939 4874 2075 4929; x_wconf 68' lang='lat' dir='ltr'><strong>laesae</strong></span> 
     </span>
    </p>
   </div>
   <div class='ocr_carea' id='block_1_66' title="bbox 505 4960 2071 5035">
    <p class='ocr_par' dir='ltr' id='par_1_66' title="bbox 505 4960 2071 5035">
     <span class='ocr_line' id='line_1_66' title="bbox 505 4960 2071 5035; baseline 0.007 -24"><span class='ocrx_word' id='word_1_429' title='bbox 505 4976 717 5028; x_wconf 83' lang='lat' dir='ltr'><strong>quoque</strong></span> <span class='ocrx_word' id='word_1_430' title='bbox 759 4960 1053 5029; x_wconf 86' lang='lat' dir='ltr'><strong>majestatis</strong></span> <span class='ocrx_word' id='word_1_431' title='bbox 1090 4964 1538 5035; x_wconf 85' lang='lat' dir='ltr'><strong>Chrysostomum</strong></span> <span class='ocrx_word' id='word_1_432' title='bbox 1571 4966 1709 5035; x_wconf 87' lang='lat' dir='ltr'><strong>apud</strong></span> <span class='ocrx_word' id='word_1_433' title='bbox 1768 4966 1943 5035; x_wconf 92' lang='lat' dir='ltr'><strong>ipsum</strong></span> <span class='ocrx_word' id='word_1_434' title='bbox 1974 4982 2071 5022; x_wconf 88' lang='lat' dir='ltr'><strong>ac-</strong></span> 
     </span>
    </p>
   </div>
   <div class='ocr_carea' id='block_1_67' title="bbox 506 5053 2074 5122">
    <p class='ocr_par' dir='ltr' id='par_1_67' title="bbox 506 5053 2074 5122">
     <span class='ocr_line' id='line_1_67' title="bbox 506 5053 2074 5122; baseline 0.006 -19"><span class='ocrx_word' id='word_1_435' title='bbox 506 5062 717 5109; x_wconf 82' lang='lat' dir='ltr'><strong>cusant,</strong></span> <span class='ocrx_word' id='word_1_436' title='bbox 746 5053 941 5122; x_wconf 90' lang='lat' dir='ltr'><strong>quippe</strong></span> <span class='ocrx_word' id='word_1_437' title='bbox 974 5056 1074 5107; x_wconf 91' lang='lat' dir='ltr'><strong>sub</strong></span> <span class='ocrx_word' id='word_1_438' title='bbox 1101 5055 1365 5110; x_wconf 71' lang='lat' dir='ltr'><strong>Jezahela:</strong></span> <span class='ocrx_word' id='word_1_439' title='bbox 1393 5067 1446 5110; x_wconf 91' lang='lat' dir='ltr'><strong>et</strong></span> <span class='ocrx_word' id='word_1_440' title='bbox 1476 5056 1795 5112; x_wconf 84' lang='lat' dir='ltr'><strong>Ilerodiadis</strong></span> <span class='ocrx_word' id='word_1_441' title='bbox 1842 5060 2074 5113; x_wconf 89' lang='lat' dir='ltr'><strong>nomini-</strong></span> 
     </span>
    </p>
   </div>
   <div class='ocr_carea' id='block_1_68' title="bbox 511 5140 2073 5215">
    <p class='ocr_par' dir='ltr' id='par_1_68' title="bbox 511 5140 2073 5215">
     <span class='ocr_line' id='line_1_68' title="bbox 511 5140 2073 5215; baseline 0.007 -22"><span class='ocrx_word' id='word_1_442' title='bbox 511 5140 612 5195; x_wconf 88' lang='lat' dir='ltr'><strong>bus</strong></span> <span class='ocrx_word' id='word_1_443' title='bbox 651 5144 860 5211; x_wconf 87' lang='lat' dir='ltr'><strong>publice</strong></span> <span class='ocrx_word' id='word_1_444' title='bbox 896 5146 1034 5213; x_wconf 89' lang='lat' dir='ltr'><strong>apnd</strong></span> <span class='ocrx_word' id='word_1_445' title='bbox 1064 5146 1317 5215; x_wconf 82' lang='lat' dir='ltr'><strong>populum</strong></span> <span class='ocrx_word' id='word_1_446' title='bbox 1347 5149 1693 5215; x_wconf 79' lang='lat' dir='ltr'><strong>perstrictum</strong></span> <span class='ocrx_word' id='word_1_447' title='bbox 1721 5150 1790 5203; x_wconf 90' lang='lat' dir='ltr'><strong>ab</strong></span> <span class='ocrx_word' id='word_1_448' title='bbox 1816 5165 1881 5203; x_wconf 93' lang='lat' dir='ltr'><strong>eo</strong></span> <span class='ocrx_word' id='word_1_449' title='bbox 1907 5150 2073 5204; x_wconf 86' lang='lat' dir='ltr'><strong>fuisse</strong></span> 
     </span>
    </p>
   </div>
   <div class='ocr_carea' id='block_1_69' title="bbox 507 5233 2078 5296">
    <p class='ocr_par' dir='ltr' id='par_1_69' title="bbox 507 5233 2078 5296">
     <span class='ocr_line' id='line_1_69' title="bbox 507 5233 2078 5296; baseline 0.006 -10"><span class='ocrx_word' id='word_1_450' title='bbox 507 5233 826 5289; x_wconf 80' lang='lat' dir='ltr'><strong>Eudoxiam.</strong></span> <span class='ocrx_word' id='word_1_451' title='bbox 863 5234 1062 5290; x_wconf 83' lang='lat' dir='ltr'><strong>Verum</strong></span> <span class='ocrx_word' id='word_1_452' title='bbox 1094 5237 1329 5293; x_wconf 86' lang='lat' dir='ltr'><strong>Arcadio</strong></span> <span class='ocrx_word' id='word_1_453' title='bbox 1355 5238 1490 5291; x_wconf 86' lang='lat' dir='ltr'><strong>satis</strong></span> <span class='ocrx_word' id='word_1_454' title='bbox 1532 5239 1630 5293; x_wconf 90' lang='lat' dir='ltr'><strong>fuit</strong></span> <span class='ocrx_word' id='word_1_455' title='bbox 1673 5239 1934 5295; x_wconf 79' lang='lat' dir='ltr'><strong>Joannem</strong></span> <span class='ocrx_word' id='word_1_456' title='bbox 1975 5241 2078 5296; x_wconf 82' lang='lat' dir='ltr'><strong>Ec-</strong></span> 
     </span>
    </p>
   </div>
   <div class='ocr_carea' id='block_1_70' title="bbox 507 5323 2067 5395">
    <p class='ocr_par' dir='ltr' id='par_1_70' title="bbox 507 5323 2067 5395">
     <span class='ocr_line' id='line_1_70' title="bbox 507 5323 2067 5395; baseline 0.006 -16"><span class='ocrx_word' id='word_1_457' title='bbox 507 5323 670 5379; x_wconf 86' lang='lat' dir='ltr'><strong>clesia</strong></span> <span class='ocrx_word' id='word_1_458' title='bbox 718 5325 1005 5395; x_wconf 89' lang='lat' dir='ltr'><strong>depulisse,</strong></span> <span class='ocrx_word' id='word_1_459' title='bbox 1046 5327 1216 5381; x_wconf 88' lang='lat' dir='ltr'><strong>missu</strong></span> <span class='ocrx_word' id='word_1_460' title='bbox 1246 5330 1312 5382; x_wconf 81' lang='lat' dir='ltr'><strong>ad</strong></span> <span class='ocrx_word' id='word_1_461' title='bbox 1346 5330 1397 5383; x_wconf 93' lang='lat' dir='ltr'><strong>id</strong></span> <span class='ocrx_word' id='word_1_462' title='bbox 1426 5331 1625 5385; x_wconf 85' lang='lat' dir='ltr'><strong>comite</strong></span> <span class='ocrx_word' id='word_1_463' title='bbox 1668 5342 1723 5384; x_wconf 90' lang='lat' dir='ltr'><strong>et</strong></span> <span class='ocrx_word' id='word_1_464' title='bbox 1780 5331 2067 5391; x_wconf 90' lang='lat' dir='ltr'><strong>militibus.</strong></span> 
     </span>
    </p>
   </div>
   <div class='ocr_carea' id='block_1_71' title="bbox 507 5413 2075 5490">
    <p class='ocr_par' dir='ltr' id='par_1_71' title="bbox 507 5413 2075 5490">
     <span class='ocr_line' id='line_1_71' title="bbox 507 5413 2075 5490; baseline 0.005 -23"><span class='ocrx_word' id='word_1_465' title='bbox 507 5413 890 5469; x_wconf 81' lang='lat' dir='ltr'><strong>Tumultuante</strong></span> <span class='ocrx_word' id='word_1_466' title='bbox 927 5416 1120 5471; x_wconf 90' lang='lat' dir='ltr'><strong>deinde</strong></span> <span class='ocrx_word' id='word_1_467' title='bbox 1160 5418 1380 5486; x_wconf 89' lang='lat' dir='ltr'><strong>populo,</strong></span> <span class='ocrx_word' id='word_1_468' title='bbox 1411 5430 1465 5473; x_wconf 92' lang='lat' dir='ltr'><strong>et</strong></span> <span class='ocrx_word' id='word_1_469' title='bbox 1496 5420 1872 5490; x_wconf 88' lang='lat' dir='ltr'><strong>Chrysostomi</strong></span> <span class='ocrx_word' id='word_1_470' title='bbox 1907 5424 2075 5477; x_wconf 85' lang='lat' dir='ltr'><strong>resti-</strong></span> 
     </span>
    </p>
   </div>
   <div class='ocr_carea' id='block_1_72' title="bbox 510 5503 2071 5580">
    <p class='ocr_par' dir='ltr' id='par_1_72' title="bbox 510 5503 2071 5580">
     <span class='ocr_line' id='line_1_72' title="bbox 510 5503 2071 5580; baseline 0.006 -24"><span class='ocrx_word' id='word_1_471' title='bbox 510 5503 769 5557; x_wconf 92' lang='lat' dir='ltr'><strong>tutionem</strong></span> <span class='ocrx_word' id='word_1_472' title='bbox 811 5505 1066 5559; x_wconf 88' lang='lat' dir='ltr'><strong>seditiose</strong></span> <span class='ocrx_word' id='word_1_473' title='bbox 1119 5517 1450 5575; x_wconf 84' lang='lat' dir='ltr'><strong>postulante,</strong></span> <span class='ocrx_word' id='word_1_474' title='bbox 1498 5508 1780 5579; x_wconf 86' lang='lat' dir='ltr'><strong>ingruente</strong></span> <span class='ocrx_word' id='word_1_475' title='bbox 1808 5521 2071 5580; x_wconf 66' lang='lat' dir='ltr'><strong>praeterea</strong></span> 
     </span>
    </p>
   </div>
   <div class='ocr_carea' id='block_1_73' title="bbox 515 5596 2073 5671">
    <p class='ocr_par' dir='ltr' id='par_1_73' title="bbox 515 5596 2073 5671">
     <span class='ocr_line' id='line_1_73' title="bbox 515 5596 2073 5671; baseline 0.007 -25"><span class='ocrx_word' id='word_1_476' title='bbox 515 5596 612 5651; x_wconf 76' lang='lat' dir='ltr'><strong>sub</strong></span> <span class='ocrx_word' id='word_1_477' title='bbox 663 5596 829 5664; x_wconf 90' lang='lat' dir='ltr'><strong>ipsam</strong></span> <span class='ocrx_word' id='word_1_478' title='bbox 879 5608 1114 5663; x_wconf 86' lang='lat' dir='ltr'><strong>noctem,</strong></span> <span class='ocrx_word' id='word_1_479' title='bbox 1174 5614 1293 5667; x_wconf 76' lang='lat' dir='ltr'><strong>quae</strong></span> <span class='ocrx_word' id='word_1_480' title='bbox 1346 5600 1515 5670; x_wconf 89' lang='lat' dir='ltr'><strong>ipsius</strong></span> <span class='ocrx_word' id='word_1_481' title='bbox 1566 5602 1769 5654; x_wconf 82' lang='lat' dir='ltr'><strong>exitum</strong></span> <span class='ocrx_word' id='word_1_482' title='bbox 1830 5602 2073 5671; x_wconf 81' lang='lat' dir='ltr'><strong>proxime</strong></span> 
     </span>
    </p>
   </div>
   <div class='ocr_carea' id='block_1_74' title="bbox 533 5692 2074 5763">
    <p class='ocr_par' dir='ltr' id='par_1_74' title="bbox 533 5692 2074 5763">
     <span class='ocr_line' id='line_1_74' title="bbox 533 5692 2074 5763; baseline 0.01 -27"><span class='ocrx_word' id='word_1_483' title='bbox 533 5698 807 5743; x_wconf 79' lang='lat' dir='ltr'><strong>:onsecuta</strong></span> <span class='ocrx_word' id='word_1_484' title='bbox 856 5698 958 5753; x_wconf 89' lang='lat' dir='ltr'><strong>cst,</strong></span> <span class='ocrx_word' id='word_1_485' title='bbox 1004 5699 1161 5745; x_wconf 70' lang='lat' dir='ltr'><strong>terra:</strong></span> <span class='ocrx_word' id='word_1_486' title='bbox 1215 5702 1383 5758; x_wconf 88' lang='lat' dir='ltr'><strong>motu,</strong></span> <span class='ocrx_word' id='word_1_487' title='bbox 1434 5692 1505 5745; x_wconf 89' lang='lat' dir='ltr'><strong>ita</strong></span> <span class='ocrx_word' id='word_1_488' title='bbox 1555 5696 1946 5763; x_wconf 85' lang='lat' dir='ltr'><strong>perterrefacta</strong></span> <span class='ocrx_word' id='word_1_489' title='bbox 1990 5706 2074 5751; x_wconf 88' lang='lat' dir='ltr'><strong>est</strong></span> 
     </span>
    </p>
   </div>
   <div class='ocr_carea' id='block_1_75' title="bbox 582 5866 2080 5949">
    <p class='ocr_par' dir='ltr' id='par_1_75' title="bbox 582 5866 2080 5949">
     <span class='ocr_line' id='line_1_75' title="bbox 582 5866 2080 5949; baseline 0.012 -33"><span class='ocrx_word' id='word_1_490' title='bbox 582 5867 624 5895; x_wconf 75' lang='grc' dir='ltr'>³ο</span> <span class='ocrx_word' id='word_1_491' title='bbox 655 5866 837 5922; x_wconf 69' lang='lat' dir='ltr'><strong>Isidor.</strong></span> <span class='ocrx_word' id='word_1_492' title='bbox 873 5868 1069 5937; x_wconf 79' lang='lat' dir='ltr'><strong>Pelus.,</strong></span> <span class='ocrx_word' id='word_1_493' title='bbox 1102 5871 1187 5925; x_wconf 78' lang='lat'><strong>5&#39;2.</strong></span> <span class='ocrx_word' id='word_1_494' title='bbox 1267 5873 1306 5904; x_wconf 84' lang='grc'><strong>³¹</strong></span> <span class='ocrx_word' id='word_1_495' title='bbox 1344 5873 1537 5928; x_wconf 85' lang='lat' dir='ltr'><strong>Baron.</strong></span> <span class='ocrx_word' id='word_1_496' title='bbox 1571 5892 1657 5929; x_wconf 87' lang='lat' dir='ltr'><strong>an.</strong></span> <span class='ocrx_word' id='word_1_497' title='bbox 1698 5877 1820 5945; x_wconf 61' lang='lat'><strong>400,</strong></span> <span class='ocrx_word' id='word_1_498' title='bbox 1845 5894 1960 5949; x_wconf 84' lang='lat' dir='ltr'><strong>cap.</strong></span> <span class='ocrx_word' id='word_1_499' title='bbox 1994 5880 2080 5934; x_wconf 77' lang='grc'><strong>58.</strong></span> 
     </span>
    </p>
   </div>
   <div class='ocr_carea' id='block_1_76' title="bbox 2169 2020 3753 2091">
    <p class='ocr_par' dir='ltr' id='par_1_76' title="bbox 2169 2020 3753 2091">
     <span class='ocr_line' id='line_1_76' title="bbox 2169 2020 3753 2091; baseline 0.001 -17"><span class='ocrx_word' id='word_1_500' title='bbox 2169 2021 2348 2086; x_wconf 69' lang='lat' dir='ltr'><strong>atomi,</strong></span> <span class='ocrx_word' id='word_1_501' title='bbox 2376 2036 2492 2090; x_wconf 88' lang='lat' dir='ltr'><strong>cap.</strong></span> <span class='ocrx_word' id='word_1_502' title='bbox 2523 2020 2610 2085; x_wconf 86' lang='lat'><strong>68,</strong></span> <span class='ocrx_word' id='word_1_503' title='bbox 2638 2030 2693 2075; x_wconf 90' lang='lat' dir='ltr'><strong>et</strong></span> <span class='ocrx_word' id='word_1_504' title='bbox 2724 2036 3028 2091; x_wconf 91' lang='lat' dir='ltr'><strong>anonymus</strong></span> <span class='ocrx_word' id='word_1_505' title='bbox 3068 2021 3191 2075; x_wconf 73' lang='lat' dir='ltr'><strong>vitae</strong></span> <span class='ocrx_word' id='word_1_506' title='bbox 3220 2020 3462 2088; x_wconf 86' lang='lat' dir='ltr'><strong>ejusdem</strong></span> <span class='ocrx_word' id='word_1_507' title='bbox 3490 2021 3753 2091; x_wconf 87' lang='lat' dir='ltr'><strong>scriptor,</strong></span> 
     </span>
    </p>
   </div>
   <div class='ocr_carea' id='block_1_77' title="bbox 2172 2111 3751 2182">
    <p class='ocr_par' dir='ltr' id='par_1_77' title="bbox 2172 2111 3751 2182">
     <span class='ocr_line' id='line_1_77' title="bbox 2172 2111 3751 2182; baseline -0.001 -16"><span class='ocrx_word' id='word_1_508' title='bbox 2172 2128 2292 2181; x_wconf 89' lang='lat' dir='ltr'><strong>cap.</strong></span> <span class='ocrx_word' id='word_1_509' title='bbox 2329 2112 2454 2179; x_wconf 78' lang='lat' dir='ltr'><strong>I30,</strong></span> <span class='ocrx_word' id='word_1_510' title='bbox 2516 2126 2743 2182; x_wconf 70' lang='lat' dir='ltr'><strong>quaeque</strong></span> <span class='ocrx_word' id='word_1_511' title='bbox 2789 2112 2843 2166; x_wconf 91' lang='lat' dir='ltr'><strong>in</strong></span> <span class='ocrx_word' id='word_1_512' title='bbox 2896 2112 3059 2167; x_wconf 91' lang='lat' dir='ltr'><strong>tomis</strong></span> <span class='ocrx_word' id='word_1_513' title='bbox 3104 2111 3476 2167; x_wconf 84' lang='lat' dir='ltr'><strong>Conciliorum</strong></span> <span class='ocrx_word' id='word_1_514' title='bbox 3524 2122 3751 2167; x_wconf 81' lang='lat' dir='ltr'><strong>exstat:</strong></span> 
     </span>
    </p>
   </div>
   <div class='ocr_carea' id='block_1_78' title="bbox 2173 2203 3754 2272">
    <p class='ocr_par' dir='ltr' id='par_1_78' title="bbox 2173 2203 3754 2272">
     <span class='ocr_line' id='line_1_78' title="bbox 2173 2203 3754 2272; baseline -0.001 -14"><span class='ocrx_word' id='word_1_515' title='bbox 2173 2216 2229 2259; x_wconf 86' lang='lat' dir='ltr'><strong>et</strong></span> <span class='ocrx_word' id='word_1_516' title='bbox 2258 2206 2493 2260; x_wconf 88' lang='lat' dir='ltr'><strong>stitisset</strong></span> <span class='ocrx_word' id='word_1_517' title='bbox 2525 2215 2673 2261; x_wconf 90' lang='lat' dir='ltr'><strong>certe</strong></span> <span class='ocrx_word' id='word_1_518' title='bbox 2696 2206 3069 2260; x_wconf 89' lang='lat' dir='ltr'><strong>vadimonium</strong></span> <span class='ocrx_word' id='word_1_519' title='bbox 3095 2218 3282 2258; x_wconf 91' lang='lat' dir='ltr'><strong>coram</strong></span> <span class='ocrx_word' id='word_1_520' title='bbox 3328 2203 3629 2258; x_wconf 86' lang='lat' dir='ltr'><strong>universali</strong></span> <span class='ocrx_word' id='word_1_521' title='bbox 3664 2218 3754 2272; x_wconf 85' lang='lat' dir='ltr'><strong>sy-</strong></span> 
     </span>
    </p>
   </div>
   <div class='ocr_carea' id='block_1_79' title="bbox 2172 2275 3753 2367">
    <p class='ocr_par' dir='ltr' id='par_1_79' title="bbox 2172 2275 3753 2367">
     <span class='ocr_line' id='line_1_79' title="bbox 2172 2275 3753 2367; baseline 0.001 -18"><span class='ocrx_word' id='word_1_522' title='bbox 2172 2296 2339 2360; x_wconf 91' lang='lat' dir='ltr'><strong>nodo,</strong></span> <span class='ocrx_word' id='word_1_523' title='bbox 2370 2311 2530 2365; x_wconf 91' lang='lat' dir='ltr'><strong>quam</strong></span> <span class='ocrx_word' id='word_1_524' title='bbox 2557 2311 2753 2367; x_wconf 89' lang='lat' dir='ltr'><strong>cogere</strong></span> <span class='ocrx_word' id='word_1_525' title='bbox 2787 2295 3153 2351; x_wconf 86' lang='lat' dir='ltr'><strong>meditabatur</strong></span> <span class='ocrx_word' id='word_1_526' title='bbox 3185 2275 3477 2357; x_wconf 54' lang='lat' dir='ltr'><strong>Ar‘cadius,</strong></span> <span class='ocrx_word' id='word_1_527' title='bbox 3511 2295 3621 2350; x_wconf 90' lang='lat' dir='ltr'><strong>nisi</strong></span> <span class='ocrx_word' id='word_1_528' title='bbox 3664 2295 3753 2350; x_wconf 86' lang='lat' dir='ltr'><strong>In-</strong></span> 
     </span>
    </p>
   </div>
   <div class='ocr_carea' id='block_1_80' title="bbox 2172 2386 3753 2458">
    <p class='ocr_par' dir='ltr' id='par_1_80' title="bbox 2172 2386 3753 2458">
     <span class='ocr_line' id='line_1_80' title="bbox 2172 2386 3753 2458; baseline -0.001 -15"><span class='ocrx_word' id='word_1_529' title='bbox 2172 2389 2489 2443; x_wconf 84' lang='lat' dir='ltr'><strong>nocentium</strong></span> <span class='ocrx_word' id='word_1_530' title='bbox 2515 2404 2734 2458; x_wconf 89' lang='lat' dir='ltr'><strong>papam,</strong></span> <span class='ocrx_word' id='word_1_531' title='bbox 2789 2386 3095 2443; x_wconf 72' lang='lat' dir='ltr'><strong>conflanda:</strong></span> <span class='ocrx_word' id='word_1_532' title='bbox 3129 2388 3246 2457; x_wconf 84' lang='lat' dir='ltr'><strong>ejus</strong></span> <span class='ocrx_word' id='word_1_533' title='bbox 3277 2398 3561 2443; x_wconf 86' lang='lat' dir='ltr'><strong>auctorem</strong></span> <span class='ocrx_word' id='word_1_534' title='bbox 3607 2404 3753 2443; x_wconf 87' lang='lat' dir='ltr'><strong>mors</strong></span> 
     </span>
    </p>
   </div>
   <div class='ocr_carea' id='block_1_81' title="bbox 2171 2478 3755 2550">
    <p class='ocr_par' dir='ltr' id='par_1_81' title="bbox 2171 2478 3755 2550">
     <span class='ocr_line' id='line_1_81' title="bbox 2171 2478 3755 2550; baseline 0.001 -16"><span class='ocrx_word' id='word_1_535' title='bbox 2171 2488 2518 2549; x_wconf 89' lang='lat' dir='ltr'><strong>occupasset.</strong></span> <span class='ocrx_word' id='word_1_536' title='bbox 2584 2480 2825 2534; x_wconf 89' lang='lat' dir='ltr'><strong>Tandem</strong></span> <span class='ocrx_word' id='word_1_537' title='bbox 2882 2479 3035 2534; x_wconf 82' lang='lat' dir='ltr'><strong>varie</strong></span> <span class='ocrx_word' id='word_1_538' title='bbox 3087 2479 3326 2550; x_wconf 87' lang='lat' dir='ltr'><strong>jactatus</strong></span> <span class='ocrx_word' id='word_1_539' title='bbox 3372 2478 3649 2547; x_wconf 81' lang='lat' dir='ltr'><strong>Joannes,</strong></span> <span class='ocrx_word' id='word_1_540' title='bbox 3700 2491 3755 2535; x_wconf 90' lang='lat' dir='ltr'><strong>et</strong></span> 
     </span>
    </p>
   </div>
   <div class='ocr_carea' id='block_1_82' title="bbox 2171 2571 3754 2637">
    <p class='ocr_par' dir='ltr' id='par_1_82' title="bbox 2171 2571 3754 2637">
     <span class='ocr_line' id='line_1_82' title="bbox 2171 2571 3754 2637; baseline 0.001 -12"><span class='ocrx_word' id='word_1_541' title='bbox 2171 2586 2381 2626; x_wconf 87' lang='lat' dir='ltr'><strong>summa</strong></span> <span class='ocrx_word' id='word_1_542' title='bbox 2421 2572 2816 2628; x_wconf 89' lang='lat' dir='ltr'><strong>inhumanitate</strong></span> <span class='ocrx_word' id='word_1_543' title='bbox 2841 2571 2910 2626; x_wconf 87' lang='lat' dir='ltr'><strong>ab</strong></span> <span class='ocrx_word' id='word_1_544' title='bbox 2947 2572 3181 2627; x_wconf 89' lang='lat' dir='ltr'><strong>inimicis</strong></span> <span class='ocrx_word' id='word_1_545' title='bbox 3214 2573 3458 2637; x_wconf 88' lang='lat' dir='ltr'><strong>habitus,</strong></span> <span class='ocrx_word' id='word_1_546' title='bbox 3498 2571 3754 2627; x_wconf 88' lang='lat' dir='ltr'><strong>Cumanis</strong></span> 
     </span>
    </p>
   </div>
   <div class='ocr_carea' id='block_1_83' title="bbox 2170 2663 2631 2719">
    <p class='ocr_par' dir='ltr' id='par_1_83' title="bbox 2170 2663 2631 2719">
     <span class='ocr_line' id='line_1_83' title="bbox 2170 2663 2631 2719; baseline -0.002 -3"><span class='ocrx_word' id='word_1_547' title='bbox 2170 2663 2307 2717; x_wconf 95' lang='lat' dir='ltr'><strong>obiit</strong></span> <span class='ocrx_word' id='word_1_548' title='bbox 2336 2678 2480 2719; x_wconf 83' lang='lat' dir='ltr'><strong>anno</strong></span> <span class='ocrx_word' id='word_1_549' title='bbox 2506 2664 2631 2718; x_wconf 76' lang='grc'>407.</span> 
     </span>
    </p>
   </div>
   <div class='ocr_carea' id='block_1_84' title="bbox 2243 2754 3752 2827">
    <p class='ocr_par' dir='ltr' id='par_1_84' title="bbox 2243 2754 3752 2827">
     <span class='ocr_line' id='line_1_84' title="bbox 2243 2754 3752 2827; baseline 0 -17"><span class='ocrx_word' id='word_1_550' title='bbox 2243 2754 2360 2811; x_wconf 79' lang='lat' dir='ltr'><strong>XX.</strong></span> <span class='ocrx_word' id='word_1_551' title='bbox 2393 2755 2504 2812; x_wconf 82' lang='lat' dir='ltr'><strong>Nec</strong></span> <span class='ocrx_word' id='word_1_552' title='bbox 2548 2757 2624 2810; x_wconf 88' lang='lat' dir='ltr'><strong>ita</strong></span> <span class='ocrx_word' id='word_1_553' title='bbox 2656 2765 2835 2812; x_wconf 91' lang='lat' dir='ltr'><strong>tamen</strong></span> <span class='ocrx_word' id='word_1_554' title='bbox 2892 2755 3175 2827; x_wconf 87' lang='lat' dir='ltr'><strong>Theophili</strong></span> <span class='ocrx_word' id='word_1_555' title='bbox 3225 2757 3320 2811; x_wconf 61' lang='lat' dir='ltr'><strong>ira:</strong></span> <span class='ocrx_word' id='word_1_556' title='bbox 3364 2757 3752 2826; x_wconf 84' lang='lat' dir='ltr'><strong>conquierunt.</strong></span> 
     </span>
    </p>
   </div>
   <div class='ocr_carea' id='block_1_85' title="bbox 2174 2847 3754 2921">
    <p class='ocr_par' dir='ltr' id='par_1_85' title="bbox 2174 2847 3754 2921">
     <span class='ocr_line' id='line_1_85' title="bbox 2174 2847 3754 2921; baseline 0.001 -19"><span class='ocrx_word' id='word_1_557' title='bbox 2174 2847 2222 2903; x_wconf 91' lang='lat' dir='ltr'><strong>Is</strong></span> <span class='ocrx_word' id='word_1_558' title='bbox 2253 2858 2373 2918; x_wconf 92' lang='lat' dir='ltr'><strong>post</strong></span> <span class='ocrx_word' id='word_1_559' title='bbox 2399 2853 2640 2918; x_wconf 88' lang='lat' dir='ltr'><strong>priorem</strong></span> <span class='ocrx_word' id='word_1_560' title='bbox 2674 2849 3055 2921; x_wconf 88' lang='lat' dir='ltr'><strong>Chrysostomi</strong></span> <span class='ocrx_word' id='word_1_561' title='bbox 3093 2849 3532 2913; x_wconf 89' lang='lat' dir='ltr'><strong>restitutionem,</strong></span> <span class='ocrx_word' id='word_1_562' title='bbox 3564 2849 3618 2903; x_wconf 91' lang='lat' dir='ltr'><strong>in</strong></span> <span class='ocrx_word' id='word_1_563' title='bbox 3658 2851 3754 2903; x_wconf 89' lang='lat' dir='ltr'><strong>de-</strong></span> 
     </span>
    </p>
   </div>
   <div class='ocr_carea' id='block_1_86' title="bbox 2171 2940 3753 3014">
    <p class='ocr_par' dir='ltr' id='par_1_86' title="bbox 2171 2940 3753 3014">
     <span class='ocr_line' id='line_1_86' title="bbox 2171 2940 3753 3014; baseline -0.001 -17"><span class='ocrx_word' id='word_1_564' title='bbox 2171 2941 2310 2997; x_wconf 88' lang='lat' dir='ltr'><strong>cima</strong></span> <span class='ocrx_word' id='word_1_565' title='bbox 2366 2941 2522 2997; x_wconf 90' lang='lat' dir='ltr'><strong>tertia</strong></span> <span class='ocrx_word' id='word_1_566' title='bbox 2557 2943 2948 3014; x_wconf 90' lang='lat' dir='ltr'><strong>pseudosynodi</strong></span> <span class='ocrx_word' id='word_1_567' title='bbox 2982 2944 3195 2999; x_wconf 90' lang='lat' dir='ltr'><strong>actione</strong></span> <span class='ocrx_word' id='word_1_568' title='bbox 3234 2940 3552 3004; x_wconf 69' lang='lat' dir='ltr'><strong>Heraclidae,</strong></span> <span class='ocrx_word' id='word_1_569' title='bbox 3596 2957 3753 3011; x_wconf 84' lang='lat' dir='ltr'><strong>quem</strong></span> 
     </span>
    </p>
   </div>
   <div class='ocr_carea' id='block_1_87' title="bbox 2173 3034 3756 3106">
    <p class='ocr_par' dir='ltr' id='par_1_87' title="bbox 2173 3034 3756 3106">
     <span class='ocr_line' id='line_1_87' title="bbox 2173 3034 3756 3106; baseline 0 -18"><span class='ocrx_word' id='word_1_570' title='bbox 2173 3034 2508 3104; x_wconf 87' lang='lat' dir='ltr'><strong>Ephesinum</strong></span> <span class='ocrx_word' id='word_1_571' title='bbox 2544 3035 2855 3106; x_wconf 89' lang='lat' dir='ltr'><strong>episcopum</strong></span> <span class='ocrx_word' id='word_1_572' title='bbox 2884 3035 3130 3091; x_wconf 87' lang='lat' dir='ltr'><strong>Joannes</strong></span> <span class='ocrx_word' id='word_1_573' title='bbox 3158 3046 3461 3097; x_wconf 85' lang='lat' dir='ltr'><strong>creaverat.</strong></span> <span class='ocrx_word' id='word_1_574' title='bbox 3517 3036 3756 3104; x_wconf 85' lang='lat' dir='ltr'><strong>dignita-</strong></span> 
     </span>
    </p>
   </div>
   <div class='ocr_carea' id='block_1_88' title="bbox 2177 3127 3753 3199">
    <p class='ocr_par' dir='ltr' id='par_1_88' title="bbox 2177 3127 3753 3199">
     <span class='ocr_line' id='line_1_88' title="bbox 2177 3127 3753 3199; baseline -0.001 -19"><span class='ocrx_word' id='word_1_575' title='bbox 2177 3135 2285 3180; x_wconf 88' lang='lat' dir='ltr'><strong>tem</strong></span> <span class='ocrx_word' id='word_1_576' title='bbox 2318 3128 2584 3197; x_wconf 87' lang='lat' dir='ltr'><strong>abrogare</strong></span> <span class='ocrx_word' id='word_1_577' title='bbox 2615 3127 2857 3182; x_wconf 88' lang='lat' dir='ltr'><strong>studuit:</strong></span> <span class='ocrx_word' id='word_1_578' title='bbox 2897 3136 2953 3182; x_wconf 92' lang='lat' dir='ltr'><strong>at</strong></span> <span class='ocrx_word' id='word_1_579' title='bbox 2976 3128 3405 3199; x_wconf 85' lang='lat' dir='ltr'><strong>repugnantibus</strong></span> <span class='ocrx_word' id='word_1_580' title='bbox 3463 3129 3668 3195; x_wconf 82' lang='lat' dir='ltr'><strong>inultis,</strong></span> <span class='ocrx_word' id='word_1_581' title='bbox 3701 3129 3753 3180; x_wconf 87' lang='lat' dir='ltr'><strong>in</strong></span> 
     </span>
    </p>
   </div>
   <div class='ocr_carea' id='block_1_89' title="bbox 2174 3219 3755 3290">
    <p class='ocr_par' dir='ltr' id='par_1_89' title="bbox 2174 3219 3755 3290">
     <span class='ocr_line' id='line_1_89' title="bbox 2174 3219 3755 3290; baseline 0.003 -19"><span class='ocrx_word' id='word_1_582' title='bbox 2174 3230 2417 3287; x_wconf 88' lang='lat' dir='ltr'><strong>apertam</strong></span> <span class='ocrx_word' id='word_1_583' title='bbox 2445 3219 2781 3274; x_wconf 90' lang='lat' dir='ltr'><strong>seditionem</strong></span> <span class='ocrx_word' id='word_1_584' title='bbox 2831 3221 3116 3275; x_wconf 90' lang='lat' dir='ltr'><strong>contentio</strong></span> <span class='ocrx_word' id='word_1_585' title='bbox 3159 3221 3366 3290; x_wconf 91' lang='lat' dir='ltr'><strong>erupit.</strong></span> <span class='ocrx_word' id='word_1_586' title='bbox 3411 3220 3639 3289; x_wconf 85' lang='lat' dir='ltr'><strong>Jamque</strong></span> <span class='ocrx_word' id='word_1_587' title='bbox 3670 3236 3755 3275; x_wconf 84' lang='lat' dir='ltr'><strong>res</strong></span> 
     </span>
    </p>
   </div>
   <div class='ocr_carea' id='block_1_90' title="bbox 2178 3309 3757 3381">
    <p class='ocr_par' dir='ltr' id='par_1_90' title="bbox 2178 3309 3757 3381">
     <span class='ocr_line' id='line_1_90' title="bbox 2178 3309 3757 3381; baseline 0.003 -20"><span class='ocrx_word' id='word_1_588' title='bbox 2178 3309 2345 3364; x_wconf 90' lang='lat' dir='ltr'><strong>armis</strong></span> <span class='ocrx_word' id='word_1_589' title='bbox 2374 3311 2675 3379; x_wconf 83' lang='lat' dir='ltr'><strong>agebatur;</strong></span> <span class='ocrx_word' id='word_1_590' title='bbox 2719 3311 2907 3366; x_wconf 88' lang='lat' dir='ltr'><strong>multis</strong></span> <span class='ocrx_word' id='word_1_591' title='bbox 2957 3311 3287 3379; x_wconf 84' lang='lat' dir='ltr'><strong>vulneratis,</strong></span> <span class='ocrx_word' id='word_1_592' title='bbox 3326 3315 3519 3381; x_wconf 88' lang='lat' dir='ltr'><strong>paucis</strong></span> <span class='ocrx_word' id='word_1_593' title='bbox 3553 3314 3757 3381; x_wconf 85' lang='lat' dir='ltr'><strong>aliquot</strong></span> 
     </span>
    </p>
   </div>
   <div class='ocr_carea' id='block_1_91' title="bbox 2176 3400 3758 3471">
    <p class='ocr_par' dir='ltr' id='par_1_91' title="bbox 2176 3400 3758 3471">
     <span class='ocr_line' id='line_1_91' title="bbox 2176 3400 3758 3471; baseline 0.003 -17"><span class='ocrx_word' id='word_1_594' title='bbox 2176 3400 2518 3469; x_wconf 87' lang='lat' dir='ltr'><strong>interfectis,</strong></span> <span class='ocrx_word' id='word_1_595' title='bbox 2568 3404 2659 3471; x_wconf 91' lang='lat' dir='ltr'><strong>qui</strong></span> <span class='ocrx_word' id='word_1_596' title='bbox 2704 3418 2843 3457; x_wconf 89' lang='lat' dir='ltr'><strong>unus</strong></span> <span class='ocrx_word' id='word_1_597' title='bbox 2896 3403 3138 3457; x_wconf 90' lang='lat' dir='ltr'><strong>omnium</strong></span> <span class='ocrx_word' id='word_1_598' title='bbox 3184 3405 3422 3458; x_wconf 78' lang='lat' dir='ltr'><strong>maxime</strong></span> <span class='ocrx_word' id='word_1_599' title='bbox 3474 3407 3758 3471; x_wconf 86' lang='lat' dir='ltr'><strong>petebatur</strong></span> 
     </span>
    </p>
   </div>
   <div class='ocr_carea' id='block_1_92' title="bbox 2178 3492 3756 3564">
    <p class='ocr_par' dir='ltr' id='par_1_92' title="bbox 2178 3492 3756 3564">
     <span class='ocr_line' id='line_1_92' title="bbox 2178 3492 3756 3564; baseline 0.002 -18"><span class='ocrx_word' id='word_1_600' title='bbox 2178 3493 2533 3561; x_wconf 85' lang='lat' dir='ltr'><strong>Theophilus,</strong></span> <span class='ocrx_word' id='word_1_601' title='bbox 2568 3492 2691 3564; x_wconf 87' lang='lat' dir='ltr'><strong>fuga</strong></span> <span class='ocrx_word' id='word_1_602' title='bbox 2746 3494 2846 3549; x_wconf 91' lang='lat' dir='ltr'><strong>sibi</strong></span> <span class='ocrx_word' id='word_1_603' title='bbox 2887 3494 3161 3549; x_wconf 89' lang='lat' dir='ltr'><strong>consuluit</strong></span> <span class='ocrx_word' id='word_1_604' title='bbox 3201 3511 3216 3560; x_wconf 93' lang='lat'><strong>;</strong></span> <span class='ocrx_word' id='word_1_605' title='bbox 3267 3497 3518 3563; x_wconf 73' lang='lat' dir='ltr'><strong>quamvis</strong></span> <span class='ocrx_word' id='word_1_606' title='bbox 3561 3496 3756 3549; x_wconf 76' lang='lat' dir='ltr'><strong>litteris</strong></span> 
     </span>
    </p>
   </div>
   <div class='ocr_carea' id='block_1_93' title="bbox 2174 3587 3757 3657">
    <p class='ocr_par' dir='ltr' id='par_1_93' title="bbox 2174 3587 3757 3657">
     <span class='ocr_line' id='line_1_93' title="bbox 2174 3587 3757 3657; baseline 0.003 -21"><span class='ocrx_word' id='word_1_607' title='bbox 2174 3598 2584 3653; x_wconf 87' lang='lat' dir='ltr'><strong>quaquaversus</strong></span> <span class='ocrx_word' id='word_1_608' title='bbox 2614 3587 2819 3652; x_wconf 88' lang='lat' dir='ltr'><strong>missis,</strong></span> <span class='ocrx_word' id='word_1_609' title='bbox 2846 3587 2908 3640; x_wconf 89' lang='lat' dir='ltr'><strong>ad</strong></span> <span class='ocrx_word' id='word_1_610' title='bbox 2937 3588 3202 3657; x_wconf 88' lang='lat' dir='ltr'><strong>synodum</strong></span> <span class='ocrx_word' id='word_1_611' title='bbox 3233 3589 3642 3652; x_wconf 87' lang='lat' dir='ltr'><strong>celebrandam,</strong></span> <span class='ocrx_word' id='word_1_612' title='bbox 3666 3602 3757 3641; x_wconf 90' lang='lat' dir='ltr'><strong>ro-</strong></span> 
     </span>
    </p>
   </div>
   <div class='ocr_carea' id='block_1_94' title="bbox 2174 3674 3750 3749">
    <p class='ocr_par' dir='ltr' id='par_1_94' title="bbox 2174 3674 3750 3749">
     <span class='ocr_line' id='line_1_94' title="bbox 2174 3674 3750 3749; baseline 0.001 -22"><span class='ocrx_word' id='word_1_613' title='bbox 2174 3684 2302 3744; x_wconf 87' lang='lat' dir='ltr'><strong>gatu</strong></span> <span class='ocrx_word' id='word_1_614' title='bbox 2339 3674 2737 3745; x_wconf 86' lang='lat' dir='ltr'><strong>Chrysostomi,</strong></span> <span class='ocrx_word' id='word_1_615' title='bbox 2788 3680 3073 3749; x_wconf 90' lang='lat' dir='ltr'><strong>episcopos</strong></span> <span class='ocrx_word' id='word_1_616' title='bbox 3117 3680 3392 3733; x_wconf 87' lang='lat' dir='ltr'><strong>Arcadius</strong></span> <span class='ocrx_word' id='word_1_617' title='bbox 3444 3679 3750 3734; x_wconf 85' lang='lat' dir='ltr'><strong>accivisset.</strong></span> 
     </span>
    </p>
   </div>
   <div class='ocr_carea' id='block_1_95' title="bbox 2175 3768 3752 3839">
    <p class='ocr_par' dir='ltr' id='par_1_95' title="bbox 2175 3768 3752 3839">
     <span class='ocr_line' id='line_1_95' title="bbox 2175 3768 3752 3839; baseline -0.002 -15"><span class='ocrx_word' id='word_1_618' title='bbox 2175 3769 2304 3824; x_wconf 88' lang='lat' dir='ltr'><strong>Post</strong></span> <span class='ocrx_word' id='word_1_619' title='bbox 2360 3773 2567 3825; x_wconf 88' lang='lat' dir='ltr'><strong>obitum</strong></span> <span class='ocrx_word' id='word_1_620' title='bbox 2626 3784 2805 3825; x_wconf 90' lang='lat' dir='ltr'><strong>autem</strong></span> <span class='ocrx_word' id='word_1_621' title='bbox 2856 3768 3107 3834; x_wconf 88' lang='lat' dir='ltr'><strong>Joannis,</strong></span> <span class='ocrx_word' id='word_1_622' title='bbox 3151 3785 3261 3825; x_wconf 91' lang='lat' dir='ltr'><strong>non</strong></span> <span class='ocrx_word' id='word_1_623' title='bbox 3314 3784 3536 3839; x_wconf 91' lang='lat' dir='ltr'><strong>operam</strong></span> <span class='ocrx_word' id='word_1_624' title='bbox 3579 3769 3752 3823; x_wconf 86' lang='lat' dir='ltr'><strong>solum</strong></span> 
     </span>
    </p>
   </div>
   <div class='ocr_carea' id='block_1_96' title="bbox 2177 3860 3755 3933">
    <p class='ocr_par' dir='ltr' id='par_1_96' title="bbox 2177 3860 3755 3933">
     <span class='ocr_line' id='line_1_96' title="bbox 2177 3860 3755 3933; baseline -0.002 -18"><span class='ocrx_word' id='word_1_625' title='bbox 2177 3860 2511 3933; x_wconf 90' lang='lat' dir='ltr'><strong>Theophilus</strong></span> <span class='ocrx_word' id='word_1_626' title='bbox 2543 3862 2691 3917; x_wconf 91' lang='lat' dir='ltr'><strong>dedit</strong></span> <span class='ocrx_word' id='word_1_627' title='bbox 2725 3877 2792 3916; x_wconf 90' lang='lat' dir='ltr'><strong>ne</strong></span> <span class='ocrx_word' id='word_1_628' title='bbox 2827 3862 2879 3915; x_wconf 92' lang='lat' dir='ltr'><strong>in</strong></span> <span class='ocrx_word' id='word_1_629' title='bbox 2916 3862 3181 3932; x_wconf 88' lang='lat' dir='ltr'><strong>Diptycha</strong></span> <span class='ocrx_word' id='word_1_630' title='bbox 3212 3876 3412 3915; x_wconf 88' lang='lat' dir='ltr'><strong>nomen</strong></span> <span class='ocrx_word' id='word_1_631' title='bbox 3463 3862 3631 3931; x_wconf 90' lang='lat' dir='ltr'><strong>ipsius</strong></span> <span class='ocrx_word' id='word_1_632' title='bbox 3676 3875 3755 3912; x_wconf 86' lang='lat' dir='ltr'><strong>re-</strong></span> 
     </span>
    </p>
   </div>
   <div class='ocr_carea' id='block_1_97' title="bbox 2176 3952 3751 4026">
    <p class='ocr_par' dir='ltr' id='par_1_97' title="bbox 2176 3952 3751 4026">
     <span class='ocr_line' id='line_1_97' title="bbox 2176 3952 3751 4026; baseline -0.005 -14"><span class='ocrx_word' id='word_1_633' title='bbox 2176 3958 2410 4012; x_wconf 83' lang='lat' dir='ltr'><strong>ferretur</strong></span> <span class='ocrx_word' id='word_1_634' title='bbox 2437 3957 2769 4013; x_wconf 87' lang='lat' dir='ltr'><strong>abOrientis</strong></span> <span class='ocrx_word' id='word_1_635' title='bbox 2806 3956 3101 4026; x_wconf 89' lang='lat' dir='ltr'><strong>episcopis,</strong></span> <span class='ocrx_word' id='word_1_636' title='bbox 3140 3955 3233 4009; x_wconf 90' lang='lat' dir='ltr'><strong>sed</strong></span> <span class='ocrx_word' id='word_1_637' title='bbox 3273 3965 3334 4007; x_wconf 91' lang='lat' dir='ltr'><strong>ut</strong></span> <span class='ocrx_word' id='word_1_638' title='bbox 3361 3954 3565 4008; x_wconf 86' lang='lat' dir='ltr'><strong>infame</strong></span> <span class='ocrx_word' id='word_1_639' title='bbox 3585 3952 3751 4006; x_wconf 87' lang='lat' dir='ltr'><strong>etiam</strong></span> 
     </span>
    </p>
   </div>
   <div class='ocr_carea' id='block_1_98' title="bbox 2176 4046 3751 4122">
    <p class='ocr_par' dir='ltr' id='par_1_98' title="bbox 2176 4046 3751 4122">
     <span class='ocr_line' id='line_1_98' title="bbox 2176 4046 3751 4122; baseline -0.004 -17"><span class='ocrx_word' id='word_1_640' title='bbox 2176 4050 2339 4122; x_wconf 88' lang='lat' dir='ltr'><strong>vulgo</strong></span> <span class='ocrx_word' id='word_1_641' title='bbox 2394 4051 2711 4113; x_wconf 87' lang='lat' dir='ltr'><strong>haberetur,</strong></span> <span class='ocrx_word' id='word_1_642' title='bbox 2754 4050 2961 4120; x_wconf 90' lang='lat' dir='ltr'><strong>scripto</strong></span> <span class='ocrx_word' id='word_1_643' title='bbox 3016 4048 3084 4102; x_wconf 87' lang='lat' dir='ltr'><strong>ad</strong></span> <span class='ocrx_word' id='word_1_644' title='bbox 3119 4047 3171 4103; x_wconf 93' lang='lat' dir='ltr'><strong>id</strong></span> <span class='ocrx_word' id='word_1_645' title='bbox 3215 4047 3410 4117; x_wconf 88' lang='lat' dir='ltr'><strong>grandi</strong></span> <span class='ocrx_word' id='word_1_646' title='bbox 3460 4046 3751 4101; x_wconf 85' lang='lat' dir='ltr'><strong>volumine.</strong></span> 
     </span>
    </p>
   </div>
   <div class='ocr_carea' id='block_1_99' title="bbox 2176 4136 3757 4213">
    <p class='ocr_par' dir='ltr' id='par_1_99' title="bbox 2176 4136 3757 4213">
     <span class='ocr_line' id='line_1_99' title="bbox 2176 4136 3757 4213; baseline -0.005 -15"><span class='ocrx_word' id='word_1_647' title='bbox 2176 4143 2345 4212; x_wconf 87' lang='lat' dir='ltr'><strong>Cujus</strong></span> <span class='ocrx_word' id='word_1_648' title='bbox 2376 4144 2495 4197; x_wconf 91' lang='lat' dir='ltr'><strong>libri</strong></span> <span class='ocrx_word' id='word_1_649' title='bbox 2524 4143 2890 4213; x_wconf 90' lang='lat' dir='ltr'><strong>fragmentum</strong></span> <span class='ocrx_word' id='word_1_650' title='bbox 2943 4142 3085 4196; x_wconf 89' lang='lat' dir='ltr'><strong>Iihro</strong></span> <span class='ocrx_word' id='word_1_651' title='bbox 3129 4156 3230 4194; x_wconf 89' lang='lat' dir='ltr'><strong>suo</strong></span> <span class='ocrx_word' id='word_1_652' title='bbox 3275 4150 3433 4193; x_wconf 78' lang='lat' dir='ltr'><strong>sexto</strong></span> <span class='ocrx_word' id='word_1_653' title='bbox 3473 4136 3757 4191; x_wconf 81' lang='lat' dir='ltr'><strong>Facundus</strong></span> 
     </span>
    </p>
   </div>
   <div class='ocr_carea' id='block_1_100' title="bbox 2178 4232 3754 4304">
    <p class='ocr_par' dir='ltr' id='par_1_100' title="bbox 2178 4232 3754 4304">
     <span class='ocr_line' id='line_1_100' title="bbox 2178 4232 3754 4304; baseline -0.006 -15"><span class='ocrx_word' id='word_1_654' title='bbox 2178 4236 2445 4300; x_wconf 89' lang='lat' dir='ltr'><strong>inseruit,</strong></span> <span class='ocrx_word' id='word_1_655' title='bbox 2476 4238 2837 4304; x_wconf 90' lang='lat' dir='ltr'><strong>eumdemque</strong></span> <span class='ocrx_word' id='word_1_656' title='bbox 2860 4234 2929 4288; x_wconf 84' lang='lat' dir='ltr'><strong>ab</strong></span> <span class='ocrx_word' id='word_1_657' title='bbox 2958 4233 3291 4302; x_wconf 84' lang='lat' dir='ltr'><strong>Hieronymo</strong></span> <span class='ocrx_word' id='word_1_658' title='bbox 3318 4232 3509 4287; x_wconf 86' lang='lat' dir='ltr'><strong>Latine</strong></span> <span class='ocrx_word' id='word_1_659' title='bbox 3527 4245 3754 4286; x_wconf 86' lang='lat' dir='ltr'><strong>conver-</strong></span> 
     </span>
    </p>
   </div>
   <div class='ocr_carea' id='block_1_101' title="bbox 2176 4329 3759 4385">
    <p class='ocr_par' dir='ltr' id='par_1_101' title="bbox 2176 4329 3759 4385">
     <span class='ocr_line' id='line_1_101' title="bbox 2176 4329 3759 4385; baseline -0.003 0"><span class='ocrx_word' id='word_1_660' title='bbox 2176 4345 2294 4385; x_wconf 89' lang='lat' dir='ltr'><strong>sum</strong></span> <span class='ocrx_word' id='word_1_661' title='bbox 2325 4330 2492 4384; x_wconf 83' lang='lat' dir='ltr'><strong>fuisse</strong></span> <span class='ocrx_word' id='word_1_662' title='bbox 2521 4340 2749 4384; x_wconf 88' lang='lat' dir='ltr'><strong>testatus</strong></span> <span class='ocrx_word' id='word_1_663' title='bbox 2783 4340 2887 4385; x_wconf 89' lang='lat' dir='ltr'><strong>est.</strong></span> <span class='ocrx_word' id='word_1_664' title='bbox 2922 4330 3014 4383; x_wconf 72' lang='lat' dir='ltr'><strong>Hae</strong></span> <span class='ocrx_word' id='word_1_665' title='bbox 3043 4330 3248 4385; x_wconf 89' lang='lat' dir='ltr'><strong>Isidoro</strong></span> <span class='ocrx_word' id='word_1_666' title='bbox 3275 4329 3558 4384; x_wconf 70' lang='lat' dir='ltr'><strong>Pelusiotae</strong></span> <span class='ocrx_word' id='word_1_667' title='bbox 3576 4340 3759 4381; x_wconf 70' lang='lat' dir='ltr'><strong>causa:</strong></span> 
     </span>
    </p>
   </div>
   <div class='ocr_carea' id='block_1_102' title="bbox 2177 4416 3757 4493">
    <p class='ocr_par' dir='ltr' id='par_1_102' title="bbox 2177 4416 3757 4493">
     <span class='ocr_line' id='line_1_102' title="bbox 2177 4416 3757 4493; baseline -0.004 -18"><span class='ocrx_word' id='word_1_668' title='bbox 2177 4421 2417 4484; x_wconf 89' lang='lat' dir='ltr'><strong>fuerunt,</strong></span> <span class='ocrx_word' id='word_1_669' title='bbox 2445 4438 2542 4477; x_wconf 88' lang='lat' dir='ltr'><strong>cur</strong></span> <span class='ocrx_word' id='word_1_670' title='bbox 2569 4422 2927 4491; x_wconf 87' lang='lat' dir='ltr'><strong>Theophilum</strong></span> <span class='ocrx_word' id='word_1_671' title='bbox 2953 4423 3195 4493; x_wconf 88' lang='lat' dir='ltr'><strong>graviter</strong></span> <span class='ocrx_word' id='word_1_672' title='bbox 3226 4428 3563 4491; x_wconf 86' lang='lat' dir='ltr'><strong>coargueret,</strong></span> <span class='ocrx_word' id='word_1_673' title='bbox 3608 4416 3757 4470; x_wconf 83' lang='grc' dir='ltr'><strong>λιθο-</strong></span> 
     </span>
    </p>
   </div>
   <div class='ocr_carea' id='block_1_103' title="bbox 2181 4513 3753 4587">
    <p class='ocr_par' dir='ltr' id='par_1_103' title="bbox 2181 4513 3753 4587">
     <span class='ocr_line' id='line_1_103' title="bbox 2181 4513 3753 4587; baseline -0.001 -21"><span class='ocrx_word' id='word_1_674' title='bbox 2181 4513 2325 4584; x_wconf 85' lang='grc' dir='ltr'><strong>μανῆ</strong></span> <span class='ocrx_word' id='word_1_675' title='bbox 2352 4513 2523 4579; x_wconf 92' lang='lat' dir='ltr'><strong>illum,</strong></span> <span class='ocrx_word' id='word_1_676' title='bbox 2547 4525 2603 4567; x_wconf 90' lang='lat' dir='ltr'><strong>et</strong></span> <span class='ocrx_word' id='word_1_677' title='bbox 2636 4513 2998 4587; x_wconf 83' lang='grc' dir='ltr'><strong>χρυσολάτριν</strong></span> <span class='ocrx_word' id='word_1_678' title='bbox 3040 4514 3349 4583; x_wconf 87' lang='lat' dir='ltr'><strong>appellans,</strong></span> <span class='ocrx_word' id='word_1_679' title='bbox 3380 4525 3436 4568; x_wconf 91' lang='lat' dir='ltr'><strong>et</strong></span> <span class='ocrx_word' id='word_1_680' title='bbox 3466 4514 3753 4566; x_wconf 86' lang='lat' dir='ltr'><strong>adductum</strong></span> 
     </span>
    </p>
   </div>
   <div class='ocr_carea' id='block_1_104' title="bbox 2179 4603 3753 4660">
    <p class='ocr_par' dir='ltr' id='par_1_104' title="bbox 2179 4603 3753 4660">
     <span class='ocr_line' id='line_1_104' title="bbox 2179 4603 3753 4660; baseline 0 -2"><span class='ocrx_word' id='word_1_681' title='bbox 2179 4606 2369 4659; x_wconf 91' lang='lat' dir='ltr'><strong>dicens</strong></span> <span class='ocrx_word' id='word_1_682' title='bbox 2417 4607 2485 4658; x_wconf 87' lang='lat' dir='ltr'><strong>ad</strong></span> <span class='ocrx_word' id='word_1_683' title='bbox 2536 4607 2909 4660; x_wconf 88' lang='lat' dir='ltr'><strong>insectandum</strong></span> <span class='ocrx_word' id='word_1_684' title='bbox 2954 4604 3225 4660; x_wconf 90' lang='lat' dir='ltr'><strong>Joannem</strong></span> <span class='ocrx_word' id='word_1_685' title='bbox 3254 4622 3322 4660; x_wconf 78' lang='lat' dir='ltr'><strong>ex</strong></span> <span class='ocrx_word' id='word_1_686' title='bbox 3361 4605 3549 4660; x_wconf 89' lang='lat' dir='ltr'><strong>Isidori</strong></span> <span class='ocrx_word' id='word_1_687' title='bbox 3604 4603 3753 4658; x_wconf 87' lang='lat' dir='ltr'><strong>illius</strong></span> 
     </span>
    </p>
   </div>
   <div class='ocr_carea' id='block_1_105' title="bbox 2179 4694 3752 4765">
    <p class='ocr_par' dir='ltr' id='par_1_105' title="bbox 2179 4694 3752 4765">
     <span class='ocr_line' id='line_1_105' title="bbox 2179 4694 3752 4765; baseline -0.004 -14"><span class='ocrx_word' id='word_1_688' title='bbox 2179 4711 2340 4765; x_wconf 90' lang='lat' dir='ltr'><strong>supra</strong></span> <span class='ocrx_word' id='word_1_689' title='bbox 2354 4710 2381 4749; x_wconf 90' lang='lat' dir='ltr'><strong>a</strong></span> <span class='ocrx_word' id='word_1_690' title='bbox 2400 4696 2551 4752; x_wconf 91' lang='lat' dir='ltr'><strong>nobis</strong></span> <span class='ocrx_word' id='word_1_691' title='bbox 2568 4698 2969 4753; x_wconf 84' lang='lat' dir='ltr'><strong>commemorati</strong></span> <span class='ocrx_word' id='word_1_692' title='bbox 2984 4697 3271 4752; x_wconf 89' lang='lat' dir='ltr'><strong>occasione</strong></span> <span class='ocrx_word' id='word_1_693' title='bbox 3286 4698 3331 4729; x_wconf 79' lang='grc' dir='ltr'><strong>³ο</strong></span> <span class='ocrx_word' id='word_1_694' title='bbox 3352 4716 3367 4751; x_wconf 90' lang='lat'><strong>:</strong></span> <span class='ocrx_word' id='word_1_695' title='bbox 3389 4698 3490 4749; x_wconf 89' lang='grc' dir='ltr'><strong>Τὸν</strong></span> <span class='ocrx_word' id='word_1_696' title='bbox 3511 4694 3752 4765; x_wconf 65' lang='grc' dir='ltr'><strong>θεοφιλῆ,</strong></span> 
     </span>
    </p>
   </div>
   <div class='ocr_carea' id='block_1_106' title="bbox 2181 4785 3756 4859">
    <p class='ocr_par' dir='ltr' id='par_1_106' title="bbox 2181 4785 3756 4859">
     <span class='ocr_line' id='line_1_106' title="bbox 2181 4785 3756 4859; baseline -0.001 -21"><span class='ocrx_word' id='word_1_697' title='bbox 2181 4785 2377 4854; x_wconf 85' lang='lat' dir='ltr'><strong>inquit,</strong></span> <span class='ocrx_word' id='word_1_698' title='bbox 2402 4786 2496 4838; x_wconf 78' lang='grc' dir='ltr'>καὶ</span> <span class='ocrx_word' id='word_1_699' title='bbox 2531 4786 2779 4855; x_wconf 84' lang='grc' dir='ltr'><strong>θεόλογον</strong></span> <span class='ocrx_word' id='word_1_700' title='bbox 2816 4787 3261 4859; x_wconf 81' lang='grc' dir='ltr'><strong>κατεπολέμησεν</strong></span> <span class='ocrx_word' id='word_1_701' title='bbox 3304 4787 3602 4859; x_wconf 76' lang='grc' dir='ltr'><strong>ἄνθρωπον,</strong></span> <span class='ocrx_word' id='word_1_702' title='bbox 3646 4786 3756 4854; x_wconf 77' lang='grc' dir='ltr'><strong>τὴν</strong></span> 
     </span>
    </p>
   </div>
   <div class='ocr_carea' id='block_1_107' title="bbox 2183 4875 3753 4948">
    <p class='ocr_par' dir='ltr' id='par_1_107' title="bbox 2183 4875 3753 4948">
     <span class='ocr_line' id='line_1_107' title="bbox 2183 4875 3753 4948; baseline 0.001 -21"><span class='ocrx_word' id='word_1_703' title='bbox 2183 4876 2312 4945; x_wconf 81' lang='grc' dir='ltr'>περὶ</span> <span class='ocrx_word' id='word_1_704' title='bbox 2342 4875 2431 4930; x_wconf 79' lang='grc' dir='ltr'><strong>τὸν</strong></span> <span class='ocrx_word' id='word_1_705' title='bbox 2458 4878 2582 4948; x_wconf 75' lang='grc' dir='ltr'><strong>ἐμοὶ</strong></span> <span class='ocrx_word' id='word_1_706' title='bbox 2607 4877 2896 4948; x_wconf 84' lang='grc' dir='ltr'><strong>ὁμώνυμον</strong></span> <span class='ocrx_word' id='word_1_707' title='bbox 2934 4878 3234 4948; x_wconf 81' lang='grc' dir='ltr'><strong>ἀπέχθειαν</strong></span> <span class='ocrx_word' id='word_1_708' title='bbox 3280 4880 3379 4931; x_wconf 72' lang='grc' dir='ltr'><strong>καὶ</strong></span> <span class='ocrx_word' id='word_1_709' title='bbox 3415 4877 3753 4947; x_wconf 71' lang='grc' dir='ltr'><strong>δυσμένειαν,</strong></span> 
     </span>
    </p>
   </div>
   <div class='ocr_carea' id='block_1_108' title="bbox 2184 4967 3759 5042">
    <p class='ocr_par' dir='ltr' id='par_1_108' title="bbox 2184 4967 3759 5042">
     <span class='ocr_line' id='line_1_108' title="bbox 2184 4967 3759 5042; baseline 0.001 -23"><span class='ocrx_word' id='word_1_710' title='bbox 2184 4968 2521 5040; x_wconf 80' lang='grc' dir='ltr'><strong>ὁρμητήριον</strong></span> <span class='ocrx_word' id='word_1_711' title='bbox 2548 4970 2647 5040; x_wconf 81' lang='grc' dir='ltr'><strong>τῆς</strong></span> <span class='ocrx_word' id='word_1_712' title='bbox 2674 4970 2883 5033; x_wconf 83' lang='grc' dir='ltr'>οἰκείας</span> <span class='ocrx_word' id='word_1_713' title='bbox 2912 4971 3187 5042; x_wconf 84' lang='grc' dir='ltr'><strong>εὑρηκότα</strong></span> <span class='ocrx_word' id='word_1_714' title='bbox 3222 4970 3557 5039; x_wconf 79' lang='grc' dir='ltr'><strong>σκαιότητος.</strong></span> <span class='ocrx_word' id='word_1_715' title='bbox 3590 4985 3607 5018; x_wconf 74' lang='lat' dir='ltr'><strong>r</strong></span> <span class='ocrx_word' id='word_1_716' title='bbox 3638 4967 3759 5021; x_wconf 80' lang='lat' dir='ltr'><strong>Deo</strong></span> 
     </span>
    </p>
   </div>
   <div class='ocr_carea' id='block_1_109' title="bbox 2185 5061 3758 5131">
    <p class='ocr_par' dir='ltr' id='par_1_109' title="bbox 2185 5061 3758 5131">
     <span class='ocr_line' id='line_1_109' title="bbox 2185 5061 3758 5131; baseline 0.001 -18"><span class='ocrx_word' id='word_1_717' title='bbox 2185 5062 2431 5125; x_wconf 90' lang='lat' dir='ltr'><strong>charum,</strong></span> <span class='ocrx_word' id='word_1_718' title='bbox 2465 5074 2519 5116; x_wconf 93' lang='lat' dir='ltr'><strong>et</strong></span> <span class='ocrx_word' id='word_1_719' title='bbox 2544 5076 2725 5116; x_wconf 88' lang='lat' dir='ltr'><strong>rerum</strong></span> <span class='ocrx_word' id='word_1_720' title='bbox 2756 5063 3061 5117; x_wconf 90' lang='lat' dir='ltr'><strong>divinarum</strong></span> <span class='ocrx_word' id='word_1_721' title='bbox 3096 5065 3407 5119; x_wconf 78' lang='lat' dir='ltr'><strong>consultum</strong></span> <span class='ocrx_word' id='word_1_722' title='bbox 3426 5061 3758 5131; x_wconf 82' lang='lat' dir='ltr'><strong>oppugnavit</strong></span> 
     </span>
    </p>
   </div>
   <div class='ocr_carea' id='block_1_110' title="bbox 2184 5152 3764 5217">
    <p class='ocr_par' dir='ltr' id='par_1_110' title="bbox 2184 5152 3764 5217">
     <span class='ocr_line' id='line_1_110' title="bbox 2184 5152 3764 5217; baseline 0.002 -13"><span class='ocrx_word' id='word_1_723' title='bbox 2184 5152 2481 5217; x_wconf 91' lang='lat' dir='ltr'><strong>hominem,</strong></span> <span class='ocrx_word' id='word_1_724' title='bbox 2520 5170 2641 5209; x_wconf 90' lang='lat' dir='ltr'><strong>cum</strong></span> <span class='ocrx_word' id='word_1_725' title='bbox 2676 5155 3020 5210; x_wconf 90' lang='lat' dir='ltr'><strong>inimicitiam</strong></span> <span class='ocrx_word' id='word_1_726' title='bbox 3054 5166 3109 5211; x_wconf 91' lang='lat' dir='ltr'><strong>et</strong></span> <span class='ocrx_word' id='word_1_727' title='bbox 3132 5157 3317 5211; x_wconf 90' lang='lat' dir='ltr'><strong>odium</strong></span> <span class='ocrx_word' id='word_1_728' title='bbox 3352 5159 3602 5211; x_wconf 85' lang='lat' dir='ltr'><strong>adversus</strong></span> <span class='ocrx_word' id='word_1_729' title='bbox 3660 5154 3764 5207; x_wconf 87' lang='lat' dir='ltr'><strong>ho-</strong></span> 
     </span>
    </p>
   </div>
   <div class='ocr_carea' id='block_1_111' title="bbox 2186 5245 3762 5319">
    <p class='ocr_par' dir='ltr' id='par_1_111' title="bbox 2186 5245 3762 5319">
     <span class='ocr_line' id='line_1_111' title="bbox 2186 5245 3762 5319; baseline 0.003 -22"><span class='ocrx_word' id='word_1_730' title='bbox 2186 5245 2384 5298; x_wconf 91' lang='lat' dir='ltr'><strong>minem</strong></span> <span class='ocrx_word' id='word_1_731' title='bbox 2414 5246 2543 5300; x_wconf 90' lang='lat' dir='ltr'><strong>mihi</strong></span> <span class='ocrx_word' id='word_1_732' title='bbox 2586 5248 2960 5317; x_wconf 90' lang='lat' dir='ltr'><strong>cognominem</strong></span> <span class='ocrx_word' id='word_1_733' title='bbox 2998 5250 3229 5318; x_wconf 74' lang='lat' dir='ltr'><strong>propria:</strong></span> <span class='ocrx_word' id='word_1_734' title='bbox 3260 5245 3627 5319; x_wconf 82' lang='lat' dir='ltr'><strong>perversitatis</strong></span> <span class='ocrx_word' id='word_1_735' title='bbox 3656 5261 3762 5301; x_wconf 84' lang='lat' dir='ltr'><strong>oc-</strong></span> 
     </span>
    </p>
   </div>
   <div class='ocr_carea' id='block_1_112' title="bbox 2184 5337 3761 5406">
    <p class='ocr_par' dir='ltr' id='par_1_112' title="bbox 2184 5337 3761 5406">
     <span class='ocr_line' id='line_1_112' title="bbox 2184 5337 3761 5406; baseline 0.001 -17"><span class='ocrx_word' id='word_1_736' title='bbox 2184 5337 2456 5390; x_wconf 89' lang='lat' dir='ltr'><strong>casionem</strong></span> <span class='ocrx_word' id='word_1_737' title='bbox 2508 5339 2819 5406; x_wconf 89' lang='lat' dir='ltr'><strong>reperisset.</strong></span> <span class='ocrx_word' id='word_1_738' title='bbox 2867 5358 2886 5390; x_wconf 76' lang='grc'><strong>»</strong></span> <span class='ocrx_word' id='word_1_739' title='bbox 2936 5337 3094 5395; x_wconf 89' lang='lat' dir='ltr'><strong>Unde</strong></span> <span class='ocrx_word' id='word_1_740' title='bbox 3148 5341 3435 5396; x_wconf 77' lang='lat' dir='ltr'><strong>Sozomeni</strong></span> <span class='ocrx_word' id='word_1_741' title='bbox 3484 5337 3761 5401; x_wconf 81' lang='lat' dir='ltr'><strong>narratio,</strong></span> 
     </span>
    </p>
   </div>
   <div class='ocr_carea' id='block_1_113' title="bbox 2184 5431 3761 5496">
    <p class='ocr_par' dir='ltr' id='par_1_113' title="bbox 2184 5431 3761 5496">
     <span class='ocr_line' id='line_1_113' title="bbox 2184 5431 3761 5496; baseline 0.003 -17"><span class='ocrx_word' id='word_1_742' title='bbox 2184 5438 2465 5496; x_wconf 87' lang='lat' dir='ltr'><strong>susceptas</strong></span> <span class='ocrx_word' id='word_1_743' title='bbox 2515 5431 2775 5485; x_wconf 88' lang='lat' dir='ltr'><strong>adversus</strong></span> <span class='ocrx_word' id='word_1_744' title='bbox 2832 5431 3098 5486; x_wconf 91' lang='lat' dir='ltr'><strong>Isidorum</strong></span> <span class='ocrx_word' id='word_1_745' title='bbox 3150 5433 3463 5488; x_wconf 90' lang='lat' dir='ltr'><strong>inimicitias</strong></span> <span class='ocrx_word' id='word_1_746' title='bbox 3525 5445 3761 5483; x_wconf 81' lang='lat' dir='ltr'><strong>causam</strong></span> 
     </span>
    </p>
   </div>
   <div class='ocr_carea' id='block_1_114' title="bbox 2183 5517 3766 5589">
    <p class='ocr_par' dir='ltr' id='par_1_114' title="bbox 2183 5517 3766 5589">
     <span class='ocr_line' id='line_1_114' title="bbox 2183 5517 3766 5589; baseline 0.002 -17"><span class='ocrx_word' id='word_1_747' title='bbox 2183 5517 2489 5589; x_wconf 89' lang='lat' dir='ltr'><strong>Theophilc</strong></span> <span class='ocrx_word' id='word_1_748' title='bbox 2538 5523 2748 5577; x_wconf 84' lang='lat' dir='ltr'><strong>dedisse</strong></span> <span class='ocrx_word' id='word_1_749' title='bbox 2808 5523 3067 5589; x_wconf 91' lang='lat' dir='ltr'><strong>dicentis,</strong></span> <span class='ocrx_word' id='word_1_750' title='bbox 3130 5539 3231 5579; x_wconf 91' lang='lat' dir='ltr'><strong>cur</strong></span> <span class='ocrx_word' id='word_1_751' title='bbox 3287 5535 3465 5578; x_wconf 86' lang='lat' dir='ltr'><strong>tantas</strong></span> <span class='ocrx_word' id='word_1_752' title='bbox 3506 5521 3766 5576; x_wconf 77' lang='lat' dir='ltr'><strong>conciret</strong></span> 
     </span>
    </p>
   </div>
   <div class='ocr_carea' id='block_1_115' title="bbox 2187 5612 3475 5678">
    <p class='ocr_par' dir='ltr' id='par_1_115' title="bbox 2187 5612 3475 5678">
     <span class='ocr_line' id='line_1_115' title="bbox 2187 5612 3475 5678; baseline 0.004 -14"><span class='ocrx_word' id='word_1_753' title='bbox 2187 5612 2394 5678; x_wconf 90' lang='lat' dir='ltr'><strong>turbas,</strong></span> <span class='ocrx_word' id='word_1_754' title='bbox 2425 5614 2687 5669; x_wconf 89' lang='lat' dir='ltr'><strong>adversus</strong></span> <span class='ocrx_word' id='word_1_755' title='bbox 2716 5615 3004 5670; x_wconf 86' lang='lat' dir='ltr'><strong>Baronium</strong></span> <span class='ocrx_word' id='word_1_756' title='bbox 3034 5617 3475 5671; x_wconf 75' lang='lat' dir='ltr'><strong>confirmatur“.</strong></span> 
     </span>
    </p>
   </div>
   <div class='ocr_carea' id='block_1_116' title="bbox 2255 5702 3766 5780">
    <p class='ocr_par' dir='ltr' id='par_1_116' title="bbox 2255 5702 3766 5780">
     <span class='ocr_line' id='line_1_116' title="bbox 2255 5702 3766 5780; baseline 0.001 -22"><span class='ocrx_word' id='word_1_757' title='bbox 2255 5702 2393 5760; x_wconf 78' lang='lat' dir='ltr'><strong>XXI.</strong></span> <span class='ocrx_word' id='word_1_758' title='bbox 2415 5706 2672 5777; x_wconf 87' lang='lat' dir='ltr'><strong>Synesius</strong></span> <span class='ocrx_word' id='word_1_759' title='bbox 2700 5722 2917 5778; x_wconf 90' lang='lat' dir='ltr'><strong>quoque</strong></span> <span class='ocrx_word' id='word_1_760' title='bbox 2946 5716 3248 5780; x_wconf 90' lang='lat' dir='ltr'><strong>temporum</strong></span> <span class='ocrx_word' id='word_1_761' title='bbox 3277 5709 3482 5764; x_wconf 86' lang='lat' dir='ltr'><strong>illorum</strong></span> <span class='ocrx_word' id='word_1_762' title='bbox 3502 5702 3766 5773; x_wconf 69' lang='lat' dir='ltr'><strong>teqtnlis,</strong></span> 
     </span>
    </p>
   </div>
  </div>
