3914 6528
148 470 258 524 IIS?

148 686 248 725 men
270 669 336 723 ad
372 670 559 739 ipsum
593 671 738 734 data,
761 670 988 725 Joannis
1010 670 1358 724 nihilominus
1386 669 1702 722 memoriam

148 760 284 812 laude
345 761 712 829 prosequitur
766 760 830 813 ³¹.
880 762 1023 815 Idem
1081 776 1200 814 cum
1237 762 1302 814 ad
1336 762 1701 828 episcopatum

149 851 498 919 Cyrenensem
543 851 823 919 superiore
852 866 994 904 anno
1038 851 1238 904 invitus
1276 856 1701 917 promoveretur,

150 948 205 998 ad
234 942 614 998 declinandum
633 959 788 1009 onus,
815 951 867 996 et
892 943 1140 1011 pupulum
1170 942 1573 996 absterrendum
1608 957 1704 1010 pu-

149 1036 266 1091 blice
287 1037 731 1100 contestabatur,
750 1050 849 1089 nec
872 1034 1056 1087 mundi
1083 1048 1354 1097 occasum,
1387 1049 1485 1088 nec
1517 1049 1701 1088 resur-

149 1127 428 1182 rectionem
463 1141 783 1195 corporum,
825 1141 923 1180 nec
955 1126 1162 1179 animas
1191 1125 1300 1195 jam
1347 1124 1590 1179 formatis
1622 1125 1705 1178 iii-

149 1219 235 1273 seri
264 1217 597 1285 corporibus
629 1217 733 1271 sibi
774 1232 931 1285 posse
952 1217 1262 1285 persuaderi
1290 1234 1303 1269 :
1333 1231 1451 1285 qua:
1478 1230 1599 1270 cum
1624 1217 1706 1270 in-

150 1309 297 1379 signia
332 1308 449 1362 sint
472 1308 656 1374 capita
695 1307 1033 1377 Origenianaa
1052 1308 1333 1371 doctrinae,
1366 1308 1518 1361 valde
1541 1308 1593 1361 in
1621 1306 1704 1363 his

150 1399 264 1453 locis
288 1412 517 1452 exosam
559 1406 687 1451 tunc
709 1397 873 1451 fuisse
904 1398 1298 1452 concludimus.
1331 1401 1399 1451 At
1432 1398 1703 1468 Hierony-

151 1506 249 1544 mus
262 1488 643 1559 Chrysostomi
664 1488 1032 1556 expulsiouem
1063 1489 1377 1543 etexsilium
1406 1490 1706 1559 Theophilo

153 1594 229 1649 per
262 1578 550 1646 epistolam
609 1578 912 1646 gratulatus
947 1588 1029 1633 est
1079 1578 1171 1633 "z
1213 1598 1231 1629 ι
1285 1579 1436 1636 Unde
1468 1590 1522 1635 et
1571 1596 1703 1648 nos,

154 1671 321 1738 inquit,
352 1668 624 1724 Joannem
683 1670 776 1739 qui
830 1670 1024 1724 dudum
1057 1670 1705 1740 Constantinopolitanam

155 1762 276 1816 rexit
304 1762 641 1826 Ecclesiam,
669 1761 776 1816 Deo
814 1762 1026 1831 placere
1058 1776 1270 1831 semper
1293 1764 1617 1831 optavimus,
1651 1774 1707 1819 et

155 1866 319 1907 causas
351 1852 687 1921 perditionis
722 1852 870 1921 ejus,
908 1853 961 1909 in
994 1868 1130 1922 quas
1176 1854 1452 1909 ferebatur
1509 1856 1707 1926 impro-

155 1942 308 2005 vidus,
340 1957 696 2013 nequaquam
755 1944 976 1998 credere
1009 1944 1293 2002 voluimus.
1347 1944 1454 2001 Sed
1487 1946 1597 2011 ille,
1650 1959 1709 2001 ut

150 2042 324 2086 catera
347 2031 552 2101 ﬂagitia
585 2032 701 2100 ejus
738 2044 964 2099 taceam,
996 2033 1332 2107 Origenistas
1353 2039 1408 2091 in
1433 2053 1584 2093 suam
1623 2054 1709 2094 re-

152 2122 331 2189 cipiens
361 2121 822 2187 familiaritatem,
844 2131 900 2176 et
928 2138 993 2177 ex
1024 2124 1396 2193 hisplurimos
1439 2125 1491 2179 in
1522 2140 1707 2180 sacer-

154 2212 332 2268 dotium
367 2214 703 2282 provehens,
740 2224 904 2284 atque
935 2216 1004 2271 ob
1034 2215 1140 2270 hoc
1189 2215 1364 2271 scelus
1400 2216 1569 2270 beatae
1594 2232 1709 2271 me-

155 2304 320 2356 moriae
347 2303 630 2357 hominem
659 2302 752 2357 Dei
792 2303 1172 2374 Epiphaniam,
1198 2306 1290 2374 qui
1326 2304 1467 2359 inter
1505 2306 1710 2376 episco-

154 2407 234 2461 pos
264 2392 469 2447 clarum
496 2393 553 2447 in
584 2395 717 2448 orbe
738 2394 886 2449 sidus
915 2394 1134 2461 elfulsit,
1162 2411 1267 2450 non
1289 2411 1455 2465 parvo
1478 2411 1711 2452 maerore

154 2485 464 2540 contristaris
512 2486 715 2540 meruit
758 2487 943 2541 audire
972 2506 985 2540 :
1017 2487 1239 2551 Cecidit,
1286 2488 1472 2541 cecidit
1528 2486 1707 2557 Baby-

155 2576 230 2626 lon
258 2573 323 2626 “.
364 2593 385 2625 ι
420 2573 649 2628 Minime
706 2573 885 2643 itaque
933 2575 1337 2629 assentiendum
1373 2576 1605 2630 Baronio
1636 2577 1707 2640 ³⁸,

156 2665 232 2730 qui
254 2663 560 2717 concitatas
591 2677 620 2715 a
640 2662 940 2733 The0philo
971 2665 1231 2719 adversus
1260 2644 1710 2734 Cbrysostomum

159 2754 325 2807 turbas
362 2753 658 2823 aegerrime
699 2754 882 2809 tulisse
909 2753 1297 2825 Hieronymum
1341 2754 1635 2824 conjectat.

214 2842 369 2897 XXII.
432 2842 835 2899 Observatione
880 2859 1010 2899 vero
1047 2845 1266 2914 dignum
1300 2846 1550 2914 estquod
1586 2859 1712 2898 nar-

158 2944 261 2988 rant
294 2934 576 2998 Socrates,
632 2934 894 3004 Georgius
933 2934 1333 2989 Alexandrinus
1389 2944 1443 2988 et
1490 2934 1711 2990 Situeon

160 3024 563 3095 Mclaphrastes,
603 3025 656 3078 iu
678 3022 1033 3093 Theophilum
1057 3026 1199 3094 vulgi
1241 3024 1422 3081 odium
1447 3026 1709 3091 crevisse,

156 3119 339 3173 idcirco
364 3119 511 3188 quod
565 3128 690 3188 post
723 3119 1007 3173 damnatos
1063 3128 1209 3174 tanto
1236 3128 1428 3173 conatu
1460 3118 1712 3189 Origenis

155 3208 323 3275 libros,
361 3226 557 3264 eorum
591 3212 758 3264 etiam
795 3218 911 3264 tum
967 3210 1182 3264 lectioni
1227 3211 1439 3266 deditus
1459 3224 1579 3266 esse
1613 3211 1710 3264 des

153 3302 432 3371 prehensus
470 3303 584 3367 sit;
624 3300 775 3369 cujus
828 3303 905 3357 rei
951 3318 1171 3357 causam
1215 3318 1339 3357 cum
1380 3303 1448 3358 ab
1480 3316 1547 3357 eo
1584 3317 1710 3371 per-

153 3405 452 3450 contaretur
512 3396 831 3466 quispiam,
889 3397 1231 3466 respondisse
1284 3405 1439 3465 prato
1491 3394 1713 3450 floribus

159 3489 352 3543 consito
380 3487 597 3542 similes
628 3501 748 3541 esse
782 3487 950 3542 libros
995 3487 1244 3558 Origenis
1266 3527 1281 3552 ,
1317 3487 1610 3555 decerpere
1654 3500 1714 3541 se

156 3593 259 3645 quze
289 3579 522 3649 pulchra
551 3587 717 3645 sunt;
754 3592 871 3646 quae
900 3578 1141 3646 spinosa,
1174 3578 1452 3647 praeterire
1482 3596 1496 3630 :
1553 3585 1715 3644 atque

156 3670 199 3721 id
226 3671 477 3735 omnibus
533 3667 821 3723 offensioni
872 3668 1062 3723 fuisse.
1112 3671 1185 3724 De
1214 3684 1275 3724 ea
1306 3684 1364 3723 re
1398 3669 1471 3721 ita
1507 3667 1715 3737 Ruper-

156 3771 231 3815 tus
254 3761 552 3816 Tuitiensis
581 3761 677 3815 lib.
704 3776 720 3814 I
784 3752 1072 3815 Couimeut.
1098 3761 1152 3814 in
1178 3761 1461 3815 Deuteron.
1496 3774 1617 3829 cap.
1638 3774 1715 3813 ix.

160 3871 176 3901 ‹
197 3852 349 3906 Juxta
378 3852 626 3906 litteram
690 3852 975 3905 manifesta
1001 3860 1086 3905 cst
1121 3852 1371 3921 aequitas,
1407 3852 1560 3921 juxta
1593 3866 1718 3903 ana-

156 3958 310 4014 gogen
342 3959 479 3999 vero
504 3943 699 4014 judicii
739 3944 1003 3998 lectorum
1050 3946 1326 3998 inhibetur
1362 3943 1716 4009 mutabilitas,

158 4036 393 4091 videlicet
424 4050 593 4106 quam
621 4034 675 4089 in
719 4033 1020 4105 TheOphilo
1054 4035 1443 4091 Alexandrinae
1483 4035 1719 4088 civitatis

156 4130 396 4198 episcopo
416 4126 790 4183 ecclesiastica
819 4128 1161 4197 reprehendit
1192 4127 1401 4181 relatio.
1436 4126 1538 4193 Qui
1598 4140 1718 4180 cum

153 4214 362 4273 Joannis
385 4216 1000 4286 Constantinopolitaui,
1029 4217 1121 4287 qui
1152 4216 1571 4287 Chrysostomus
1626 4234 1723 4286 ap-

156 4310 375 4377 pellatur
395 4352 411 4376 ,
442 4318 596 4365 esset
626 4309 896 4376 inimicus,
926 4309 1211 4364 lectionem
1234 4310 1505 4379 Origenis,
1540 4310 1624 4363 cui
1657 4309 1723 4363 li-

157 4398 335 4455 benter
358 4400 733 4467 incumbebat,
763 4400 879 4455 zelo
908 4401 1148 4471 ejusdem
1170 4399 1398 4456 Joannis
1424 4401 1721 4466 damnavit;

162 4494 479 4564 tandemque
536 4492 795 4549 damnato
839 4493 1046 4548 Joanne
1074 4534 1091 4561 ,
1148 4494 1273 4562 quia
1307 4507 1368 4548 se
1419 4509 1449 4547 a
1494 4494 1725 4549 lectione

1011 464 1579 522 ΟιιιαΕΝιΑΝοῐιυΜ
1620 466 1744 519 LIB.
1787 463 1852 527 II,
1887 464 2036 518 CAP.
2080 462 2170 527 IV,
2210 461 2399 518 SECT.
2441 461 2505 515 II.

1892 8 2333 27 μνπιιωέί--ᾟ
2244 16 2249 17 ⁷
2294 14 2307 17 ⁴
2344 14 2395 25 κν·

3234 463 3371 521 1158

146 582 251 634 licet
280 582 385 634 sub
420 581 713 652 TheOphili
744 582 943 636 ditione
983 582 1210 648 positus,
1247 582 1298 634 iu
1346 580 1569 649 epistola
1623 588 1704 632 ta-
1734 586 1782 639 Α
1809 580 2004 647 quibus
2027 593 2180 633 suum
2211 577 2471 631 adversus
2501 574 2788 647 Origenem
2821 576 2905 629 vel
2941 589 3149 639 verum,
3185 579 3268 629 vel
3294 579 3371 630 si-

1804 670 2061 724 mulatum
2091 662 2275 723 odium
2317 667 2617 735 insignibus
2664 665 3027 720 monumentis
3062 667 3359 735 expressit.

1808 762 1879 815 De
1902 775 1966 816 eo
1995 760 2263 813 volumine
2300 759 2380 812 sic
2406 758 2713 813 Gennadius
2743 758 2838 811 lib.
2877 758 2950 812 De
2996 758 3093 810 vir.
3130 758 3324 813 illustr.
3350 772 3369 809 :

1807 869 1827 904 ι
1863 850 2094 919 Scripsit
2121 850 2405 905 adversum
2436 849 2724 919 Origenem
2759 862 2923 902 unum
2952 859 3007 902 et
3047 847 3251 917 grande
3280 861 3373 899 vo-

1804 944 2013 1009 lumen,
2042 945 2095 998 in
2137 959 2243 1013 quo
2284 942 2466 997 omnia
2488 957 2631 1010 pene
2647 940 2763 1008 ejus
2790 941 2955 1006 dicta,
2985 951 3038 995 et
3066 942 3239 1008 ipsum
3276 955 3370 1008 pa-

1806 1038 1939 1091 riter
1966 1037 2221 1101 damnat;
2250 1034 2498 1088 similiter
2533 1033 2732 1087 docens
2760 1047 2864 1085 non
2908 1047 2937 1085 a
2997 1046 3056 1086 se
3087 1046 3210 1086 eum
3259 1033 3368 1101 pri-

1805 1141 1975 1189 muni,
1999 1126 2092 1180 sed
2124 1129 2191 1179 ab
2222 1123 2461 1191 antiquis
2485 1124 2765 1186 Patribus,
2795 1132 2849 1176 et
2876 1122 3110 1176 maxime
3141 1121 3368 1177 Ileracla

1805 1214 1971 1268 fuisse
1996 1223 2049 1267 et
2081 1228 2109 1267 a
2142 1213 2482 1283 presbyterio
2506 1210 2761 1278 ejectum,
2793 1220 2847 1265 et
2878 1211 2945 1265 de
2969 1211 3206 1265 Ecclesia
3249 1210 3369 1279 pul-

1805 1323 1945 1373 sum,
2003 1308 2151 1361 etde
2199 1306 2418 1360 civitate
2458 1304 2722 1373 fugatum.
2761 1321 2779 1354 ι
2828 1302 3015 1356 Refert
3047 1316 3112 1356 ex
3165 1302 3371 1356 Isidoro

1805 1398 2036 1453 diacono
2074 1398 2311 1452 Joannes
2362 1396 2751 1459 Dnmascenus,
2800 1393 3156 1461 Theophilum
3206 1392 3369 1447 morti

1806 1486 2127 1556 proximum,
2155 1500 2274 1540 cum
2310 1494 2528 1553 propter
2557 1484 2848 1537 admissum
2876 1484 2926 1535 in
2949 1481 3177 1537 Joannis
3206 1497 3369 1536 causa

1807 1574 2404 1653 peccatuin,_'exlialare
2430 1574 2677 1643 spiritum
2703 1588 2808 1627 non
2842 1583 3043 1641 posset,
3071 1571 3244 1627 oblata
3269 1570 3372 1642 ipsi

1806 1667 2179 1738 Chrysostonii
2231 1665 2465 1735 imagine
2501 1675 2574 1719 -et
2620 1665 2841 1719 adorata
2900 1663 3082 1718 statim
3135 1662 3371 1716 animam

1806 1762 2000 1829 egisse.
2030 1755 2209 1810 Nihilo
2264 1758 2441 1811 secius
2473 1766 2654 1809 tamen
2692 1754 2808 1822 ejus
2838 1754 3035 1808 famam
3082 1753 3374 1808 lancinavit

1806 1848 2037 1921 Cyrillus
2064 1846 2345 1916 Theophili
2374 1856 2653 1915 cognatus.
2679 1846 2749 1898 At
2780 1860 2903 1900 cum
2930 1846 3171 1899 animum
3204 1844 3376 1913 ipsius

1812 1940 2064 2010 mitigare
2097 1939 2335 1994 studenti
2375 1939 2558 1993 Attico
2602 1937 3203 2006 Constantinopolitano
3253 1935 3373 2005 epi-

1810 2046 1972 2101 scopo
2001 2039 2286 2099 perpetuas
2307 2044 2427 2083 sese
2462 2043 2584 2082 cum
2619 2027 2991 2097 Chrysnstomi
3020 2027 3241 2081 nomine
3269 2027 3371 2079 ini-

1811 2122 2042 2176 micitias
2105 2131 2384 2189 gesturum
2428 2118 2655 2188 Cyrillus
2709 2119 3093 2182 renuntiasset;
3140 2119 3191 2172 in
3221 2133 3377 2173 acres

1810 2213 1997 2269 Isidori
2030 2210 2316 2266 Pelusioue
2341 2209 2746 2279 objurgationes
2786 2207 3015 2262 incurrit
3040 2225 3057 2262 :
3085 2217 3139 2261 et
3165 2208 3231 2261 ad
3261 2223 3376 2261 mc-

1811 2305 1999 2361 lioreui
2035 2305 2247 2359 tandem
2281 2312 2567 2357 revocatus
2601 2311 2832 2354 mentem
2857 2316 2977 2354 cum
3008 2297 3234 2353 Joannis
3267 2313 3380 2353 mc-

1811 2399 1982 2453 moria
2011 2398 2170 2454 rediit
2200 2398 2250 2450 in
2283 2396 2537 2465 gratiam,
2563 2408 2869 2461 nomenque
2897 2392 3068 2461 ipsius
3100 2391 3380 2463 Diptychis

1812 2490 2057 2545 inseruit.
2084 2491 2401 2558 Anonymus
2441 2484 2811 2555 Chrysostomi
2847 2484 2973 2537 vita:
3034 2485 3293 2552 scriptor,
3319 2484 3377 2538 in

1810 2581 2017 2637 somnis
2053 2580 2316 2634 monitum
2375 2594 2404 2632 a
2462 2575 2672 2631 Joanne
2727 2575 2993 2645 Cyrillum
3052 2575 3379 2629 sententiam

1812 2684 2049 2728 mutasse
2079 2680 2282 2736 narrat,
2311 2672 2486 2739 deque
2534 2668 2653 2737 ejus
2707 2668 2908 2736 pietate
2960 2676 3017 2721 et
3070 2667 3382 2736 integritate

1812 2764 2046 2820 saniora
2077 2764 2330 2817 sensisse.
2368 2761 2556 2814 Iielato
2590 2758 2706 2827 ejus
2734 2758 2788 2812 in
2825 2758 3085 2828 Diptycha
3122 2759 3339 2812 nomine
3360 2796 3380 2826 ,

1816 2856 2042 2923 reliquis
2065 2854 2380 2923 praesulibus
2408 2853 2545 2905 idem
2572 2860 2630 2903 ut
2661 2850 2925 2916 facerent,
2952 2850 3199 2917 exemplo
3259 2849 3380 2906 fuit.

1811 2947 1961 3000 Adeo
1984 2955 2039 2999 ut
2075 2945 2283 3014 publice
2332 2944 2434 2997 coli
2473 2944 2665 2998 deinde
2699 2952 2910 3009 cceptus
2941 2942 3011 2994 sit
3057 2942 3378 3010 Chrysosto—

1813 3052 1951 3102 mus,
1982 3047 2037 3091 et
2059 3051 2247 3105 magna
2295 3035 2507 3087 demum
2538 3048 2726 3101 pompa
2754 3048 2817 3085 ac
2841 3032 3095 3085 comitatu
3120 3032 3383 3087 Constan-

1816 3126 2098 3195 tinopolim
2135 3123 2393 3191 reliquias
2420 3122 2589 3189 ipsius
2629 3120 2882 3174 Cumanis
2915 3121 3201 3173 devexerit
3253 3121 3382 3175 Pro-

1814 3218 1926 3272 clus
1952 3218 2181 3270 antistes
2198 3212 2846 3281 ConstantinOpolitanus.
2873 3212 2969 3265 Ilic
2994 3228 3154 3282 porro
3167 3212 3381 3267 .frustra

1815 3310 2041 3364 miratur
2063 3305 2336 3371 Socrates,
2370 3306 2500 3375 quid
2526 3306 2597 3359 sit
2620 3318 2718 3358 cur
2752 3309 2973 3373 tot'post
3010 3304 3216 3379 obitum
3276 3320 3380 3357 au-

1816 3404 1899 3457 nis
1933 3401 2221 3470 Origenem
2254 3399 2319 3452 ab
2350 3396 2603 3452 Ecclesia:
2632 3398 3009 3451 communione
3042 3408 3384 3466 segregatum

1815 3492 2245 3564 prouuntiaverit
2277 3489 2631 3558 Theophilus,
2663 3488 2924 3544 Joannem
2948 3504 3079 3543 vero
3108 3490 3385 3545 tricesimo

1816 3588 2004 3655 quinto
2036 3601 2064 3637 a
2094 3594 2270 3638 morte
2299 3598 2445 3637 anno
2486 3585 2536 3636 in
2570 3583 2814 3637 eamdem
2855 3582 3074 3637 Proclus
3104 3591 3380 3652 receptum

1816 3674 2047 3729 voluerit
2079 3690 2093 3727 :
2128 3689 2249 3726 nam
2282 3671 2411 3725 licet
2438 3670 2684 3740 Origenis
2710 3672 2889 3738 potius
2918 3672 3183 3735 doctrina,
3224 3686 3385 3740 quam

1820 3780 2018 3820 nomen
2064 3762 2227 3818 fuerit
2273 3780 2304 3818 a
2345 3762 2648 3831 Theopliilo
2680 3762 3070 3827 damnamlum,
3111 3762 3387 3816 nihilomi-

1820 3872 1924 3913 nus
1950 3865 2126 3909 tamen
2158 3864 2215 3907 ut
2259 3862 2383 3924 pote
2418 3854 2638 3907 nefaria:
2660 3854 2923 3907 doctrinae
2973 3862 3163 3907 auctor
3190 3853 3389 3922 Origeé

1822 3965 1917 4019 nes
1946 3961 2231 4002 censuram
2266 3946 2506 4015 aliquam
2537 3954 2590 4000 et
2616 3946 3091 4013 reprehensionem
3152 3959 3388 3999 comme-

1823 4044 1964 4107 ruit;
2005 4059 2126 4101 cum
2173 4043 2373 4097 nullius
2422 4043 2725 4097 econtrario
2766 4042 2970 4096 erroris
3012 4039 3184 4096 afﬁnis
3218 4040 3388 4108 Chry-

1822 4146 2115 4199 sostomus,
2178 4150 2274 4204 per
2328 4149 2597 4189 summum
2639 4133 2819 4188 scelus
2866 4134 2933 4187 ab
2988 4131 3221 4186 Ecclesia
3260 4146 3388 4200 pro-

1836 4224 2229 4293 scriptus,jure
2263 4224 2313 4277 in
2341 4238 2459 4278 eam
2478 4224 2704 4278 subinde
2735 4232 2981 4291 receptus
3000 4223 3091 4278 sit.
3118 4222 3236 4278 Jam
3264 4232 3391 4277 ante

1828 4317 1944 4371 haec
1984 4328 2229 4385 tempora
2256 4315 2453 4369 librum
2482 4314 2556 4368 De
2580 4316 2958 4369 resurrectione
2982 4315 3240 4370 adversus
3268 4314 3389 4370 Ori-

1825 4423 2014 4479 genem
2042 4406 2344 4475 scripserat
2372 4406 2632 4461 Hammon
2666 4407 3198 4476 Adrianopolitanus,
3257 4416 3317 4459 ut
3359 4422 3390 4460 a

1826 4500 2063 4553 Maximo
2094 4499 2348 4552 traditum
2379 4506 2464 4554 est
2515 4500 2567 4553 in
2598 4499 2832 4555 Scholiis
2858 4502 2925 4554 ad
2972 4500 3285 4569 Dionysium
3318 4499 3393 4553 De

155 4583 396 4655 Origenis
452 4602 566 4641 non
633 4586 893 4651 cohibuit,
928 4601 1124 4652 rursus
1174 4587 1287 4655 ipse
1335 4586 1551 4641 lectioni
1606 4585 1726 4642 Ori-
1758 4597 1801 4651 1)
1830 4591 2021 4645 calesti
2046 4589 2365 4655 hierarchia,
2400 4606 2520 4660 cap.
2575 4589 2625 4644 7.
2661 4590 2735 4644 De
2763 4590 2878 4658 ejus
2910 4598 3067 4644 aetate
3108 4606 3271 4643 unum
3303 4592 3395 4644 lia-

156 4679 301 4746 geuis
327 4678 573 4749 ejusdem
609 4676 872 4731 incubuit.
934 4697 954 4729 ι
1006 4676 1144 4731 Hinc
1190 4677 1495 4732 existimari
1543 4686 1723 4747 potest

158 4780 350 4837 quanta
382 4770 603 4825 vafritie
631 4767 987 4838 Theophilus,
1014 4782 1109 4837 per
1153 4768 1391 4837 speciem
1423 4768 1721 4823 insectandi

159 4862 478 4931 Origenismi
509 4862 755 4932 privatas
782 4861 1082 4916 simultates
1104 4860 1245 4915 ultus
1274 4862 1376 4926 sit;
1407 4860 1567 4915 facile
1593 4874 1725 4928 prae-

158 4956 335 5009 sertim
375 4955 614 5024 receptis
641 4958 802 5020 paulo
859 4962 984 5008 ante
1024 4952 1075 5006 in
1102 4955 1332 5020 gratiam
1358 4952 1678 5022 Origenistis
1706 4969 1721 5005 :

159 5050 245 5102 sed
282 5050 418 5103 utin
445 5058 627 5116 empta
658 5056 839 5102 tamen
895 5046 1242 5101 simulatione
1297 5053 1675 5115 perseveraret
1706 5084 1720 5110 ,

159 5139 351 5210 stylum
373 5140 476 5194 hoc
500 5141 637 5209 ipso,
676 5146 730 5192 et
763 5147 1019 5207 sequente
1048 5145 1307 5206 praeterea
1338 5151 1481 5189 anno
1511 5150 1721 5189 summa

158 5235 449 5302 asperitate
489 5241 544 5287 et
575 5230 950 5285 maledicentia
975 5231 1218 5285 exercuit
1245 5230 1503 5283 adversus
1532 5226 1724 5295 Orige-

162 5338 281 5377 nem
310 5325 362 5378 in
391 5323 639 5393 epistolis
665 5322 1040 5386 Pasclialibus,
1079 5336 1217 5390 quas
1259 5320 1449 5374 Latine
1482 5318 1729 5387 exposuit

163 5412 541 5485 Hieronymus,
573 5414 625 5467 in
650 5412 930 5467 abolendis
966 5412 1390 5482 Origenistarum
1455 5407 1731 5463 erroribus

160 5504 458 5573 Theophilo
486 5504 862 5558 consentiens.
1404 5552 1407 5555 .

228 5595 418 5649 XXIII.
450 5597 609 5649 Auno
646 5592 844 5647 Christi
875 5593 981 5647 M9.
1004 5593 1233 5648 decessit
1259 5590 1613 5661 Theophilus,
1646 5605 1730 5644 re-

160 5688 284 5742 licto
319 5704 441 5742 cum
473 5688 717 5757 epistolis
744 5686 1096 5741 Paschalibus
1128 5686 1321 5754 grandi
1352 5684 1645 5749 volumine,
1678 5685 1730 5737 in

230 5871 275 5901 ³³
322 5870 516 5939 Syncs.
554 5870 710 5937 epist.
738 5868 825 5924 66.

904 5868 947 5900 ³³
974 5867 1190 5924 Hieron.
1222 5868 1378 5936 epist.
1406 5868 1493 5925 88.
1570 5868 1613 5899 ³⁵
1647 5867 1743 5922 Ise.
1778 5884 1887 5932 XXI,
1919 5868 1969 5923 9.

1829 4684 1929 4737 beo
1968 4683 2110 4752 quod
2145 4683 2341 4749 dicam,
2382 4684 2734 4737 vetustiorem
2765 4683 2935 4737 fuisse
2969 4684 3143 4751 ipsum
3171 4684 3395 4753 Cyrillo,

1831 4788 1860 4827 a
1890 4788 1999 4842 quo
2034 4774 2085 4826 in
2120 4774 2482 4827 testimonium
2519 4773 2717 4827 alicubi
2755 4775 2957 4828 citatus
2977 4782 3081 4829 est.

1898 4863 2088 4919 XXIV.
2116 4863 2388 4919 Restituto
2422 4866 2472 4917 in
2504 4857 2785 4933 pris'tiuam
2826 4864 3023 4917 famam
3075 4865 3396 4933 Chrysoslo-

1830 4971 1938 5019 mo,
1967 4970 2158 5023 magna
2217 4965 2394 5008 tamen
2442 4970 2507 5009 ex
2551 4956 2632 5009 his
2662 4955 3150 5010 conflictationibus
3204 4955 3396 5023 Orige-

1833 5048 1992 5102 niano
2028 5048 2233 5099 nomini
2272 5047 2562 5115 ignominia
2590 5046 2735 5099 illata
2759 5055 2862 5109 est,
2887 5055 2942 5099 ut
2968 5045 3077 5098 fere
3100 5046 3212 5115 jam
3238 5046 3396 5114 vulgo

1832 5155 1930 5208 pro
1956 5140 2213 5192 heretico
2266 5140 2580 5191 haberetur.
2636 5137 2977 5207 Quapropter
3037 5137 3397 5207 llicronymus

1834 5229 2229 5282 Demetriadem
2294 5228 2557 5297 virginem
2606 5230 2887 5296 praeceptis
2920 5228 3201 5282 instituens
3255 5244 3397 5281 anno

1836 5321 1961 5383 415,
2002 5330 2161 5373 caute
2210 5329 2391 5375 monet
2438 5329 2495 5372 ut
2545 5320 2647 5373 sibi
2690 5320 2757 5372 ab
2804 5318 3238 5389 Origenistarum
3292 5319 3398 5372 fer-

1840 5424 2018 5469 mento
2045 5424 2253 5467 caveat.
2289 5411 2421 5466 Nam
2447 5428 2566 5465 cum
2595 5413 2989 5481 Origenismum
3016 5414 3082 5465 ab
3111 5414 3401 5466 Anastasio

1839 5507 2123 5575 protritum
2163 5503 2413 5566 dixisset,
2462 5504 2651 5556 addit:
2694 5521 2711 5553 ι
2754 5503 2820 5556 Et
2857 5506 2984 5572 quia
3026 5518 3239 5565 vereor,
3293 5503 3402 5555 imo

1842 5612 2055 5651 rumore
2079 5595 2328 5665 cognovi,
2366 5595 2417 5647 in
2440 5593 2761 5662 quibusdam
2793 5594 2969 5645 adhuc
2998 5592 3178 5645 vivere
3203 5599 3256 5644 et
3283 5590 3402 5659 pul-

1840 5687 2004 5742 lulare
2035 5693 2295 5739 venenata
2332 5684 2624 5753 plantaria,
2687 5683 2816 5736 illud
2863 5693 2914 5737 te
2976 5684 3062 5751 pio
3109 5682 3395 5736 charitatis

2046 5867 2087 5897 ³⁵
2124 5866 2318 5922 Bai'on.
2351 5882 2439 5920 an.
2464 5864 2588 5927 401,
2623 5879 2739 5928 cap.
2774 5880 2839 5919 an
2872 5862 2989 5918 135.
