3914 6514
489 440 626 498 1159

1712 432 1812 489 ορ.
1852 430 2168 486 DANIELIS
2207 430 2443 486 HUETII

3610 426 3740 481 “60

486 558 680 613 allecto
709 552 1140 626 praemonendam
1193 558 1340 621 puto,
1374 560 1432 605 ut
1486 550 1657 605 sancti
1706 550 2002 605 Innocentii
2034 590 2049 614 ,
2082 553 2131 610 Α
2158 550 2393 620 Denique
2424 548 2730 618 Stephanus
2766 546 3014 604 Gobarus
3031 543 3293 603 Tritbeita
3310 536 3740 614 reprehendendi

488 651 578 719 qui
604 647 915 719 apostolica:
953 643 1254 707 cathedrae,
1280 651 1335 697 et
1356 643 1646 713 supradicti
1692 642 1793 696 viri
1842 656 2063 696 succes-

488 755 578 797 sor
607 749 661 794 et
697 737 841 791 filius
866 743 971 799 est,
1000 742 1187 789 teneas
1213 733 1395 788 fidem.
1430 752 1448 783 ι
1475 729 1766 801 Postquam
1791 744 1922 785 vero
1948 729 2065 783 ani-

488 843 699 885 marum
731 826 1096 899 προῢπαρξιν,
1129 835 1185 880 et
1212 825 1451 881 admissa
1502 823 1570 877 ab
1602 823 1667 877 iis
1719 832 1844 875 ante
1897 820 2065 875 vitam

488 928 734 989 peccata,
772 918 918 972 velut
948 918 1219 971 haereseos
1256 915 1402 970 illius
1440 912 1917 969 characteristieon
1970 926 2069 965 no-

493 1009 646 1074 tavit,
687 1026 705 1059 t
737 1007 862 1063 Haec
901 1009 1086 1077 impia,
1147 1007 1340 1076 inquit,
1387 1015 1444 1059 et
1498 1004 1764 1059 scelerata
1818 1002 2065 1058 doctrina

489 1099 619 1154 olim
650 1100 701 1153 in
730 1098 984 1169 Egypto,
1011 1107 1066 1152 et
1099 1097 1342 1153 Orientis
1364 1096 1613 1166 partibus
1640 1093 1982 1157 versabatur,
2009 1100 2068 1147 et

497 1205 642 1244 nunc
670 1188 999 1253 abscondite,
1046 1189 1200 1257 quasi
1252 1188 1306 1241 in
1361 1186 1529 1241 foveis
1558 1186 1871 1255 viperarum
1924 1185 2066 1254 apud

494 1280 781 1351 plerosque
802 1289 1109 1343 versantur,
1142 1278 1461 1343 illarumque
1493 1276 1727 1344 partium
1759 1275 1949 1343 polluit
1972 1289 2070 1344 pu-

492 1372 743 1435 ritatem;
774 1380 825 1423 et
850 1371 1005 1437 quasi
1030 1368 1381 1423 hereditario
1411 1367 1551 1421 malo
1583 1368 1749 1435 serpit
1771 1367 1824 1420 in
1854 1366 2066 1436 paucis,

492 1471 553 1514 ut
586 1461 865 1531 perveniat
895 1461 961 1513 ad
988 1460 1302 1529 plurimos.»
1326 1459 1502 1526 Atque
1524 1458 1609 1512 his
1638 1468 1695 1511 et
1722 1457 2069 1526 sequentibus

494 1566 600 1603 non
649 1548 1043 1619 Origeaismum
1073 1549 1356 1612 duntaxat,
1392 1549 1484 1602 sed
1524 1557 1577 1602 et
1605 1546 1761 1614 huius
1793 1550 2068 1601 traducem

494 1641 953 1710 Pelagianismnm
985 1650 1136 1693 notat
1169 1657 1183 1692 :
1223 1655 1414 1709 magna
1476 1639 1743 1708 siquidem
1803 1638 2065 1693 doctrina:

494 1734 776 1803 utriusque
809 1731 1062 1787 aIEnitas.
1102 1730 1261 1785 Unde
1306 1729 1545 1785 Joannes
1590 1730 1680 1785 ille
1712 1728 2071 1801 Jerosolymi-

496 1834 655 1878 tanns
676 1825 942 1895 saepeiam
975 1835 1205 1879 vocatus
1248 1825 1299 1878 in
1326 1834 1531 1892 partes,
1564 1832 1849 1893 postquam
1878 1822 2071 1890 Orige-

2164 640 2356 695 Isidori
2376 639 2665 694 Pelusiotae
2688 652 2877 692 ansam
2909 642 3241 707 quaerentem
3273 633 3572 695 Severum,
3625 631 3740 688 Ori-

2173 730 2478 802 genismum
2535 729 2633 799 ipsi
2693 728 2968 784 aﬂinxisse
3017 727 3246 792 scribit;
3295 725 3508 780 idcirco
3560 738 3745 794 nempe

2166 821 2306 888 quod
2327 817 2703 890 Chrysostomi
2731 832 2947 873 causam
2983 817 3244 873 adversus
3276 813 3646 884 Theopbiium
3690 823 3742 870 et

2165 910 2431 982 Cyrillum
2467 910 2840 987 defendisset:
2873 918 3109 965 attamen
3155 908 3390 984 veritate
3416 906 3633 990 victum
3662 921 3738 962 reo

2174 1001 2431 1070 sipuisse,
2455 1011 2512 1057 et
2542 1012 2748 1057 temere
2786 999 3047 1070 iactatam
3078 999 3410 1056 calumniam
3444 998 3741 1069 prudenter

2171 1107 2480 1148 τενθεθεεθ.

2238 1184 2412 1240 XXV.
2443 1185 2744 1241 Nonnullos
2768 1192 2946 1240 autem
2980 1186 3276 1241 contrariis
3318 1185 3518 1239 ductos
3560 1181 3749 1238 studiis

2170 1276 2503 1346 Origeniano
2535 1280 2741 1333 nomini
2793 1280 2897 1333 hoc
2930 1287 3172 1347 tempore
3206 1276 3412 1331 favisse
3447 1275 3748 1344 comperio.

2170 1367 2546 1423 Theodoretus
2573 1369 2845 1423 hmreseon
2876 1367 3079 1423 seriem
3110 1377 3429 1431 contexens,
3460 1365 3671 1419 nullum
3700 1366 3748 1419 in

2173 1459 2242 1515 iis
2270 1458 2699 1529 Origenismum,
2742 1460 2918 1515 nullos
2948 1459 3285 1529 Origenistas
3312 1468 3573 1514 recenset
3599 1476 3613 1522 ;
3645 1458 3748 1513 imo

2172 1564 2297 1605 vero
2322 1550 2614 1620 Origenem
2636 1567 2758 1606 cum
2788 1551 2945 1606 laude
2975 1561 3030 1607 et
3062 1552 3269 1606 honore
3295 1550 3568 1620 appellat.
3594 1551 3748 1606 Certe

2175 1644 2301 1698 totis
2373 1643 2767 1713 quinquaginta
2844 1644 3004 1699 annis
3055 1644 3433 1699 Theodoretus
3489 1644 3752 1699 vetustior

2174 1734 2496 1790 Philastrius
2532 1734 2859 1801 Rrixiensis,
2896 1735 2988 1806 qui
3022 1723 3406 1789 haereticorum
3444 1734 3582 1789 item
3612 1744 3752 1789 cata-

2174 1825 2351 1896 logum
2401 1827 2588 1890 edid.t,
2624 1828 2828 1881 nullam
2866 1830 3086 1897 penitus
3128 1828 3263 1883 fecit
3312 1826 3747 1897 Origenistarum

498 1918 713 1971 nianam
742 1917 831 1970 diu
861 1917 1219 1987 propugnavit
1251 1916 1576 1981 doctrinam,
1622 1914 1676 1968 in
1718 1915 2066 1985 Pelagianam
2105 1914 2146 1967 Β
2177 1918 2544 1981 mentionem;
2578 1922 2717 1986 quod
2747 1918 2798 1971 in
2821 1933 2887 1973 eo
2911 1927 3089 1971 tamen
3118 1917 3299 1972 minus
3314 1917 3629 1972 mirandum
3654 1928 3749 1982 est,

500 2010 714 2064 demum
750 2008 1031 2077 prolapsus
1061 2018 1178 2072 est;
1232 2023 1330 2062 nec
1378 2006 1656 2076 Pelagium
1698 2004 1832 2060 fovit
1885 2006 2067 2073 modo,

497 2101 592 2155 sed
646 2099 960 2170 Hieronymi
1024 2100 1186 2153 etiam
1249 2097 1708 2168 Pelagiomastieis
1778 2097 2070 2153 ulciscendi

498 2190 701 2257 studio,
739 2190 790 2242 in
834 2190 1220 2258 discipularum
1254 2189 1419 2255 ipsius
1457 2187 1731 2242 Eustachii
1791 2199 1846 2242 et
1892 2176 2072 2242 Paulze

498 2282 826 2336 monasteria
854 2282 1113 2343 caedibus,
1162 2282 1426 2336 incendiis
1457 2295 1520 2335 ac
1568 2281 1771 2350 rapinis
1802 2295 1898 2348 per
1943 2281 2073 2335 sub-

499 2374 693 2429 missos
722 2373 964 2443 gregales
996 2387 1123 2426 snos
1178 2382 1457 2442 grassatus
1512 2382 1616 2426 est.
1660 2373 1729 2425 At
1754 2387 1875 2427 eum
1911 2372 2068 2440 paqu

498 2474 621 2534 post
649 2480 794 2519 mors
838 2467 1129 2535 Oppressit,
1168 2480 1312 2519 anno
1348 2466 1601 2519 nimirum
1636 2474 1759 2533 post
1792 2463 2071 2519 Christum

502 2565 683 2610 natum
712 2554 839 2617 M6,
900 2565 951 2609 et
996 2556 1356 2623 quadriennio
1416 2564 1560 2623 post,
1620 2555 1797 2624 ipsum
1858 2569 2075 2624 quoque

509 2647 917 2718 Hieronymum.
949 2647 1057 2700 Leo
1082 2662 1214 2715 papa
1247 2662 1447 2716 suppar
1475 2647 1601 2700 huic
1629 2647 1774 2701 aetati
1817 2647 1867 2703 in
1910 2650 2071 2717 epist.

503 2738 565 2791 Η
622 2738 691 2791 ad
740 2736 1016 2791 lulianum
1063 2737 1312 2791 Coensem
1365 2738 1713 2808 Origenianaa
1770 2740 2073 2794 animarum

503 2829 905 2901 προῦπάρξεως
969 2829 1367 2884 damnationem
1442 2830 1635 2901 probat
1679 2841 1734 2885 et
1793 2832 2072 2899 prmdicat.

503 2921 673 2976 Leoni
700 2921 922 2989 ίιυίιιιειιίδ
957 2920 1271 2975 Vincentius
1302 2919 1624 2987 Lirinensis,
1671 2922 1739 2975 de
1768 2937 1877 2991 quo
1900 2923 1951 2976 in
1985 2937 2079 2977 su-

505 3012 719 3082 periore
750 3013 991 3066 sectione
1040 3012 1295 3074 diximus,
1349 3012 1402 3065 in
1445 3012 1621 3066 libello
1672 3014 1935 3068 Adversus
1968 3013 2078 3067 Ιιω-

512 3119 643 3166 res.,
670 3117 789 3171 cap.
811 3102 903 3165 23,
937 3101 1187 3155 maximis
1225 3099 1510 3170 Origenem
1554 3101 1731 3157 aIl'ecit
1786 3103 2032 3157 laudibus
2058 3140 2074 3166 ,

505 3208 612 3261 quo
639 3192 973 3262 splendidior
1021 3200 1167 3247 esset
1210 3193 1450 3262 subiecta
1486 3193 1832 3262 vituperatio.
1871 3194 2078 3249 Anctor

2178 2018 2365 2078 utpote
2396 2010 2485 2078 qni
2521 2009 2809 2079 Epiphanii
2832 2048 2847 2071 ,
2873 2007 3209 2080 Hieronymi,
3231 2007 3464 2063 Joannis
3486 2008 3751 2079 Jerosoly-

2180 2100 2395 2163 mitani,
2429 2098 2742 2169 Theophili,
2775 2098 3151 2165 Nitriensinm,
3177 2109 3231 2153 et
3260 2098 3643 2166 Chrysostomi
3684 2100 3751 2153 al-

2178 2191 2506 2247 tercationes
2528 2200 2689 2245 aztate
2729 2192 3092 2259 praecesserit.
3128 2192 3477 2261 Origenistas
3504 2208 3636 2248 vero
3664 2210 3751 2263 pa-

2181 2283 2284 2337 lam
2316 2298 2375 2339 se
2396 2284 2635 2355 produnt
2668 2284 2927 2339 Socrates
2960 2283 3358 2350 Scholasticus,
3400 2295 3455 2340 et
3509 2286 3750 2342 Hermias

2182 2374 2516 2430 Sozomenus
2544 2375 2597 2429 in
2627 2375 2884 2431 Historiis
2917 2377 3075 2440 suis;
3125 2376 3200 2431 ita
3251 2377 3546 2447 diligenter
3600 2393 3752 2449 argu-

2182 2475 2362 2521 menta
2398 2468 2718 2536 perquirunt
2741 2468 2950 2531 omnia,
2978 2468 3172 2537 quibus
3214 2467 3400 2521 fulciri
3442 2479 3599 2523 secta
3651 2471 3751 2525 hair

2182 2566 2237 2610 et
2261 2556 2508 2612 roborari
2544 2565 2745 2626 potest.
2772 2557 2897 2612 Fuit
2926 2573 2990 2613 ex
3026 2558 3216 2614 eodem
3271 2574 3441 2630 grege
3496 2560 3746 2615 Sidonius

2180 2646 2530 2716 Apollinaris,
2550 2648 2652 2702 fuit
2673 2658 2727 2703 et
2756 2658 2946 2704 auctor
2968 2648 3341 2704 Praedestinati
3367 2652 3599 2720 aequalis
3630 2662 3747 2707 tem-

2182 2752 2374 2807 porum
2398 2738 2637 2804 illorum,
2659 2755 2688 2794 a
2714 2739 2920 2795 Jacobo
2951 2741 3241 2796 Sirmondo
3267 2743 3320 2796 in
3347 2742 3529 2797 lucem
3562 2742 3751 2807 editus,

2182 2829 2418 2884 studium
2490 2845 2648 2885 sumn
2705 2832 2962 2887 adversus
2987 2831 3274 2902 Origenem
3317 2849 3432 2904 pra:
3458 2849 3520 2888 se
3551 2833 3752 2888 ferens.

2184 2930 2239 2974 et
2266 2934 2483 2975 errores
2523 2922 2695 2991 ipsius
2747 2922 3002 2991 operibus
3035 2925 3321 2989 admistos,
3351 2940 3382 2978 a
3423 2925 3676 2991 falsariis,
3704 2936 3753 2979 et

2187 3009 2447 3066 librorum
2489 3012 2945 3068 adulteratoribus
2972 3014 3242 3068 haareticis
3270 3014 3519 3069 intrusos
3574 3026 3629 3070 et
3666 3031 3747 3067 as-

2187 3116 2376 3171 persus
2414 3104 2583 3158 fuisse
2615 3104 2861 3175 gnaviter
2883 3108 3236 3162 contendens.
3266 3107 3470 3162 Fertur
3500 3111 3663 3164 etiam
3691 3126 3750 3164 ex

2186 3192 2340 3248 libris
2371 3193 2620 3266 Origenis
2646 3196 2942 3251 instructus
2976 3198 3039 3251 ad
3068 3198 3401 3267 impietatem
3434 3211 3490 3254 et
3520 3213 3756 3255 armatus

506 3285 751 3355 Catalogi
786 3285 1105 3355 scriptorum
1130 3284 1609 3340 ecclesiasticarum
1627 3288 1691 3340 ad
1723 3287 2076 3352 Desiderium,

2220 3278 2480 3349 iutyehes,
2537 3281 2784 3351 impurus
2819 3284 3132 3349 haereticus,
3184 3287 3404 3341 unicam
3437 3289 3492 3343 in
3542 3290 3752 3345 Christo

508 3376 836 3448 Hieronymo
866 3391 1146 3446 perperam
1180 3378 1421 3447 ascripti,
1450 3377 1720 3432 haereticis
1744 3378 1946 3448 alioqui
1974 3393 2080 3433 non

508 3468 666 3522 valde
708 3468 945 3536 iniquus,
972 3466 1265 3538 Origenem
1309 3478 1486 3523 tamen
1519 3469 1845 3523 temeritatis
1890 3480 1940 3523 et
1993 3484 2082 3524 er-

511 3558 653 3610 roris
717 3556 1022 3611 insimulat.
1100 3559 1388 3614 Dioscorus
1439 3559 1838 3614 Alexandrinus
1888 3559 2083 3631 praesul

510 3652 648 3720 apud
712 3652 973 3721 synodum
1028 3652 1516 3707 Chalcedonensem
1571 3651 1895 3724 Origenismi
1950 3655 2082 3709 insi-

526 3741 763 3795 mulatus
794 3752 879 3795 est
902 3758 930 3795 a
966 3742 1249 3798 Theodoro
1290 3736 1666 3796 Ale‘xandrinm
1697 3740 1948 3795 Ecclesia:
1975 3740 2086 3794 dia-

510 3848 666 3887 cono.
689 3832 877 3887 Refert
898 3834 1134 3902 Cyrillus
1162 3834 1483 3895 monachus,
1517 3833 1569 3885 in
1611 3830 1730 3884 Vita
1766 3830 1827 3887 S.
1872 3831 2079 3901 Euthy-

508 3926 622 3989 mii,
656 3927 948 3979 maximam
984 3926 1417 3995 Origenistarum
1450 3923 1855 3978 multitudinem
1893 3924 1943 3978 in
1970 3924 2085 3979 Cte-

508 4032 678 4073 sarea:
718 4016 1022 4073 Palaestina:
1044 4019 1243 4072 vicinia
1274 4016 1596 4079 habitasse;
1653 4030 1888 4084 cumque
1939 4016 1975 4068 ii
2016 4015 2084 4069 ad

511 4110 912 4165 sanctissimum
942 4111 1189 4164 abbatem
1214 4108 1567 4182 Euthymium
1602 4106 1921 4177 frequenter
1949 4121 2082 4161 ven-

515 4201 740 4253 litarent
768 4200 986 4268 pietatis
1013 4202 1263 4265 obtentu,
1294 4199 1590 4254 vanitatem
1617 4199 1859 4270 ipsorum
1900 4208 1955 4254 et
1994 4213 2085 4253 er-

512 4305 691 4345 rorem
721 4292 899 4344 virum
949 4294 1139 4345 harum
1196 4306 1383 4344 rerum
1447 4290 1893 4345 callentissimum
1928 4302 2084 4341 coar-

511 4381 715 4450 gnisse,
749 4390 804 4434 et
824 4379 1165 4435 reluctantes
1195 4379 1535 4449 argumentis
1581 4378 1938 4448 oppressisse.
1973 4374 2086 4430 Me-

510 4471 776 4525 morabile
809 4486 939 4526 vero
973 4471 1242 4541 imprimis
1276 4469 1489 4526 c0ncilii
1512 4470 1763 4535 Remani,
1796 4486 1936 4525 anno
1958 4467 2082 4530 496,

514 4561 615 4615 sub
649 4559 865 4615 Gelasio
899 4576 1039 4631 papa
1080 4560 1250 4614 habiti
1308 4561 1611 4623 decretum,
1658 4574 1819 4629 super
1850 4559 2085 4629 Origene

517 4649 796 4719 ipsiusque
831 4648 1323 4712 lucubrationibus,
1387 4648 1532 4717 quod
1601 4656 1687 4701 est
1735 4646 2081 4716 huiusmodi:

526 4758 544 4790 ι
578 4738 827 4810 Origenis
858 4739 1111 4794 nonnulla
1162 4738 1442 4806 opuscula,
1482 4754 1603 4808 qua:
1639 4740 1720 4794 vir
1745 4741 1934 4793 beatus
1968 4739 2089 4794 Hie-

516 4846 774 4902 ronymus
802 4846 905 4885 non
931 4830 1202 4901 repudiat,
1233 4830 1464 4899 legenda
1489 4830 1815 4898 suscipimus
1840 4847 1854 4883 :
1882 4830 2086 4898 reliqua

515 4934 690 4979 autem
717 4923 898 4979 omnia
939 4938 1062 4977 cum
1115 4932 1340 4977 auctore
1393 4938 1491 4978 suo
1537 4923 1768 4977 dicimus
1815 4936 1936 4977 esse
2000 4938 2088 4977 re.

514 5037 745 5091 nuenda.
779 5054 798 5089 ι
826 5037 907 5091 Ad
936 5038 1052 5091 haec
1078 5036 1220 5090 vitio
1257 5034 1354 5088 dal.
1376 5036 1630 5099 Eusebio,
1654 5037 1797 5106 quod
1832 5055 1850 5088 ‹
1889 5036 1939 5091 in
1974 5037 2089 5091 lau-

515 5130 672 5184 dibus
709 5140 872 5200 atque
902 5130 1255 5185 excusatione
1276 5127 1529 5197 Origenis
1554 5129 1891 5184 schismatici
1920 5144 2083 5182 unum

519 5221 841 5290 conscripsit
871 5222 1089 5276 librum.
1127 5240 1146 5275 ι
1204 5222 1405 5280 Deinde
1446 5223 1728 5290 scriptum,
1765 5235 1873 5289 quo
1902 5221 2087 5289 agitur

518 5315 584 5367 de
612 5314 928 5380 pmnitentia
950 5313 1221 5384 Origenis,
1253 5316 1620 5385 apocryphum
1654 5312 1965 5382 esseiubet.
1991 5311 2086 5364 At-

517 5413 694 5458 tamen
725 5406 1061 5475 supposititia
1093 5408 1205 5460 hazc
1239 5420 1383 5471 esse,
1416 5415 1693 5473 totamque
1718 5406 1855 5457 adeo
1883 5399 2084 5457 decreti

516 5495 675 5563 huius
702 5507 934 5565 partem,
965 5513 1085 5565 qua:
1121 5498 1188 5551 ab
1221 5497 1305 5551 IIIS
1355 5498 1543 5551 verbis
1572 5515 1584 5550 :
1621 5514 1638 5546 ι
1668 5496 1799 5549 Item
1840 5496 2088 5548 decreta-

516 5588 592 5643 Ies
620 5589 858 5658 epistolae
897 5608 914 5640 ι
951 5592 1017 5642 ad
1051 5588 1215 5642 linem
1265 5603 1436 5657 usque
1472 5588 1734 5657 pertinet,
1765 5602 1794 5640 a
1825 5586 2084 5641 Gratiano

515 5676 754 5728 additam
779 5690 919 5739 esse,
948 5676 1188 5745 nihilque
1240 5675 1548 5743 huiusmodi
1586 5677 1638 5729 in
1672 5676 1912 5744 antiquis
1936 5676 2084 5730 codi-

516 5765 668 5819 cibus
703 5768 928 5834 reperiri
968 5767 1247 5820 affirmant
1283 5768 1526 5820 nonnulli
1558 5786 1571 5826 ;
1633 5768 1779 5822 velut
1826 5765 2081 5821 Nicolaus

518 5857 583 5908 de
619 5855 757 5908 Cusa
783 5858 833 5910 in
864 5857 998 5911 libro
1044 5856 1115 5911 De
1142 5857 1515 5910 concordantia
1553 5858 1826 5925 catholica,
1867 5876 1983 5928 cap.
2022 5860 2074 5912 5.

2183 3380 2435 3426 naturam
2470 3374 2745 3442 posuisse.
2779 3376 2927 3429 Adeo
2954 3376 3167 3432 diversa
3208 3379 3465 3436 homines
3490 3381 3556 3435 de
3577 3380 3754 3451 Orige—

2184 3461 2270 3517 nis
2300 3464 2543 3518 doctrina
2571 3466 2675 3521 hac
2715 3476 3036 3536 tempestate
3068 3470 3402 3526 sentiebant.

2184 3622 2228 3677 Ι.
2288 3622 2490 3707 Rursus
2531 3644 2571 3707 ε
2625 3626 2936 3707 animalium
3005 3635 3336 3707 monasteriis
3399 3636 3753 3707 Origenismus

2254 3699 2495 3769 emergit.
2531 3696 2967 3769 ILLOrigenistas
3000 3706 3141 3769 apud
3184 3696 3558 3760 Justinianuin
3604 3724 3753 3759 arcu-

2220 3824 2223 3827 _
2255 3775 2336 3818 sat
2371 3765 2561 3843 Sab_as.
2589 3767 2673 3843 Il_l.
2703 3765 3086 3843 Origenismum
3102 3777 3299 3839 passim
3327 3788 3585 3843 spargunt
3618 3774 3752 3829 Non-

2258 3852 2356 3910 nus
2375 3847 2423 3910 et
2456 3835 2745 3910 L_eontius;
2777 3839 2861 3893 IV.
2902 3850 2951 3893 et
2984 3835 3252 3909 aliquanto
3298 3835 3414 3910 post
3448 3835 3625 3900 Nomii
3651 3847 3751 3899 disp

2258 3907 2458 3983 cipuii“
2479 3907 2782 3983 Theodorus
2820 3918 2868 3962 et
2898 3907 3227 3983 Domitianus
3248 3907 3567 3983 0rigenismi
3599 3934 3750 3969 causa

2259 3977 2494 4047 crudelia
2508 3978 2675 4030 multa
2692 3989 3016 4047 perpetrant.
3040 3980 3097 4032 V.
3120 3977 3424 4038 Sarabaiia:
3444 3989 3577 4040 unde
3601 3988 3747 4040 dicti.

2264 4043 2795 4118 Yl.0riger_tistarum
2831 4060 2976 4116 gesta
3016 4053 3320 4118 imperatori
3365 4059 3749 4109 renuntiaturus

2261 4116 2504 4193 Gelasins
2532 4116 2724 4193 Laura:
2750 4120 3052 4193 praefectus,
3090 4116 3164 4173 ab
3198 4123 3314 4193 ejus
3340 4126 3531 4180 auditu
3578 4126 3751 4180 exclu-

2258 4187 2434 4265 ditur;
2463 4189 2607 4265 _liuic
2648 4188 2718 4265 in
2760 4191 2932 4265 reditu
2959 4187 3465 4265 de[nncto'succedit
3502 4195 3751 4265 Georgius

2260 4255 2604 4328 Origenista;
2639 4257 2865 4326 Georgio
2890 4255 3199 4324 Cassianus,
3227 4264 3489 4320 Cassiano
3528 4255 3697 4319 (Ionian
3730 4304 3749 4328 ,

2259 4326 2582 4404 ortltodoxus
2618 4330 2934 4404 ortitodoxo.
2981 4331 3307 4404 Antiochena
3356 4339 3604 4404 synodus.
3640 4326 3749 4390 VII.

2261 4394 2555 4473 l_£pis_to_lam
2585 4399 2650 4449 ad
2688 4397 2915 4473 _hle_nam
2954 4402 3216 4473 adversus
3254 4394 3535 4473 OrigEnem
3575 4405 3749 4458 scribit

2260 4465 2609 4539 Justinianns
2637 4482 2657 4519 :
2681 4468 2820 4539 XIII.
2877 4470 3027 4537 cujus
3070 4474 3303 4539 epistola:
3334 4465 3539 4529 summa
3565 4490 3751 4539 repue-

2259 4546 2517 4606 sentatur.
2548 4536 2636 4589 IX.
2678 4536 3002 4606 Theophanis
3041 4536 3322 4595 somnium.
3360 4544 3592 4599 Joannes
3616 4536 3749 4596 ΡΙιὶ-

2259 4603 2479 4679 loponus
2524 4603 2831 4675 origenizat.
2862 4606 2928 4679 Χ,
2971 4607 3154 4663 Trium
3192 4613 3542 4679 capitulorum
3590 4631 3750 4666 causa

2263 4676 2709 4746 aliquanto_post
2763 4677 3004 4731 ventilari
3058 4692 3219 4746 cwpta
3257 4676 3357 4736 est.
3391 4682 3480 4740 XI.
3514 4683 3751 4736 Edictum

2263 4746 2512 4820 adversus
2542 4743 2667 4797 Tria
2692 4748 2937 4814 Capitula
2964 4743 3274 4820 promulgat
3302 4756 3597 4820 imperator,
3614 4757 3754 4805 unde

2262 4816 2549 4896 schismata
2580 4820 2748 4902 n't‘ulta
2777 4820 3048 4902 oriuntur.
3092 4816 3207 4902 XIII.
3244 4816 3756 4902 ReﬂoresciIIOrige-

2266 4887 2461 4959 inantus
2502 4886 2562 4959 in_
2592 4884 2903 4959 Palmaque.
2951 4887 3197 4957 Synodus
3236 4884 3421 4959 quinta
3448 4884 3752 4955 celebratur;

2266 4954 2402 5031 XIII.
2439 4965 2491 5031 et
2530 4956 2746 5031 damnat
2786 4956 2907 5031 Tria
2940 4954 3205 5031 Capitula.
3245 4954 3388 5031 Hinc
3414 4964 3610 5031 magnis
3635 4977 3754 5031 mo-

2265 5027 2403 5077 tibus
2422 5022 3057 5101 ‘Ecclesja‘conturbatur.
3082 5028 3451 5101 VXI_V_.WUtruin
3487 5022 3537 5083 in
3567 5030 3755 5101 quinm

2264 5097 2465 5164 synodo
2500 5098 2562 5147 de
2591 5094 2812 5165 Origene
2844 5107 3017 5149 actum
3044 5100 3133 5151 sit.
3167 5099 3283 5154 XV.
3322 5101 3465 5164 Quid
3494 5103 3542 5152 in
3563 5094 3617 5153 ea
3643 5102 3756 5150 ad-

2265 5165 2745 5236 uersusOrjgenem
2773 5168 3110 5220 constitutum
3143 5171 3235 5233 sit,
3275 5172 3569 5236 exponitur.
3606 5169 3755 5223 XVI.

2265 5233 2419 5287 Nova
2442 5235 2497 5288 in
2522 5233 2911 5302 Origenismum
2950 5236 3092 5303 facta
3122 5240 3233 5291 odii
3280 5233 3543 5302 accessio;
3586 5238 3755 5292 XVII.

2264 5304 2786 5375 quwgprodeuntib‘us
2816 5306 3034 5359 subinde
3074 5311 3227 5360 annis
3275 5310 3533 5375 paulatim
3562 5312 3763 5363 obsole-

2263 5377 2352 5427 vit.
2377 5373 2621 5443 Infensos
2657 5373 2753 5428 sibi
2785 5385 2955 5427 tamen
2997 5373 3282 5431 nonnullos
3317 5381 3591 5433 identidem
3620 5378 3765 5431 Ori-

2297 5460 2414 5517 enes
2446 5453 2630 5497 nactus
2650 5456 2778 5517 est;
2826 5444 3008 5517 XVIII.
3061 5447 3335 5502 Grieculos
3383 5451 3628 5517 prwcipue
3663 5464 3687 5499 :
3723 5464 3764 5499 α

2308 5516 2467 5566 atinis
2493 5529 2611 5566 vero
2641 5515 2908 5583 benignius
2943 5526 3186 5583 exceptus
3216 5530 3316 5572 est.
3371 5518 3508 5571 XIX.
3540 5515 3764 5572 (iracu-

2262 5584 2642 5654 lumgd‘iuinitus
2681 5582 2874 5637 editum
2909 5582 2967 5639 S.
2999 5582 3273 5640 Mechiildi
3297 5589 3362 5641 de
3383 5590 3545 5642 salute
3568 5590 3768 5654 Orige-

2260 5651 2660 5727 nis.;(.'uidonis
2712 5666 2756 5707 et
2811 5654 3037 5727 Plotina?
3079 5658 3144 5710 de
3201 5656 3431 5726 Origene
3465 5651 3767 5727 judicium.

2265 5721 2441 5791 Hujus
2464 5739 2677 5776 causam
2703 5734 2912 5776 tuentur
2933 5724 3171 5780 Joannes
3213 5721 3400 5791 l’ic'us,
3447 5721 3492 5781 et
3519 5728 3771 5781 Joannes

2263 5788 2582 5864 Nauclerus.
2617 5794 2777 5847 Favet
2800 5794 2895 5860 ipsi
2924 5812 3124 5864 quoque
3149 5788 3395 5852 Joannes
3429 5798 3771 5859 Tiittemius,

2260 5862 2348 5914 sed
2377 5864 2511 5916 citra
2536 5879 2771 5917 errorum
2801 5862 2963 5932 ipsius
2996 5862 3370 5935 defensionem.
3401 5868 3509 5926 XX.
3540 5868 3773 5922 Primus
