3914 6536
205 409 324 462 1161

265 523 506 591 Urigenis
537 525 717 607 Qpera
741 534 881 607 prelo
909 537 1177 607 committit
1214 537 1444 594 Iacobus
1475 540 1753 607 Martinus,

262 604 309 647 et
339 610 432 669 pro
453 613 522 669 eo
547 598 860 669 Apologinm
885 605 1059 655 scribit
1080 621 1101 668 ;
1133 609 1267 661 unde
1298 609 1511 665 Massici
1529 624 1574 665 et
1602 598 1758 669 Beda!

262 665 514 751 gmniciis
570 665 856 751 appetitur.
914 665 1408 751 XtiilfDepndunt
1481 665 1759 751 Qrigenent

264 731 557 813 Ejrasmus,
590 731 899 813 Hei-rarius,
947 742 1134 813 Sia‘lus
1176 731 1439 813 Senensis,
1468 731 1758 804 Geanrar-

260 804 372 885 dus‘
412 812 462 885 et
506 803 834 885 "quamius:
868 803 1101 885 eumdem
1134 803 1439 885 impugnant
1493 803 1765 880 Baronius.
1826 829 1836 844 '

258 884 301 924 et
328 871 699 945 Bellarminus
722 894 742 941 ;
780 878 1036 933 Lutherus
1079 894 1126 937 et
1152 871 1301 939 3in
1318 902 1337 940 :
1366 871 1757 945 incertas-ciuili;

257 943 343 1029 t'eti
373 949 517 1019 ratio
542 959 563 995 :
590 949 847 1029 requiat-es-
866 951 920 1003 in
944 965 1067 1029 eun:
1080 969 1141 1029 se
1171 967 1354 1023 gerunt
1405 943 1717 1029 Espen‘cicus
1741 1000 1756 1028 ,

257 1009 601 1079 Passerinus,
634 1009 923 1083 Cratserus,
948 1032 994 1073 et
1027 1009 1265 1081 Binetus.

257 1102 304 1155 i.
337 1100 677 1171 Superiores
705 1110 906 1172 turbas,
950 1110 1098 1165 velut
1142 1114 1208 1168 de
1233 1128 1529 1185 compacto,
1563 1120 1757 1175 multo-

196 1207 298 1246 rum
330 1207 607 1249 annorum
650 1196 880 1254 induciae
915 1214 1219 1259 consecuta:
1243 1209 1757 1281 sunt,-Origenismo

193 1281 489 1339 faventibus
542 1285 768 1355 quidem
826 1289 1031 1355 multis,
1085 1294 1329 1363 pluribus
1366 1301 1528 1354 etiam
1563 1304 1754 1357 adver-

192 1371 445 1432 santibus,
481 1376 579 1427 sed
604 1376 848 1445 utrisque
871 1377 954 1433 vel
997 1385 1361 1448 prementibus
1396 1392 1752 1459 sententiam,

189 1454 261 1508 vel
287 1455 429 1509 citra
463 1457 797 1513 discordiam
835 1463 1237 1531 aperientibus;
1280 1472 1457 1536 quoad
1510 1487 1539 1525 c
1588 1454 1754 1527 Pube;

189 1548 330 1601 stinre
365 1550 726 1605 monasteriis
775 1565 909 1604 nova
948 1568 1161 1609 rursum
1201 1558 1555 1616 dissensionis
1595 1563 1753 1618 flant-

187 1653 261 1692 ma
289 1654 613 1708 erumpens,
650 1644 945 1698 maximum
978 1646 1031 1699 in
1057 1646 1294 1702 Ecclesia
1330 1652 1537 1720 peperit
1570 1655 1753 1711 incen-

188 1728 337 1781 dium.
374 1728 514 1782 Nam
552 1746 676 1784 cum
703 1748 764 1786 ex
795 1738 997 1789 erectis
1024 1752 1052 1789 a
1080 1736 1139 1791 S.
1178 1738 1318 1793 Saba
1353 1745 1633 1799 asceteriis
1660 1762 1753 1816 per

187 1821 320 1874 nefas
352 1822 628 1877 exiissent
666 1828 1161 1897 monachiquidam
1206 1835 1525 1903 perduelles,
1579 1848 1634 1893 et
1684 1841 1747 1894 ad

188 1921 473 1965 torrentem
514 1914 808 1971 Thecoum
866 1920 917 1972 in
955 1919 1238 1977 Palaestina
1290 1941 1483 1980 novam
1542 1930 1747 1985 lauram

185 1987 579 2059 eistruxissent
603 2007 826 2062 circiter
869 2025 1071 2066 annum
1100 2013 1306 2069 Christi
1341 2015 1465 2085 517,
1503 2020 1749 2075 reconci-

187 2094 330 2151 liatus
357 2112 483 2151 cum
511 2098 619 2152 illis
649 2098 843 2167 Sabas,
872 2100 1153 2159 decorata:
1189 2119 1217 2159 a
1247 2121 1306 2162 se
1330 2116 1384 2162 et
1411 2109 1751 2179 amplificatae

186 2189 408 2255 ipsorum
446 2190 617 2243 laurae
683 2190 944 2247 Joannem
974 2196 1260 2264 quemdam
1303 2200 1560 2268 praefecit.
1599 2202 1751 2257 Scri-

182 2279 249 2333 bit
277 2280 518 2352 Cyrillus
553 2283 881 2349 monachus,
943 2287 1093 2341 testis
1136 2287 1398 2360 locuples,
1452 2301 1509 2346 ut
1536 2296 1627 2363 qui
1666 2295 1749 2351 his

182 2369 299 2426 locis
324 2380 379 2425 et
416 2374 762 2440 temporibus
785 2375 1006 2443 vixerit,
1046 2380 1207 2433 morti
1234 2384 1538 2450 proximum
1580 2384 1746 2442 Joan-

182 2476 285 2516 nem
311 2463 630 2534 hujusmodi
658 2467 974 2522 vaticinium
1006 2472 1239 2527 edidisse
1274 2492 1285 2527 :
1322 2494 1340 2525 ι
1370 2476 1507 2532 Ecce
1530 2481 1749 2534 veniunt

182 2552 300 2619 dies,
334 2554 390 2607 in
426 2554 632 2624 quibus
657 2558 745 2624 qui
786 2570 1112 2627 praesentem
1156 2561 1330 2617 locum
1362 2568 1626 2634 habitant,
1656 2572 1749 2625 de-

182 2645 398 2699 scissent
428 2660 456 2696 a
490 2655 642 2699 recta
677 2648 803 2713 fide,
838 2658 892 2701 et
920 2649 1251 2705 extollentur
1281 2656 1496 2721 quidem
1550 2657 1601 2710 in
1658 2673 1747 2713 se-

180 2732 313 2802 ipsis,
342 2747 402 2788 ut
430 2751 557 2790 cum
587 2738 775 2792 divino
802 2739 968 2794 David
989 2742 1184 2807 dicam,
1212 2761 1300 2815 qui
1324 2748 1641 2801 exacerbant
1661 2750 1743 2806 “:

177 2823 225 2879 in
252 2826 481 2881 audacia
515 2842 647 2883 vere
679 2844 777 2884 sua
810 2831 1185 2898 destruentur,
1216 2847 1269 2890 et
1298 2837 1524 2893 altitudo
1556 2855 1743 2895 eorum

177 2927 387 2984 repente
414 2917 638 2973 decidet
663 2919 728 2975 ³⁷.
768 2939 785 2972 ι
817 2921 1027 2976 Dictum
1055 2939 1141 2979 res
1172 2928 1546 2995 comprobavit
1581 2948 1593 2983 :
1630 2929 1743 2984 suf-

176 3004 335 3063 fectus
359 3010 511 3063 enim
536 3009 697 3064 Sabze
733 3023 862 3065 nutu
909 3014 960 3066 in
994 3013 1218 3071 Joannis
1254 3018 1428 3072 locum
1494 3021 1693 3076 Paulus
1722 3062 1738 3086 ,

174 3099 248 3151 vir
273 3100 531 3168 simplex,
571 3102 625 3155 in
690 3105 1080 3159 monachorum
1114 3118 1317 3163 eretum
1368 3122 1604 3179 quatuor
1642 3115 1740 3168 ho-

1045 414 1611 481 ORIGENIANORUM
1647 424 1774 482 LIB.
1816 424 1880 494 11,
1915 428 2064 488 CAP.
2106 430 2192 501 IV,
2235 434 2427 493 SECT.
2471 441 2533 495 ll.

1664 16 1817 25 νέμω
2106 16 2111 29 ,
2274 20 2277 21 ν
2320 18 2469 23 αηηη
2504 18 2635 23 μή
2698 20 3059 27 “Hkth
3100 20 3167 27 ,π
3208 24 3211 27 ,
3302 22 3455 27 ﬂ,”
3484 24 3603 29 LL,
3668 24 3671 27 λ

3289 457 3425 508 illi!

1788 552 1835 608 Α
1866 562 2027 602 unum
2076 549 2127 604 id
2159 553 2317 609 enixe
2360 558 2651 625 postulavit
2692 560 2886 630 Sabas,
2915 574 2976 621 ut
3016 566 3154 634 Arii,
3186 569 3417 626 Nestorii

1862 647 1917 694 ct
1947 639 2196 712 Origenis
2223 648 2494 717 dogmata,
2535 653 2729 721 quibus
2767 655 3020 713 Ecclesia:
3053 664 3417 717 conturbaba-

1864 737 1952 783 tur
1983 734 2365 804 tranquillitas,
2402 739 2469 795 de
2506 744 2682 799 medio
2715 746 3053 805 tollerentur.
3087 753 3289 807 Annuit
3320 756 3420 809 im-
3484 776 3489 783 ο

1861 829 2096 887 perator,
2161 832 2217 879 et
2279 827 2515 886 Antonio
2572 831 2977 905 Ascalonitano,
3027 851 3083 896 et
3141 843 3420 901 Zachariae

1860 908 2019 966 Pellae
2071 914 2337 988 episcopis
2389 934 2489 989 per
2548 922 2759 982 litteras
2815 929 2959 985 dedit
3017 937 3307 1003 negotium,
3363 946 3421 992 ut

1859 998 1958 1055 bas
2016 1004 2363 1077 proﬂigarent
2410 1012 2664 1080 haereses,
2704 1026 2757 1071 et
2803 998 3131 1080 annthemaii
3180 998 3417 1098 subjice-

1860 1102 1998 1146 rent.

1929 1182 2017 1239 ill.
2060 1185 2170 1242 Sub
2200 1188 2356 1245 finem
2390 1198 2671 1263 sequentis
2704 1202 2829 1255 anni
2882 1203 3133 1261 humanis
3162 1220 3416 1280 exempto

1860 1273 2023 1339 Saba,
2046 1292 2292 1349 magnum
2324 1282 2375 1335 in
2411 1283 2689 1342 Palmstina
2721 1291 3122 1357 incrementum
3173 1273 3418 1368 Origeui-

1859 1378 2008 1420 smus
2052 1370 2258 1437 accepit
2303 1386 2317 1423 :
2354 1372 2654 1442 huiusmodi
2683 1382 2826 1434 enim
2870 1385 3193 1456 castigatore
3254 1403 3417 1458 expe-

1857 1457 1996 1513 ditus
2021 1457 2262 1526 Nonnus,
2298 1464 2616 1522 administro
2645 1486 2771 1528 usus
2793 1474 3039 1543 Leontio,
3078 1494 3182 1533 non
3213 1457 3415 1534 Novam

1857 1547 2029 1603 solum
2054 1549 2313 1620 Lauram,
2356 1561 2453 1613 sed
2504 1561 2609 1616 alia
2645 1565 2805 1618 etiam
2843 1566 3001 1637 hujus
3028 1570 3193 1623 eremi
3232 1584 3417 1623 mona-

1858 1643 2018 1696 steria
2051 1658 2199 1713 peste
2238 1648 2455 1705 amavit.
2491 1652 2714 1709 Frustra
2743 1666 2921 1713 tamen
2943 1662 2994 1713 in
3020 1664 3417 1731 corrumpendo

1858 1732 2128 1791 Sucaceusi
2166 1744 2429 1796 asceterio
2464 1756 2688 1803 conatus
2733 1766 2859 1805 suos
2887 1755 3238 1823 consumpsit,
3270 1764 3417 1809 artes

1857 1822 1997 1879 illius
2030 1827 2343 1883 exsufﬂante
2370 1832 2616 1902 Cyriaco,
2656 1839 2984 1895 admiranda:
3016 1822 3230 1898 virtutis
3264 1860 3414 1900 sene.

1782 1894 1824 1950 Β
1852 1909 2019 1980 Igitur
2034 1925 2091 1968 ut
2111 1917 2165 1970 in
2191 1919 2346 1987 hujus
2368 1926 2677 1979 monasterii
2711 1930 2946 1996 regimen
2977 1932 3419 1999 allegereturPc-

1854 2011 1969 2057 trus
2017 2004 2441 2077 Alexandrinus,
2481 2012 2856 2085 Origenistica:
2910 2020 2992 2073 vir
3026 2022 3271 2077 addictus
3330 2039 3416 2077 se-

1852 2102 1969 2156 ctaz,
2000 2094 2223 2163 perfecit
2257 2098 2482 2158 Nonnus
2510 2121 2523 2158 :
2564 2119 2749 2159 verum
2783 2118 2839 2162 ut
2868 2109 2914 2163 is
2935 2112 3234 2165 doctrinam
3261 2129 3414 2169 suam

1851 2184 2119 2252 explicare
2157 2191 2342 2259 coepit,
2380 2208 2573 2264 magno
2623 2199 2805 2252 statim
2855 2200 3092 2254 omnium
3145 2218 3415 2260 consensu

1851 2274 2087 2342 dejectus
2138 2288 2242 2336 est.
2318 2281 2534 2337 Petrum
2599 2286 2764 2341 alium
2833 2289 3041 2345 Graecia
3096 2294 3410 2358 oriundum,

1849 2368 2044 2432 prioris
2097 2368 2242 2425 Petri
2283 2375 2621 2431 consimilem
2673 2389 2727 2434 et
2791 2384 3129 2452 partiarium,
3167 2389 3324 2453 eique
3383 2404 3414 2441 a

1852 2456 2025 2513 Nonni
2059 2464 2283 2518 asseclis
2315 2466 2619 2534 suffectum,
2657 2470 2921 2528 Catholici
2962 2475 3147 2530 itidem
3191 2480 3413 2533 abdica-

1849 2564 1975 2604 runt
2006 2551 2289 2621 dignitate,
2328 2569 2383 2611 et
2425 2557 2746 2617 Cassianum
2803 2567 3019 2620 tandem
3069 2568 3414 2639 Scythopoli-

1850 2650 2054 2709 tanum,
2089 2644 2211 2700 fidei
2232 2661 2295 2701 ac
2327 2663 2538 2704 morum
2574 2651 2884 2722 integritate
2901 2656 3202 2724 ﬂorentem,
3233 2678 3415 2718 mona-

1867 2734 2024 2788 sterii
2087 2733 2390 2793 Sucazensis
2450 2741 2930 2800 archimandritam
2996 2752 3411 2808 constituerunt.

1845 2823 2102 2893 Cyrillum
2130 2843 2346 2898 quoque
2370 2836 2717 2900 monachum,
2748 2838 2839 2907 qui
2866 2838 3022 2895 Saba:
3066 2840 3242 2897 Vitam
3272 2845 3415 2901 litte-

1846 2915 1921 2969 ris
1952 2918 2246 2984 mandavit,
2299 2922 2365 2975 ad
2392 2926 2638 2979 eumdem
2688 2927 2972 2998 Cyriacum
3018 2930 3227 2989 litteras
3267 2935 3414 2990 ferre

1837 3003 1996 3071 jussit
2019 3005 2250 3064 Joannes
2268 3011 2629 3080 Silentiarius,
2648 3020 2955 3089 episcopus,
2977 3022 3027 3076 in
3055 3024 3209 3079 Saba:
3234 3026 3413 3083 Laura

1846 3104 1968 3151 tunc
1988 3101 2247 3168 temporis
2275 3104 2618 3173 delitescens,
2645 3106 2969 3179 Origenistis
3000 3114 3260 3182 infensus,
3291 3121 3413 3187 qui-

174 3191 330 3248 miues
358 3193 697 3263 Origeniana
732 3195 817 3250 lue
848 3195 1163 3255 laborantes
1186 3217 1292 3255 non
1329 3205 1462 3258 satis
1518 3221 1737 3276 perspe-

1845 3188 1942 3244 bus
1988 3192 2150 3245 enixe
2188 3194 2254 3246 ab
2287 3210 2351 3249 eo
2385 3198 2707 3267 postulabat,
2744 3212 2803 3256 ut
2857 3203 3030 3259 Nonui
3077 3224 3139 3263 ac
3175 3208 3408 3273 Leontii,

173 3291 246 3334 cta
282 3297 474 3337 eorum
510 3285 761 3338 doctrina
792 3288 1013 3343 admisit
1043 3306 1055 3343 :
1083 3306 1218 3360 quos
1247 3295 1390 3349 inter
1414 3297 1615 3364 primas
1638 3300 1737 3354 ob-

175 3371 406 3428 tinebant
434 3372 671 3429 Nonnus
703 3376 924 3445 quidam
952 3378 1298 3448 Palaestinus,
1334 3401 1438 3441 non
1487 3370 1739 3459 Origeni-

171 3470 358 3516 starum
421 3466 717 3528 duntaxat,
777 3468 869 3521 sed
918 3470 1197 3538 gentilium
1238 3476 1402 3529 etiam
1454 3489 1508 3533 et
1566 3480 1737 3536 Mani.

169 3553 427 3607 chzeorum
468 3555 755 3611 erroribus
791 3557 1121 3627 implicatus,
1165 3572 1219 3618 et
1246 3565 1503 3623 Leontius
1535 3570 1737 3641 Byzan-

170 3645 283 3709 tius,
304 3645 465 3699 velut
490 3647 614 3700 aliis
644 3648 839 3716 placet,
865 3650 1200 3722 Byzacenus.
1226 3656 1289 3710 Hi
1319 3661 1418 3711 sub
1469 3660 1730 3731 Agapeto,

168 3748 308 3801 quem
334 3736 502 3791 Nova:
534 3738 729 3795 Laura:
769 3757 1002 3811 prmesse
1028 3746 1264 3813 iusserat
1319 3749 1490 3807 Sabas
1514 3795 1529 3821 ,
1583 3769 1734 3824 post-

165 3837 309 3891 quam
340 3826 544 3884 Paulus
568 3830 878 3888 solitudinis
903 3850 1094 3893 amans
1122 3840 1173 3891 in
1201 3840 1458 3897 Arabiam
1486 3849 1730 3913 secessit,

168 3917 420 3974 insaniam
471 3937 633 3977 suam
694 3925 1067 3993 prodiderunt.
1108 3932 1227 3997 Quo
1261 3948 1545 4005 comperto
1603 3939 1734 3995 Elite

165 4005 619 4083 Jerosolymorum
639 4018 903 4088 episc0pi,
931 4030 986 4075 et
1014 4021 1171 4078 Sabze
1193 4027 1418 4081 consilio
1443 4044 1573 4084 usus
1596 4033 1733 4101 Aga-

165 4112 330 4168 petus,
361 4118 431 4158 ne
471 4104 641 4160 latius
678 4120 927 4176 serperet
976 4110 1150 4179 labes,
1213 4116 1547 4188 Origeuistas
1584 4121 1731 4177 laura

165 4196 433 4252 confestim
473 4201 810 4256 exturbavit.
852 4202 963 4259 Nec
1002 4205 1294 4276 impetrare
1332 4223 1623 4280 potuerunt
1655 4217 1728 4271 illi

166 4284 703 4361 ablerusolymitano
731 4296 977 4361 praesule,
1033 4299 1123 4369 qui
1183 4300 1309 4356 Elim
1360 4307 1640 4372 successit,
1674 4318 1731 4362 ut

167 4375 213 4427 in
265 4376 533 4449 integrum
578 4380 1034 4449 restituerentur;
1101 4392 1277 4457 quoad
1341 4406 1433 4447 eos
1471 4394 1725 4463 Mazmas,

167 4476 275 4529 post
305 4468 529 4537 Agapeti
563 4470 793 4539 obitum,
833 4472 995 4530 Nova:
1031 4476 1221 4534 Laurae
1257 4492 1436 4536 rector
1465 4489 1722 4555 suscepit,

1842 3279 2173 3351 aliorumque
2204 3283 2657 3355 Origenistarum,
2690 3293 2778 3360 qui
2817 3291 3018 3349 Novam
3065 3296 3293 3352 Lauram
3329 3301 3412 3355 iu-

1840 3373 2107 3438 sidebaut,
2137 3376 2559 3434 confutationem
2596 3391 2651 3436 et
2674 3385 2926 3438 exsilium
2950 3400 2976 3439 a
3007 3390 3112 3441 Deo
3146 3391 3409 3458 impetra-

1840 3475 1942 3520 ret.
1975 3466 2272 3538 Respoudit
2304 3470 2565 3542 Cyriacus
2602 3490 2764 3547 prope
2782 3493 2921 3544 esse,
2948 3496 3069 3534 cum
3105 3484 3408 3542 miserrime
3443 3492 3448 3497 ’

1838 3557 2064 3615 Nonnus
2116 3572 2171 3616 et
2211 3562 2470 3619 Leontius
2512 3578 2695 3622 essent
2726 3570 3018 3637 interituri,
3050 3575 3240 3644 reliqui
3282 3593 3408 3633 vero

1839 3652 2074 3720 ipsorum
2104 3656 2325 3709 asseclae
2357 3672 2388 3711 e
2430 3656 2579 3712 Nova
2611 3659 2784 3715 Laura
2815 3664 3237 3732 expellerentur.
3270 3667 3407 3724 Tum

1837 3758 2115 3800 sermones
2143 3746 2284 3801 hunc
2326 3748 2465 3804 inter
2519 3761 2574 3806 et
2618 3752 2873 3823 Cyrillum
2915 3757 2982 3811 de
3029 3760 3190 3813 rebus
3215 3762 3406 3833 Orige-

1839 3838 2099 3892 nistarum
2138 3839 2279 3895 ultro
2324 3842 2572 3911 citroque
2609 3845 2819 3902 habitos
2869 3849 3034 3906 fuisse
3074 3866 3259 3908 narrat
3316 3858 3404 3910 Si-

1837 3942 1990 3979 meon
2031 3927 2443 3997 Metaphrastes,
2486 3949 2513 3988 a
2548 3953 2654 4006 quo
2690 3940 2899 4008 Cyriuci
2948 3941 3066 3996 Vita
3097 3948 3403 4015 conscripta

1833 4029 1939 4070 est.
1974 4016 2127 4071 Circa
2166 4020 2265 4073 hoc
2303 4021 2477 4088 ipsum
2517 4033 2724 4093 tempus
2754 4027 2928 4095 aliqua
2961 4030 3214 4098 Origenis
3265 4047 3405 4101 Opu-

1832 4107 1979 4161 scula
2016 4107 2255 4165 Bellator
2287 4113 2569 4183 presbyter
2599 4115 2652 4168 in
2686 4114 2933 4173 Latinam
2957 4119 3193 4191 linguam
3231 4126 3404 4178 refun-

1832 4198 2013 4251 debat.

1901 4307 1989 4364 IV.
2038 4309 2142 4365 Res
2194 4311 2589 4382 aliquantisper
2649 4317 3009 4386 tranquillam
3060 4321 3402 4386 videbantur,
3472 4386 3475 4393 ι

1830 4414 1953 4453 cum
2016 4400 2190 4455 Νοιιηί
2248 4404 2495 4470 discipuli
2549 4406 2886 4470 Domitianus
2949 4421 3004 4466 et
3064 4412 3401 4484 Theodorus,

1829 4503 2188 4561 cognomento
2216 4495 2461 4561 Ascidas,
2506 4496 2825 4568 Ancyranus
2874 4503 2983 4570 ille,
3019 4506 3106 4559 hic
3139 4505 3402 4564 Caesarea:

166 4555 551 4626 Uiigenismum
595 4561 819 4629 quidem
871 4566 924 4619 in
960 4570 1079 4623 sinu
1111 4580 1408 4641 gestantes,
1443 4578 1534 4631 sed
1567 4578 1724 4635 Saba:
1758 4564 1802 4619 Ῑ)
1831 4555 2183 4651 Cappadocia
2215 4595 2431 4640 creatus
2452 4588 2694 4654 antistes,
2723 4592 2788 4644 ad
2833 4598 3252 4662 promovendum
3278 4598 3404 4655 Ori-

164 4657 295 4703 metu
319 4654 562 4709 animum
605 4656 1028 4714 dissimulantes.

225 4740 282 4794 ll.
310 4743 637 4802 Grassautes
669 4749 870 4805 interea
900 4767 995 4821 per
1023 4754 1361 4811 l'alzestinam
1413 4758 1721 4817 Samarita-

161 4832 212 4885 ni
238 4836 481 4895 maximis
505 4839 914 4896 calamitatibus
955 4860 1067 4899 rem
1118 4844 1481 4904 Christianam
1517 4853 1725 4910 afﬂixe-

161 4936 293 4983 runt.
322 4928 501 4984 Nihilo
531 4931 713 4985 secius
763 4931 1145 5001 Iustinianum,
1175 4939 1397 5008 ejusque
1443 4944 1722 5013 c0ujugetn

158 5012 504 5086 Theodoram,
538 5035 738 5076 recens
764 5023 1051 5092 imperium
1093 5029 1316 5097 adeptos
1341 5032 1591 5089 confictis
1625 5051 1719 5089 ca-
1754 5022 1757 5023 ν

159 5102 362 5164 Iumniis
394 5111 867 5169 circumvenitvir
909 5117 1173 5186 dignitate
1220 5119 1467 5187 illustris,
1506 5125 1723 5181 nomine

158 5197 424 5268 Arsenius,
463 5214 587 5258 arte
634 5216 909 5261 veterator
947 5224 1009 5263 ac
1043 5212 1400 5280 sycophanta,
1433 5224 1487 5268 et
1521 5215 1716 5269 Sama-

157 5289 441 5347 ritanorum
466 5296 755 5351 seditionis
783 5311 1001 5352 causam
1037 5301 1087 5353 in
1116 5300 1456 5356 Christianos
1493 5304 1713 5359 refudit.

152 5376 347 5443 Quibus
378 5386 623 5455 acceptis
656 5385 853 5442 Sabam
877 5390 1176 5445 refutandae
1209 5391 1493 5447 ealutuniae
1518 5395 1585 5448 ad
1618 5396 1722 5449 im-

152 5484 444 5537 peratorem
497 5480 698 5551 allegat
750 5479 1244 5552 Jerosolymitanus
1292 5486 1522 5541 antistes
1573 5502 1717 5544 anno

149 5564 336 5623 Christi
375 5570 500 5627 550.
572 5570 896 5629 Liberaliter
943 5591 1065 5630 eum
1099 5578 1300 5647 excipit
1352 5577 1711 5645 Justinianus,

151 5658 450 5733 prolixeqne
482 5665 668 5719 omnia
718 5666 910 5722 defert.
928 5668 1082 5739 ,Tum
1125 5684 1254 5727 vero
1324 5686 1436 5743 prae
1495 5675 1711 5730 caeteris

218 5834 255 5864 "
279 5834 421 5893 PSaI.
455 5854 582 5903 va,
610 5839 660 5892 7.

376 5932 652 5993 ΡΑῑῆοι..
695 5934 811 5993 Gn.
856 5936 1057 5998 ΧΥΗ.

1828 4672 2129 4741 genismum
2159 4690 2349 4733 recens
2378 4677 2579 4749 adepta
2604 4690 2873 4749 potestate
2899 4685 3051 4740 abusi
3093 4697 3243 4741 sunt.
3291 4690 3399 4743 Eo-

1829 4780 1945 4818 rum
1990 4767 2191 4835 quippe
2228 4769 2479 4838 praasidio
2527 4772 2715 4827 confisi
2766 4774 3085 4845 Origeuistte
3131 4794 3235 4833 non
3283 4782 3398 4849 jam

1828 4869 1923 4922 per
1944 4857 2239 4921 cuniculos,
2274 4873 2375 4912 non
2403 4862 2643 4916 subdolis
2679 4866 3186 4922 ratiocinationibus
3213 4871 3399 4922 incan-

1831 4957 1913 5001 tas
1948 4957 2156 5002 mentes
2178 4964 2487 5018 expugnare
2509 4962 2800 5019 tentarunt,
2828 4958 2921 5011 sed
2955 4969 3137 5027 aperta
3166 4959 3214 5010 vi
3244 4974 3398 5026 gras-

1826 5047 2031 5102 santes,
2061 5040 2227 5092 armis
2263 5040 2536 5106 instructi,
2571 5058 2799 5111 quorum
2831 5047 3041 5101 animos
3067 5048 3397 5106 labefactare

1826 5144 1930 5184 non
1977 5138 2264 5198 poterant,
2313 5145 2499 5186 eorum
2555 5137 2877 5190 monasteria
2919 5138 3158 5195 funditus
3211 5141 3397 5197 dirue-

1824 5221 1972 5275 bant.
2010 5220 2075 5273 Et
2132 5222 2184 5275 in
2242 5225 2529 5279 maximam
2589 5243 2799 5297 quoque.
2849 5230 3004 5285 Saba:
3045 5231 3279 5286 Lauram
3328 5251 3395 5291 ea

1824 5322 2029 5384 strages
2068 5313 2421 5379 incubuisset,
2457 5318 2560 5373 nisi
2607 5318 2692 5371 via
2746 5320 3066 5379 aberrantes
3108 5324 3159 5377 in
3198 5340 3394 5393 aspera

1821 5403 2142 5458 incidissent
2174 5403 2315 5469 loca,
2352 5407 2492 5462 unde
2522 5408 2719 5463 infecta
2750 5426 2808 5465 re
2832 5415 3020 5480 pedem
3066 5415 3280 5469 domum
3309 5429 3395 5467 re-

1819 5495 2074 5549 tulerunt.
2106 5496 2330 5565 Magnos
2361 5500 2524 5552 etiam
2558 5516 2626 5555 ex
2653 5515 2719 5577 eo
2763 5514 3117 5573 sumpserunt
3141 5504 3391 5573 spiritus.

1812 5586 1952 5654 quod
1994 5587 2212 5642 Petrum
2246 5588 2752 5661 Jcrosolymitanum
2802 5597 3111 5665 episcopum
3166 5610 3393 5666 compo-
3452 5620 3455 5621 ν

1810 5676 1931 5732 sitis
1960 5678 2096 5734 dolis
2114 5693 2181 5735 eo
2210 5680 2582 5751 perpulerunt,
2611 5690 2673 5738 ut
2717 5684 2773 5739 in
2820 5690 3255 5743 communionem
3301 5703 3389 5744 re-

745 5841 786 5872 ³⁷
811 5841 994 5913 Cyrill.
1023 5845 1075 5901 in
1112 5844 1226 5901 Vita
1253 5845 1309 5903 S.
1346 5845 1519 5912 δίψαν,
1552 5861 1670 5917 cap.
1702 5846 1791 5911 49,
1816 5848 1903 5904 50.

2996 5958 3073 6020 37
