3926 6524
540 366 676 421 “(ib

1793 374 1854 428 P.
1895 373 2208 432 DANIELIS
2247 377 2480 434 llUETIl

3629 387 3751 443 “64

534 481 740 547 ciperet
797 480 1014 536 Petrum
1069 483 1517 554 Alexandrinum,
1570 500 1730 554 quem
1787 486 2300 560 SucmcrrsisAqno
2350 500 2568 546 notatur
2619 497 2928 563 monachus,
2962 497 3136 552 oritur
3161 514 3224 554 ex
3279 509 3426 567 3m,
3475 502 3748 554 conturba-

534 573 844 627 monasterii
868 573 1182 641 praefectura
1212 576 1488 646 depulsum
1534 579 1794 644 diximus,
1829 589 1883 636 et
1916 580 2089 636 Joan»

532 676 653 715 nem
713 674 1066 732 cognomento
1113 665 1476 739 Strongylum.
1509 670 1627 736 Quo
1683 669 1826 727 facto
1885 681 2089 727 tantum

529 750 847 823 Origenistis
874 759 1105 813 accessit
1137 761 1365 826 liducizc,
1415 771 1473 816 ut
1519 762 1629 832 jam
1680 778 2090 834 quaquaversus

525 845 822 899 doctrinam
886 861 1060 912 suam,
1106 850 1184 904 sic
1235 861 1484 918 tanquam
1529 852 1721 924 legem,
1783 856 2088 925 promulga-

523 945 674 1001 rent;
733 937 778 991 si
828 952 964 1008 quos
1004 940 1192 997 obvios
1251 942 1510 998 haberent
1563 945 1910 1017 Jerosolyma:
1973 963 2086 1003 mo-

520 1030 726 1086 nachos
763 1033 1120 1100 orthodoxos,
1169 1036 1308 1090 male
1369 1038 1658 1093 multantes
1716 1036 1942 1108 turpiter
1984 1039 2084 1109 eji-

519 1131 739 1189 cerent;
772 1125 973 1182 multos
997 1127 1160 1182 etiam
1188 1130 1530 1198 gravissimis
1575 1131 1857 1201 suppliciis
1886 1146 2085 1188 excru-

517 1208 746 1267 ciarent.
782 1211 990 1280 Quibus
1019 1217 1086 1271 ad
1113 1232 1206 1273 eos
1232 1219 1576 1289 perlatis,qui
1613 1223 1756 1276 circa
1791 1220 2080 1278 .lordanem

514 1303 673 1359 sedes
709 1317 1022 1373 posuerant,
1060 1311 1126 1363 ad
1167 1326 1322 1379 opem
1359 1313 1521 1366 sociis
1548 1313 1822 1368 ferendam
1866 1325 2079 1380 coeunt,

513 1400 570 1446 et
599 1392 650 1446 in
681 1393 836 1448 Saba:
861 1395 1118 1460 Lauram,
1147 1398 1291 1452 velut
1325 1400 1376 1454 in
1401 1401 1860 1471 propugnaculum
1891 1403 2083 1456 confu-

511 1485 691 1550 giunt.
715 1485 784 1539 At
813 1487 938 1542 illuc
966 1503 1182 1558 quoque
1213 1506 1374 1545 manu
1401 1491 1542 1546 facta
1579 1492 1832 1546 advolant
1885 1493 2072 1563 Orige-

511 1576 688 1641 nistae,
715 1587 769 1632 et
798 1577 1003 1634 foribus
1031 1580 1298 1648 ellractis,
1333 1583 1509 1638 Laura
1562 1585 1738 1653 potiti,
1773 1600 1839 1638 ex
1888 1586 2076 1639 ortho-

509 1667 668 1723 doxis
695 1670 1000 1740 complures
1029 1673 1348 1728 vulneribus
1378 1675 1691 1729 concidunt.

581 1763 644 1818 ν.
674 1765 800 1820 ιιωο
830 1765 885 1820 ἱιι
929 1764 1050 1820 Vita
1077 1764 1238 1821 Saba:
1265 1781 1494 1822 narrans
1517 1764 1770 1834 Cyrillus,
1797 1775 1852 1820 et
1887 1765 2073 1836 Orige-

2193 580 2286 646 νὴ,
2310 583 2583 645 perterruit
2617 598 2636 636 :
2661 586 2782 640 hinc
2820 586 2946 658 quis
2980 586 3210 643 fortasse
3253 590 3561 651 sarabaitas
3592 588 3750 645 dictos

2191 679 2346 739 putet
2392 675 2687 731 monachos
2750 677 3040 746 inquietos,
3093 689 3442 735 contumaces
3481 689 3538 734 et
3570 681 3747 734 turbu-

2191 762 2396 829 lentos;
2455 779 2577 818 nam
2627 781 2719 821 eos
2773 767 2915 823 inter
2943 783 3004 824 se
3041 768 3290 823 altercari
3325 781 3380 824 et
3431 771 3752 827 contendere

2168 839 2376 908 'solitos
2415 854 2578 909 tradit
2631 855 3011 926 Hieronymus.
3059 857 3380 913 Nomiuatos
3412 859 3635 927 quidam
3663 875 3746 914 su~

2188 943 2462 1011 Spicantur
2487 943 2594 996 ἀπὸ
2623 943 2715 997 τοῦ
2737 944 3006 1016 Σαράΰου,
3040 944 3289 997 τουτέστι
3321 944 3418 998 τοῦ
3447 946 3748 1012 γυναικείου

2187 1032 2410 1098 αῐδόίου,
2439 1033 2516 1088 sic
2543 1035 2687 1089 enim
2719 1050 2904 1090 vocem
2933 1036 3070 1090 hanc
3115 1037 3555 1106 interpretantur
3587 1036 3746 1107 llesy-

2185 1125 2341 1180 chius
2369 1133 2424 1180 et
2475 1124 2690 1182 Suidas.
2738 1126 2978 1197 Prompti
3014 1135 3194 1184 autem
3222 1137 3385 1191 erant
3424 1128 3478 1180 in
3506 1142 3748 1188 venerem

2185 1219 2477 1273 sarabaitze
2507 1233 2522 1272 :
2559 1227 2901 1289 quapropter
2937 1219 3012 1272 ait
3051 1218 3380 1274 llumbertus
3407 1217 3704 1274 cardinalis
3734 1235 3749 1273 :

2187 1329 2207 1364 ε
2241 1308 2394 1366 Unde
2420 1321 2471 1366 et
2509 1311 2836 1366 fornicantes
2869 1311 3169 1366 sarabaitas
3204 1321 3584 1378 venerantur;
3616 1330 3634 1364 ι
3662 1313 3749 1368 sed

2183 1403 2531 1458 verisimilius
2562 1413 2660 1467 est,
2689 1402 2830 1472 quod
2855 1401 3131 1456 attulimus
3161 1405 3344 1472 priore
3369 1403 3493 1459 ιοοο
3521 1405 3752 1462 nominis

2183 1492 2341 1562 hujus
2367 1495 2745 1564 veriloquium.
2775 1488 2907 1550 Utut
2936 1505 3018 1550 cst
3075 1512 3179 1550 non
3229 1507 3432 1565 praeter
3483 1497 3746 1552 rationem

2181 1584 2326 1637 credi
2360 1585 2550 1653 possit,
2578 1583 2836 1652 ejusmodi
2872 1585 3112 1641 convicio
3163 1588 3281 1657 pios
3323 1597 3374 1642 et
3422 1588 3750 1645 orthodoxae

2180 1677 2476 1731 monachos
2522 1677 2590 1731 ab
2620 1677 2796 1745 impiis
2829 1676 3152 1748 Origenistis
3198 1678 3369 1741 fuisse
3418 1683 3696 1736 traductos
3729 1697 3745 1736 :

2178 1767 2272 1820 sed
2317 1767 2449 1820 nihil
2481 1777 2655 1821 tamen
2719 1779 3030 1825 unitamus:
3068 1785 3168 1824 nec
3229 1771 3538 1826 asserimus
3591 1772 3742 1842 quid-

507 1855 778 1912 nistarum
841 1855 1056 1911 illorum
1102 1857 1450 1927 petulantiam
1499 1857 1834 1920 describens,
1871 1875 1888 1907 ι
1930 1857 2069 1923 Quin
2105 1838 2145 1894 Β
2176 1873 2362 1926 quam,
2385 1860 2478 1912 sed
2509 1869 2710 1912 tantum
2741 1863 3107 1928 proponimus.
3142 1863 3323 1933 Atque
3351 1864 3475 1918 htec
3505 1838 3698 1918 obiter.

505 1947 694 2014 etiam,
725 1947 919 2017 inquit,
949 1949 994 2003 si
1027 1947 1260 2017 aliquem
1317 1963 1383 2003 ex
1434 1948 1756 2004 orthodoxis
1791 1947 2072 2002 monachis

506 2040 995 2110 deprehendissent
1027 2041 1078 2095 in
1103 2051 1290 2097 sancta
1323 2042 1559 2108 civitate,
1593 2035 1754 2112 im'pia
1786 2058 1942 2122 manu
1987 2041 2070 2096 fe-

503 2135 707 2192 rientes
757 2147 811 2191 et
865 2138 1108 2192 sabaiten
1161 2145 1435 2200 vocantes,
1499 2136 1646 2190 illinc
1687 2152 1810 2192 eum
1841 2137 2071 2206 turpiter

499 2230 840 2300 cxpellebant
879 2245 892 2281 :
927 2229 1244 2298 risabaiten
1281 2228 1538 2298 iutellige,
1572 2214 1728 2284 Saba:
1743 2236 2068 2283 sectatorem

498 2329 555 2375 et
584 2320 939 2388 discipulum;
972 2319 1077 2375 nisi
1123 2318 1264 2375 forte
1317 2319 1474 2374 malis
1503 2319 1705 2388 legere,
1733 2319 2063 2374 sarabaiten.

497 2413 713 2482 Triplex
751 2423 867 2468 erat
917 2413 1058 2484 apud
1104 2412 1386 2484 [Egyptios
1434 2413 1822 2466 monachorum
1874 2426 2063 2482 genus,

493 2507 915 2572 cmuobitarum,
982 2506 1437 2560 anachoretarmu
1524 2514 1578 2559 et
1642 2505 2059 2557 sarabaitarum.

493 2598 794 2653 Sarabaita‘.
815 2598 1034 2667 preprio
1058 2597 1284 2652 arbitrio
1308 2596 1560 2650 vivebant
1600 2605 1752 2650 extra
1784 2595 2057 2660 cceuobia,

495 2690 748 2746 homines
779 2689 950 2753 avari,
985 2688 1300 2759 hypocrita,
1323 2697 1674 2748 scortatores,
1699 2685 1895 2755 gulosi.
1924 2687 2060 2741 Dicti

489 2783 743 2837 videntur
782 2797 811 2835 a
859 2791 1007 2846 ιιι-το,
1061 2779 1299 2843 rebellis,
1345 2777 1704 2845 refractariur,
1759 2787 2061 2832 contumax.

489 2877 784 2932 Meminero
823 2875 1037 2932 illorum
1061 2873 1374 2934 Cassianus,
1412 2870 1758 2936 Benedictus,
1791 2869 2058 2924 llutnber-

491 2979 596 3033 tus,
621 2968 730 3030 lvo,
759 2977 813 3022 et
838 2967 952 3021 alii.
983 2965 1214 3021 Eosdem
1242 2963 1504 3017 rcmobotlt
1538 2962 1834 3033 appellatos
1867 2961 2058 3017 scribit

485 3062 847 3134 Hieronymus
879 3062 1036 3132 epist.
1081 3061 1173 3126 ‘22,
1205 3061 1270 3116 ad
1312 3059 1595 3126 Eustoch.,
1653 3075 1776 3130 cap.
1810 3060 1900 3115 15.
1927 3060 2055 3126 Qui-

2170 1959 2190 2013 ς
2227 1947 2309 2003 Vl.
2334 1949 2643 2020 Expugnata
2666 1950 2818 2005 Saliae
2838 1951 3014 2005 Laura
3031 1955 3096 2007 ad
3123 1954 3512 2024 imperatorem
3530 1954 3742 2010 Patrum

2172 2043 2398 2098 consilio
2449 2044 2812 2112 proficiscitur
2862 2045 3109 2100 Gelasius
3159 2048 3498 2103 monasterio
3557 2049 3743 2118 praefe-

2171 2145 2312 2202 ctus,
2343 2151 2522 2190 rcrum
2551 2145 2822 2206 gestarum
2848 2151 3113 2190 summam
3137 2137 3202 2192 ad
3233 2154 3358 2193 cum
3392 2140 3696 2210 perlaturus
3724 2157 3738 2193 :

2172 2243 2354 2283 verum
2405 2228 2672 2284 Theodori
2704 2228 3057 2284 Caesariensis
3112 2230 3357 2300 episcopi
3385 2232 3595 2286 artibus
3618 2232 3739 2286 clleo

2169 2331 2317 2375 etmn
2364 2329 2466 2384 est,
2502 2332 2558 2374 ut
2613 2322 2790 2376 omnis
2819 2322 2884 2375 ad
2949 2322 3332 2390 imperatorem
3379 2333 3436 2377 et
3493 2321 3561 2377 ad
3606 2325 3737 2379 Cone

2167 2413 2704 2482 stantinopolitanum
2734 2413 3054 2484 episcopum
3091 2415 3271 2468 aditus
3302 2415 3352 2468 ei
3389 2415 3740 2484 praeludere-

2170 2515 2278 2565 tur.
2300 2513 2355 2558 et
2390 2518 2445 2557 re
2475 2504 2690 2556 tandem
2733 2502 2930 2557 infecta
2982 2503 3304 2558 discederet.
3351 2502 3732 2558 Revertentem

2164 2595 2389 2658 Aniorii,
2428 2610 2546 2664 quae
2573 2592 2826 2664 Phrygiae
2846 2595 2972 2647 urbs
2995 2603 3100 2653 est,
3127 2608 3274 2648 mors
3301 2595 3597 2664 oppressit.
3615 2591 3740 2662 Qui-

2163 2688 2263 2741 bus
2295 2686 2603 2752 intellectis,
2639 2684 2793 2740 Saba:
2822 2686 3052 2740 Lauram
3097 2684 3336 2756 Georgio
3366 2689 3581 2749 cuidam
3609 2706 3738 2743 cou-

2161 2793 2420 2833 secraneo
2450 2793 2549 2832 suo
2580 2778 2880 2848 regendam
2932 2777 3283 2831 committunt
3315 2776 3643 2835 Theodorus
3682 2788 3736 2835 et

2164 2868 2518 2924 Domitianus.
2554 2868 2906 2924 Orthodoxos
2947 2866 3036 2922 ille
3087 2867 3377 2923 confestim
3417 2868 3738 2934 Lauraexi-

2159 2963 2254 3033 git.
2282 2964 2349 3015 At
2380 2962 2494 3031 ipse
2522 2977 2737 3030 quoque
2766 2975 2874 3014 non
2908 2961 3076 3016 multo
3113 2970 3234 3030 post
3287 2960 3596 3016 libidinosa:
3640 2979 3735 3017 cu-

2154 3056 2366 3127 jusdam
2407 3055 2732 3125 impnritatis
2764 3055 3044 3110 convictus
3087 3055 3428 3109 monasterio
3480 3056 3734 3127 abigitqr,

480 3156 606 3212 dam
631 3155 816 3226 legunt
844 3154 1102 3218 remborh,
1127 3167 1286 3222 quam
1327 3167 1510 3207 vocem
1557 3168 1586 3205 a
1631 3151 1820 3207 Graeco
1849 3152 2052 3224 ρέμϐος
2079 3180 2123 3239 C
2157 3164 2279 3203 cum
2333 3147 2492 3218 paulo
2546 3155 2672 3202 ante
2731 3147 3042 3216 turpissimo
3103 3147 3256 3200 exitu
3308 3145 3541 3201 Nonnus
3576 3147 3734 3202 vitam

480 3249 750 3304 detortum
797 3245 991 3314 aliquis
1053 3243 1280 3300 forsitan
1339 3244 1756 3303 existimaverit.
1817 3245 2052 3315 Ῥέμϐος

484 3341 759 3396 hominem
789 3351 985 3406 vagum
1017 3343 1179 3406 atque
1205 3352 1454 3402 erronem
1483 3347 1658 3390 sonat.
1678 3337 1836 3393 Tales
1867 3349 2073 3391 autem

477 3432 788 3489 sarabaitaa.
813 3428 1124 3493 Cassianus,
1147 3428 1324 3483 collat.
1346 3428 1432 3490 18,
1469 3445 1488 3479 ι
1523 3428 1837 3484 Sarabaitas
1855 3447 1878 3480 ι
1900 3443 2048 3482 asse-

476 3527 554 3580 rit
574 3543 594 3576 ι
625 3539 730 3577 non
749 3530 1034 3577 contentos
1049 3521 1256 3576 abbatis
1271 3537 1397 3575 cura
1417 3529 1579 3590 atque
1603 3520 1827 3589 imperio
1855 3520 2050 3592 guber-

481 3617 622 3682 nari,
659 3616 761 3669 hoc
789 3613 1063 3683 praecipue
1102 3627 1418 3682 procurare,
1453 3621 1513 3666 ut
1550 3611 1780 3666 absoluti
1811 3629 1839 3666 a
1868 3615 2048 3668 senio-

477 3722 598 3762 rum
617 3705 768 3775 iugo,
797 3704 1085 3760 exercendi
1114 3703 1414 3759 voluntates
1445 3719 1594 3768 suas,
1621 3714 1672 3759 et
1695 3706 2044 3774 procedendi,

477 3798 562 3854 vel
591 3815 702 3868 quo
725 3797 987 3865 placuerit
1036 3797 1298 3867 evagandi
1340 3798 1642 3866 agendique
1668 3798 1810 3866 quod
1834 3797 2043 3853 libitum

476 3893 658 3953 fuerit,
687 3891 922 3946 habeant
959 3889 1285 3944 libertatem.
1325 3909 1342 3940 ι
1373 3889 1510 3956 Quid
1547 3891 1589 3943 si
1623 3905 1719 3957 pro
1777 3891 2041 3945 remoboth

471 3986 718 4056 legamus
780 3982 1048 4046 reltoboth,
1117 3995 1147 4034 a
1202 3991 1371 4046 :t’n‘l',
1422 3997 1515 4035 seu
1552 3993 1755 4046 nam,
1813 3985 2040 4038 Arabica

468 4090 624 4143 voce,
657 4089 777 4144 quae
803 4073 1123 4128 monac/ium
1175 4082 1352 4127 sonat.
1388 4074 1456 4127 At
1494 4072 1732 4128 Isidorus
1757 4075 1850 4128 lib.
1892 4091 1927 4129 II
1965 4075 2041 4130 De

412 4149 414 4151 i
467 4166 598 4235 ofﬁc.
654 4163 783 4218 ccci.
830 4177 952 4231 cap.
999 4160 1087 4216 15.
1135 4178 1154 4212 ι
1207 4146 1430 4216 Sextum
1470 4179 1639 4232 genus
1693 4174 1793 4227 est,
1841 4166 2036 4235 inquit,

421 4254 860 4313 .monachorum
895 4261 952 4306 et
1016 4251 1190 4321 ipsum
1249 4253 1584 4307 teterrimum
1641 4263 1804 4324 atque
1856 4255 2040 4326 negle-

416 4408 417 4412 η
465 4359 637 4412 ctum,
670 4346 812 4414 quod
849 4360 946 4413 per
976 4342 1246 4398 Ananiam
1277 4355 1331 4400 et
1364 4343 1684 4414 Sapphiram
1715 4347 1769 4401 in
1809 4351 2037 4406 exordio

463 4436 720 4492 Ecclesia:
741 4433 1046 4503 pullulavit,
1081 4444 1136 4489 et
1184 4435 1412 4503 apostoli
1437 4436 1584 4492 Petri
1621 4441 1914 4496 severitate
1938 4459 2035 4498 ex-

2156 3244 2461 3298 clausissct.
2515 3240 2818 3311 Georgium
2846 3239 3060 3308 excepit
3087 3237 3391 3292 Cassianus
3416 3238 3502 3291 vir
3537 3239 3734 3307 sanctis

2152 3345 2205 3390 et
2233 3335 2484 3405 legitimis
2509 3333 2806 3401 disciplinis
2841 3333 2896 3387 in
2930 3331 3086 3387 Sabae
3141 3331 3487 3387 umbraculis
3521 3333 3732 3387 institu-

2153 3437 2271 3494 tus;
2302 3428 2614 3483 Cassianum
2635 3427 2954 3496 postdecem
2985 3440 3196 3478 menses
3213 3424 3534 3480 defunctum
3551 3426 3729 3484 Conon

2149 3522 2406 3578 doctrina:
2440 3521 2747 3591 integritate
2775 3529 2829 3575 et
2851 3519 3050 3573 virtute
3075 3517 3209 3572 nulli
3236 3521 3537 3587 secundus,
3567 3538 3594 3574 a
3617 3538 3722 3592 quo

2149 3613 2528 3684 frequentibus
2563 3613 2800 3668 dissidiis
2834 3612 3052 3674 amicta,
3083 3621 3136 3666 et
3169 3627 3339 3682 prope
3368 3615 3483 3681 jam
3516 3617 3728 3670 deserta

2146 3706 2322 3760 Laura
2365 3709 2634 3762 revocatis
2689 3705 2941 3760 Patrihus
2987 3704 3309 3760 orthodoxis
3353 3707 3410 3759 in
3439 3708 3724 3776 pristinum

2144 3799 2483 3868 splendorem
2524 3803 2768 3853 restituta
2821 3808 2947 3860 est:
3007 3813 3126 3852 cum
3177 3802 3490 3868 praesertim
3546 3802 3728 3868 proni-

2145 3892 2321 3962 gaude
2361 3890 2702 3959 Origenismo
2752 3904 2972 3958 cperam
3031 3905 3184 3942 suam
3247 3901 3483 3945 novaret
3534 3892 3722 3945 iisdem

2147 3983 2480 4052 temporibus
2514 3980 2851 4034 Theodosius
2883 3980 3023 4047 apud
3060 3977 3384 4034 Paltestinos
3409 3982 3719 4034 emttobiar-

2143 4075 2266 4140 clla,
2298 4074 2390 4142 qui
2422 4075 2564 4127 inter
2593 4071 2872 4140 regionum
2923 4055 3141 4124 iilarum
3179 4073 3484 4126 monachos
3519 4072 3720 4140 insigni

2143 4180 2350 4220 tuorum
2409 4163 2698 4218 sanctitate
2768 4177 3016 4232 magnam
3090 4160 3272 4215 fuerat
3331 4164 3723 4218 auctoritatem

2140 4263 2481 4312 consecutus.
2503 4253 2618 4320 Qua
2641 4253 2859 4308 circiter
2883 4262 3202 4321 tempestate
3219 4255 3417 4306 harum
3440 4256 3722 4323 regionum

2139 4347 2475 4417 Origenistas
2506 4344 2732 4400 collecta
2765 4345 2830 4397 ah
2865 4342 3170 4412 Ephrannio
3191 4344 3544 4399 Antiocheno
3573 4361 3724 4415 pra:-

2139 4438 2254 4495 sule
2285 4438 2524 4509 synodus
2550 4436 2893 4491 anathemate
2933 4434 3245 4501 damnavit,
3283 4445 3344 4490 ut
3391 4447 3576 4490 narrat
3620 4453 3730 4491 au—

457 4531 632 4586 cisum
654 4538 738 4583 est
760 4546 776 4591 ;
801 4527 1002 4596 quique
1039 4527 1106 4582 ab
1141 4542 1207 4581 eo
1227 4529 1368 4596 quod
1395 4530 1714 4598 semetipsos
1736 4549 1764 4586 a
1785 4536 2031 4589 coenobi-
2067 4525 2112 4580 D
2140 4540 2256 4586 ctor
2282 4528 2546 4599 synodici,
2570 4527 2713 4597 quod
2752 4541 2918 4593 nuper
2949 4526 2999 4580 iu
3029 4524 3358 4581 Bibliotheca
3378 4528 3520 4597 juris
3552 4545 3726 4584 cano-

459 4621 552 4677 tali
583 4619 864 4689 disciplina
895 4627 1259 4688 sequestraut,
1289 4635 1384 4674 sua
1400 4636 1534 4690 sque
1558 4632 1820 4691 appetunt
1866 4626 2026 4682 liberi

456 4713 787 4777 voluntates,
815 4709 1194 4781 Egyptiorum
1241 4709 1420 4780 lingua
1465 4713 1762 4779 sarrbaitw,
1797 4730 1890 4769 seu
1942 4734 2025 4771 re-

454 4803 618 4858 uuiue
641 4811 1042 4871 nuncupantur.
1064 4819 1082 4852 ι
1103 4810 1215 4861 3m
1233 4804 1375 4856 enim
1403 4803 1543 4857 idem
1561 4816 1716 4857 sonat
1741 4821 1805 4860 ac
1830 4810 2022 4863 renuit.

454 4896 562 4950 Sed
601 4906 777 4950 tamen
811 4911 918 4950 non
945 4896 1179 4950 absurde
1204 4897 1326 4964 quis
1352 4897 1652 4963 eonjecerit
1677 4899 1779 4952 hoc
1805 4900 1923 4954 loco
1949 4903 2048 4955 le-.

451 4989 684 5058 gendum
738 4987 969 5041 rehivita:
1021 4987 1163 5055 quod
1216 4989 1354 5041 idem
1413 4995 1496 5042 est
1555 5003 1616 5041 ac
1653 4991 1924 5057 reltoboth,
1992 5007 2025 5046 a

445 5087 609 5143 nim,
663 5080 798 5134 adeo
853 5089 912 5132 ut
959 5079 1098 5132 duas
1143 5081 1530 5133 monachorum
1576 5080 1787 5135 illorum
1846 5081 2021 5154 Egy-

459 5171 669 5241 ptiacas
711 5167 1118 5238 appellationes,
1147 5169 1476 5234 sarabaitas,
1520 5177 1574 5223 et
1601 5169 1873 5236 rc'lwbulh,
1907 5176 2024 5231 sive

447 5262 706 5316 rehivitas
735 5260 1065 5328 expresserit
1092 5275 1108 5325 ;
1142 5261 1219 5313 ait
1243 5259 1386 5314 enim
1417 5275 1430 5311 :
1463 5279 1481 5311 ‹
1521 5259 1896 5332 ,λΕεγριὶοτυηι
1927 5262 2024 5317 lin-

447 5370 550 5423 gua
595 5353 905 5414 sarabaitte,
948 5352 1062 5406 sive
1106 5355 1338 5408 reltivitae
1392 5365 1790 5422 nuncupantur.
1833 5375 1852 5408 ι
1890 5355 2020 5421 Quae

442 5460 546 5500 vox
586 5444 849 5512 posterior
895 5441 1051 5497 facile
1083 5459 1270 5498 recusa
1318 5456 1399 5499 est
1447 5446 1500 5498 in
1552 5447 1770 5500 reuuin
1807 5465 1826 5501 :
1867 5450 2008 5504 umle

439 5536 556 5591 Odo
587 5531 984 5596 Cluniacensis,
1019 5532 1202 5586 collat.
1233 5533 1288 5598 ὅ,
1324 5552 1342 5585 t
1381 5534 1489 5589 Nos
1529 5537 1711 5590 miseri
1764 5553 1867 5591 non
1921 5553 2013 5593 su-

439 5639 560 5680 mus
589 5623 862 5690 monachi,
894 5632 953 5676 ut
995 5621 1130 5678 falso
1167 5626 1532 5690 nominamur,
1563 5627 1660 5682 sed
1693 5629 2000 5694 sarabaitae,

439 5717 492 5767 id
537 5725 621 5767 est
675 5714 935 5779 renuitze,
995 5713 1086 5781 qui
1139 5713 1322 5784 jugum
1387 5717 1654 5786 regularis
1707 5719 2004 5789 disciplime

436 5805 731 5859 rettuiImtS.
769 5824 788 5858 ι
823 5806 1090 5864 Caeterum
1137 5807 1499 5912 'vocabulqt'n”
1525 5822 1811 5902 anymscu
1841 5823 2016 5904 ,πῖπτε
2113 5810 2836 5902 acerrimus.Origenianze
2875 5822 3056 5864 causa:
3124 5817 3490 5877 prepugnator

2138 4621 2241 4674 nici
2273 4619 2452 4672 recudi
2485 4617 2696 4671 curavit
2726 4617 3130 4677 eruditissimus
3184 4625 3242 4670 et
3286 4619 3727 4674 humanissimus

2135 4711 2398 4767 lleuricus
2436 4709 2719 4775 Justellus,
2740 4709 3134 4776 Christophoro
3178 4718 3338 4777 patre
3369 4710 3726 4780 dignissimus

2133 4803 2297 4856 filius.
2343 4800 2555 4856 Fractis
2591 4813 2769 4856 autem
2801 4801 3121 4871 Origenistre
3153 4801 3362 4854 viribus
3392 4803 3730 4856 destiterunt

2132 4895 2201 4950 ab
2232 4896 2661 4950 orthodoxorum
2714 4893 3103 4955 insectatione;
3155 4890 3359 4947 multas
3393 4906 3521 4946 vero
3565 4891 3728 4947 inter

2137 5001 2197 5042 se
2222 4987 2410 5040 turbas
2446 4995 2500 5039 et
2539 4984 2718 5052 puella
2757 4983 3136 5037 conciverunt.

2199 5077 2310 5132 Vll.
2338 5075 2550 5144 Pelagio
2597 5075 2655 5128 S.
2691 5072 2756 5126 Β.
2792 5071 2852 5126 Ε.
2898 5072 3125 5126 diacono
3165 5071 3714 5141 ConstantinOpolim

2125 5183 2156 5224 e
2194 5167 2474 5222 Palaestina
2505 5165 2754 5221 redeunti
2784 5164 3010 5219 comites
3039 5178 3097 5216 se
3121 5165 3488 5232 adiunxerunt
3511 5180 3724 5218 tnoua-

2124 5261 2212 5316 chi
2269 5261 2472 5328 aliquot
2534 5256 2825 5312 Palaestini.
2900 5255 3079 5309 Causa
3145 5256 3260 5308 hate
3321 5255 3728 5322 proﬁciscendi

2126 5354 2247 5408 fuit.
2277 5353 2554 5422 Praecipua
2581 5352 2829 5421 qumdam
2854 5366 2919 5405 ex
2951 5348 3200 5419 Origeuis
3236 5335 3392 5404 libris
3419 5350 3723 5404 btereseon

2123 5429 2301 5515 Capita
2336 5453 2743 5513 excerpscrant.
2801 5440 2876 5495 Ea
2911 5439 3222 5495 Justiniano
3257 5441 3474 5505 offerre,
3523 5453 3595 5494 et
3657 5456 3722 5496 ut

2121 5554 2225 5590 una
2252 5551 2372 5591 cum
2406 5535 2638 5603 Origene
2660 5535 3066 5597 damnarentur,
3097 5532 3392 5601 impetrare
3421 5532 3728 5588 volebant.

2118 5630 2371 5684 Florehat
2405 5638 2531 5682 tunc
2565 5625 2821 5694 temporis
2859 5624 3205 5693 imperatoris
3229 5625 3403 5693 gratia
3439 5622 3723 5679 Theodo-

2116 5736 2209 5776 rus
2247 5721 2332 5775 ille
2363 5735 2522 5789 quem
2549 5717 2682 5781 dixi,
2713 5714 2977 5770 Cursarem
2995 5713 3353 5784 Cappadocia:
3377 5715 3726 5784 episcopus,

3558 5825 3577 5859 ἶ
3625 5827 3727 5865 ειη
