3952 6532
185 406 332 459 1135

1039 409 1615 466 ΟΜΟΕΜΑΝΟΒΠΜ
1653 410 1784 467 LIB.
1827 409 1893 478 ll,
1933 410 2088 471 CAP.
2129 411 2220 480 IV,
2261 413 2455 471 SECT.
2496 415 2561 472 11.

3284 421 3439 492 meo

182 541 308 578 cum
345 524 482 578 male
514 523 719 580 idclrco
749 525 910 582 vellet
935 526 1206 600 Pelagius,
1231 529 1557 588 Palaestinos
1585 549 1766 589 mona-
1793 540 1838 598 Α
1867 551 1989 591 cum
2019 537 2280 594 adversus
2309 538 2563 610 Origenis
2597 538 2944 607 sententiam,
2993 554 3114 611 qua:
3146 548 3290 596 astra
3348 555 3456 595 ram

180 619 319 672 chos
343 616 867 687 ConstantinOpolim
920 621 1196 690 perduxit,
1247 633 1302 678 et
1351 625 1760 695 astipulatorcm

181 711 400 765 habens
432 709 638 764 Menam
681 711 1338 784 Constantinopolitanum
1375 718 1758 787 patriarcham,

178 817 212 856 a
245 800 556 857 Justiniano
588 801 867 873 ﬂagitavit,
902 815 960 859 ut
1003 822 1192 861 eorum
1240 811 1526 878 postulatis
1553 827 1758 866 annue-

180 905 288 948 ret.
323 892 524 948 Rerum
549 895 1044 952 ecclesiasticarum
1079 901 1360 956 arbitrium
1381 905 1447 958 ad
1475 919 1534 959 se
1558 905 1757 960 deferri

177 986 426 1054 gaudens
457 986 750 1054 imperator
776 990 881 1042 voti
935 1005 1029 1045 eos
1069 1003 1345 1061 compotes
1377 993 1528 1059 fecit,
1562 1005 1615 1050 et
1663 1013 1760 1050 no-

181 1075 332 1129 mine
355 1090 454 1129 suo
482 1076 776 1146 Epistolam
812 1079 878 1134 ad
914 1079 1127 1136 Menam
1159 1086 1428 1139 conscribi
1458 1087 1755 1158 jussit,qua

176 1165 433 1238 Origenis
471 1177 525 1220 ct
604 1168 1054 1238 Origenianorum
1106 1175 1412 1243 dogmatum
1479 1180 1756 1235 damnatio

174 1259 508 1314 continetur.
537 1258 725 1329 Opera:
753 1263 982 1331 pretium
1007 1275 1090 1320 est
1123 1266 1236 1336 ipsa
1268 1267 1503 1323 Liberali
1526 1271 1754 1326 Cartha-

173 1349 418 1418 ginensis
448 1352 814 1408 archidiaconi
845 1357 1007 1410 verba
1039 1359 1268 1414 recitare
1287 1359 1332 1391 ³⁸
1368 1379 1385 1412 ι
1415 1360 1646 1418 .lubente
1689 1379 1754 1418 eo

175 1444 376 1499 dictata
410 1455 492 1500 est
526 1445 578 1500 in
604 1444 918 1516 Origencm,
942 1458 996 1503 et
1027 1450 1078 1502 in
1111 1449 1203 1504 illa
1248 1452 1484 1522 capitula
1525 1455 1752 1510 anathe-

175 1537 340 1592 matis
365 1539 664 1604 damnatio,
685 1555 843 1610 quam
877 1540 1288 1598 subscribentes
1320 1561 1425 1600 una
1453 1561 1573 1601 cum
1599 1547 1752 1602 Mena

169 1629 584 1700 archiepiscopo
609 1633 748 1700 apud
767 1631 1293 1704 Constantinopolim
1310 1639 1530 1705 reperti,
1557 1639 1751 1696 deinde

170 1722 379 1775 directa
413 1732 495 1776 est
529 1723 723 1794 Vigilio
755 1723 1004 1778 Romano
1027 1727 1303 1796 episcopo,
1333 1727 1484 1784 Zoilo
1513 1731 1751 1784 Alexan-

170 1814 355 1879 drino,
388 1815 690 1884 Ephra‘mio
720 1817 1062 1873 Antiocbcno
1118 1831 1172 1874 et
1208 1819 1366 1876 Petro
1402 1819 1750 1893 Jerosolymi-

1868 629 2013 684 tione
2046 630 2270 700 praedita
2326 641 2470 686 esset
2504 631 2677 701 fingit,
2729 633 3037 702 disputans,
3083 633 3227 687 hunc
3278 632 3438 687 all‘ert

1863 720 2041 775 Basilii
2076 722 2251 778 locum
2287 737 2354 778 ex
2383 723 2586 777 'bomii.
2623 724 2657 778 5
2718 725 2770 778 in
2820 723 3077 778 Hexaem.
3116 741 3136 779 :
3176 724 3338 795 Ἡμῖν
3376 723 3437 778 δὲ

1861 811 1953 863 καὶ
1969 810 2105 882 πρὸς
2120 811 2246 874 τοὺς
2265 811 2372 865 ἀπὸ
2386 811 2484 882 τῆς
2523 811 2848 882 Ἐκκλησξας
2875 813 2991 866 ὲστί
3015 831 3099 876 τις
3128 812 3285 882 λόγος
3308 815 3440 885 περὶ

1859 903 1966 957 τῶν
2014 903 2402 979 διακριθέντων
2425 905 2654 964 ὑδάτων,
2689 915 2840 973 etc.;
2875 915 2983 960 tum
3013 907 3203 962 deinde
3239 910 3438 962 subne-

1861 995 1957 1046 ctit
1996 1011 2008 1047 :
2039 997 2131 1047 Δεῖ
2158 995 2214 1048 δὲ
2245 996 2531 1068 προσέχειν
2564 997 2692 1059 τοὺς
2718 996 3013 1068 ἀκροατὰς,
3043 997 3126 1050 ὅτι
3151 996 3229 1067 τῷ
3261 999 3438 1051 εἰπεῖν

1858 1086 1946 1138 τὸν
1962 1087 2181 1158 Πατέρα
2195 1105 2209 1119 ο
2222 1088 2377 1156 Πρὸς
2391 1086 2534 1152 τοὺς
2548 1087 2665 1141 ἀπὸ
2683 1087 2792 1155 τῆς
2807 1089 3326 1162 Ἐκκλησίασίέστί
3338 1103 3438 1144 τισ

1857 1181 2002 1249 ἡμῖν
2025 1183 2225 1252 λόγος,
2253 1183 2699 1253 περὶὨριγένους
2727 1183 3031 1250 διαλέγεται
3051 1185 3150 1255 τῆς
3174 1184 3266 1238 τοῦ
3299 1183 3436 1240 Θεοῦ

1856 1271 2096 1342 χάριτος,
2125 1273 2217 1325 καὶ
2261 1271 2363 1342 τῆς
2389 1273 2550 1342 ἁγίας
2576 1273 2668 1326 τοῦ
2703 1273 2834 1327 Θεοῦ
2881 1275 3204 1344 Ἐκκλησίας
3231 1275 3437 1330 ἀπελα-

1856 1359 2057 1424 Θέντος,
2081 1361 2174 1414 καὶ
2203 1361 2312 1414 τῶν
2331 1363 2649 1433 ὁμοφρόνων
2673 1363 2885 1436 ἐκείνῳ.
2905 1366 2978 1418 Οὐ
3006 1366 3114 1438 γὰρ
3139 1363 3259 1420 εἶπε
3282 1367 3438 1436 πρὸς

1853 1450 1995 1517 τοὺς
2019 1453 2088 1505 ἐν
2104 1452 2178 1520 τῇ
2211 1454 2556 1522 Ἐκκλησίςι,
2577 1455 2712 1508 ἀλλὰ
2726 1457 2878 1525 πρὸς
2896 1458 3035 1524 τοὺς
3047 1458 3166 1512 ἀπὸ
3182 1458 3291 1526 τῆς
3319 1461 3439 1514 Ἐκ-

1853 1542 2142 1608 κλησὶας,
2176 1543 2322 1613 ἡμῖν
2340 1545 2474 1598 ἐστι
2497 1562 2584 1611 τις
2603 1547 2817 1616 λόγος’
2854 1549 2948 1602 καὶ
2990 1548 3076 1602 διὰ
3111 1549 3204 1603 τοῦ
3235 1552 3434 1617 εἰπεῖν,

1852 1633 2016 1702 ἡμῖν,
2033 1636 2158 1698 τοὺς
2182 1635 2280 1704 τῆς
2305 1636 2625 1708 Ἐκκλησίας
2647 1639 2902 1709 ἐδήλωσε⁸
2926 1641 3015 1695 διὰ
3035 1641 3090 1694 δὲ
3119 1641 3212 1694 τοῦ
3235 1643 3432 1707 εἰπετν,

1851 1726 1993 1792 τοὺς
2013 1727 2131 1780 ἀπὸ
2155 1727 2264 1795 τῆς
2292 1730 2670 1798 Ἐκκλησίας,
2687 1731 2812 1796 τοὺς
2834 1733 3038 1805 ταύτης
3054 1735 3435 1799 ἁποπεσόντας

1851 1819 2146 1889 ἐσήμανεν.
2188 1837 2206 1870 ι
2247 1821 2541 1877 Advertere
2573 1840 2733 1892 porro
2761 1827 2959 1878 debent
3005 1829 3299 1888 auditores.
3328 1827 3435 1882 Pa—

135 1901 138 1904 ’
171 1915 326 1969 tano,
359 1883 556 1976 quibus
589 1922 709 1962 eam
749 1908 1146 1978 accipientibus
1172 1920 1227 1964 et
1278 1883 1748 1968 subscribentibus
1783 1883 1823 1940 Β
1855 1883 1988 1964 trem
2029 1909 2346 1980 (Basilium)
2378 1927 2499 1966 cum
2531 1883 2682 1977 dicit,
2722 1916 2906 1970 Sermo
2937 1917 3084 1970 nobis
3123 1926 3199 1971 est
3237 1883 3306 1970 ad
3343 1933 3434 1972 eos

168 1995 440 2066 Origenes
468 1998 758 2054 damnatus
800 2009 883 2054 est
933 2010 1200 2068 mortuus,
1242 2004 1332 2072 qui
1380 2005 1569 2058 vivens
1622 2005 1750 2060 olim

167 2088 351 2144 fuerat
381 2098 508 2143 ante
539 2090 850 2145 damnatus.
893 2109 910 2141 ι
954 2093 1031 2146 ita
1081 2092 1397 2148 Adamantii
1441 2094 1752 2150 damnatio-

167 2196 294 2233 nem
353 2181 670 2236 nobilissimi
728 2182 985 2238 Ecclesia:
1045 2186 1319 2242 antistites
1386 2188 1594 2244 calculo
1653 2205 1752 2245 suo

167 2273 684 2342 comprobaverunt.
731 2273 857 2328 llaec
885 2275 1031 2330 circa
1058 2291 1256 2332 annum
1307 2279 1412 2334 558
1467 2279 1614 2337 facta
1657 2283 1752 2337 deo

168 2366 579 2436 prebendimus.

245 2457 371 2514 Vlll.
431 2455 648 2512 Minime
698 2465 824 2512 vero
881 2456 1244 2530 Origenistas,
1297 2467 1390 2518 sed
1449 2462 1740 2534 Origencm

168 2549 349 2618 ipsum
383 2548 482 2602 hac
506 2548 728 2618 epistola
760 2547 1279 2620 petitJustinianus,
1311 2557 1750 2624 enumeratisque

169 2642 346 2712 ipsius
379 2641 660 2710 erroribus
697 2641 835 2696 inter
866 2643 1157 2697 haereticos
1191 2647 1584 2700 recensendum
1621 2661 1750 2702 san-

162 2735 282 2788 cit:
317 2733 376 2788 Εἰ
400 2735 604 2802 τοίνυν,
659 2734 853 2803 inquit,
897 2735 1133 2800 ἅπαντες
1169 2738 1434 2809 αἱρετικοὶ
1474 2739 1568 2792 ἐπὶ
1631 2738 1750 2802 ἐνὸς

161 2826 348 2897 τυχὸν,
379 2826 413 2896 ἢ
445 2825 695 2898 δευτέρου
739 2826 1005 2896 δόγματος
1031 2833 1356 2900 παρατροπῇ
1396 2830 1749 2902 ἐπιϐέϐληνται

164 2919 263 2989 τῆς
285 2917 595 2988 ἁγιωτάτης
631 2919 978 2991 Ἐκκλησίας,
1013 2907 1406 2992 ὑποϐληθέντες
1448 2922 1749 2993 ἀναθέματι

164 3010 308 3081 μετὰ
355 3009 460 3062 τῶν
517 3009 657 3062 ἰδίων
720 3009 1027 3081 δογμάτων,
1062 3012 1146 3075 τίς
1198 3011 1336 3076 ὅλως
1401 3014 1747 3085 Χριστιανῶν

161 3103 415 3168 ἀνέξεται
461 3101 764 3176 Ὤριγένους
785 3119 845 3156 τε
875 3103 967 3157 καὶ
1000 3103 1109 3157 τῶν
1140 3105 1391 3180 πονηρῶν
1417 3106 1582 3160 αὑτοῦ
1617 3123 1749 3174 συγ-

1852 2003 1946 2070 qui
1972 2009 2098 2054 sunt
2129 2000 2249 2054 ἀπὸ
2280 2001 2388 2069 τῆς
2425 2003 2790 2072 Ἑκκλησίας
2813 2046 2828 2071 ,
2871 2007 2937 2062 de
2979 2008 3230 2078 Origene,
3273 2011 3364 2080 qui
3399 2027 3434 2066 a

1853 2089 2028 2158 gratia
2059 2089 2150 2144 Dei
2180 2101 2234 2144 et
2272 2106 2300 2144 a
2351 2101 2541 2146 sancta
2592 2095 2687 2148 Dei
2750 2094 2994 2150 Ecclesia
3046 2099 3298 2167 depulsus
3326 2109 3429 2163 est,

1853 2183 2026 2252 deque
2051 2182 2168 2250 ejus
2193 2184 2411 2238 asseclis
2441 2185 2648 2250 loqui...
2686 2196 2739 2242 et
2769 2189 2997 2244 dicendo
3014 2192 3250 2258 quidem,
3277 2193 3432 2263 ἡμῖν,

1852 2289 1946 2328 cos
1994 2274 2083 2342 qui
2123 2275 2174 2328 in
2216 2273 2457 2331 Ecclesia
2493 2289 2782 2333 censentur
2812 2281 3173 2350 signiﬁcasse;
3206 2285 3434 2340 dicendo

1853 2381 2002 2429 vero,
2030 2368 2158 2429 τοὺς
2185 2367 2290 2421 ἀπὸ
2328 2369 2424 2438 τῆς
2466 2369 2810 2442 Ἐκκλησίας,
2853 2388 2946 2428 eos
2989 2383 3206 2430 notasse
3237 2376 3328 2446 qui
3365 2392 3432 2432 ea

1852 2457 2127 2511 exturbati
2163 2468 2311 2513 sunt.
2355 2477 2372 2511 ι
2410 2459 2610 2528 Nempe
2637 2461 2920 2528 ignorabat
2948 2464 3119 2518 bonus
3147 2464 3432 2535 illeimpe—

1852 2559 2020 2612 rator,
2049 2548 2162 2602 sive
2187 2549 2278 2616 qui
2311 2549 2480 2618 ipsius
2503 2551 2720 2606 nomine
2739 2553 3016 2622 epistolam
3050 2555 3188 2611 hanc
3212 2559 3434 2612 conciu-

1851 2650 2072 2705 narunt,
2124 2641 2464 2710 particulam,
2497 2643 2645 2708 ἀπό,
2681 2659 2785 2698 non
2833 2646 3247 2716 disjunctionem
3285 2664 3434 2706 sem-

1851 2749 1950 2804 per
1976 2743 2028 2788 et
2053 2733 2400 2797 divisionem,
2434 2737 2529 2790 sed
2561 2737 2997 2807 conjunctionem
3035 2741 3220 2807 etiam,
3257 2753 3310 2798 et
3344 2759 3433 2799 se-

1851 2832 1991 2876 Clam
2029 2838 2094 2877 ac
2122 2825 2246 2878 vita:
2276 2825 2586 2880 institutum
2620 2836 2814 2882 notare
2856 2847 2869 2883 :
2902 2831 2954 2883 οἱ
2988 2831 3098 2884 ἀπὸ
3124 2832 3234 2886 τῶν
3280 2836 3434 2906 αἱρε-

1852 2914 2010 2978 σέων,
2039 2916 2306 2980 hwretici;
2336 2919 2382 2970 oi
2417 2919 2526 2972 ἀπὺ
2552 2919 2652 2990 τῆς
2677 2921 2863 2985 Στόας,
2892 2921 3092 2986 Stoici;
3122 2926 3172 2976 oi
3201 2925 3311 2978 ἀπὸ
3335 2927 3434 2982 τοῦ

1851 3005 2190 3077 Πυθαγόρου,
2224 3005 2586 3077 Pythagorici.
2629 3009 2812 3078 Igitur,
2844 3012 2891 3064 οἱ
2919 3012 3026 3065 ἀπὸ
3055 3013 3156 3084 τῆς
3199 3017 3431 3089 Ἐκκλης-

1853 3098 1992 3162 σίας.
2035 3099 2134 3153 hoc
2166 3109 2267 3162 est,
2299 3100 2592 3155 Christiani
2617 3142 2630 3164 .
2655 3103 3029 3170 ecclesiastici;
3063 3109 3128 3161 ad
3161 3123 3252 3164 eos
3281 3111 3429 3166 enim

160 3194 511 3265 γραμμάτων
540 3193 951 3273 ἀντιποιεῖσθαι,
984 3195 1077 3248 τοῦ
1107 3195 1372 3260 τοσαύτας
1405 3197 1502 3268 μὲν
1527 3197 1744 3269 εἰρηκό-

1853 3202 2116 3259 quatenus
2182 3193 2405 3263 paganis
2481 3207 3211 3263 upponuntur,-sermonem
3269 3215 3428 3257 suum

160 3306 254 3351 τος
279 3287 650 3358 βλασφημίας,
681 3288 813 3340 πᾶσι
839 3285 897 3339 δὲ
938 3287 1122 3357 σχεδὸν
1153 3289 1449 3360 αἱρετικοῖς
1477 3290 1744 3362 τοσαύτην

164 3381 301 3452 ὓλην
343 3379 618 3444 ἀπωλείας
655 3381 746 3433 καὶ
791 3379 1142 3451 βλασφημίας
1179 3381 1620 3452 παρασχομένου,
1651 3383 1745 3435 καὶ

122 3466 124 3468 ⁷
159 3471 252 3526 διὰ
274 3470 454 3534 τοῦτο,
481 3471 575 3524 καὶ
608 3469 760 3541 παρὰ
784 3469 894 3524 τῶν
919 3469 1087 3538 ἁγίων
1103 3470 1354 3542 πατέρων
1380 3469 1610 3524 ἔκπαλαι
1640 3471 1746 3524 ὑπὸ

160 3562 416 3632 ἀνάθεμα
443 3560 735 3632 γενομένου
761 3560 900 3632 μετὰ
923 3559 1032 3613 τῶν
1065 3560 1326 3633 μυσαρῶν
1357 3561 1521 3616 αὑτοῦ
1542 3562 1745 3633 δογμάο

161 3671 308 3720 trav;
351 3674 369 3704 ι
411 3653 468 3707 Si
504 3654 668 3723 igitur
707 3669 894 3709 omnes
929 3654 1187 3718 hmretici,
1217 3655 1286 3708 ob
1325 3654 1486 3708 unius
1513 3654 1746 3712 fortasse

165 3746 249 3802 vel
303 3745 531 3800 alterius
573 3745 844 3815 dogmatis
890 3747 1304 3816 perversitatem
1357 3746 1513 3816 ejecti
1560 3757 1687 3804 sunt
1715 3763 1746 3804 e

164 3838 516 3892 sanctissima
571 3837 834 3902 Ecclesia,
868 3839 988 3908 quis
1035 3855 1259 3908 prorsus
1305 3839 1742 3896 Christianorum

163 3929 458 3983 sustinebit
487 3927 799 3998 Origencm,
834 3930 916 3985 vel
945 3929 1182 3986 nefarias
1197 3932 1311 4002 ejus
1339 3931 1745 3988 lucubrationes

165 4021 488 4088 defendere,
527 4037 555 4074 a
591 4036 696 4090 quo
745 4031 822 4076 tot
873 4022 1180 4093 impietates
1238 4023 1461 4092 prolata:
1512 4031 1658 4089 sunt,
1691 4031 1748 4076 et

166 4124 316 4170 tanta
344 4115 498 4169 exitii
534 4123 589 4170 et
635 4116 932 4185 impietatis
966 4115 1193 4169 materia
1244 4114 1518 4170 universis
1552 4128 1748 4184 prope-

165 4208 388 4258 modum
423 4205 698 4260 haareticis
724 4205 1137 4260 subministrata
1164 4213 1268 4270 est,
1305 4206 1531 4274 ideoque
1558 4221 1585 4257 a
1618 4220 1747 4258 san-

165 4296 270 4350 ctis
301 4294 556 4349 Patribus
586 4295 691 4365 jam
733 4296 862 4350 olim
899 4296 1238 4350 anathemati
1269 4311 1390 4350 cum
1426 4295 1746 4362 perniciosis

165 4388 281 4443 suis
309 4386 652 4457 dogmatibus
693 4388 973 4456 subjectus
1005 4390 1124 4444 est?
1158 4409 1176 4441 ι
1211 4389 1297 4443 Ad
1342 4389 1458 4442 lucc
1498 4398 1742 4457 prompta

165 4490 247 4533 est
285 4488 343 4534 et
370 4489 557 4548 parata
588 4481 877 4548 exceptio:
933 4481 978 4534 si
1027 4495 1182 4534 error
1226 4479 1541 4534 haereticutn
1591 4477 1742 4546 facit,

1853 3283 2081 3338 Basilius
2127 3283 2416 3338 convertit.
2455 3284 2584 3340 Post
2631 3301 2853 3342 errores
2899 3287 3151 3358 Origenis
3215 3294 3428 3362 prolixe

1849 3372 2159 3426 confutatos
2208 3374 2342 3442 petit
2396 3376 2611 3430 demum
2661 3390 2692 3430 a
2748 3375 2904 3431 Mena
2961 3378 3318 3448 Justinianns,
3371 3394 3431 3439 ut

1851 3463 2230 3532 episeoporum
2275 3474 2330 3521 et
2387 3466 2924 3538 cmnobiarcbarum,
2960 3472 3051 3540 qui
3105 3481 3233 3534 tunc
3285 3475 3431 3530 Con-

1853 3556 2204 3624 stantinOpoli
2237 3557 2493 3625 agebant,
2527 3571 2853 3616 conventum
2892 3563 3110 3629 habeat,
3141 3567 3210 3620 ab
3255 3566 3430 3637 iisque

1849 3647 2166 3717 Origencm,
2197 3660 2246 3702 et
2285 3649 2536 3719 Origenis
2583 3651 2835 3722 dogmata
2889 3655 3066 3725 respui
3113 3664 3168 3710 et
3202 3659 3430 3714 anathe-

1849 3744 2008 3794 tnatis
2035 3743 2244 3797 conteri
2281 3752 2566 3812 procuret;
2609 3754 2664 3799 et
2689 3761 2870 3799 rerum
2904 3761 2932 3799 a
2958 3763 3018 3802 se
3053 3748 3104 3802 in
3143 3749 3242 3806 hac
3265 3766 3429 3808 causa

1849 3844 2121 3902 gestarum
2147 3835 2475 3904 exemplaria
2513 3835 2578 3888 ad
2625 3837 2880 3904 prmsulcs
2936 3847 2990 3893 et
3045 3840 3266 3897 abbates
3292 3857 3428 3912 qua-

1849 3939 2152 3992 quaversus
2183 3925 2541 3989 transmittat,
2578 3936 2638 3980 ut
2672 3927 2773 3995 ipsi
2805 3943 3022 3998 quoque
3077 3932 3428 3988 anathemata

1850 4014 2099 4086 Origcnis
2145 4018 2366 4086 pr0pria
2422 4018 2824 4087 subscriptione
2869 4021 3213 4076 confirment.
3268 4024 3430 4080 Vetat

1853 4117 2113 4175 praeterea
2154 4108 2466 4178 episcopum
2499 4109 2580 4163 vel
2627 4111 3115 4167 archimandritam
3169 4117 3425 4172 constitui

1851 4210 2203 4264 quemquam,
2240 4197 2338 4250 nisi
2367 4197 2518 4266 prius
2544 4197 2834 4267 Origencm
2881 4218 2988 4256 una
3027 4217 3148 4258 cum
3176 4205 3296 4260 aliis
3324 4208 3429 4264 lite-

1853 4288 2052 4352 rcticis,
2096 4289 2183 4358 qui
2233 4289 2298 4342 de
2348 4305 2498 4344 more
2527 4289 2580 4344 in
2616 4291 2778 4345 cditis
2829 4292 3025 4349 libellis
3060 4298 3428 4355 anathematis

1850 4378 2259 4444 confodiuntnr,
2295 4392 2404 4434 toto
2451 4382 2635 4436 animo
2667 4385 2921 4439 detestari
2972 4401 3030 4441 se
3063 4396 3120 4441 et
3166 4387 3428 4446 damnare

1853 4474 2016 4528 fuerit
2045 4477 2347 4543 professus.
2377 4475 2664 4544 Significat
2691 4479 3037 4548 postmodum
3082 4478 3293 4537 litteras
3315 4497 3344 4536 a
3368 4497 3429 4537 se

165 4571 341 4625 fateor
377 4571 686 4627 baereticum
719 4585 840 4628 esse
889 4573 1218 4643 Origencm;
1283 4572 1366 4625 sin
1424 4572 1742 4640 pertinacia,
1777 4573 1819 4627 D
1850 4565 2040 4620 eodem
2083 4566 2185 4620 hoc
2209 4566 2458 4635 exemplo
2492 4567 2686 4622 missas
2735 4568 2802 4623 ad
2841 4568 3091 4641 Vigilium
3125 4587 3342 4642 papam,
3373 4583 3430 4629 et

165 4666 254 4731 qni
284 4663 573 4718 erroribus
607 4664 962 4732 pertinaciter
992 4664 1282 4718 adbmsisse
1320 4661 1608 4733 Origencm
1658 4661 1738 4717 di-

167 4771 288 4809 cere
319 4755 558 4826 audeati
591 4756 840 4810 Ostendit
874 4755 1134 4826 deinceps
1167 4756 1469 4822 imperator
1516 4755 1741 4824 paganis

165 4857 219 4900 et
247 4819 562 4901 hiauit-bans
590 4847 971 4901 Adamantium
1027 4847 1391 4913 consensisse,
1421 4861 1489 4902 ex
1517 4847 1741 4917 ejusque

165 4939 399 4994 decretis
422 4940 676 4994 Arianam
697 4939 946 4995 haeresim
965 4942 1234 4995 coaluisse
1257 4957 1271 4993 :
1302 4950 1412 4994 tum
1436 4938 1739 4993 animarum

164 5033 513 5106 προΰπαρξιν
559 5042 704 5086 tanta
736 5034 1086 5089 contentione
1134 5041 1427 5102 oppugnat,
1482 5039 1541 5084 ut
1583 5027 1744 5086 facile

166 5134 424 5193 appareat
459 5127 597 5178 inter
629 5123 986 5193 Origenianas
1023 5123 1323 5178 sententias
1369 5125 1510 5176 hanc
1562 5120 1734 5190 potis-

165 5216 365 5270 simum
398 5215 557 5284 hujus
585 5217 681 5270 aevi
713 5214 1039 5284 Origenistis
1069 5214 1344 5281 arrisisse,
1391 5213 1534 5282 quod
1583 5222 1638 5266 et
1674 5226 1740 5266 ex

166 5306 442 5376 Eutbymii
472 5319 526 5362 et
552 5307 762 5377 Cyriaci
807 5303 942 5360 Vitis
982 5321 1010 5358 a
1044 5305 1245 5377 Cyrillo
1276 5302 1576 5360 lucubratis
1601 5302 1749 5357 intel.

167 5399 374 5469 ligitur.
402 5398 705 5454 Notandum
741 5415 903 5470 porro
955 5396 1331 5468 Cbrysostomi
1381 5394 1744 5464 patrocinium

168 5490 398 5546 libenter
477 5494 746 5548 asciscere
793 5490 1185 5554 Justinianum,
1255 5497 1314 5543 ut
1362 5488 1466 5542 hoc
1529 5500 1744 5555 quoque

168 5581 470 5637 subsidium
525 5582 847 5652 Origenistis
880 5579 1097 5650 eripiat.
1163 5577 1430 5632 Jocularis
1458 5591 1588 5631 vero
1633 5584 1739 5638 est,

170 5683 219 5725 et
248 5685 306 5729 ut
334 5673 514 5729 verius
541 5673 733 5743 loquar
760 5672 982 5743 puerilis
1019 5669 1312 5727 Justiniani
1359 5665 1738 5732 balluciuatio,

236 5853 279 5886 ³³
305 5853 522 5909 Liberat
561 5853 708 5909 Diac.
746 5851 897 5908 Brev.
925 5868 1045 5918 Cap.
1078 5850 1169 5906 25.

1853 4657 1921 4711 ad
1989 4658 2360 4726 patriarcbam
2413 4659 2864 4729 Alexandrinum,
2915 4662 3426 4734 .lerosolymitanum

1847 4749 2398 4819 etTheopolitanum,
2468 4751 2573 4806 hoc
2629 4762 2718 4806 est
2767 4754 3188 4812 Antiocbenum.
3233 4757 3428 4812 Antio-

1848 4844 2023 4897 chiam
2065 4845 2264 4913 quippe
2296 4851 2415 4912 post
2464 4853 2622 4899 terra:
2655 4855 2861 4901 motum
2896 4849 3178 4917 auspicato
3207 4849 3428 4904 nomine

1849 4935 2162 5004 TbeOpulim
2193 4935 2534 4991 Justinianus
2585 4936 2892 5006 appellavit.
2929 4941 3010 4993 Ad
3055 4940 3170 4996 haec
3204 4954 3268 4994 ex
3320 4954 3428 4994 uno

1847 5026 1988 5096 Περὶ
2018 5024 2220 5095 ἀρχῶν
2249 5039 2432 5094 opere,
2472 5025 2562 5094 qui
2605 5027 2838 5080 maxime
2874 5025 3137 5094 capitales
3168 5027 3265 5082 visi
3299 5035 3428 5084 sunt

1845 5133 2061 5173 errores
2085 5117 2316 5187 colligit,
2347 5125 2401 5171 et
2425 5116 2494 5170 ob
2536 5115 2802 5170 lectorum
2831 5116 3022 5170 oculos
3050 5117 3219 5186 ponit.
3255 5118 3421 5174 Deni-

1844 5225 1949 5280 que
1974 5209 2136 5263 verba
2171 5209 2284 5278 ipsa
2329 5206 2655 5278 praescribit,
2691 5206 2743 5261 in
2794 5221 2915 5277 qua:
2940 5209 3426 5266 anathematismos

1846 5298 2109 5353 adversus
2142 5294 2398 5367 Origenis
2442 5298 2693 5368 dogmata
2743 5297 2953 5366 concipi
3002 5299 3150 5364 velit,
3191 5316 3422 5371 quorum

1845 5399 2150 5464 postremus
2177 5389 2468 5460 Origencm
2496 5391 2669 5460 ipsum
2701 5390 3082 5446 damnatorum
3113 5393 3424 5464 dogmatum

1849 5491 2124 5536 auctorem
2149 5482 2414 5552 percellit.

1920 5573 2010 5628 IX.
2053 5573 2447 5630 Conferendum
2479 5575 2584 5632 huc
2614 5576 2828 5633 videtur
2856 5576 3204 5646 Theophanis
3231 5575 3424 5632 Nestoo

1853 5665 1988 5720 riani
2038 5665 2286 5722 monachi
2332 5665 2530 5734 visura,
2577 5669 2718 5734 quod
2765 5682 2794 5722 a
2837 5665 3058 5724 Moscho
3109 5667 3324 5749 Evirato
3362 5666 3425 5738 in
