3914 6520
451 424 600 482 ’1167

1724 415 1783 472 Ρ.
1824 411 2140 470 DANIELIS
2177 408 2426 466 HUETII-

3579 399 3714 459 1108

470 541 626 597 Prata
671 537 954 605 spirituali,
996 549 1116 604 cap.
1159 534 1252 599 26,
1301 541 1569 589 narratur.
1604 531 1825 586 Adierat
1862 529 2036 602 Cyril-
2063 530 2108 586 Α
2135 537 2236 594 est,
2272 528 2496 582 Romam
2525 535 2711 577 recens
2745 517 2994 591 profecto
3025 514 3240 586 Pelagio
3266 513 3529 605 diacono,
3560 522 3708 581 post-

466 649 574 689 tum
609 630 968 698 Theophanes
993 627 1081 681 ille
1107 627 1228 681 aliis
1254 627 1424 694 ipsum
1457 627 1524 680 de
1563 629 1722 679 rebus
1746 634 2030 694 perconta-

465 731 635 786 turus,
657 732 813 786 quem
843 730 966 770 cum
993 715 1046 768 iu
1073 713 1308 767 Nestorii
1345 713 1462 766 luto
1494 713 1702 766 haerere
1729 709 2031 779 perspexis-

467 821 544 870 set
571 808 822 882 Cyrillus,
855 821 1015 861 orare
1045 806 1208 875 jussit
1232 814 1288 858 ut
1331 818 1517 873 ecqua:
1557 803 1737 856 verior
1763 811 1906 857 esset
1935 800 2031 855 do-

467 897 655 958 ctrina,
683 894 782 949 sibi
808 893 1107 964 patefieret.
1133 893 1321 946 Oranti
1348 891 1521 945 astitit
1545 891 1784 960 quidam,
1810 899 2030 959 aspectu

466 988 738 1050 terribilis,
769 997 1216 1056 assumptumque
1241 985 1464 1038 deduxit
1501 984 1553 1038 in
1577 983 1917 1039 tenebrosum
1954 983 2032 1035 lo-

462 1093 605 1138 cum,
643 1090 698 1132 et
744 1075 946 1130 fmtidis
981 1075 1193 1144 ignibus
1238 1074 1556 1128 horridum:
1595 1083 1705 1126 tum
1755 1072 1806 1125 ei
1839 1071 2032 1126 mediis

463 1169 516 1223 in
566 1167 798 1224 ﬂammis
838 1165 1167 1222 Nestorium.
1217 1165 1592 1234 Eutychetem,
1635 1161 2030 1232 Apollinarem,

462 1258 799 1323 Dioscorum,
833 1256 1115 1318 Severum,
1140 1254 1455 1323 Origeuem,
1484 1263 1537 1307 et
1561 1253 1698 1308 alios
1721 1251 2029 1321 aspicienti,

463 1349 790 1404 destinatum
821 1348 964 1402 hunc
994 1360 1113 1400 esse
1145 1346 1321 1400 locum
1349 1344 1488 1398 dixit
1510 1343 1885 1398 hatreticorum
1916 1358 2036 1411 sup-

463 1441 671 1513 pliciis;
714 1441 766 1494 in
803 1453 977 1507 eoque
1027 1439 1262 1492 futurum
1304 1445 1362 1490 ut
1399 1450 1589 1505 ptenas
1641 1435 1756 1506 ipse
1797 1435 1888 1489 det
1929 1433 2032 1486 ali-

461 1534 697 1601 quando,
725 1532 886 1584 nisi‘a
920 1530 1203 1600 prreceptis
1232 1529 1414 1582 animo
1444 1525 1792 1596 opinionibus
1829 1525 2034 1580 disces-

367 1612 376 1620 ’
464 1624 616 1677 serit.
651 1622 834 1675 Visum
880 1620 1107 1690 Cyriaco
1143 1617 1388 1673 narravit
1419 1617 1803 1686 Theophanes,
1854 1624 1910 1669 et
1941 1629 2034 1668 ca-

467 1714 678 1768 tholicae
725 1711 979 1767 Ecclesiae.
1009 1726 1206 1765 nomen
1234 1709 1402 1764 dedit.
1430 1707 1708 1762 Laudatur
1734 1707 1879 1761 istud
1920 1704 2037 1759 Μο-

463 1807 580 1859 schi
611 1820 746 1874 Opus
777 1805 830 1860 in
865 1807 1092 1875 septima
1125 1804 1354 1874 synodo,
1391 1801 1622 1870 indeque
1655 1799 1879 1853 multum
1931 1799 2031 1868 ipsi

2135 635 2296 689 quam
2327 616 2466 687 apud
2496 612 2862 668 Iustinianum
2892 606 3225 679 apocrisiarii
3252 618 3480 659 munere
3503 603 3713 658 functus

2135 716 2236 764 est.
2273 707 2386 762 Hoc
2407 705 2585 759 edicto
2611 702 2898 757 anathema
2927 700 2975 753 is
2995 712 3115 754 esse
3136 697 3377 766 iubetur,
3412 695 3508 762 qui
3537 692 3712 748 Theo-

2140 803 2333 854 dorum
2392 797 2851 866 Mopsuestenum,
2911 791 3004 861 qui
3069 787 3356 858 epistolam
3415 786 3485 839 ad
3545 783 3714 838 Mario

2137 893 2358 948 Persam
2389 890 2725 952 hzereticum,
2753 899 2916 957 quam
2941 884 3062 939 lbas
3095 880 3494 949 conscripsisse
3521 876 3715 942 fertur,

2137 987 2344 1056 quique
2392 982 2595 1050 scripta
2625 976 2979 1034 'Theodoreti
3031 975 3296 1029 adversus
3341 970 3612 1043 Cyrillum
3667 979 3722 1020 et

2140 1075 2419 1131 duodecim
2462 1073 2580 1144 ejus
2607 1069 2862 1141 capitula,
2917 1066 3238 1121 defenderit.
3276 1062 3482 1118 Verum
3531 1077 3722 1132 perpa-

2139 1184 2256 1222 rum
2292 1167 2342 1220 id
2378 1165 2556 1220 valere
2592 1162 2900 1232 intelligens
2930 1158 3225 1227 imperator
3264 1156 3370 1210 nisi
3433 1155 3720 1224 episcopo-

2141 1276 2260 1314 rum
2283 1256 2676 1326 subscriptione
2703 1252 2809 1306 vim
2843 1265 2903 1307 ac
2939 1250 3106 1305 robur
3129 1249 3551 1326 adipisceretur,
3580 1245 3722 1300 mul-

2142 1361 2224 1405 tos
2246 1351 2312 1404 ad
2338 1362 2620 1402 assensum
2655 1343 2958 1416 pertraxit;
2990 1339 3140 1395 multi
3174 1338 3316 1408 quod
3351 1338 3506 1392 salva
3532 1336 3722 1408 synodi

2141 1440 2599 1498 Chalcedonensis
2631 1438 2954 1492 auctoritate
2983 1432 3219 1502 capitula
3260 1433 3377 1486 haec
3402 1429 3723 1485 labefactari

2142 1550 2247 1590 non
2279 1546 2453 1605 posse,
2489 1540 2544 1586 et
2571 1531 2626 1584 in
2661 1527 3043 1585 ecclesiasticis
3075 1527 3234 1580 rebus
3263 1523 3490 1593 insuper
3520 1521 3714 1576 haben

2142 1628 2261 1681 dam
2291 1641 2411 1681 esse
2441 1623 2786 1693 imperatoris
2819 1619 3202 1674 auctoritatem
3239 1616 3557 1679 crederent,
3593 1628 3724 1668 con-

2143 1720 2349 1775 sentire
2385 1726 2700 1773 retulerunt.
2735 1713 2987 1784 Vigilium
3033 1711 3209 1780 ipsum
3245 1709 3557 1762 ltomanum
3596 1720 3723 1774 pon-

2143 1814 2364 1877 tilicem,
2434 1825 2496 1865 ea
2568 1817 2806 1863 tuentem
2864 1804 3125 1874 capitula,
3187 1799 3721 1869 Constantinopolim

464 1895 804 1951 auctoritatis
839 1895 1134 1951 accessisse
1161 1894 1447 1948 credentes
1481 1893 1748 1963 plerique,
1783 1894 1834 1946 id
1862 1891 2040 1948 Theo-

2148 1905 2380 1962 accersit
2423 1902 2806 1966 Justinianus;
2842 1894 3167 1953 sententiam
3209 1901 3369 1963 rogat
3414 1905 3584 1960 super
3634 1891 3695 1942 tri

465 1991 658 2060 pbanis
684 1989 953 2044 somnium
984 2003 1082 2059 pro
1111 1987 1258 2042 edito
1279 1987 1543 2041 divinitus
1566 1986 1785 2041 oraculo
1813 1985 2035 2040 habent.

465 2082 585 2150 Quo
634 2081 886 2152 equidem
945 2093 1136 2148 parum
1189 2093 1531 2149 permoveor,
1591 2091 1718 2134 nam
1771 2078 2038 2147 eiusmodi

465 2173 886 2228 somniationum
919 2169 1072 2225 ferax
1108 2179 1192 2226 est
1218 2170 1612 2240 Graeculorum,
1649 2186 1713 2227 ac
1734 2171 2037 2242 przesertim

466 2265 856 2320 monachorum
893 2263 1077 2328 natio;
1113 2272 1167 2317 et
1189 2278 1524 2335 quaecunque
1563 2280 1660 2334 per
1700 2266 1871 2320 otium
1904 2265 2041 2320 ima-

466 2357 654 2428 ginum
702 2356 896 2410 artifex
946 2355 1145 2410 mentis
1191 2355 1420 2411 facultas
1463 2357 1635 2426 lingit,
1665 2358 1745 2412 sic
1779 2368 2038 2426 tauquam

465 2449 561 2504 Dei
593 2446 753 2503 eﬂ'ata
777 2445 879 2501 sibi
903 2445 1134 2515 aliisque
1159 2460 1462 2516 proponere
1486 2456 1732 2516 prompta
1761 2456 1815 2501 et
1842 2446 2038 2502 facilis.

463 2540 686 2597 Minime
713 2549 892 2593 autem
933 2553 998 2592 ex
1037 2539 1251 2592 laudata
1295 2538 1348 2592 in
1393 2540 1622 2608 septima
1653 2539 1858 2609 synodo
1904 2539 2042 2594 scri-

463 2632 664 2704 ptionis
687 2631 830 2685 illius
857 2629 1057 2683 Moschi
1084 2628 1348 2698 particula
1375 2638 1545 2682 totum
1568 2644 1702 2698 opus
1724 2630 2041 2686 existiman-

465 2727 591 2780 dum
621 2738 864 2779 censeo:
897 2721 1078 2777 multis
1120 2720 1362 2792 alioquin
1396 2721 1677 2776 damnosis
1708 2720 2043 2777 lucubratio-

464 2817 628 2871 nibus
669 2815 824 2884 plcna
868 2827 1264 2882 usquequaque
1311 2810 1650 2882 adiungenda
1695 2822 1842 2868 esset
1883 2813 2037 2880 fides,

464 2922 692 2977 quorum
728 2907 989 2960 selectum
1019 2905 1280 2973 aliquem,
1308 2904 1351 2958 si
1385 2902 1550 2969 forte,
1591 2905 1768 2959 locum
1799 2904 2038 2975 synodus

464 2996 642 3066 aliqua
675 2995 1043 3065 usurpaverit.
1079 2993 1310 3064 Vigebat
1349 3009 1413 3048 ea
1446 3003 1771 3065 tempestate
1804 2993 2040 3049 Joannes

464 3087 890 3151 Grammaticus,
919 3094 1288 3157 cognomento
1333 3086 1686 3157 Philoponus,
1719 3087 2042 3142 Alexandri-

465 3195 569 3235 nus
592 3179 788 3233 litteris
813 3178 1105 3248 exquisitis
1120 3178 1367 3248 apprime
1388 3179 1634 3234 eruditus
1659 3202 1671 3236 :
1704 3181 1798 3234 sed
1823 3190 2043 3250 pr0pter

465 3271 749 3326 catholicae
763 3270 886 3324 lidei
907 3270 1186 3325 contraria
1205 3270 1454 3340 dogmata
1479 3270 1623 3326 inter
1649 3273 1932 3327 haereticos
1949 3289 2038 3326 re-
2070 3252 2112 3314 (ἶ

467 3364 629 3430 latus,
661 3377 784 3421 nam
800 3362 841 3415 Τ
849 3363 1193 3417 ritheitarum
1219 3378 1416 3433 parens
1441 3363 1563 3430 fuit,
1590 3365 1810 3434 etjuxta
1853 3365 2044 3437 Orige-

465 3469 588 3510 uem
611 3468 899 3522 corporum
935 3454 1398 3509 resurrectionem
1414 3455 1692 3509 inliciatus
1714 3466 1814 3522 est,
1839 3459 2044 3526 scripto

467 3545 590 3600 inid
617 3554 1005 3614 argumentum
1038 3559 1209 3614 opere
1243 3559 1352 3614 quo
1389 3545 1608 3600 Patrum
1660 3550 2039 3604 auctoritatem

467 3635 698 3691 ludibrio
721 3635 1102 3701 habuit;seda
1133 3635 1440 3690 Theodosio
1475 3639 1761 3702 monacho,
1798 3641 2042 3708 Conone,

465 3727 706 3796 Eugenio
759 3737 812 3782 et
847 3727 1150 3784 Themistio
1183 3727 1490 3785 luculenter
1516 3731 1782 3786 refutatus
1811 3744 1917 3793 est.

536 3817 608 3874 Χ.
650 3818 722 3872 At
748 3818 1066 3874 Theodorus
1094 3819 1320 3874 Ascidas
1343 3819 1796 3890 Origenistarum,
1831 3837 1884 3881 et
1911 3829 2045 3884 Ace-

467 3910 780 3985 pbalorum,
843 3910 957 3964 sive
1017 3911 1518 3985 Monophysitarum
1577 3916 1862 3983 columen,
1922 3936 2043 3974 cum

465 3999 756 4069 Origeuem
788 4000 856 4054 ab
884 4002 1153 4073 episcopis
1181 4003 1473 4060 Iustiniani
1502 4022 1668 4076 Opera
1702 4013 2043 4080 reprobatqu

466 4105 610 4161 agre
661 4090 849 4157 ferret,
904 4091 1250 4149 Theodorum
1306 4095 1648 4167 Mopsuestite
1707 4101 2043 4171 episcopum,

468 4183 800 4255 Origeniauo
833 4185 1064 4250 nomini,
1095 4187 1220 4241 dum
1247 4188 1470 4252 viveret,
1502 4189 1793 4255 infensum,
1821 4202 1876 4247 et
1911 4195 2047 4247 mul-

470 4275 540 4330 tis
585 4277 847 4331 adversus
884 4291 1004 4331 eum
1042 4278 1206 4333 edi-tis
1241 4281 1514 4348 epusculis
1557 4283 1822 4338 celebrem
1871 4300 2044 4355 oppu-

469 4367 741 4436 gnandum
791 4369 920 4433 sibi,
962 4378 1017 4422 et
1060 4371 1427 4440 anathematis
1474 4375 1870 4442 subjiciendum
1918 4393 2048 4446 pro-

470 4456 669 4525 posuit,
709 4459 777 4512 ob
812 4459 864 4511 id
911 4460 1168 4523 maxime,
1213 4462 1357 4530 quod
1397 4477 1426 4514 a
1476 4461 1903 4522 Chalcedonensi
1956 4483 2048 4539 sy-

2144 1997 2246 2052 bus
2276 1991 2557 2064 capitulis;
2584 1989 2974 2058 tergiversatur
2997 1981 3264 2053 pontifex,
3281 1981 3576 2050 episcOpos
3599 1995 3722 2047 ιιι,

2146 2085 2236 2157 qui
2281 2083 2510 2138 aderant
2557 2081 2612 2133 in
2650 2078 2914 2148 synodum
2959 2073 3198 2144 colligit;
3231 2082 3287 2127 et
3329 2072 3464 2142 quid
3499 2073 3724 2142 quisque

2146 2175 2396 2242 sentiret,
2425 2172 2628 2241 scripto
2661 2168 2824 2224 edere
2855 2165 3010 2236 jubet
3039 2203 3056 2230 ,
3092 2164 3424 2230 demumque
3460 2161 3516 2216 in
3556 2158 3722 2216 Justi-

2148 2267 2292 2322 niani
2326 2263 2649 2320 sententiam
2692 2257 2980 2325 concedit;
3007 2266 3063 2310 et
3100 2269 3245 2309 anno
3275 2253 3404 2320 548,
3449 2254 3722 2308 decretum

2145 2359 2292 2424 edit,
2342 2354 2483 2426 quod
2535 2352 2841 2406 Judicatum
2896 2347 3218 2418 appellatur,
3284 2360 3463 2415 eoque
3526 2347 3628 2399 tria
3671 2359 3727 2399 se

2149 2451 2408 2506 damnare
2436 2444 2668 2515 capitula
2698 2442 2961 2508 declarat,
2993 2439 3142 2495 salva
3190 2439 3385 2510 synodi
3418 2438 3720 2492 Chalcedo-

2148 2544 2330 2597 nensis
2379 2541 2722 2595 auctOritate.
2779 2534 2916 2590 llinc
2967 2545 3147 2589 tamen
3194 2532 3498 2586 schismata
3565 2532 3723 2584 multa
3790 2589 3799 2604 ί

2146 2634 2376 2690 conﬂata
2409 2643 2557 2696 sunt,
2583 2647 2706 2687 cum
2741 2629 2930 2701 synodi
2955 2627 3118 2698 hujus
3141 2627 3507 2680 reverentiam
3537 2633 3590 2678 et
3626 2639 3729 2675 ma-
3792 2615 3804 2629 “

2141 2726 2393 2796 jestatem
2425 2740 2454 2778 a
2489 2724 2735 2778 Romano
2762 2721 3016 2792 pontiﬁce
3047 2718 3301 2773 violatam
3328 2717 3569 2788 episcopi
3598 2731 3727 2784 prat-
3777 2717 3784 2726 '

2149 2818 2304 2886 cipue
2354 2815 2665 2872 Occidentis
2723 2814 3132 2879 existimarent;
3195 2810 3450 2880 quamvis
3518 2809 3726 2879 urgenti

2147 2910 2476 2976 Iustiniano,
2527 2917 2586 2963 ut
2618 2909 2825 2976 absque
2872 2906 2977 2961 ulla
3017 2903 3207 2976 synodi
3254 2901 3418 2971 hujus
3459 2903 3732 2955 mentione

2150 3006 2202 3059 in
2257 3005 2418 3058 trium
2465 3003 2828 3071 capitulorum
2879 2999 3283 3054 damnationem
3347 2997 3726 3058 consentiret,

2150 3107 2460 3152 constanter
2497 3096 2774 3151 restiterit.
2807 3094 2914 3148 Sed
2945 3093 3161 3146 tandem
3186 3093 3252 3145 ad
3282 3091 3555 3146 saniorem
3583 3106 3724 3144 :uen-

2150 3197 2258 3242 tem
2283 3187 2518 3242 reversis
2543 3187 2696 3240 Mena
2724 3184 3326 3254 Constantinopolitano
3351 3195 3408 3239 et
3449 3181 3732 3238 Theodoro

2145 3279 2494 3346 Caesariensi,
2525 3293 2662 3348 quos
2689 3294 2719 3332 a
2751 3293 2845 3333 sua
2875 3278 3262 3332 communione
3297 3286 3608 3344 removerat
3643 3274 3728 3327 Vi-

2145 3374 2330 3444 gilius,
2364 3383 2418 3428 et
2459 3373 2735 3440 abrogatis
2785 3372 2913 3426 item
2944 3370 3164 3437 ediCtis,
3193 3383 3314 3440 quae
3344 3371 3412 3425 de
3441 3371 3610 3423 tribus
3637 3383 3725 3422 ca-

2145 3463 2333 3532 pitulis
2389 3461 2761 3533 publicaverat
2806 3459 3168 3525 Justiuianus,
3228 3461 3438 3529 placuit
3486 3461 3731 3531 legitima:

2145 3556 2351 3626 synodo
2380 3554 2741 3624 qumstionum
2773 3552 2987 3608 illarum
3029 3553 3488 3624 disceptationem
3513 3565 3566 3607 et
3588 3553 3726 3606 arbi-

2148 3647 2310 3701 trium
2344 3645 2608 3715 permitti.

2214 3737 2327 3792 Xll.
2384 3737 2816 3805 Origenistarum
2870 3738 3086 3794 interim
3136 3747 3286 3793 secta
3332 3738 3387 3792 in
3447 3736 3726 3791 Palaestina

2148 3845 2362 3884 rursum
2393 3845 2457 3884 ac
2491 3830 2684 3884 vicinis
2725 3829 3035 3900 regionibus
3078 3845 3214 3884 nova
3268 3831 3600 3885 incrementa
3631 3843 3724 3881 ca-

2148 3920 2348 3990 piebat.
2397 3918 2599 3974 Scribit
2646 3919 2907 3975 Leontius
2939 3920 3236 3992 Neapoleos
3280 3921 3445 3993 Cypri
3487 3921 3722 3987 antistes,

2146 4009 2236 4079 qui
2293 4010 2546 4065 Heraclio
2608 4012 2926 4081 imperatori
2977 4027 3192 4067 coaevus
3244 4013 3366 4076 fuit,
3415 4013 3724 4083 qumsivisse

2149 4100 2444 4170 aliquando
2475 4101 2615 4154 inter
2649 4115 2707 4156 se
2753 4101 2888 4156 duos
2931 4103 3203 4157 Asceterii
3239 4101 3546 4171 cujusdam,
3586 4101 3727 4170 quod

2148 4205 2268 4249 erat
2318 4195 2530 4250 Emesa:
2574 4197 2904 4265 proximum,
2960 4198 3284 4258 monachos.
3330 4214 3431 4252 cur
3472 4197 3730 4266 Origenes

2150 4285 2438 4340 haereticus
2483 4285 2606 4357 (sic
2634 4287 2777 4341 enim
2811 4286 3154 4358 appellatur)
3181 4288 3346 4343 tantis
3382 4306 3410 4342 ιι
3451 4289 3554 4343 Deo
3586 4287 3724 4342 doti-

2149 4375 2248 4431 bus
2277 4385 2502 4432 ornatus
2533 4378 2636 4432 [Ide
2668 4380 2984 4434 excidisset.
3024 4380 3273 4449 Cumque
3307 4381 3448 4436 alter
3479 4395 3576 4434 non
3604 4380 3724 4442 Dei,

2149 4467 2242 4521 sed
2273 4477 2481 4523 natura:
2515 4469 2736 4536 donum,
2758 4485 2879 4524 eam
2907 4485 3011 4540 qua
3043 4471 3277 4541 pollebat
3301 4473 3576 4528 scientiam
3603 4485 3729 4526 esse

472 4547 614 4649 potio
671 4546 863 4648 fuerat.
895 4547 1170 4604 laudatus.
1215 4550 1536 4620 Imperatori
1593 4554 1778 4624 itaque
1830 4561 2043 4614 concilii
2078 4568 2454 4649 lgpugnaret;
2496 4561 2634 4615 alter
2681 4571 2874 4616 contra
2920 4563 3194 4618 nemiuem
3229 4578 3297 4617 es
3345 4575 3545 4618 uatum
3585 4563 3731 4618 dono

471 4635 630 4704 hujus
658 4639 1039 4692 auctoritatem
1079 4641 1341 4695 adversus
1373 4643 1673 4712 Acephalos
1701 4647 1923 4718 scriptis
1954 4653 2047 4706 de-

470 4726 741 4792 fendenti,
782 4728 972 4784 favore
1001 4729 1302 4786 Tlteodorze
1341 4735 1597 4803 Augusta:
1625 4741 1887 4810 suggerit,
1928 4743 2042 4796 i'ru-

471 4831 582 4876 atra
634 4822 906 4876 scribendi
945 4821 1190 4877 laborem
1239 4825 1310 4880 ab
1347 4841 1414 4881 eo
1451 4830 1676 4899 suscipi,
1723 4835 1816 4902 qui
1864 4847 2044 4904 posset

469 4911 772 4982 Acephalos
800 4914 865 4966 ad
894 4929 1053 4967 suam
1071 4917 1506 4974 communionem
1547 4925 1865 4992 compendio
1891 4942 2043 4982 revo-

469 5017 621 5067 care,
658 5002 703 5056 si
741 5001 1061 5058 Theodorus
1093 5004 1520 5077 Mopsueslen-us,
1549 5023 1602 5065 et
1644 5014 1746 5069 lbze
1783 5015 2041 5074 Edesseui

471 5093 540 5147 ad
568 5091 737 5146 Marin
770 5093 990 5147 Persam
1015 5095 1264 5162 epistola,
1295 5108 1479 5170 utpote
1523 5101 1757 5159 Nestorii
1791 5107 1876 5163 lue
1911 5124 2044 5165 con-

473 5183 758 5247 taminata,
791 5195 846 5238 et
866 5184 1188 5243 Theodoreti
1213 5192 1597 5262 castigationes
1622 5199 1882 5256 adversus
1907 5203 2041 5256 duo-

473 5275 649 5330 decim
681 5274 868 5347 Cyrilli
895 5280 1129 5348 capitula
1157 5283 1273 5336 sive
1304 5286 1787 5346 anathematismos
1817 5295 2042 5350 totidem

471 5362 704 5420 Nestorii
770 5369 1242 5426 anathematismis
1284 5377 1564 5455 oppositos
1620 5379 2056 5452 damnarentur;

471 5455 558 5512 his
585 5458 782 5527 quippe
804 5460 1198 5529 Acephalorum
1227 5481 1348 5519 cum
1376 5466 1673 5527 Catholicis
1697 5476 2042 5530 concordiam

469 5549 708 5604 maxime
741 5555 1028 5606 retardari.

543 5639 638 5696 XI.
674 5644 921 5698 Assensit
955 5647 1206 5704 credulus
1248 5651 1573 5722 imperator,
1596 5666 1648 5711 et
1681 5657 1830 5726 pacis
1860 5659 1912 5713 in
1943 5661 2046 5715 Ee-

474 5731 639 5786 elesia
691 5735 1040 5793 conciliandae
1091 5742 1318 5810 cupidus
1367 5746 1604 5801 edictum
1662 5765 1690 5801 a
1757 5749 2047 5809 Theodoro

475 5821 675 5877 Ascida
717 5825 1006 5886 contictum
1055 5846 1164 5911 suo.
1201 5836 1419 5913 nomine
1470 5839 1796 5906 promulgari
1855 5859 2048 5908 passus

2151 4652 2410 4720 ejuSmodi
2463 4653 2735 4709 excudere
2765 4670 2929 4725 opera
2967 4671 3124 4724 posse
3152 4659 3520 4727 pertenderet,
3549 4657 3726 4729 qualia

2151 4743 2218 4795 ab
2260 4755 2327 4798 eo
2373 4745 2690 4813 conscripta
2732 4757 2895 4812 sunt;
2941 4747 3117 4801 visum
3151 4750 3371 4818 utrique
3415 4760 3628 4834 estsem
3657 4747 3732 4802 ad

2151 4832 2452 4888 Palmstinze
2497 4848 2813 4901 mooaunos,
2850 4854 3083 4908 quorum
3118 4851 3230 4895 tum
3275 4858 3468 4913 magna
3507 4832 3727 4912 percrev

2150 4924 2343 4980 buerat
2381 4925 2545 4995 fama,
2589 4928 2992 4998 dijudieandam
3024 4932 3260 4988 deferre.
3292 4933 3525 5004 Pergunt
3553 4934 3623 4988 illi
3655 4933 3730 4986 ad

2152 5021 2481 5075 monasteria
2527 5023 2662 5075 mari
2708 5023 2920 5077 Mortuo
2961 5026 3324 5092 contermina,
3377 5039 3429 5082 et
3468 5025 3723 5080 Joannem

2152 5111 2402 5166 abbatem
2449 5126 2513 5166 ac
2555 5110 2866 5168 Simeonem
2912 5126 3126 5187 rogant,
3172 5119 3368 5188 ecquid
3399 5119 3462 5174 de
3493 5134 3546 5172 re
3581 5120 3724 5173 inter

2151 5215 2211 5255 se
2235 5201 2463 5270 «Vlttaesila
2493 5203 2736 5258 sentiant
2767 5218 2782 5258 :
2819 5205 2893 5260 illi
2927 5220 3058 5260 vero
3095 5205 3413 5264 Simeonem
3447 5209 3598 5262 alium
3634 5223 3724 5262 co-

2152 5302 2444 5369 gnomento
2477 5291 2657 5347 Salum
2694 5293 2870 5365 (quod
2909 5305 3013 5361 est,
3044 5306 3102 5350 ut
3131 5299 3389 5369 coniicio,
3413 5283 3564 5366 (ἢν,
3603 5315 3722 5352 mu-

2157 5393 2270 5436 tato
2295 5366 2330 5442 ⁸7
2359 5383 2503 5438 ﬁnali
2537 5385 2590 5440 in
2629 5403 2677 5451 ς,
2707 5387 3169 5456 quemadmodum
3201 5366 3254 5446 in
3301 5366 3566 5455 sine“,
3623 5407 3726 5460 pro

2152 5472 2416 5546 Annibal)
2453 5475 2504 5530 id
2540 5485 2626 5532 est
2664 5479 2915 5534 insanum
2958 5490 3014 5536 et
3050 5481 3299 5550 fatuum,
3332 5485 3534 5540 Emesze
3566 5484 3728 5538 habio

2157 5575 2358 5620 tantem
2383 5569 2591 5622 consuli
2614 5569 2826 5639 jubeut.
2857 5571 2954 5627 Vir
2984 5573 3282 5632 ille'fastus
3308 5593 3372 5632 ac
3397 5576 3568 5631 inanis
3601 5576 3717 5644 glo-

2154 5658 2249 5712 rite
2275 5659 2650 5725 proculcandzr
2672 5677 2832 5718 causa
2862 5665 3181 5720 modestiam
3212 5683 3366 5722 suam
3393 5668 3729 5724 deliratiooit‘

2155 5757 2507 5813 simulatione
2535 5761 2775 5830 tegebat,
2809 5763 3076 5833 vulgoque
3101 5778 3204 5834 pro
3231 5766 3466 5821 motione
3490 5763 3719 5818 habeba-

2158 5856 2266 5928 tur.
2289 5849 2714 5936 .IS-|upinoru{n.
2733 5868 2869 5936 (tuos
2895 5863 3017 5937 tum.
3036 5854 3179 5914 torte
3204 5859 3532 5916 comedebat.
3561 5869 3729 5914 saur-
