3952 6542
215 478 358 535 “69

1064 479 1636 539 ORIGENIANORUM
1675 482 1804 542 LIB.
1844 483 1910 553 ll,
1947 484 2099 543 CAP.
2138 485 2227 551 IV,
2270 485 2463 543 SECT.
2504 487 2570 544 ll.-

3317 483 3464 540 H70

212 601 342 658 bolo
386 615 534 664 usus,
585 601 910 659 adeuntibus
951 605 1237 660 monachis
1268 605 1611 676 signiﬁcavit,
1657 606 1780 663 Ori-
1811 611 1860 670 Α
1889 608 2032 662 mine
2051 607 2362 664 Christiano
2383 606 2618 664 latenter
2641 606 2692 660 in
2723 605 2958 660 Ecclesia
2974 602 3175 675 gentile
3203 601 3455 672 Origenis

209 696 408 755 gen‘em
433 687 645 757 ingenio
667 703 768 745 suo
791 691 1078 760 confisum,
1106 708 1227 748 cum
1250 695 1440 750 altiora
1465 707 1789 762 sectaretur,

214 778 274 832 in
306 793 455 832 mare
489 777 694 846 lapsum
724 782 972 851 periisse.
1003 782 1116 839 Hoc
1147 784 1266 854 ipso
1294 801 1438 841 anno
1461 786 1787 858 Origenismi

212 879 528 937 suspectum
551 869 840 926 Macarium
865 871 1378 946 Jerosolymitanum
1397 879 1785 948 patriarcham,

212 961 533 1031 priusquam
562 962 879 1020 electionem
924 965 1098 1036 ipsius
1132 966 1390 1039 suffragio
1417 985 1535 1025 suo.
1555 970 1788 1042 impera-

216 1060 308 1106 tor
339 1052 670 1115 roborasset,
704 1055 837 1110 sede
870 1069 969 1110 sua
1013 1057 1354 1115 deturbatum
1403 1060 1570 1117 fuisse
1601 1073 1789 1120 narrat

214 1142 525 1213 Evagrius:
558 1155 614 1198 at
636 1145 688 1199 in
721 1147 965 1202 eamdem
993 1147 1273 1220 aliquanto
1298 1160 1420 1223 post
1451 1155 1785 1222 restitutum,

213 1249 342 1288 cum
381 1235 690 1304 Origenem,
725 1238 1014 1308 Evagrium
1044 1252 1099 1296 et
1143 1242 1424 1314 Didymum
1454 1247 1784 1315 damnasset,

212 1327 289 1379 ab
322 1326 509 1380 eodem
543 1328 808 1395 proditum
840 1339 943 1385 est.
979 1330 1242 1399 Quamvis
1273 1345 1455 1390 autem
1494 1339 1706 1406 publice
1733 1349 1788 1394 et

213 1415 471 1485 privatim
518 1416 778 1486 Origenes
820 1421 1199 1491 inlamaretur,
1247 1427 1418 1484 nihilo
1459 1432 1632 1500 magis
1663 1430 1787 1488 Ori-

212 1511 551 1580 genistarum
577 1513 985 1573 Palaestinorum
1012 1520 1177 1575 animi
1207 1523 1601 1592 consederunt;
1631 1541 1786 1582 cum-

211 1612 322 1668 que
351 1600 401 1654 in
434 1600 578 1656 Nova
609 1606 877 1674 praecipue
907 1606 1082 1668 Laura
1112 1620 1264 1667 secta
1302 1615 1543 1682 ipsorum
1579 1615 1785 1671 invale-

211 1701 415 1754 sceret,
445 1691 513 1747 ab
544 1691 841 1752 Eustochio
867 1695 1329 1772 Jerosolymorum
1376 1705 1632 1775 episcopo
1664 1706 1792 1762 inde

211 1783 422 1839 extrusi
452 1793 598 1842 sunt.
633 1785 694 1842 In
728 1790 908 1846 varias
933 1791 1009 1854 illi
1043 1802 1226 1863 partes
1253 1794 1615 1860 disseminati,
1644 1797 1785 1852 mul-

213 1882 303 1930 tos
329 1876 597 1946 dogmatis
627 1880 740 1934 suis
786 1881 1060 1939 inescatos
1089 1884 1155 1938 ad
1193 1899 1349 1956 opem
1378 1887 1478 1941 sibi
1507 1885 1784 1943 ferendam

1891 700 2086 770 dogma
2118 709 2420 754 sectantur.
2469 698 2536 752 Et
2561 696 2688 768 quia
2718 711 2812 767 per
2841 693 3155 751 instantiam
3196 690 3455 754 tum'reli-

1888 792 2064 862 gionis
2091 790 2331 860 ejusdem
2380 789 2593 860 profani
2639 788 2908 858 dogmatis
2954 786 3144 840 iterata
3179 782 3455 838 damnatio

1887 891 2004 949 est;
2031 882 2156 936 hinc
2181 881 2302 950 ejus
2322 889 2624 936 sectatores
2647 885 2972 934 exarserunt
2999 875 3260 930 adversus
3279 874 3457 928 Eccle-

1887 973 2047 1040 siam,
2085 981 2392 1042 quaerentes
2438 986 2558 1026 eam
2598 982 2920 1039 quacunque
2959 975 3182 1037 possent
3221 966 3287 1020 in.
3325 964 3457 1019 mis-

1889 1064 2044 1122 sione
2075 1063 2314 1118 turbare.
2343 1061 2542 1118 Et'boc
2574 1069 2746 1116 totum
2769 1059 3038 1128 publicam
3066 1055 3311 1112 notitiam
3349 1067 3455 1109 non

1888 1153 2094 1224 effugit,
2136 1153 2438 1224 praesertim
2469 1166 2591 1206 cum
2619 1161 2674 1206 et
2721 1149 3058 1205 Domitianus
3085 1146 3302 1217 quidem
3340 1147 3452 1200 An-

1888 1246 2132 1316 cyrensis
2168 1244 2403 1301 civitatis
2429 1243 2711 1313 episcopus
2743 1240 3034 1313 provinciae
3059 1237 3247 1308 prima:
3288 1234 3453 1291 Gala-

1889 1337 1998 1400 tiae,
2025 1336 2114 1406 qui
2156 1335 2257 1390 fuit
2297 1335 2466 1404 ipsius
2493 1332 2836 1404 Origcniana:
2879 1330 3100 1386 hmrcsis
3135 1324 3456 1382 manifestus

1887 1438 2150 1494 assertor,
2180 1443 2275 1498 per
2313 1426 2550 1482 libellum
2576 1440 2737 1496 quem
2764 1423 2830 1477 ad
2851 1420 3222 1477 beatissimum
3262 1431 3456 1486 papam

1889 1517 2141 1590 Vigilium
2179 1520 2419 1590 scripsit,
2469 1520 2578 1575 Deo
2624 1522 2977 1586 extorquente
3021 1512 3304 1567 confessus
3347 1517 3454 1575 est,
3493 1509 3498 1515 '

1889 1612 2031 1682 quod
2059 1610 2174 1678 ejus
2203 1610 2498 1679 complices
2540 1606 2877 1678 Origeniani,
2912 1619 3034 1660 cum
3075 1603 3325 1658 viderent
3347 1614 3458 1654 non

1887 1714 1946 1754 se
1992 1713 2152 1769 posse
2201 1698 2478 1770 proprium
2525 1697 2719 1764 dogma
2765 1692 3076 1756 defendere,
3129 1704 3308 1758 neque
3353 1687 3456 1742 sibi

1888 1790 2176 1860 quidquam
2231 1788 2344 1858 spei
2387 1789 2453 1843 de
2499 1785 2755 1842 conﬂictu
2802 1792 3030 1846 restare,
3081 1781 3147 1835 ad
3198 1779 3455 1834 ultionem

1887 1893 2073 1936 eorum
2104 1893 2224 1948 quae
2249 1887 2439 1934 contra
2468 1877 2756 1948 Origenem
2781 1883 2928 1946 gesta
2959 1881 3102 1935 sunt,
3133 1873 3246 1925 haec
3269 1869 3458 1924 Eccle-

209 1965 576 2035 pellexeruut.
616 1969 864 2042 impense
906 1973 1124 2031 favebat
1169 1977 1276 2032 illis
1327 1975 1641 2034 Theodorus
1695 1978 1787 2034 ille
1817 1967 1861 2022 Β
1888 1971 1982 2027 site
2004 1970 2255 2026 scandala
2292 1977 2722 2028 commoverunt.
2758 1986 2779 2021 ι
2812 1965 2967 2035 Quod
2991 1975 3046 2020 et
3069 1963 3270 2019 clarius
3304 1971 3458 2030 repe-

211 2068 377 2123 quem
407 2056 518 2112 dixi
543 2059 786 2126 Ascidas.
807 2060 1094 2119 Justiniani
1119 2066 1465 2122 consiliorum
1493 2068 1784 2140 particeps,

211 2165 522 2221 magnaque
547 2153 646 2221 ipsi
675 2153 1045 2210 familiaritate
1070 2156 1410 2228 conjunctus.
1444 2159 1670 2218 Factum
1697 2161 1790 2218 ille

211 2241 498 2298 Eustochii
545 2245 886 2316 vituperabat
928 2249 1131 2318 palam,
1175 2259 1232 2304 et
1283 2249 1338 2306 in
1387 2251 1558 2322 ipsum
1605 2252 1784 2306 aulam

209 2336 610 2392 commovebat.
645 2337 826 2406 Atque
875 2339 1018 2398 hanc
1057 2340 1312 2410 cogendae
1358 2343 1560 2414 quintae
1592 2344 1784 2414 synodi

207 2441 434 2484 causam
473 2428 641 2486 fuisse
667 2429 914 2485 scribunt
942 2431 1208 2503 Evagrius
1238 2444 1293 2488 et
1318 2434 1675 2506 Nicephorus.

287 2515 420 2571 Xlll.
466 2519 661 2574 Coacta
708 2519 1173 2594 Constantinopoli
1216 2525 1424 2596 synodo
1467 2542 1611 2582 arum
1657 2526 1784 2592 555,

207 2605 400 2662 multis
423 2607 475 2660 in
499 2622 562 2663 ea
591 2609 656 2662 de
695 2610 870 2668 tribus
895 2611 1143 2681 capitulis
1172 2623 1352 2670 actum
1374 2625 1479 2674 est.
1511 2615 1643 2684 Qua:
1670 2618 1785 2672 siu-

207 2697 339 2768 gula
375 2697 479 2753 huc
511 2699 715 2755 referre
743 2701 992 2771 quoniam
1038 2718 1146 2763 non
1177 2713 1260 2760 est
1301 2707 1471 2760 nostri
1513 2707 1781 2774 instituti,

205 2788 416 2844 dixisse
458 2791 559 2846 hoc
597 2807 761 2847 unum
805 2792 1058 2859 suliiciat,
1121 2795 1392 2852 renitente
1436 2796 1650 2872 Vigilio,
1691 2801 1781 2868 qui

203 2880 404 2951 synodi
436 2881 785 2939 celebrationi
810 2898 908 2953 pro
932 2885 1139 2940 viribus
1165 2887 1570 2960 intercesserat,
1601 2898 1655 2945 et
1682 2891 1781 2944 tria

207 2971 442 3039 capitula
481 2973 653 3029 denuo
683 2974 1012 3036 defendenda
1043 2986 1370 3047 sumpserat,
1406 2978 1658 3037 damnata
1693 2980 1789 3038 illa.

204 3063 562 3122 nihilominus
595 3065 790 3135 fuisse,
827 3077 878 3123 et
917 3068 1171 3140 Vigilium
1213 3068 1509 3138 Theodori,
1557 3071 1681 3140 lbm,
1731 3082 1784 3127 et

203 3157 535 3214 Theodoreti
577 3169 752 3230 partes
791 3169 1028 3218 tuentem
1063 3175 1159 3234 per
1200 3161 1436 3219 libellum
1471 3179 1502 3218 a
1539 3178 1597 3219 se
1627 3178 1781 3224 com-

201 3248 469 3320 positum,
500 3259 553 3304 et
597 3248 906 3306 Iustiniano
947 3252 1196 3322 missum,
1230 3267 1390 3327 quem
1422 3252 1780 3314 Constitution

205 3339 528 3410 appellavit,
566 3352 619 3397 et
651 3343 881 3404 concilio
915 3343 1260 3402 subscribere
1310 3354 1684 3423 recusantem,
1725 3347 1780 3403 in

199 3430 511 3485 custodiam
563 3431 728 3489 fuisse
778 3443 983 3498 actum,
1035 3453 1054 3488 ‹
1105 3435 1376 3494 modicum
1418 3436 1466 3491 ei
1521 3437 1676 3505 panis
1730 3446 1786 3494 et

201 3535 366 3589 aqua:
413 3541 432 3574 ι
472 3521 638 3578 fuisse
683 3525 1109 3593 suppeditatum.
1153 3534 1211 3583 ut
1264 3527 1428 3584 habet
1467 3526 1785 3584 Anastasius

200 3611 265 3666 in
325 3611 494 3681 ipsius
553 3613 693 3680 Vita,
742 3615 1050 3688 multosque
1095 3619 1377 3688 episcopos
1435 3635 1503 3675 ex
1558 3619 1784 3691 lllyricis

198 3704 482 3772 praecipue
500 3713 553 3760 et
574 3705 739 3773 Afris,
769 3709 1014 3765 eamdem
1041 3710 1111 3764 ob
1134 3725 1352 3768 causam
1375 3711 1596 3772 sedibus
1615 3711 1784 3768 fuisse

198 3792 471 3862 dejectos,
500 3796 695 3851 exsilio
729 3797 1038 3865 mulctatos,
1073 3807 1130 3852 et
1156 3799 1330 3856 modis
1358 3803 1607 3857 omnibus
1644 3802 1783 3858 male

197 3884 458 3952 habitos;
514 3887 647 3942 alios
699 3887 900 3946 ditatos
957 3891 1279 3952 muneribus
1318 3907 1596 3952 assensum
1645 3909 1784 3968 prai-

195 3975 451 4031 buisse:
506 3978 600 4032 sed
658 3978 958 4035 Romanam
1009 3981 1226 4040 demum
1284 3983 1584 4041 Ecclesiam
1641 3986 1784 4047 inter

196 4073 576 4128 mcumenicas
621 4083 678 4129 et
733 4074 1000 4143 legitimas
1052 4076 1290 4147 synodos
1353 4079 1596 4148 quintam
1628 4118 1644 4144 ,
1696 4081 1782 4136 vel

197 4171 390 4241 Vigilii
444 4172 628 4242 ipsius,
674 4173 760 4231 vel
809 4172 1034 4248 Pelagii,
1081 4174 1422 4245 aliorumque
1464 4177 1780 4248 pontificum

195 4273 345 4318 nutu
393 4264 710 4331 admisisse;
760 4273 815 4319 et
855 4266 924 4321 ab
969 4265 1184 4334 exsilio,
1270 4278 1464 4338 rogatu
1514 4268 1778 4338 Narsetis,

191 4363 522 4410 revocatum
553 4367 674 4408 cum
707 4353 830 4409 aliis
858 4354 1136 4425 Vigilium,
1187 4355 1314 4410 dum
1360 4356 1588 4412 Romam
1625 4374 1776 4428 repeo

191 4454 369 4511 teret,
404 4447 456 4499 in
502 4445 684 4501 Sicilia
730 4447 951 4503 obiisse.
999 4446 1339 4504 Manifestum
1378 4450 1562 4519 itaque
1605 4463 1780 4512 estex

190 4537 636 4609 Origenistarum
687 4537 1149 4602 altercationibus,
1181 4547 1237 4594 et
1275 4537 1472 4610 Pelagii
1509 4555 1574 4596 ac
1600 4541 1778 4598 Theo-

1889 2063 1951 2118 tit
1979 2063 2072 2118 lib.
2101 2079 2176 2126 IV,
2209 2078 2337 2132 cap.
2370 2062 2425 2117 4.

1954 2156 2094 2212 XIV.
2137 2154 2328 2212 Utrum
2370 2170 2530 2226 porro
2569 2153 2635 2208 de
2674 2153 2910 2223 Origene
2947 2165 3013 2206 ac
3047 2147 3372 2220 Origenistis
3404 2145 3457 2200 in

1885 2250 2069 2319 quinta
2106 2250 2310 2320 synodo
2349 2259 2532 2308 actum
2565 2250 2656 2310 sit,
2699 2242 3130 2314 investigandum
3172 2249 3297 2296 est:
3332 2252 3457 2292 nam

1884 2342 1951 2398 de
1988 2341 2056 2396 iis
2085 2342 2299 2410 penitus
2338 2341 2552 2396 siluisse
2586 2340 2755 2408 ipsam
2785 2336 2932 2391 nulla
2968 2349 3098 2390 usus
3129 2331 3453 2388 circuitione

1884 2433 2158 2488 Halloxins
2183 2433 2454 2500 asseruit,
2494 2442 2547 2487 et
2571 2447 2690 2501 qua:
2714 2438 2864 2494 ante,
2902 2427 2988 2482 vel
3020 2433 3140 2496 post
3164 2421 3468 2480 concilium

1884 2526 2142 2580 adversus
2168 2524 2452 2592 Origenem
2482 2532 2632 2592 gesta
2668 2531 2815 2584 sunt,
2858 2534 2922 2574 ea
2965 2516 3166 2570 multos
3205 2513 3290 2568 vel
3324 2511 3467 2566 odio

1883 2614 2152 2683 Origenis,
2196 2614 2278 2669 vel
2317 2613 2631 2682 imperatori
2673 2609 2978 2670 adulantes.
3009 2605 3093 2660 vel
3142 2602 3468 2658 humanitus

1893 2707 2098 2776 lapsos,
2137 2707 2188 2758 in
2225 2704 2456 2761 concilio
2492 2703 2609 2774 ipso
2643 2711 2796 2772 gesta
2843 2697 3153 2768 scripsisse.
3195 2693 3458 2764 Equidem

1883 2797 1963 2852 sic
1989 2795 2118 2850 olim
2156 2795 2499 2850 existimasse
2534 2807 2622 2848 me
2657 2790 2854 2855 fateor,
2890 2787 3034 2857 quod
3063 2783 3260 2855 jactari
3300 2782 3461 2853 vulgo

1881 2898 1936 2943 et
1964 2887 2108 2944 credi
2143 2887 2302 2950 solet,
2334 2886 2498 2956 hujus
2534 2883 2858 2939 auctoritate
2889 2879 3104 2936 concilii
3139 2878 3458 2932 damnatum

1882 2979 2050 3034 fuisse
2091 2978 2402 3048 Origenem,
2443 2976 2804 3046 Origenisque
2849 2971 3190 3034 doctrinam,
3220 2967 3272 3021 id
3306 2965 3468 3020 Grae-

1882 3086 2066 3128 corum
2099 3069 2289 3124 fraude
2321 3068 2488 3123 fuisse
2517 3068 2915 3132 coniietum,_et
2946 3065 3000 3116 in
3030 3059 3245 3130 Evagrii
3283 3057 3460 3112 histo-

1881 3163 2016 3217 riam
2057 3161 2290 3216 fortasse
2318 3161 2598 3214 insertum.
2621 3157 2703 3212 Ad
2741 3157 2792 3210 id
2826 3153 3154 3210 credendum
3183 3148 3266 3202 his
3289 3147 3460 3218 potis-

1881 3257 2078 3312 simum
2103 3254 2402 3310 rationibus
2430 3251 2784 3322 permovebar
2819 3265 2832 3303 :
2864 3245 3067 3301 nullam
3093 3242 3148 3296 in
3173 3241 3311 3297 actis
3334 3251 3458 3293 con-

1886 3349 1999 3407 cilii
2044 3347 2296 3420 Origenis
2342 3356 2560 3402 exstare
2602 3343 3032 3408 damnationem,
3074 3336 3276 3393 nullam
3316 3333 3458 3404 apud

1887 3440 2161 3497 Victorem
2192 3437 2603 3502 Tununensem,
2630 3434 2714 3490 vel
2744 3432 3082 3497 Facundum,
3107 3429 3300 3484 borum
3331 3434 3440 3482 tem

1883 3547 2076 3603 porum
2111 3531 2370 3601 tequalcs,
2403 3537 2458 3585 et
2491 3542 2673 3584 rerum
2713 3534 2989 3599 gestarum
3025 3531 3212 3580 testes.
3258 3516 3457 3577 Verum

1885 3639 1946 3678 re
1977 3623 2284 3678 accuratius
2316 3621 2806 3693 pensitata,actam
2848 3616 2901 3670 in
2937 3615 3145 3686 synodo
3183 3609 3456 3683 Origenis,

1884 3715 2429 3788 Origenistarumque
2461 3727 2704 3777 causam,
2737 3711 3022 3781 ipsumque
3057 3721 3177 3762 cum
3209 3701 3458 3769 asseclis,

1882 3816 1938 3871 et
1973 3807 2618 3880 dogmatisdamnatum,
2652 3811 2707 3859 et
2740 3799 3106 3858 anathematis
3142 3795 3457 3852 confossum

1882 3901 2051 3956 fuisse
2102 3914 2208 3954 non
2258 3909 2553 3967 persuasus
2599 3909 2717 3956 sum
2755 3891 2942 3956 modo,
2995 3892 3090 3946 sed
3150 3889 3459 3958 quicunque

1882 3993 2044 4052 etiam
2085 3990 2242 4046 aliter
2279 3987 2537 4052 senserit,
2566 3987 2647 4043 vel
2679 3999 2869 4055 parum
2907 3992 3196 4046 attentum,
3236 3979 3322 4036 vel
3351 3993 3458 4034 non

1883 4083 2016 4140 satis
2049 4080 2339 4150 pudentem
2364 4092 2486 4136 esse
2512 4085 2789 4146 Oportere.
2821 4075 3030 4130 Causas
3065 4088 3165 4127 cur
3193 4071 3247 4126 id
3278 4068 3459 4126 credi-

1882 4173 2052 4231 derim
2094 4172 2195 4227 has
2241 4170 2423 4226 habui.
2469 4169 2711 4229 Primum
2743 4167 2909 4222 totius
2953 4165 3031 4220 rei
3061 4177 3355 4230 summam,
3404 4169 3460 4216 et

1880 4267 2044 4320 verba
2084 4265 2202 4334 ipsa
2243 4262 2607 4320 anathematis
2651 4262 2717 4316 ab
2754 4259 2984 4330 Evagrio
3028 4257 3198 4313 relata
3225 4269 3348 4312 esse
3375 4254 3458 4309 vi-

1880 4357 2004 4424 deo,
2033 4369 2194 4426 quem
2230 4363 2401 4412 totum
2429 4351 2797 4410 Gneculorum
2831 4364 3024 4419 agmen
3055 4349 3324 4422 sequitur,
3360 4363 3457 4403 au-

1882 4458 1998 4504 ctor
2069 4446 2320 4501 Chronici
2399 4443 2766 4507 Alexandrini,
2824 4441 3089 4510 Georgius
3147 4439 3456 4512 Syncellus.

1883 4540 2265 4610 Theophanes,
2313 4535 2542 4594 Photius
2591 4537 2644 4592 iu
2685 4536 2866 4592 libello
2911 4535 2991 4590 De
3029 4534 3270 4606 synodis,
3305 4531 3458 4587 Nilus

191 4631 326 4688 dori
360 4631 710 4686 Caesariensis
738 4630 1103 4687 sinmltatibus
1133 4640 1183 4687 et
1215 4632 1355 4687 odiis
1387 4634 1484 4687 hos
1521 4645 1699 4695 motus
1725 4644 1781 4691 et
1813 4645 1855 4700 ι)
1883 4631 2148 4694 Rhodius,
2194 4638 2249 4686 et
2290 4628 2546 4702 anonymi
2586 4629 2694 4684 duo
2728 4628 2819 4702 qui
2865 4627 2932 4683 de
2972 4627 3194 4699 synodis
3244 4640 3459 4695 quoque

189 4723 395 4780 turbas
421 4724 472 4776 in
495 4722 732 4778 Ecclesia
755 4723 1066 4780 exstitisset:
1100 4741 1118 4774 t
1146 4721 1276 4778 Illud
1305 4724 1510 4794 liquere
1529 4726 1782 4783 omnibus

187 4815 393 4877 credo,
427 4833 448 4866 ι
488 4814 667 4883 inquit
710 4813 994 4871 Liberatus
1040 4813 1284 4872 Breviar.
1312 4819 1446 4888 :cap.
1495 4817 1588 4884 ει,
1627 4836 1645 4870 ι
1683 4835 1780 4890 per

187 4904 478 4975 Pelagium
510 4905 798 4965 diaconum
853 4915 918 4972 get
966 4905 1308 4964 Theodorum
1345 4908 1605 4964 Caesarea:
1637 4911 1780 4981 Cap-

187 4996 447 5067 padocia:
492 4996 800 5065 episcopum
859 4997 962 5052 hoc
1005 4998 1316 5054 scandalum
1374 5000 1426 5054 in
1481 5001 1776 5055 Ecclesium

184 5087 376 5142 fuisse
407 5087 724 5156 ingressum.
754 5087 905 5154 Quod
943 5088 1107 5142 etiam
1139 5089 1351 5159 publice
1381 5091 1496 5162 ipse
1523 5091 1774 5152 Theodo—

185 5191 300 5247 rus
332 5175 648 5240 clamitavit,
697 5192 758 5233 se
795 5187 850 5232 et
892 5177 1168 5250 Pelagium
1199 5181 1353 5235 vivos
1383 5180 1772 5251 incendendos,

181 5281 300 5338 per
330 5281 465 5334 quos
497 5268 933 5340 hocjscandalum
963 5270 1206 5326 introivit
1230 5271 1284 5326 in
1317 5272 1595 5328 mundum.
1623 5292 1642 5325 ο
1671 5273 1776 5330 Do-

179 5358 461 5414 mitianus
489 5358 601 5427 ipse
631 5359 952 5432 Ancyranus
979 5361 1280 5433 Origenicaz
1313 5363 1576 5419 doctrina:
1597 5379 1775 5421 asser-

182 5459 311 5513 tor,
344 5448 396 5501 in
436 5449 662 5517 epistola
689 5451 922 5518 quadam
950 5453 1018 5506 ad
1045 5451 1297 5522 Vigilium
1331 5469 1548 5524 papam,
1585 5455 1774 5525 Orige-

177 5539 468 5594 nislarum
504 5555 666 5609 Opera
711 5541 912 5595 factum
945 5544 1213 5613 agnoscit,
1249 5552 1310 5598 ut
1334 5545 1438 5598 tria
1478 5545 1709 5613 capitula
1740 5560 1772 5602 a

176 5629 511 5687 Iustiniano
549 5634 940 5688 damnarentur
974 5651 989 5688 :
1021 5636 1176 5690 testis
1205 5634 1493 5698 Facundus
1523 5636 1773 5692 Hermia—

178 5722 390 5779 nensis
437 5724 719 5794 episcopus
747 5726 870 5782 libr.
909 5742 926 5781 t
955 5727 1022 5782 ad
1051 5727 1278 5795 Justin.,
1306 5745 1427 5799 cap.
1467 5729 1524 5798 2,
1563 5747 1582 5781 ι
1615 5727 1772 5785 inve-

175 5816 297 5881 nit,
376 5814 584 5884 inquit,
635 5807 995 5873 desideratam
1047 5821 1388 5875 occasionem
1456 5821 1775 5889 (haeretico-

181 5922 322 5965 tum
371 5907 629 5976 spiritus)
663 5924 729 5966 ex
777 5909 960 5968 furore
991 5910 1372 5978 quorumdam,
1404 5911 1497 5979 qui
1546 5913 1644 5969 sub
1680 5928 1776 5968 no-

1885 4727 2242 4794 scripserunt,
2280 4737 2524 4792 quosque
2560 4721 2613 4774 in
2655 4721 2905 4774 canonici
2946 4719 3085 4788 juris
3124 4717 3334 4788 antiqui
3368 4716 3458 4770 Bi-

1883 4813 2206 4870 blimhccam
2240 4810 2471 4866 contulit
2511 4809 2776 4866 Henricus
2805 4807 3063 4864 Justellus
3101 4809 3186 4862 vir
3215 4807 3457 4862 clarissi-

1882 4924 2035 4972 mus;
2067 4905 2327 4970 Zonaras,
2363 4903 2578 4980 Clycas.
2613 4902 2848 4963 maxime
2877 4914 3005 4954 vero
3031 4897 3328 4962 Cedrenus,
3363 4893 3457 4963 qui

1881 5009 1935 5052 et
1973 4996 2263 5050 Justiniani
2294 4993 2575 5062 epistolam
2605 4992 2671 5046 ad
2702 4991 2968 5064 synodum
3002 4994 3374 5056 repraesentat,
3401 4987 3454 5038 iu

1883 5103 1987 5158 qua
2028 5085 2234 5156 flagitat
2274 5099 2304 5134 a
2337 5081 2609 5147 Patribus,
2647 5090 2708 5134 ut
2751 5078 3072 5149 Origenem,
3097 5076 3455 5147 Origenisquc

1882 5176 2126 5248 gregales
2170 5175 2458 5240 damnent;
2507 5181 2563 5228 et
2601 5171 2955 5241 Nicephorus,
2993 5169 3082 5238 qui
3136 5171 3455 5224 anathema-

1883 5273 2074 5328 tismos
2104 5270 2157 5332 in
2189 5270 2477 5339 Origenem
2512 5283 2542 5322 a
2568 5270 2773 5338 synodo
2804 5266 3040 5320 vibratos
3064 5263 3337 5330 αὐτολεξεὶ
3370 5277 3453 5316 re-

1880 5364 2032 5420 citat.
2065 5360 2303 5432 Cyrillus
2333 5368 2592 5430 praeterea
2619 5359 2922 5418 monachus
2969 5370 3109 5426 saepe
3133 5356 3245 5427 jam
3281 5371 3311 5408 a
3355 5369 3453 5406 no-

1881 5456 1963 5510 bis
1998 5453 2214 5516 citatus,
2246 5452 2336 5522 qui
2363 5449 2649 5506 Justiniani
2689 5463 2803 5506 ωηο
2843 5448 3047 5514 ﬂoruit,
3079 5457 3132 5501 et
3161 5462 3246 5502 res
3280 5446 3331 5498 in
3359 5460 3449 5516 sy-

1879 5544 2022 5601 nodo
2048 5548 2239 5614 :gestas
2289 5544 2537 5613 ignorare
2569 5557 2671 5598 non
2713 5539 2908 5610 potuit,
2953 5539 3238 5610 Origenem
3284 5538 3336 5591 in
3385 5551 3459 5591 ett

1878 5639 2190 5693 damnatum
2240 5634 2406 5688 fuisse
2447 5633 2647 5688 diserte
2707 5633 2863 5690 docet
2890 5631 2944 5688 in
2998 5631 3114 5688 Vita
3155 5629 3449 5700 Euthymii,

1877 5743 1996 5798 cap.
2032 5725 2155 5782 105.
2199 5744 2217 5778 ι
2263 5724 2394 5781 Cum
2425 5725 2762 5797 praecedente
2805 5733 2984 5778 autem
3050 5730 3312 5791 tempore,
3363 5719 3451 5775 in-

1875 5821 2012 5890 quit,
2087 5829 2274 5890 postea
2333 5825 2655 5892 congregata
2726 5816 2919 5870 fuisset
2979 5811 3460 5884 Constantinopoli.

1874 5913 2061 5976 quinta
2097 5925 2278 5970 sancta
2312 5912 2570 5977 synodus.
2605 5917 2660 5965 et
2687 5908 2939 5974 Origenis
2984 5923 3046 5965 ac
3081 5906 3318 5963 Nestorii
3350 5906 3444 5960 do-
