3952 6530
498 476 629 532 1171

1735 479 1785 537 Ρ.
1830 475 2146 533 DANlELlS
2184 475 2417 532 llUETll

3620 474 3747 528 liii

498 606 677 663 amata
717 598 943 655 fuissent
989 600 1054 655 ab
1088 614 1149 655 ea
1180 615 1434 672 percussa
1477 603 1844 669 anathemate,
1888 611 1943 656 et
1971 599 2060 670 qui
2090 603 2141 663 Α
2167 598 2482 653 certationis
2504 598 2787 653 artificem.
2813 598 2965 665 Quod
3000 607 3058 652 ut
3086 598 3151 651 de
3192 597 3282 650 ilio
3326 594 3541 664 opinari
3570 609 3743 663 prom-

499 686 702 744 Novam
740 690 968 745 Lauram
1020 699 1303 749 tenuerant
1340 693 1660 765 Origenistm
1699 695 1846 748 illinc
1885 702 2067 747 essent

496 781 738 851 expulsi;
787 793 841 839 et
884 784 1069 842 ﬁdeles
1113 797 1169 842 et
1218 788 1504 845 orthodoxi
1549 788 1737 843 Patres
1787 802 1976 841 rursus
2013 788 2065 841 in

497 887 618 926 eam
644 874 988 944 migrassent.
1013 879 1361 947 permittente
1384 881 1510 934 mihi
1542 880 1843 935 admirabili
1863 879 2068 934 Joanne

2175 702 2322 763 ptmn
2358 702 2438 746 est
2472 701 2693 761 propter
2729 701 3026 761 spectatam
3073 690 3308 744 hominis
3338 687 3645 751 vafritiem,
3677 687 3743 739 ita

2170 784 2234 839 de
2274 784 2538 853 Entychio
2590 783 2932 838 sanctissimo
2980 792 3035 837 et
3086 782 3475 837 candidissimo
3528 780 3745 833 homine

2168 879 2432 947 suspicari
2460 877 2551 930 vix
2584 877 2827 947 equidem
2859 891 3101 945 possum.
3129 874 3355 930 Concilii
3381 872 3636 944 profecto
3658 875 3751 923 ho-

498 960 832 1031 Silentiario,
864 981 947 1030 eo,
980 968 1219 1038 inquam,
1247 970 1336 1039 qui
1369 980 1485 1024 erat
1510 971 1815 1040 episcopus,
1847 970 2067 1025 discedo
2163 970 2254 1040 jus
2310 985 2430 1024 cum
2480 968 2690 1033 Graeca,
2736 977 2845 1022 tum
2898 968 3091 1023 Latina
3151 966 3488 1035 exemplaria
3531 962 3749 1017 ωεξτῆ

499 1068 529 1105 a
565 1054 813 1110 coenobio
843 1066 897 1111 et
932 1058 1044 1127 ipse
1075 1074 1288 1130 quoque
1321 1077 1513 1117 versor
1560 1062 1612 1116 in
1664 1063 1764 1116 hac
1802 1061 1995 1115 Lanra.
2042 1079 2062 1114 ι

496 1142 566 1198 Et
606 1145 797 1201 iterum
819 1148 871 1202 in
907 1148 1026 1204 Vita
1052 1149 1229 1217 Sabaz,
1267 1168 1385 1222 cap.
1415 1153 1509 1208 ult.
1540 1170 1552 1205 :
1588 1174 1606 1206 ι
1640 1154 1765 1209 Post
1800 1156 1913 1209 iure
1945 1169 2065 1207 cum

498 1246 687 1290 sancta
735 1246 789 1293 et
830 1244 1165 1296 (eenmenica
1220 1247 1407 1311 quinta
1459 1248 1694 1316 synodus
1743 1256 2065 1315 congregata

500 1321 692 1381 fuisset
724 1327 991 1399 Byzantii,
1035 1331 1350 1391 Theodorus
1388 1336 1747 1406 Mopsuestim,
1786 1349 1839 1390 et
1878 1336 2068 1408 Orige-

498 1428 617 1482 nes,
657 1427 709 1472 et
747 1436 852 1475 una
898 1438 1018 1477 cum
1050 1424 1135 1480 his
1165 1428 1327 1496 impia
1354 1428 1421 1482 de
1448 1429 1875 1498 praeexsistentia
1906 1439 1959 1484 et
1993 1444 2071 1483 re-

497 1512 837 1566 surrectione
876 1514 1124 1584 dogmata
1152 1518 1389 1587 generali
1425 1518 1640 1574 fuerant
1676 1520 1916 1588 subjecta
1945 1537 2069 1576 ana-

500 1599 826 1667 tbetnati,'et
852 1605 930 1659 sic
958 1606 1226 1664 ha-relicis
1252 1609 1503 1681 deinceps
1533 1613 1676 1667 omni
1708 1615 1884 1668 ablata
1910 1614 2070 1668 liber-

482 1694 613 1765 tate
642 1690 915 1761 loquendi,
946 1697 1109 1752 divini
1142 1699 1297 1754 Sabae
1338 1700 1553 1769 Laurm,
1589 1714 1643 1759 et
1676 1707 1928 1761 universa
1957 1709 2069 1761 fere

498 1794 621 1835 cum
649 1784 728 1839 eis
759 1784 1068 1856 Palaestina,
1104 1792 1361 1851 vicesimo
1401 1798 1559 1851 tertio
1599 1813 1740 1852 anno
1773 1807 1894 1867 post
1928 1799 2070 1855 illius

498 1885 728 1931 mortem
768 1894 798 1931 a
839 1881 1090 1950 gravibus
1121 1885 1441 1953 hteresibus,
1477 1898 1530 1943 et
1564 1892 1824 1959 temporis
1853 1893 2066 1947 acerbi-

498 1970 613 2018 tate
645 1975 701 2020 et
742 1966 1024 2038 iniquitate
1061 1975 1418 2044 respirarunt.
1456 1996 1474 2030 ι
1523 1978 1578 2033 ld
1626 1978 1986 2049 fragmentum
2039 1997 2069 2038 e

508 2056 631 2115 Vita
672 2063 832 2121 Sabe:
875 2067 928 2123 in
978 2072 1206 2139 septima
1250 2077 1483 2146 synodo,
1509 2078 1631 2132 Act.
1679 2094 1716 2142 ι,
1762 2080 2067 2134 adducitur.

498 2148 628 2206 Post
660 2169 831 2211 annos
869 2173 998 2215 vero
1023 2163 1298 2233 octOginta
1325 2181 1483 2236 quam
1508 2169 1747 2238 synodus
1771 2168 1857 2223 illa
1883 2169 2070 2239 quinta

498 2244 770 2301 celebrata
831 2258 931 2316 est,
993 2253 1061 2308 ad
1119 2253 1367 2328 Sergium
1410 2258 2071 2329 Constantinopolitanum

495 2338 863 2408 patriarcham
905 2345 1152 2401 scribens
1195 2347 1536 2418 Sophronias
1587 2348 2073 2421 Jerosolymitanus

497 2430 726 2486 antistes
754 2432 819 2487 de
850 2448 910 2489 ea
935 2435 1013 2491 sic
1047 2437 1265 2493 disserit
1294 2458 1306 2495 :
1344 2442 1580 2513 Ἀναιρεῖ
1616 2442 1671 2495 δὲ
1701 2445 1795 2496 καὶ
1822 2444 2071 2516 ὲκρίπτει

496 2520 634 2591 πρὸς
656 2523 876 2597 ὄλεθρον
898 2529 1268 2600 πρωτοτύπως
1292 2533 1389 2603 μὲν
1427 2534 1705 2605 Ὠριγένην
1727 2536 1815 2588 τὸν
1839 2536 2068 2607 ἄφρονα,

496 2612 593 2666 καὶ
622 2613 797 2668 πάντα
826 2616 990 2669 αὐτοῦ
1022 2618 1091 2672 τὰ
1120 2622 1377 2694 ὀνειρώδη
1414 2625 1800 2697 κομψεύματα,
1838 2628 1931 2681 καὶ
1970 2646 2069 2682 πο-

496 2701 738 2793 ᾉρειδοῦς
782 2708 1035 2774 ἀσεϐείας
1076 2712 1255 2785 πλήρη
1303 2717 1728 2787 συγγράμματα,
1785 2718 2068 2793 Ἐυαγρίου

494 2790 553 2847 δὲ
599 2796 696 2849 σὺν
735 2797 885 2869 αὐτῷ
927 2800 1022 2853 καὶ
1066 2802 1299 2874 Διδύμου
1342 2805 1411 2858 τὰ
1447 2806 1711 2877 δόγματα,
1753 2810 1844 2862 καὶ
1892 2790 2070 2865 πάντα.

495 2886 675 2941 αὐτῶν
697 2889 766 2943 τὰ
803 2891 1092 2964 Ἑλληνικὰ
1121 2896 1213 2949 καὶ
1241 2897 1541 2973 τερατώδη,
1576 2901 1637 2953 οὐ
1675 2901 1781 2974 μὴν
1809 2904 1944 2963 ἀλλὰ
1975 2906 2068 2960 καὶ

498 2977 717 3051 μυθώδη
765 2980 1077 3057 ληρήματα.
1119 3006 1137 3039 ι
1187 2988 1441 3044 Confodit
1479 3001 1657 3047 autem
1694 3004 1747 3047 et
1788 2995 1838 3048 in
1882 2995 2066 3049 interi-

497 3076 609 3121 tum
644 3072 860 3139 projicit
899 3080 1165 3145 praecipue
1203 3081 1418 3149 quidem
1467 3084 1711 3138 insanum
1757 3084 2063 3154 Origenem,

494 3167 550 3212 et
577 3161 755 3215 omnia
787 3163 904 3231 ejus
935 3169 1100 3225 delira
1135 3173 1477 3236 scitamenta,
1506 3185 1558 3229 et
1591 3176 1933 3233 multiformis
1963 3178 2066 3231 im-

493 3248 711 3318 pietatis
749 3253 936 3320 plenas
967 3257 1401 3328 lucubrationes;
1436 3264 1647 3335 Evagrii
1682 3266 1810 3322 item
1854 3283 1976 3321 cum
2002 3283 2067 3324 eo

493 3347 549 3393 et
578 3340 781 3413 Didymi
813 3345 1081 3416 dogmata,
1108 3365 1401 3421 omnesque
1429 3369 1615 3409 eorum
1641 3356 1984 3413 Griecanicas
2013 3370 2067 3415 et

493 3443 849 3503 monstrosas,
882 3454 1086 3495 necnon
1107 3442 1448 3501 etfabulosas
1482 3448 1734 3515 ineptias.
1762 3468 1782 3500 ι
1815 3450 2068 3506 Testatur

494 3522 634 3578 idem
664 3529 899 3601 synodus
925 3542 1099 3598 sexta,
1139 3548 1248 3590 act.
1274 3538 1339 3591 l7
1371 3547 1425 3592 et
1458 3540 1543 3595 18.
1576 3540 1829 3595 Testatur
1850 3552 1903 3596 et
1928 3542 2070 3599 Con-

491 3618 763 3672 stantinus
804 3621 1097 3690 imperator
1141 3626 1192 3680 in
1235 3629 1413 3684 edicto
1440 3632 1504 3684 ad
1533 3632 1783 3701 p0pulum
1814 3636 2067 3693 occiduas

490 3718 673 3779 partes
699 3713 1018 3768 ineolentem
1048 3736 1060 3771 :
1093 3728 1148 3772 et
1180 3717 1376 3788 Leo'll,
1415 3722 1692 3778 Romanus
1722 3726 1982 3796 pontifex,
2013 3729 2066 3782 in

492 3800 717 3870 epistola
790 3806 871 3859 ad'
915 3806 1333 3865 Constantinum
1378 3826 1496 3880 quae
1552 3815 1878 3885 scriptiones
1950 3818 2068 3875 duae

490 3891 636 3945 inter
674 3893 809 3949 Acta
856 3898 1067 3952 concilii
1099 3899 1342 3967 ejusdem
1368 3904 1505 3957 sexti
1537 3905 1825 3963 habentur.
1878 3908 2069 3964 Testa-

490 3990 581 4073 tur
603 3991 656 4038 et
675 3988 1120 4059 pseudosynodus
1147 3993 1451 4063 quinisexta
1484 4012 1607 4052 can.
1640 4014 1679 4065 ι,
1710 4009 1765 4055 et
1794 4004 2068 4073 synodicae

490 4072 686 4130 litterae
726 4076 995 4136 Theodori
1022 4082 1462 4156 Jerosolymitani
1494 4104 1618 4159 qua:
1662 4072 1900 4147 recitatae
1941 4107 2069 4153 sunt

489 4169 702 4223 actione
728 4170 761 4223 3
819 4175 1009 4243 synodi
1051 4179 1330 4247 septimae;
1373 4191 1427 4233 et
1449 4183 1676 4249 epistola
1713 4184 1919 4240 Tarasii
1954 4188 2068 4256 cpio

490 4262 637 4328 scopi
690 4262 1299 4338 Constantinopolitani,
1354 4274 1630 4344 totiusque
1678 4275 1812 4330 adeo
1870 4278 2062 4348 synodi

490 4353 734 4421 septimae
772 4358 837 4410 ad
868 4356 1280 4416 Constantinum
1326 4374 1379 4418 et
1406 4364 1620 4430 lrenen,
1651 4380 1770 4433 qua:
1802 4378 1980 4421 exstat
2012 4370 2065 4423 in

490 4448 756 4503 actionem
788 4452 819 4503 7
855 4454 1069 4510 concilii
1100 4456 1376 4523 ejusdem;
1421 4466 1475 4512 et
1509 4460 1830 4515 Anastasius
1861 4460 2063 4517 Biblio-

492 4537 765 4594 thecarius
791 4546 856 4595 ad
900 4558 1101 4598 annum
1130 4546 1422 4602 Justiniani
1466 4550 1781 4604 vicesimum
1826 4562 2062 4607 sextum.

2170 1059 2491 1114 Antiocheni
2515 1069 2569 1113 et
2588 1057 2844 1127 Stephani
2865 1059 3045 1113 studio
3068 1059 3232 1114 fuisse
3247 1058 3431 1112 vitiata
3452 1054 3751 1110 declaravit

2169 1160 2318 1208 sexta
2356 1153 2616 1223 synodus,
2635 1152 2833 1206 action.
2856 1151 2943 1216 14,
2964 1160 3018 1205 et
3034 1150 3343 1205 earumdem
3365 1164 3589 1218 quoque
3605 1148 3751 1201 adni-

2174 1246 2489 1300 terationem
2509 1243 2841 1314 praedicavit,
2865 1245 3065 1296 oetion.
3086 1242 3286 1307 l9,sub
3310 1241 3500 1294 finem.
3532 1242 3606 1293 At
3626 1240 3753 1293 Acta

2174 1347 2349 1392 tamen
2382 1337 2592 1392 concilii
2617 1335 2829 1390 etiamsi
2862 1336 3397 1405 integralsuperesse
3424 1334 3653 1396 demus,
3683 1331 3753 1385 (a-

2171 1428 2389 1482 tendum
2421 1437 2569 1483 certe
2593 1429 2700 1484 erit
2750 1429 2803 1482 in
2846 1428 3134 1483 undecimo
3166 1443 3231 1483 ex
3255 1425 3754 1485 anathematismis,

2169 1517 2261 1586 qui
2290 1517 2343 1570 in
2376 1516 2661 1573 collatione
2706 1517 2741 1573 8
2786 1526 3022 1583 exstant,
3093 1515 3381 1587 Origenem
3428 1516 3581 1570 inter
3633 1515 3756 1567 alios

2173 1611 2454 1665 haereticos
2496 1610 2785 1665 anathema
2829 1624 2952 1665 esse
2996 1609 3215 1664 sanciri.
3252 1609 3320 1663 Et
3372 1608 3428 1663 in
3466 1608 3756 1663 collatione

2172 1702 2354 1757 itidem
2380 1703 2567 1771 quinta
2600 1704 2712 1758 haec
2744 1701 2994 1771 leguntur
3014 1702 3176 1756 verba
3205 1717 3219 1755 :
3256 1720 3274 1753 ε
3304 1700 3376 1754 Ει
3407 1700 3617 1755 multos
3644 1698 3755 1766 qui-

2171 1796 2292 1849 dem
2326 1794 2493 1849 etiam
2519 1794 2656 1850 alios
2680 1794 2985 1849 invenimus
3011 1802 3134 1863 post
3161 1803 3393 1848 mortem
3431 1792 3757 1845 anathema-

2176 1885 2367 1942 tizatos
2395 1907 2407 1941 :
2457 1901 2663 1941 necnon
2693 1887 2855 1941 etiam
2890 1885 3209 1957 Origenem;
3255 1892 3309 1940 et
3338 1885 3384 1940 si
3413 1886 3485 1936 ad
3512 1893 3754 1952 tempora

2178 1977 2463 2047 Theophili
2493 1986 2697 2034 sanctae
2724 1978 3019 2045 memoriae,
3046 1977 3133 2033 vel
3160 1976 3410 2047 superius
3447 1976 3653 2045 aliquis
3676 1992 3754 2028 re-

2174 2070 2426 2137 currerit,
2469 2078 2590 2139 post
2633 2079 2860 2124 mortem
2924 2069 3165 2124 inveniet
3205 2068 3752 2123 anathematizatnm.

2175 2160 2325 2229 Quod
2359 2162 2548 2215 etiam‘
2572 2177 2717 2217 nunc
2758 2161 2812 2216 in
2845 2161 2962 2230 ipso
3000 2160 3127 2215 fecit
3163 2168 3217 2215 et
3244 2167 3424 2214 vestra
3473 2159 3754 2221 sanctitas,

2173 2264 2227 2307 et
2251 2251 2479 2322 Vigilius
2503 2250 2944 2321 religiosissimus
2972 2263 3108 2320 papa
3133 2247 3461 2318 antiquioris
3492 2247 3698 2300 Roma.
3733 2263 3747 2296 ι

2172 2344 2381 2400 Asserit
2426 2354 2601 2399 tamen
2637 2342 2771 2398 satis
2832 2342 3062 2397 ﬁdenter
3098 2338 3381 2395 Halloxius
3414 2354 3622 2393 nomen
3645 2339 3757 2392 Ori-

2173 2437 2323 2506 genis
2348 2436 2397 2488 in
2431 2434 2589 2489 allata
2635 2449 2666 2489 e
2714 2432 3051 2490 eollatioueS
3078 2433 3240 2487 verba
3271 2430 3440 2485 fuisse
3463 2431 3752 2493 introsum,

2172 2535 2225 2582 et
2254 2524 2482 2580 aliorum
2511 2524 2889 2580 haereticorum
2933 2521 3242 2578 nominibus
3271 2519 3609 2588 subjectum,
3638 2536 3755 2574 cam

2171 2618 2352 2688 priore
2407 2617 2525 2672 loco
2579 2615 2770 2671 fuisset
2832 2615 3165 2684 ponendum.
3218 2612 3386 2680 Quasi
3426 2628 3542 2667 non
3598 2614 3755 2667 etiam

2171 2709 2455 2765 Theodoro
2497 2707 2876 2777 Mopsuesteuo
2911 2706 3159 2777 Origenis
3187 2719 3383 2761 nomen
3413 2705 3657 2776 Cyrinus
3707 2706 3756 2759 in

2178 2804 2294 2858 loco
2327 2819 2450 2857 mox
2489 2817 2519 2857 e
2564 2802 2689 2857 Vita
2740 2802 2895 2857 Saba:
2928 2802 3241 2870 deprompta
3267 2800 3642 2869 subjunxerit,
3707 2812 3757 2853 ut

2171 2894 2323 2964 plura
2348 2893 2591 2962 exempla
2625 2890 2826 2947 referre
2853 2890 3253 2959 supersedeam,
3288 2890 3343 2942 in
3387 2888 3595 2957 quibus
3620 2888 3758 2940 nullo

2170 2984 2510 3050 discrimine,
2546 2983 2689 3038 nulla
2739 2982 2997 3052 temporis
3045 2981 3228 3035 habita
3275 2980 3499 3035 ratione
3541 2980 3755 3033 nomina

2158 3087 2542 3134 recensentur.
2593 3076 2833 3131 Alterum
2889 3074 3072 3128 itidem
3120 3072 3296 3129 locum
3354 3072 3673 3127 collationis
3726 3074 3757 3127 5

2170 3171 2336 3226 fuisse
2365 3170 2681 3240 eonﬁctum,
2729 3178 2785 3223 ut
2817 3167 2951 3222 alias
2978 3167 3238 3237 quasdam
3270 3166 3589 3222 collationis
3621 3167 3760 3237 ejus-

2171 3263 2291 3318 dem
2325 3272 2529 3333 partes,
2562 3260 2861 3315 arbitratur
2898 3258 3195 3324 llalloxius,
3228 3257 3315 3313 his
3365 3258 3644 3327 impulsus
3673 3273 3759 3309 ar-

2174 3355 2477 3427 gumentis,
2504 3355 2648 3426 quod
2688 3354 2742 3407 in
2776 3352 3049 3422 prioribus
3088 3350 3482 3407 collationibus
3510 3366 3583 3405 ne
3635 3366 3757 3404 ver-

2175 3450 2299 3504 bum
2330 3449 2545 3519 quidem
2565 3447 2628 3501 de
2653 3444 2885 3521 Origene
2912 3444 3113 3499 factum
3151 3444 3250 3508 sit;
3285 3453 3339 3499 et
3372 3444 3432 3498 in
3466 3445 3758 3499 constituto

2176 3540 2482 3610 probaverit
2509 3536 2735 3605 Vigilius
2772 3536 3038 3592 neminem
3057 3551 3176 3590 esse
3197 3545 3318 3607 post
3344 3549 3588 3589 mortem
3616 3536 3757 3588 dam.

2175 3633 2431 3688 nandum.
2490 3631 2571 3684 Ad
2596 3631 2744 3699 prius
2794 3639 3170 3698 argumentum
3208 3628 3573 3699 respondebit
3600 3628 3757 3681 Baro-

2175 3726 2296 3780 nius
2325 3724 2523 3779 multas
2555 3724 2624 3777 ab
2673 3721 2993 3791 Origenistis
3033 3721 3221 3793 synodi
3253 3720 3418 3789 hujus
3465 3720 3758 3788 particulas

2175 3820 2341 3873 fuisse
2374 3830 2690 3887 suppressas
2721 3834 2734 3869 :
2762 3814 2991 3868 alterum
3026 3828 3155 3869 vero
3192 3813 3292 3867 hac
3320 3812 3652 3882 exceptione
3680 3826 3757 3864 re-

2177 3910 2451 3974 tundctur,
2506 3907 2753 3962 docuisse
2795 3903 3013 3975 quidem
3060 3905 3114 3959 in
3164 3905 3466 3959 Constituto
3500 3902 3750 3970 Vigiliom

2175 4002 2370 4056 debere
2394 4000 2659 4055 neminem
2683 4006 2802 4066 post
2823 3997 3027 4052 obitum
3052 3997 3295 4054 damnari
3317 4014 3330 4063 ;
3350 4004 3405 4050 at
3422 3996 3753 4051 contrarium

2174 4096 2228 4150 in
2262 4094 2513 4149 Judicoto
2544 4096 2791 4149 eumdem
2820 4092 3100 4146 statuisse.

2243 4186 2359 4243 XV.
2395 4187 2546 4241 Nunc
2590 4185 2842 4255 quoniam
2883 4185 2949 4239 de
2979 4182 3211 4252 Origene
3236 4181 3289 4235 in
3322 4180 3517 4250 quinta
3550 4179 3755 4250 synodo

2174 4290 2353 4335 actum
2382 4279 2545 4333 fuisse
2584 4285 2823 4340 constat,
2848 4275 2924 4328 rei
2951 4283 3113 4344 gesta:
3140 4273 3338 4327 seriem
3367 4286 3752 4340 exsequamur.

2177 4367 2382 4423 Scribit
2412 4366 2675 4435 Evagrius
2708 4363 2945 4433 expulsis
2968 4379 2997 4418 e
3026 4362 3172 4417 Nova
3202 4360 3383 4414 Laura
3408 4361 3750 4431 Origenistis,

2174 4474 2295 4514 cum
2335 4460 2386 4513 id
2416 4458 2554 4525 apud
2586 4459 2972 4525 imperatorem
3007 4454 3204 4508 factum
3225 4454 3565 4522 vituperaret
3587 4452 3750 4505 Theo-

2177 4553 2344 4606 dorus
2376 4550 2624 4613 Ascidas,
2655 4545 3179 4616 Constantinopolim
3219 4545 3418 4599 missos
3449 4544 3619 4598 fuisse
3649 4546 3749 4597 liu-

491 4625 617 4683 Hmc
644 4630 714 4682 ita
736 4633 1021 4689 manifesta
1041 4648 1185 4703 sunt,
1212 4648 1271 4693 ut
1292 4654 1448 4695 nemo
1467 4652 1653 4696 contra
1680 4643 1761 4696 vel
1785 4646 2063 4715 excipere,
2099 4658 2141 4712 1)
2175 4644 2308 4708 fum,
2331 4652 2383 4695 et
2409 4640 2684 4697 Cononem
2716 4637 3169 4693 archimandritas
3190 4677 3204 4702 ,
3230 4636 3485 4707 aliosque
3511 4636 3747 4689 Palaesti-

490 4721 572 4774 vei
600 4725 955 4791 praescribere
994 4730 1186 4797 possit.

559 4815 711 4883 Quod
741 4821 808 4873 ad
860 4819 1171 4877 Facundum
1226 4834 1405 4880 autem
1463 4827 1735 4883 Victorem
1787 4831 2060 4902 pertinet},

487 4923 674 4976 parum
708 4919 855 4964 certe
903 4913 1083 4969 valere
1132 4916 1294 4971 debet
1331 4919 1589 4989 negativi,
1618 4932 1676 4974 ut
1707 4932 1926 4989 vocant,
1974 4940 2065 4977 ar-

488 5000 726 5064 gumenti
760 5004 1077 5072 auctoritas,
1113 5020 1234 5060 cum
1286 5010 1659 5078 καταφατικὸν
1688 5022 2064 5082 argumentum

488 5088 540 5144 in
573 5094 897 5147 contrariam
937 5108 1143 5166 partem
1200 5098 1442 5155 aﬂ’ertur.
1494 5103 1629 5157 Acta
1677 5119 1805 5158 vero
1852 5106 2064 5160 concilii

487 5196 583 5236 cur
614 5184 680 5237 de
709 5184 939 5255 Origene
972 5189 1191 5255 sileant,
1230 5194 1362 5246 mihi
1394 5194 1506 5249 veri
1540 5195 1753 5250 videtur
1778 5198 2067 5266 persimilis

486 5283 514 5320 a
539 5268 773 5325 Baronio
796 5273 958 5328 allata
988 5278 1143 5342 ratio,
1172 5281 1412 5334 mutilata
1440 5296 1502 5337 ea
1522 5291 1577 5337 et
1602 5294 1849 5339 truncata
1874 5286 2059 5342 fuisse.

486 5361 635 5417 Facti
662 5376 914 5422 auctores
941 5371 1245 5438 suspicatur
1266 5373 1353 5428 ille
1375 5374 1732 5446 Origenistas,
1747 5379 1836 5447 qui
1857 5381 2063 5452 synodo

484 5454 835 5524 pnefuerunt,
887 5457 1209 5533 Eutyebium
1262 5464 1919 5538 Constantinopolitanum
1967 5487 2063 5542 pa-

485 5545 799 5615 triarcbam,
835 5550 1069 5619 quicum
1110 5553 1292 5608 carnis
1324 5558 1772 5613 resurrectionem
1806 5567 1933 5613 tunc
1958 5575 2060 5614 non

486 5634 791 5692 admitteret
844 5641 1025 5712 (quem
1070 5651 1247 5699 tamen
1296 5663 1539 5702 errorem
1587 5658 1771 5716 postea
1815 5649 2062 5721 Gregorii

485 5739 654 5793 papa»,
701 5730 805 5785 hoc
836 5741 1073 5802 tempore
1119 5736 1177 5791 S.
1209 5736 1275 5791 li.
1304 5738 1365 5791 E.
1408 5740 1620 5793 diaconi
1646 5752 1697 5794 et
1725 5742 2060 5809 apocrisiarii

485 5830 647 5869 suasu
696 5819 970 5891 ejuravit),
1006 5827 1198 5882 merito
1248 5830 1299 5883 in
1339 5828 1663 5899 Onigenismi
1695 5833 2058 5901 suspicionem

487 5908 631 5966 venit
659 5928 673 5967 :
700 5910 1041 5974 Theodorum
1072 5933 1284 5991 quoque
1311 5920 1703 5981 thsariensem
1737 5924 1902 5983 totius
1926 5939 2056 5983 con-

2176 4750 2256 4790 ηαξ
2303 4732 2592 4788 monachos
2642 4732 2837 4786 virtute
2887 4730 3122 4796 nobiles;
3173 4744 3377 4799 eosque
3404 4729 3570 4783 simul
3602 4738 3747 4797 atque

2174 4824 2304 4878 illuc
2338 4822 2498 4876 delati
2520 4832 2669 4886 sunt,
2704 4822 2771 4876 ad
2822 4820 3189 4875 ventilandam
3222 4820 3501 4889 Origenis,
3544 4818 3746 4886 Evagrii

2164 4923 2220 4968 et
2272 4912 2481 4983 Didymi
2519 4926 2739 4965 causam
2785 4912 3081 4965 accessisse
3122 4933 3135 4965 :
3189 4911 3390 4964 Ascida
3426 4920 3649 4973 contra,
3700 4920 3746 4961 ut

2166 5006 2233 5060 de
2268 5004 2552 5059 Theodoro
2581 5003 2985 5073 Mopsuesteuo,
3025 5002 3113 5057 Iba
3169 5012 3220 5058 et
3250 5002 3603 5056 Theodoreto
3630 5018 3745 5071 age-

2165 5102 2317 5148 retur
2346 5092 2626 5148 laborante
2651 5112 2664 5146 :
2715 5102 2843 5147 ante
2867 5093 3047 5147 omnia
3080 5094 3368 5161 quaesitum
3399 5108 3548 5157 esse,
3578 5103 3745 5145 utrum

2166 5185 2416 5240 homines
2458 5187 2570 5239 vita
2616 5185 2786 5239 functi
2840 5185 3209 5239 anathematis
3247 5184 3446 5253 subjici
3499 5186 3743 5253 possint;

2168 5280 2515 5350 Eutychinm,
2558 5281 2647 5349 qui
2680 5279 2954 5333 Amasene
2982 5279 3235 5349 episcopo
3279 5289 3408 5333 tunc
3453 5287 3576 5333 erat
3608 5294 3639 5330 τι
3674 5293 3743 5329 re-

2166 5373 2401 5442 sponsis,
2447 5373 2801 5441 quaestionem
2839 5370 3067 5427 solvisse
3092 5370 3343 5439 exentplo
3367 5369 3538 5424 .losize
3591 5371 3742 5439 regis.

2166 5477 2196 5515 a
2231 5478 2339 5531 quo
2398 5478 2506 5519 non
2558 5464 2862 5519 daemonum
2904 5462 3077 5518 solum
3137 5461 3453 5517 sacerdotes
3514 5462 3569 5514 in
3620 5462 3741 5513 Vi\i$

2167 5563 2410 5623 agentes,
2439 5554 2729 5619 interfeCti,
2774 5552 2870 5607 sed
2902 5562 3237 5606 mortuorum
3269 5550 3438 5606 etiam
3477 5549 3643 5604 loculi
3666 5564 3739 5602 re-

2168 5644 2294 5700 fossi
2326 5656 2483 5700 sunt:
2517 5645 2617 5699 hoc
2638 5645 2838 5699 dictum
2869 5653 3018 5699 tanto
3044 5644 3309 5708 omnium,
3334 5643 3428 5696 sed
3451 5640 3737 5695 Justiniani

2164 5739 2460 5807 praesertim
2492 5737 2750 5807 applauso
2790 5737 2963 5792 fuisse
2984 5746 3287 5806 exceptum,
3321 5745 3378 5788 ut
3403 5749 3532 5788 eum
3558 5733 3737 5787 deinde

2166 5834 2230 5887 ad
2248 5830 2898 5901 Constantinopolitanam
2925 5831 3105 5887 sedem
3134 5830 3432 5896 imperator
3451 5826 3735 5879 extulerit:

2164 5927 2230 6007 de
2264 5926 2548 6007 Theodoro
2581 5923 2834 5991 deinceps
2879 5922 3280 5990 Mopsuesteuo,
3310 5920 3487 5990 deque
3528 5915 3773 6007 scriptis‘
