3926 6546
221 503 346 563 ll'l3

1051 501 1615 560 ORIGENIANORUM
1653 501 1778 557 LIB.
1824 499 1886 566 ll,
1924 499 2071 557 CAP.
2113 500 2202 568 iV,
2238 500 2428 558 SECT.
2470 501 2534 559 ll.

3300 507 3438 565 ΗΠ(

221 621 562 686 Theodoreti,
590 629 779 677 contra
815 619 1092 676 duodecim
1129 619 1358 690 capitula
1380 620 1588 699 Cyrilli,
1633 621 1772 676 etde
1803 623 1847 680 Α
1877 621 2124 674 hortatur
2170 630 2230 675 ut
2281 621 2471 676 deliria
2525 618 2812 696 eiusmodi,
2844 623 2970 690 juna
3015 638 3134 679 cum
3175 625 3436 699 Origene,

222 715 312 770 Iba:
347 712 577 783 epistola
618 713 686 767 ad
737 712 910 767 Marin
940 712 1158 767 Persam
1191 712 1358 767 fuisse
1405 695 1765 781 disputatum;

222 805 402 875 quibus
430 804 709 860 damnatis
755 819 876 859 cum
927 802 1184 858 adversus
1241 802 1484 872 Origenis
1523 804 1772 872 dogmata

223 898 490 966 ipsiusque
545 910 826 964 sequaces,
877 895 1196 949 obtulissent
1233 893 1443 948 libellos
1493 893 1766 964 Eulogius,

222 988 418 1050 Conon,
446 987 712 1057 Cyriacus
748 995 804 1040 et
823 984 1133 1040 Pancratius
1161 985 1430 1049 monachi,
1451 985 1773 1038 sententiam

222 1078 396 1148 synodi
419 1092 648 1147 rogasse
673 1076 1054 1138 Justinianum,
1085 1075 1304 1144 prolatis
1333 1089 1548 1144 quoque
1571 1075 1621 1128 in
1652 1088 1767 1128 me-

221 1170 356 1223 dium
390 1167 690 1222 lucubratis
723 1182 753 1219 a
810 1165 1000 1234 Vigilio
1035 1165 1102 1220 de
1151 1166 1222 1220 iis
1259 1165 1418 1220 rebus
1459 1163 1674 1229 libellis,
1713 1163 1768 1217 in

220 1258 400 1327 quibus
431 1253 721 1325 Origenem
751 1255 1024 1308 laborasse
1065 1253 1401 1319 ostendebat,
1431 1262 1489 1306 ut
1519 1252 1769 1322 apostoli-

221 1360 292 1402 ca:
327 1345 588 1399 doctrina:
637 1345 1003 1400 sinceritatem
1037 1329 1343 1399 Graecorum
1372 1350 1425 1397 et
1448 1342 1769 1399 Manichaeo—

220 1452 330 1492 rum
356 1435 563 1491 deliriis
591 1443 940 1505 aspergeret;
971 1434 1112 1503 quod
1140 1433 1194 1488 in
1227 1448 1290 1488 eo
1317 1433 1476 1486 etiam
1503 1433 1616 1503 jam
1645 1445 1769 1489 ante

217 1521 519 1592 culpaverat
562 1521 894 1577 Justinianus
944 1522 998 1576 in
1031 1521 1260 1590 Epistola
1284 1521 1349 1575 ad
1386 1519 1616 1589 Menam,
1641 1539 1767 1592 ope-

217 1631 322 1671 ram
361 1630 482 1668 enm
522 1615 736 1668 dedisse
779 1614 984 1678 dicens,
1021 1613 1135 1665 Ἵνα
1167 1613 1273 1666 τῶν
1312 1612 1576 1684 Ἐλλήνων
1608 1613 1770 1683 μυθο-

216 1707 412 1775 λογίας,
467 1709 563 1760 καὶ
613 1707 712 1778 τὴν
760 1705 1099 1775 Μανιχαῖκὴν
1157 1704 1319 1759 αὑτοῦ
1376 1705 1580 1776 πλάνην
1619 1708 1767 1767 eisa-

214 1799 372 1870 γάγῃ·
435 1816 453 1849 ‹
521 1798 591 1854 Ut
647 1798 859 1852 fabulas
910 1793 1242 1862 Grzecorum,
1277 1805 1330 1851 et
1379 1796 1774 1853 Mauichaicum

213 1906 359 1946 suum
392 1905 637 1944 errorem
669 1888 1033 1944 introduceret
1058 1903 1071 1938 :
1113 1906 1130 1939 ι
1159 1896 1214 1942 et
1243 1888 1294 1942 in
1322 1889 1551 1954 epistola
1577 1889 1645 1944 ad
1674 1905 1767 1960 sy-

1873 714 2096 784 ejusque
2127 717 2471 783 sequacibus,
2525 716 2867 771 anathemate
2911 719 3181 774 obterant.
3225 721 3439 788 Quibus.

1871 808 2109 874 acceptis
2140 807 2354 871 litteris,
2391 806 2580 862 Patres
2610 808 2851 865 unanimi
2893 825 3163 866 consensu
3189 816 3432 883 paruisse

1875 893 2088 962 subiicit
2107 896 2319 949 demum
2354 896 2647 951 Cedrenus.

1945 984 2083 1040 XVI.
2113 985 2192 1040 lta
2223 987 2512 1057 proﬂigatis
2542 987 2964 1058 Origenistarum
2996 994 3178 1062 rebus,
3206 997 3432 1066 quicun-

1873 1090 1978 1145 que
2006 1077 2254 1132 factionis
2285 1079 2440 1148 hujus
2457 1078 2643 1135 allines
2673 1092 2830 1141 erant
2864 1099 2894 1139 e
2925 1084 3080 1140 Sabae
3098 1087 3433 1145 Lauris.sunt

1875 1165 2055 1234 ejecti,
2087 1167 2140 1220 in
2186 1180 2388 1237 easque
2434 1183 2648 1224 rursum
2692 1172 2973 1229 orthodoxi
3009 1173 3198 1230 Patres
3228 1177 3430 1246 migra-

1872 1267 2016 1312 runt.
2042 1254 2180 1313 Tum
2205 1273 2333 1313 vero
2369 1257 2438 1312 ab
2465 1259 2756 1316 hmresibus
2787 1269 2842 1317 et
2880 1271 3179 1333 temporum
3206 1265 3433 1325 dillicul-

1874 1363 1984 1408 tate
2022 1352 2302 1408 Palaestina
2330 1351 2632 1421 respiravit,
2663 1369 2785 1409 cum
2822 1342 3083 1412 adversus
3109 1361 3431 1416 cacumenici

1874 1444 2087 1500 concilii
2137 1442 2510 1498 auctoritatem
2561 1443 2816 1514 deinceps
2861 1447 3058 1501 mutire
3090 1447 3176 1500 vix
3206 1449 3433 1506 auderet

1873 1535 2178 1604 quisquam.
2213 1533 2364 1589 Unde
2399 1533 2452 1588 in
2484 1542 2686 1588 tantam
2719 1536 2868 1590 venit
2893 1536 3054 1594 totius
3077 1537 3314 1595 Orientis
3342 1541 3430 1596 in-

1876 1623 2071 1676 vidiam
2122 1623 2370 1693 Orlgenis
2405 1640 2599 1681 nomen
2643 1640 2707 1680 ac
2763 1625 3030 1692 doctrina,
3062 1638 3121 1682 ut
3166 1629 3434 1701 hodieque

1873 1713 2253 1774 ecclesiasticis
2275 1715 2480 1783 legibus
2517 1717 2652 1784 apud
2686 1715 2902 1774 Graecos
2940 1719 3166 1777 vetitum
3200 1736 3320 1777 esse
3349 1721 3431 1776 fe-

1876 1818 2017 1871 rant,
2051 1808 2261 1875 nequis
2289 1823 2448 1876 opera
2471 1809 2951 1877 ipsiusdescribat;
2981 1811 3070 1880 qui
3104 1827 3258 1868 secus
3277 1813 3431 1880 faxit,

1875 1897 2019 1954 hunc
2035 1908 2186 1954 extra
2216 1898 2465 1958 Ecclesia:
2497 1901 2924 1954 communionem
2948 1915 3068 1955 esse
3092 1903 3290 1971 iuberi.
3320 1905 3432 1958 Ma-

212 1982 400 2035 nodum
423 1981 489 2033 de
535 1979 857 2049 Origenistis
896 1979 1120 2049 loquens
1148 1999 1164 2036 :
1191 1980 1306 2033 Ἵνα
1341 1979 1414 2052 μὴ
1449 1980 1647 2045 τέλεον,
1692 1982 1775 2034 in-
1801 1975 1848 2035 Β
1874 2004 2034 2064 gnum
2065 1999 2191 2049 tunc
2223 2001 2338 2044 erat
2372 1991 2422 2045 in
2444 1990 2683 2050 Ecclesia
2711 1990 3013 2048 Cassiodori
3045 1997 3431 2062 nomen,cujus

211 2076 336 2141 quit,
357 2070 445 2124 διὰ
466 2070 568 2140 τῆς
605 2069 918 2141 Ἑλληνικῆς
945 2070 1037 2124 καὶ
1068 2071 1411 2142 Μανιχαῖκῆς
1432 2071 1644 2143 ἀπάτης
1674 2071 1772 2125 αὐ-

209 2163 309 2218 τῶν
339 2163 569 2227 πολλοὺς
601 2162 954 2224 ἀπολέσωσιν.
989 2182 1008 2216 ι
1047 2163 1115 2220 Ut
1140 2180 1245 2219 non
1277 2165 1488 2235 penitus
1513 2165 1769 2234 aerGra-

209 2257 448 2314 cauicam
505 2266 563 2312 et
617 2255 1004 2318 Manichaicam
1065 2271 1216 2312 suam
1259 2257 1500 2314 fraudem
1559 2257 1761 2312 multos

208 2349 462 2420 perdant:
507 2368 528 2402 ι
571 2349 716 2408 unde
750 2347 1040 2420 Origenem
1065 2365 1186 2406 cum
1221 2349 1512 2404 Manichaeo
1538 2347 1767 2418 conjun-

207 2442 278 2511 git
309 2439 600 2498 Facundus
632 2441 726 2497 lib.
780 2456 882 2510 xu,
925 2456 1045 2513 cap.
1093 2443 1118 2496 l
1153 2460 1166 2496 :
1201 2459 1218 2492 ι
1253 2441 1333 2496 Ad
1368 2441 1527 2502 hanc,
1572 2441 1766 2510 inquit,

205 2531 622 2590 obstinationem
669 2530 940 2600 pertinere
986 2531 1236 2596 dicimus,
1273 2531 1384 2585 imo.
1407 2531 1767 2601 principatum

206 2621 334 2681 inea
361 2629 553 2676 tenere
602 2619 882 2700 firmamus
911 2619 1030 2674 illas
1079 2619 1240 2674 etiam
1281 2619 1576 2686 doctrinas,
1635 2635 1767 2691 quas

207 2713 416 2782 quidam
450 2727 562 2768 non
587 2711 745 2781 quasi
774 2711 950 2766 minus
978 2710 1322 2780 intelligendo
1355 2709 1667 2781 Scripturas
1693 2712 1768 2766 di-

204 2808 372 2872 vinas,
401 2807 501 2864 sed
529 2806 612 2862 eis
643 2814 830 2875 aperte
867 2803 1185 2869 resistendo,
1215 2803 1327 2858 sola
1351 2805 1768 2874 prmsumptione

207 2898 425 2968 spiritus
457 2897 840 2964 condiderunt,
870 2895 1011 2950 sicut
1039 2894 1368 2950 Manichacus
1394 2903 1554 2964 atque
1575 2893 1766 2966 Orige-

208 3004 314 3045 nes.
356 3008 378 3042 ι
415 2989 585 3044 Addit
630 2988 891 3058 Evagrius
929 2996 1051 3057 post
1104 2988 1413 3042 damnatum
1456 2988 1644 3058 synodi
1676 3004 1768 3043 vo-

207 3081 617 3138 ciferationibus
663 3078 973 3151 Origenem,
1008 3079 1280 3149 ipsiusque
1315 3080 1616 3150 partiarios,
1661 3079 1768 3150 pla-

206 3173 373 3230 cuisse
398 3183 461 3229 ut
485 3173 553 3228 de
575 3187 644 3229 eo
668 3173 736 3228 ad
757 3172 1119 3229 Iustinianum
1150 3171 1477 3228 referretur:
1519 3182 1630 3228 tum
1655 3189 1768 3229 vcr-

203 3263 264 3319 ha
294 3266 410 3335 ipsa
448 3273 828 3335 repraesentat,
870 3265 924 3320 in
967 3265 1164 3336 quibus
1205 3263 1469 3336 Origenes
1510 3276 1764 3336 tanquam

202 3357 710 3413 furanathematum
737 3357 946 3428 laqueis
979 3357 1316 3425 constrictus,
1340 3365 1394 3413 et
1426 3367 1588 3414 extra
1609 3373 1763 3415 sacra

202 3447 390 3502 mtenia
425 3447 676 3517 deiectus
702 3462 822 3503 esse
841 3448 1072 3514 dicitur;
1109 3458 1271 3518 atque
1293 3449 1375 3505 his
1407 3450 1612 3519 adiecta
1645 3464 1765 3506 esse

197 3539 266 3598 ait
283 3541 542 3594 damnata
569 3537 994 3609 Origenistarum
1039 3539 1295 3608 capitula,
1331 3542 1472 3596 unde
1499 3540 1656 3597 facile
1685 3541 1764 3596 in-

199 3641 440 3688 notescat
465 3633 522 3686 in
553 3631 753 3700 quibus
778 3630 851 3686 illi
883 3630 1042 3686 simul
1065 3631 1148 3686 vel
1183 3634 1526 3688 consentiant
1551 3635 1631 3690 vel
1653 3635 1763 3689 dis-

198 3724 465 3788 sentiant;
499 3723 750 3793 quintum
783 3736 850 3777 ex
881 3723 946 3778 iis
969 3723 1224 3793 capitulis
1256 3725 1535 3780 continere
1569 3727 1758 3796 dogma

197 3831 223 3868 a
259 3815 548 3871 monachis
595 3814 913 3884 quibusdam
955 3813 1114 3872 Novae
1156 3815 1366 3881 Lauraa,
1395 3827 1448 3872 et
1479 3818 1769 3873 Theodoro.

194 3908 380 3964 Ascida
413 3920 715 3970 assertum,
759 3907 900 3977 quod
930 3907 1148 3965 Christo
1198 3910 1430 3979 aequales
1459 3910 1666 3965 futuros
1705 3909 1758 3963 in

196 3999 542 4056 restitutione
568 4000 868 4069 apostolos,
907 4009 961 4054 et
990 4012 1256 4071 martyres
1282 4017 1347 4056 ex
1382 4002 1654 4057 miraculis
1692 4003 1760 4057 ab

194 4091 314 4161 ipsis
336 4093 510 4148 editis
536 4091 840 4157 concludit;
882 4091 1228 4162 uefariasque
1258 4092 1492 4164 Didymi,
1545 4093 1766 4163 Evagrii.

191 4193 240 4239 et
258 4184 538 4241 Theodori
565 4176 864 4240 senientias
895 4185 1130 4255 reliquas
1154 4184 1435 4254 diligenter
1460 4185 1625 4240 fuisse
1650 4185 1760 4240 col-

190 4274 588 4334 lectas-liabet
623 4276 741 4332 haec
766 4277 950 4332 eadem
985 4276 1342 4346 Nicephorus,
1377 4279 1469 4332 sed
1504 4278 1764 4332 nonnulla.

187 4380 442 4440 praeterea
482 4370 550 4424 de
582 4383 683 4423 suo
717 4370 972 4432 adnectit,
1015 4370 1182 4436 velut,
1209 4368 1406 4439 agitata
1431 4371 1542 4424 haec
1569 4385 1766 4424 secum.

187 4462 248 4515 da
271 4463 525 4518 sessione
551 4460 752 4526 luisse;
781 4461 1018 4516 adnectit
1042 4471 1098 4517 et
1137 4463 1280 4531 ipsos
1309 4461 1499 4532 synodi
1535 4464 1760 4517 anathe-n

185 4553 492 4620 matismos,
530 4565 672 4620 quos
701 4551 771 4606 ad
802 4552 1025 4606 verbum
1079 4551 1387 4607 describere
1419 4567 1478 4607 se
1505 4551 1753 4619 afﬁrmat,

1869 2081 1936 2136 de
1967 2079 2195 2152 Origene
2231 2083 2578 2147 sententiam,
2603 2092 2724 2152 post
2747 2082 2884 2138 latos
2915 2099 2947 2139 a
2979 2083 3429 2156 Constantinopo-

1867 2169 2028 2226 litana
2093 2173 2296 2243 synodo
2352 2173 2405 2227 in
2459 2189 2580 2228 eum
2635 2175 3115 2230 anathematismos
3157 2175 3427 2230 sciscitari

1866 2276 2044 2332 operte
2072 2264 2301 2332 pretium
2351 2273 2451 2317 est.
2499 2264 2551 2317 ln
2583 2263 2718 2317 libro
2757 2265 2937 2334 itaque
2966 2264 3043 2319 De
3096 2265 3426 2320 institutione

1867 2353 2163 2407 divinarum
2197 2351 2588 2421 Script-urarum
2618 2356 2742 2412 talia
2774 2356 2841 2412 de
2867 2371 2933 2412 eo
2971 2356 3196 2423 scribit,
3223 2356 3423 2410 inulto-

1866 2461 1986 2500 rum
2022 2447 2192 2514 ipsum
2221 2446 2438 2502 Patrum
2470 2451 2733 2503 sententia
2775 2450 3085 2504 haereticum
3131 2448 3420 2512 declarari,

1866 2547 1921 2592 et
1947 2552 1976 2590 a
2010 2535 2200 2605 Vigilio
2221 2552 2356 2607 papa
2387 2538 2560 2593 denuo
2584 2553 2704 2593 esse
2731 2540 3086 2604 damnatum;
3118 2553 3310 2607 nempe
3329 2553 3445 2607 per-

1871 2625 2250 2694 Constitutum,
2284 2629 2624 2696 utsuspicari
2656 2629 2800 2696 licet,
2833 2630 2884 2684 in
2907 2646 3025 2684 eam
3062 2644 3174 2685 rem
3215 2631 3422 2699 Specia-

1869 2717 1960 2770 tim
1990 2717 2350 2786 publicatum;
2374 2717 2725 2787 Theophilum
2748 2719 2968 2788 triginta
2997 2721 3234 2790 quinque
3257 2721 3424 2788 ipsius

1867 2819 2081 2860 errores
2109 2806 2477 2876 redarguisse;
2520 2822 2716 2876 magno
2745 2809 2795 2862 in
2829 2825 2950 2863 eum
2984 2811 3169 2864 dolore
3191 2809 3426 2878 Epipha-

1866 2898 2013 2954 nium
2043 2899 2450 2965 succensuisse;
2493 2900 2726 2956 maxime
2768 2900 2822 2955 in
2849 2916 2914 2956 eo
2941 2901 3167 2972 legendo
3194 2903 3426 2970 prohan--

1865 2990 1988 3044 dam
2041 2990 2303 3059 regulam,
2354 3005 2472 3060 quae
2501 2992 2568 3045 ab
2620 2991 2950 3063 Hieronymo
2985 2994 3040 3048 in
3087 2991 3327 3062 Epistola
3355 2995 3423 3047 ad

1867 3078 2292 3150 Tranquillinum
2325 3080 2594 3151 proposita
2639 3089 2739 3137 est.
2788 3081 3078 3137 Florebant
3107 3083 3250 3136 circa
3284 3083 3424 3136 hanc

1869 3184 2238 3244 tempestatem
2271 3176 2587 3230 Anastasius
2629 3175 2835 3230 Sinaita
2886 3186 2940 3230 et
2970 3174 3208 3230 Joannes
3254 3173 3422 3228 Scho-

1866 3265 2111 3331 lasticus,
2140 3267 2310 3321 culex
2340 3265 2492 3320 titulo
2516 3265 2660 3329 libri,
2681 3262 2836 3319 Scala
2863 3263 3122 3334 paradisi,
3149 3263 3417 3332 inscripti,

1865 3358 2088 3414 Climaci
2136 3366 2550 3426 cognomentum
2613 3355 2902 3410 fecerunt:
2946 3357 3139 3410 horum
3191 3366 3418 3425 uterque

1864 3467 1990 3523 erga
2021 3448 2308 3521 Origenem
2361 3447 2721 3519 Origenisque
2749 3448 2982 3504 asset-las
3018 3448 3158 3503 male
3190 3446 3422 3504 allectus

1863 3543 1983 3599 fuit.
2022 3541 2293 3597 Fuitiilud
2312 3541 2474 3596 etiam
2507 3541 2572 3595 ad
2615 3539 3040 3610 Origenistarum
3075 3537 3419 3594 minuendam

1863 3634 2312 3690 existimationem
2349 3631 2769 3702 perappositum,
2817 3631 2958 3700 quod
3000 3631 3053 3684 in
3081 3644 3272 3684 novam
3309 3631 3420 3685 ha:-

1864 3727 2025 3782 resim
2077 3727 2224 3792 lapso
2252 3723 2553 3779 Justiniano
2583 3725 2787 3778 assensi
2834 3733 3003 3804 sunt:
3035 3722 3305 3778 hatreseos
3326 3738 3420 3775 au-

1866 3828 1970 3874 tem
2003 3818 2146 3872 illius
2195 3817 2426 3886 capitale
2477 3819 2579 3872 hoc
2606 3826 2723 3873 erat
2754 3818 2964 3887 dogma,
2996 3829 3192 3886 corpus
3217 3813 3420 3869 Christi

1862 3909 1988 3963 dum
2009 3909 2234 3979 agitaret
2258 3909 2446 3975 vitam,
2472 3909 2632 3963 nullis
2649 3907 2952 3970 affectibus,
2979 3906 3108 3961 nulli
3127 3903 3420 3961 obnoxium

1860 4001 2191 4070 corruptioni
2216 3999 2383 4055 fuisse
2421 4019 2435 4054 :
2465 4001 2606 4070 quod
2638 4014 2759 4054 cum
2787 3999 2992 4055 calculo
3011 4014 3108 4054 suo
3129 4001 3420 4069 probarent

1859 4092 2195 4162 Origenistzc,
2219 4092 2345 4146 nulli
2367 4107 2471 4146 non
2500 4091 2843 4146 manifestum
2875 4089 2997 4156 fuit,
3039 4107 3199 4161 quam
3236 4107 3419 4161 prom-

1858 4193 2009 4254 ptum
2033 4184 2101 4239 iis
2126 4193 2270 4238 esset
2289 4199 2318 4237 a
2340 4183 2563 4253 probata
2597 4183 2851 4238 Ecclesiae
2875 4183 3118 4238 doctrina
3147 4185 3417 4241 recedere.

1858 4274 1987 4330 Post
2020 4276 2229 4345 aliquot
2261 4289 2433 4330 annos
2470 4273 2711 4344 pontifex
2757 4271 3030 4330 Romanus
3068 4285 3284 4332 creatur
3320 4275 3420 4332 Pe-

1859 4366 2028 4439 lagius
2050 4366 2338 4430 secundus,
2369 4368 2520 4437 cujus
2559 4370 2624 4423 de
2640 4365 2871 4437 Origene
2896 4367 3250 4437 Origenisque
3271 4383 3419 4424 secta

1857 4456 2164 4525 opinionem
2198 4455 2456 4525 patefacit
2479 4457 2708 4522 nomine
2732 4457 2899 4526 ipsius
2923 4457 3128 4525 scripta
3164 4473 3193 4510 a
3215 4458 3420 4527 Grego-

1857 4547 1940 4601 rio
1973 4545 2218 4602 Romano
2243 4545 2419 4601 adhuc
2447 4547 2710 4614 diacono,
2749 4548 3088 4617 postmodum
3124 4563 3255 4603 vero
3286 4563 3417 4618 pom

184 4644 373 4714 quique
410 4645 450 4700 ii
500 4643 604 4712 ipsi
651 4652 798 4711 sunt,
849 4658 984 4712 quos
1017 4641 1259 4714 epistolae
1310 4659 1420 4699 sua:
1447 4644 1516 4699 ad
1547 4643 1753 4701 Menam
1787 4639 1833 4696 D
1862 4635 2024 4703 tiﬂce,
2057 4637 2306 4707 epistola.
2357 4637 2447 4692 Sic
2496 4637 2585 4692 ille
2617 4652 2744 4707 ergo
2796 4637 2969 4694 Ellam
3017 4638 3418 4706 Aquileiensem

182 4736 281 4805 iam
309 4747 439 4794 ante
493 4735 834 4791 Justinianus
875 4736 1243 4792 subtexuerat.
1279 4735 1476 4791 l-lorum
1529 4736 1658 4790 fides
1686 4736 1758 4790 sit

184 4844 338 4897 penes
363 4828 764 4898 Nicephorum,
794 4826 1145 4894 levissimum,
1173 4837 1229 4882 ut
1253 4826 1362 4896 jam
1399 4837 1522 4882 ante
1551 4827 1757 4881 monui-

184 4937 319 4989 mus,
344 4931 402 4976 et
438 4919 658 4975 futilem
681 4916 1008 4973 Graeculum.
1041 4919 1316 4974 Cedrenus
1340 4927 1518 4972 autem
1549 4917 1758 4972 litteras

184 5014 394 5070 exhibet
430 5026 559 5082 quae
613 5025 645 5064 a
684 5009 986 5067 Justiniano
1033 5011 1097 5066 ad
1128 5010 1388 5082 synodum
1417 5016 1604 5064 contra
1632 5007 1754 5063 Ori-

181 5117 362 5172 genem
389 5105 580 5160 missae
602 5109 761 5165 sunt,
785 5117 1011 5170 quarum
1032 5102 1300 5159 sententia
1331 5103 1444 5156 ham
1472 5111 1588 5156 est:
1615 5117 1751 5155 com-

179 5203 386 5258 pertmn
419 5193 631 5247 habere
663 5205 723 5246 se
765 5193 1058 5248 monachos
1087 5207 1205 5248 esse
1235 5190 1604 5260 Jerosolymis,
1661 5193 1752 5261 qui

179 5281 530 5352 Pythagorae,
563 5280 804 5336 Platonis
841 5291 898 5336 et
949 5282 1192 5352 Origenis
1223 5295 1435 5335 errores
1475 5289 1750 5346 tueantur,

179 5388 278 5440 qua
328 5375 400 5430 de
457 5391 525 5430 re
573 5373 924 5443 quaerendum
958 5373 1286 5435 decrevisse.
1335 5372 1468 5426 Tum
1506 5376 1752 5443 dogmata

177 5460 414 5532 ipsorum
458 5463 675 5532 aliquot
725 5471 1004 5528 recenset,
1049 5462 1177 5517 illud
1225 5461 1560 5530 potissimum
1608 5463 1749 5531 quod

177 5549 290 5607 istis
321 5554 569 5608 maxime
590 5552 926 5620 temporibus
956 5553 1266 5608 ventilatum
1292 5552 1666 5606 adnotavimus
1687 5553 1762 5606 de.

177 5644 482 5698 animarum
512 5640 879 5714 προῦπάρξει,
911 5643 1048 5698 inter
1069 5659 1200 5714 quas
1223 5644 1398 5697 anima
1423 5642 1537 5697 sola
1554 5642 1752 5698 Christi

178 5746 329 5786 suum
349 5733 606 5788 ordinem
636 5733 854 5788 immuta
881 5731 1142 5799 tenuerit;
1163 5732 1302 5801 quod
1326 5747 1389 5785 cx
1415 5730 1732 5801 Pythagora:

180 5833 230 5874 ct
255 5823 488 5889 Plotini,
519 5838 582 5876 ac
615 5825 880 5894 praecipue
925 5823 1160 5879 Platonis
1192 5823 1640 5880 somniationibus
1686 5822 1752 5874 ab

156 5911 409 5992 ‘Origcnc
439 5915 769 5973 translatum
794 5915 1124 5974 demonstrat
1153 5933 1166 5972 :
1201 5915 1544 5979 quamobrem
1567 5914 1752 5971 Patres

1856 4729 2196 4799 episcopum,
2223 4729 2465 4799 aliosque
2500 4729 2872 4784 schismaticos
2902 4728 3073 4785 Istrize
3107 4731 3421 4801 episcOpos,

1853 4828 1908 4874 et
1962 4821 2062 4876 tria
2109 4829 2510 4891 propugnantes
2562 4820 2796 4890 capitula
2841 4821 3175 4892 alloquitur:
3217 4840 3236 4874 ι
3275 4821 3412 4887 Quid

1854 4926 2087 4982 namque
2119 4912 2170 4966 in
2202 4911 2578 4967 haeresiarchis
2615 4911 2856 4980 Origene
2877 4915 3138 4980 deterius,
3185 4923 3251 4968 et-
3287 4913 3418 4982 quid

1855 5002 1908 5056 in
1939 5002 2385 5072 historiographis
2409 5003 2634 5056 inveniri
2660 5002 2894 5058 Eusebio
2924 5005 3294 5060 honorabilius
3321 5019 3419 5074 po-

1858 5091 2000 5146 test?
2031 5091 2096 5146 Et
2117 5092 2238 5162 quis
2265 5103 2508 5147 nostrum
2538 5095 2746 5149 nesciat
2787 5095 2840 5148 in
2875 5095 3026 5150 libris
3049 5097 3162 5152 suis
3195 5097 3418 5166 quantis

1859 5183 2142 5254 Origenem
2189 5183 2451 5239 Eusebius
2508 5184 2794 5253 prmeoniis
2841 5184 3082 5239 attollat?
3138 5187 3242 5241 Sed
3291 5185 3416 5255 quia

1859 5281 2041 5329 sancta
2073 5273 2312 5328 Ecclesia
2365 5286 2583 5327 suorum
2618 5273 2853 5328 ﬁdelium
2902 5275 3062 5329 corda
3111 5273 3414 5342 benignius,

1857 5380 2016 5434 quam
2050 5363 2210 5420 verba
2243 5364 2549 5420 districtius
2589 5374 2803 5435 pensat,
2834 5373 2889 5420 et
2926 5365 3045 5433 plus
3067 5365 3118 5419 in
3151 5366 3431 5420 haereticis,

1855 5472 2074 5512 sensum
2103 5456 2401 5526 proprium,
2427 5471 2586 5529 quam
2637 5456 2850 5512 testatio
2879 5455 3090 5510 Eusebii
3132 5455 3412 5512 absolvere

1855 5548 2057 5618 potuit;
2085 5541 2184 5602 nec
2205 5562 2418 5602 rursum
2450 5547 2736 5602 Eusebium
2768 5547 2970 5603 laudati
2993 5547 3239 5618 Origenis
3261 5547 3414 5618 culpa

1858 5641 2149 5698 damnavit.
2178 5642 2372 5698 Annon
2402 5647 2458 5694 et
2499 5638 3006 5711 Gregorius-Nysae
3035 5639 3181 5695 urbis
3204 5640 3414 5709 episco~

1858 5749 1977 5802 pus,
2017 5749 2140 5788 cum
2196 5733 2478 5788 Canticum
2527 5734 2864 5789 canticorum
2911 5731 3148 5800 exponit,
3209 5730 3414 5798 magnis

1857 5818 2142 5888 Origenem
2172 5820 2416 5876 laudibus
2445 5820 2706 5890 praefert?
2739 5821 2929 5874 Annon
2979 5829 3033 5874 et
3059 5818 3431 5890 Hieronymus.

1861 5922 2055 5970 nostra:
2077 5913 2331 5973 Ecclesia:
2358 5917 2666 5991 presbyter,»
2687 5913 3038 5988 etgsinsularis
3060 5910 3272 5970 llebrmi
3293 5927 3404 5972 set-
