  <div class='ocr_page' id='page_1' title='image "/cluster/home/n/w/nwhite01/storage/ocr_20150623/17/hvd.32044051719607/599.png"; bbox 0 0 3952 6524; ppageno 0'>
   <div class='ocr_carea' id='block_1_1' title="bbox 491 430 652 524">
    <p class='ocr_par' dir='ltr' id='par_1_1' title="bbox 491 430 652 524">
     <span class='ocr_line' id='line_1_1' title="bbox 491 430 652 524; baseline -0.006 -37"><span class='ocrx_word' id='word_1_1' title='bbox 491 430 652 524; x_wconf 53' lang='grc' dir='ltr'><strong>μηδ</strong></span> 
     </span>
    </p>
   </div>
   <div class='ocr_carea' id='block_1_2' title="bbox 1763 442 2442 526">
    <p class='ocr_par' dir='ltr' id='par_1_2' title="bbox 1763 442 2442 526">
     <span class='ocr_line' id='line_1_2' title="bbox 1763 442 2442 526; baseline 0.013 -29"><span class='ocrx_word' id='word_1_2' title='bbox 1763 442 1826 499; x_wconf 91' lang='lat' dir='ltr'><strong>P.</strong></span> <span class='ocrx_word' id='word_1_3' title='bbox 1865 443 2178 526; x_wconf 76' lang='lat' dir='ltr'><strong>DANlELlS</strong></span> <span class='ocrx_word' id='word_1_4' title='bbox 2210 449 2442 509; x_wconf 71' lang='lat' dir='ltr'><strong>unum</strong></span> 
     </span>
    </p>
   </div>
   <div class='ocr_carea' id='block_1_3' title="bbox 3607 463 3741 517">
    <p class='ocr_par' dir='ltr' id='par_1_3' title="bbox 3607 463 3741 517">
     <span class='ocr_line' id='line_1_3' title="bbox 3607 463 3741 517; baseline 0 -1"><span class='ocrx_word' id='word_1_5' title='bbox 3607 463 3741 517; x_wconf 72' lang='grc' dir='ltr'><strong>υἷε</strong></span> 
     </span>
    </p>
   </div>
   <div class='ocr_carea' id='block_1_4' title="bbox 506 523 3519 617">
    <p class='ocr_par' dir='ltr' id='par_1_4' title="bbox 506 523 3519 617">
     <span class='ocr_line' id='line_1_4' title="bbox 506 523 3519 617; baseline 0.01 -40"><span class='ocrx_word' id='word_1_6' title='bbox 506 538 686 582; x_wconf 88' lang='lat' dir='ltr'><strong>monts</strong></span> <span class='ocrx_word' id='word_1_7' title='bbox 719 523 985 593; x_wconf 85' lang='lat' dir='ltr'><strong>interpres</strong></span> <span class='ocrx_word' id='word_1_8' title='bbox 1021 533 1168 581; x_wconf 89' lang='lat' dir='ltr'><strong>tanto</strong></span> <span class='ocrx_word' id='word_1_9' title='bbox 1187 541 1314 598; x_wconf 88' lang='lat' dir='ltr'><strong>erga</strong></span> <span class='ocrx_word' id='word_1_10' title='bbox 1346 528 1633 600; x_wconf 89' lang='lat' dir='ltr'><strong>Origenem</strong></span> <span class='ocrx_word' id='word_1_11' title='bbox 1665 532 1850 590; x_wconf 80' lang='lat' dir='ltr'><strong>favore</strong></span> <span class='ocrx_word' id='word_1_12' title='bbox 1880 523 2061 594; x_wconf 87' lang='lat' dir='ltr'><strong>inten-</strong></span> <span class='ocrx_word' id='word_1_13' title='bbox 2091 545 2141 600; x_wconf 73' lang='grc' dir='ltr'><strong>Α</strong></span> <span class='ocrx_word' id='word_1_14' title='bbox 2167 539 2452 617; x_wconf 64' lang='lat' dir='ltr'><strong>Sol_:3_mihi</strong></span> <span class='ocrx_word' id='word_1_15' title='bbox 2481 545 2823 617; x_wconf 10' lang='lat' dir='ltr'><strong>casumilIepi</strong></span> <span class='ocrx_word' id='word_1_16' title='bbox 2853 547 3055 616; x_wconf 77' lang='grc' dir='ltr'><strong>ἀρχῶν</strong></span> <span class='ocrx_word' id='word_1_17' title='bbox 3079 549 3219 602; x_wconf 82' lang='lat' dir='ltr'><strong>dicta</strong></span> <span class='ocrx_word' id='word_1_18' title='bbox 3245 552 3519 608; x_wconf 78' lang='lat' dir='ltr'><strong>dederunt.</strong></span> 
     </span>
    </p>
   </div>
   <div class='ocr_carea' id='block_1_5' title="bbox 507 618 2064 692">
    <p class='ocr_par' dir='ltr' id='par_1_5' title="bbox 507 618 2064 692">
     <span class='ocr_line' id='line_1_5' title="bbox 507 618 2064 692; baseline 0.01 -21"><span class='ocrx_word' id='word_1_19' title='bbox 507 619 671 683; x_wconf 89' lang='lat' dir='ltr'><strong>ditur,</strong></span> <span class='ocrx_word' id='word_1_20' title='bbox 701 625 758 670; x_wconf 85' lang='grc' dir='ltr'><strong>ιιι</strong></span> <span class='ocrx_word' id='word_1_21' title='bbox 788 631 922 686; x_wconf 90' lang='lat' dir='ltr'><strong>pene</strong></span> <span class='ocrx_word' id='word_1_22' title='bbox 966 618 1258 689; x_wconf 88' lang='lat' dir='ltr'><strong>discipulus</strong></span> <span class='ocrx_word' id='word_1_23' title='bbox 1311 623 1426 692; x_wconf 85' lang='lat' dir='ltr'><strong>ejus</strong></span> <span class='ocrx_word' id='word_1_24' title='bbox 1473 639 1592 681; x_wconf 87' lang='lat' dir='ltr'><strong>esse</strong></span> <span class='ocrx_word' id='word_1_25' title='bbox 1636 626 1920 683; x_wconf 82' lang='lat' dir='ltr'><strong>videatur?</strong></span> <span class='ocrx_word' id='word_1_26' title='bbox 1957 631 2064 686; x_wconf 87' lang='lat' dir='ltr'><strong>Sed</strong></span> 
     </span>
    </p>
   </div>
   <div class='ocr_carea' id='block_1_6' title="bbox 505 706 2068 785">
    <p class='ocr_par' dir='ltr' id='par_1_6' title="bbox 505 706 2068 785">
     <span class='ocr_line' id='line_1_6' title="bbox 505 706 2068 785; baseline 0.013 -27"><span class='ocrx_word' id='word_1_27' title='bbox 505 706 629 773; x_wconf 72' lang='lat' dir='ltr'><strong>quia</strong></span> <span class='ocrx_word' id='word_1_28' title='bbox 652 706 768 774; x_wconf 84' lang='lat' dir='ltr'><strong>plus</strong></span> <span class='ocrx_word' id='word_1_29' title='bbox 790 723 950 763; x_wconf 86' lang='lat' dir='ltr'><strong>causa</strong></span> <span class='ocrx_word' id='word_1_30' title='bbox 980 723 1140 778; x_wconf 86' lang='lat' dir='ltr'><strong>quam</strong></span> <span class='ocrx_word' id='word_1_31' title='bbox 1161 713 1319 768; x_wconf 90' lang='lat' dir='ltr'><strong>verba</strong></span> <span class='ocrx_word' id='word_1_32' title='bbox 1353 717 1620 785; x_wconf 89' lang='lat' dir='ltr'><strong>pensanda</strong></span> <span class='ocrx_word' id='word_1_33' title='bbox 1646 727 1796 783; x_wconf 90' lang='lat' dir='ltr'><strong>sunt,</strong></span> <span class='ocrx_word' id='word_1_34' title='bbox 1828 735 1928 776; x_wconf 79' lang='lat' dir='ltr'><strong>nec</strong></span> <span class='ocrx_word' id='word_1_35' title='bbox 1949 721 2068 778; x_wconf 89' lang='lat' dir='ltr'><strong>istis</strong></span> 
     </span>
    </p>
   </div>
   <div class='ocr_carea' id='block_1_7' title="bbox 505 797 2064 882">
    <p class='ocr_par' dir='ltr' id='par_1_7' title="bbox 505 797 2064 882">
     <span class='ocr_line' id='line_1_7' title="bbox 505 797 2064 882; baseline 0.013 -31"><span class='ocrx_word' id='word_1_36' title='bbox 505 813 600 851; x_wconf 86' lang='lat' dir='ltr'><strong>sua</strong></span> <span class='ocrx_word' id='word_1_37' title='bbox 635 797 938 869; x_wconf 76' lang='lat' dir='ltr'><strong>benignitas</strong></span> <span class='ocrx_word' id='word_1_38' title='bbox 975 803 1177 867; x_wconf 81' lang='lat' dir='ltr'><strong>nocuit,</strong></span> <span class='ocrx_word' id='word_1_39' title='bbox 1209 819 1308 859; x_wconf 88' lang='lat' dir='ltr'><strong>nec</strong></span> <span class='ocrx_word' id='word_1_40' title='bbox 1332 805 1475 860; x_wconf 90' lang='lat' dir='ltr'><strong>illum</strong></span> <span class='ocrx_word' id='word_1_41' title='bbox 1507 823 1535 861; x_wconf 85' lang='lat' dir='ltr'><strong>a</strong></span> <span class='ocrx_word' id='word_1_42' title='bbox 1570 819 1721 864; x_wconf 90' lang='lat' dir='ltr'><strong>reatu</strong></span> <span class='ocrx_word' id='word_1_43' title='bbox 1747 814 1961 882; x_wconf 88' lang='lat' dir='ltr'><strong>proprio</strong></span> <span class='ocrx_word' id='word_1_44' title='bbox 1982 814 2064 870; x_wconf 86' lang='lat' dir='ltr'><strong>fa-</strong></span> 
     </span>
    </p>
   </div>
   <div class='ocr_carea' id='block_1_8' title="bbox 502 887 2066 977">
    <p class='ocr_par' dir='ltr' id='par_1_8' title="bbox 502 887 2066 977">
     <span class='ocr_line' id='line_1_8' title="bbox 502 887 2066 977; baseline 0.015 -39"><span class='ocrx_word' id='word_1_45' title='bbox 502 902 602 942; x_wconf 82' lang='lat' dir='ltr'><strong>vor</strong></span> <span class='ocrx_word' id='word_1_46' title='bbox 634 887 821 944; x_wconf 62' lang='lat' dir='ltr'><strong>alienae</strong></span> <span class='ocrx_word' id='word_1_47' title='bbox 855 892 1217 949; x_wconf 85' lang='lat' dir='ltr'><strong>attestationis</strong></span> <span class='ocrx_word' id='word_1_48' title='bbox 1241 898 1542 953; x_wconf 83' lang='lat' dir='ltr'><strong>excusavit.</strong></span> <span class='ocrx_word' id='word_1_49' title='bbox 1579 919 1597 953; x_wconf 70' lang='grc' dir='ltr'>ι</span> <span class='ocrx_word' id='word_1_50' title='bbox 1640 900 1799 957; x_wconf 87' lang='lat' dir='ltr'><strong>Certe</strong></span> <span class='ocrx_word' id='word_1_51' title='bbox 1836 905 1922 959; x_wconf 90' lang='lat' dir='ltr'><strong>hic</strong></span> <span class='ocrx_word' id='word_1_52' title='bbox 1951 907 2066 977; x_wconf 89' lang='lat' dir='ltr'><strong>ipse</strong></span> 
     </span>
    </p>
   </div>
   <div class='ocr_carea' id='block_1_9' title="bbox 501 976 2063 1057">
    <p class='ocr_par' dir='ltr' id='par_1_9' title="bbox 501 976 2063 1057">
     <span class='ocr_line' id='line_1_9' title="bbox 501 976 2063 1057; baseline 0.013 -23"><span class='ocrx_word' id='word_1_53' title='bbox 501 976 816 1048; x_wconf 78' lang='lat' dir='ltr'><strong>Gregorius,</strong></span> <span class='ocrx_word' id='word_1_54' title='bbox 852 998 973 1038; x_wconf 90' lang='lat' dir='ltr'><strong>cum</strong></span> <span class='ocrx_word' id='word_1_55' title='bbox 1008 997 1163 1041; x_wconf 81' lang='lat' dir='ltr'><strong>antea</strong></span> <span class='ocrx_word' id='word_1_56' title='bbox 1187 990 1524 1057; x_wconf 86' lang='lat' dir='ltr'><strong>apocrisiarii</strong></span> <span class='ocrx_word' id='word_1_57' title='bbox 1554 1007 1777 1050; x_wconf 88' lang='lat' dir='ltr'><strong>munere</strong></span> <span class='ocrx_word' id='word_1_58' title='bbox 1796 995 2063 1052; x_wconf 84' lang='lat' dir='ltr'><strong>Constan-</strong></span> 
     </span>
    </p>
   </div>
   <div class='ocr_carea' id='block_1_10' title="bbox 503 1070 2066 1159">
    <p class='ocr_par' dir='ltr' id='par_1_10' title="bbox 503 1070 2066 1159">
     <span class='ocr_line' id='line_1_10' title="bbox 503 1070 2066 1159; baseline 0.014 -36"><span class='ocrx_word' id='word_1_59' title='bbox 503 1070 723 1142; x_wconf 90' lang='lat' dir='ltr'><strong>tinopoli</strong></span> <span class='ocrx_word' id='word_1_60' title='bbox 771 1074 1108 1147; x_wconf 81' lang='lat' dir='ltr'><strong>fungeretur,</strong></span> <span class='ocrx_word' id='word_1_61' title='bbox 1161 1083 1442 1136; x_wconf 83' lang='lat' dir='ltr'><strong>adversum</strong></span> <span class='ocrx_word' id='word_1_62' title='bbox 1497 1086 1896 1142; x_wconf 80' lang='lat' dir='ltr'><strong>sanctissimum</strong></span> <span class='ocrx_word' id='word_1_63' title='bbox 1937 1104 2066 1159; x_wconf 62' lang='lat' dir='ltr'><strong>prae-</strong></span> 
     </span>
    </p>
   </div>
   <div class='ocr_carea' id='block_1_11' title="bbox 499 1161 2067 1241">
    <p class='ocr_par' dir='ltr' id='par_1_11' title="bbox 499 1161 2067 1241">
     <span class='ocr_line' id='line_1_11' title="bbox 499 1161 2067 1241; baseline 0.013 -27"><span class='ocrx_word' id='word_1_64' title='bbox 499 1161 670 1216; x_wconf 90' lang='lat' dir='ltr'><strong>sulem</strong></span> <span class='ocrx_word' id='word_1_65' title='bbox 721 1161 1070 1236; x_wconf 87' lang='lat' dir='ltr'><strong>Eutychium,</strong></span> <span class='ocrx_word' id='word_1_66' title='bbox 1106 1167 1355 1241; x_wconf 85' lang='lat' dir='ltr'><strong>Origenis</strong></span> <span class='ocrx_word' id='word_1_67' title='bbox 1400 1174 1698 1229; x_wconf 87' lang='lat' dir='ltr'><strong>doctrinam</strong></span> <span class='ocrx_word' id='word_1_68' title='bbox 1738 1177 1803 1231; x_wconf 85' lang='lat' dir='ltr'><strong>de</strong></span> <span class='ocrx_word' id='word_1_69' title='bbox 1832 1193 2067 1235; x_wconf 83' lang='lat' dir='ltr'><strong>resurre-</strong></span> 
     </span>
    </p>
   </div>
   <div class='ocr_carea' id='block_1_12' title="bbox 497 1253 2064 1325">
    <p class='ocr_par' dir='ltr' id='par_1_12' title="bbox 497 1253 2064 1325">
     <span class='ocr_line' id='line_1_12' title="bbox 497 1253 2064 1325; baseline 0.013 -21"><span class='ocrx_word' id='word_1_70' title='bbox 497 1253 680 1308; x_wconf 88' lang='lat' dir='ltr'><strong>ctione</strong></span> <span class='ocrx_word' id='word_1_71' title='bbox 713 1263 950 1312; x_wconf 86' lang='lat' dir='ltr'><strong>tuentem</strong></span> <span class='ocrx_word' id='word_1_72' title='bbox 985 1259 1161 1315; x_wconf 80' lang='lat' dir='ltr'><strong>fuerat</strong></span> <span class='ocrx_word' id='word_1_73' title='bbox 1191 1263 1437 1318; x_wconf 79' lang='lat' dir='ltr'><strong>velitatus</strong></span> <span class='ocrx_word' id='word_1_74' title='bbox 1473 1282 1486 1319; x_wconf 91' lang='lat'><strong>:</strong></span> <span class='ocrx_word' id='word_1_75' title='bbox 1525 1266 1778 1321; x_wconf 79' lang='lat' dir='ltr'><strong>docuerat</strong></span> <span class='ocrx_word' id='word_1_76' title='bbox 1805 1269 1946 1323; x_wconf 91' lang='lat' dir='ltr'><strong>cnim</strong></span> <span class='ocrx_word' id='word_1_77' title='bbox 1971 1270 2064 1325; x_wconf 89' lang='lat' dir='ltr'><strong>bo—</strong></span> 
     </span>
    </p>
   </div>
   <div class='ocr_carea' id='block_1_13' title="bbox 497 1343 2064 1422">
    <p class='ocr_par' dir='ltr' id='par_1_13' title="bbox 497 1343 2064 1422">
     <span class='ocr_line' id='line_1_13' title="bbox 497 1343 2064 1422; baseline 0.013 -27"><span class='ocrx_word' id='word_1_78' title='bbox 497 1357 599 1396; x_wconf 89' lang='lat' dir='ltr'><strong>nus</strong></span> <span class='ocrx_word' id='word_1_79' title='bbox 637 1343 727 1398; x_wconf 91' lang='lat' dir='ltr'><strong>ille</strong></span> <span class='ocrx_word' id='word_1_80' title='bbox 763 1347 875 1413; x_wconf 87' lang='lat' dir='ltr'><strong>vir,</strong></span> <span class='ocrx_word' id='word_1_81' title='bbox 900 1356 1367 1422; x_wconf 64' lang='lat' dir='ltr'><strong>corpusfnostrum</strong></span> <span class='ocrx_word' id='word_1_82' title='bbox 1390 1353 1445 1408; x_wconf 93' lang='lat' dir='ltr'><strong>in</strong></span> <span class='ocrx_word' id='word_1_83' title='bbox 1477 1359 1868 1412; x_wconf 89' lang='lat' dir='ltr'><strong>resurrectione</strong></span> <span class='ocrx_word' id='word_1_84' title='bbox 1888 1361 2064 1415; x_wconf 87' lang='lat' dir='ltr'><strong>mani-</strong></span> 
     </span>
    </p>
   </div>
   <div class='ocr_carea' id='block_1_14' title="bbox 495 1433 2061 1514">
    <p class='ocr_par' dir='ltr' id='par_1_14' title="bbox 495 1433 2061 1514">
     <span class='ocr_line' id='line_1_14' title="bbox 495 1433 2061 1514; baseline 0.016 -28"><span class='ocrx_word' id='word_1_85' title='bbox 495 1433 598 1488; x_wconf 90' lang='lat' dir='ltr'><strong>bus</strong></span> <span class='ocrx_word' id='word_1_86' title='bbox 615 1437 756 1507; x_wconf 82' lang='lat' dir='ltr'><strong>tangi</strong></span> <span class='ocrx_word' id='word_1_87' title='bbox 783 1453 886 1494; x_wconf 92' lang='lat' dir='ltr'><strong>non</strong></span> <span class='ocrx_word' id='word_1_88' title='bbox 911 1456 1090 1510; x_wconf 86' lang='lat' dir='ltr'><strong>posse,</strong></span> <span class='ocrx_word' id='word_1_89' title='bbox 1115 1446 1393 1514; x_wconf 90' lang='lat' dir='ltr'><strong>ventisque</strong></span> <span class='ocrx_word' id='word_1_90' title='bbox 1421 1457 1474 1502; x_wconf 91' lang='lat' dir='ltr'><strong>et</strong></span> <span class='ocrx_word' id='word_1_91' title='bbox 1505 1463 1629 1503; x_wconf 89' lang='lat' dir='ltr'><strong>aere</strong></span> <span class='ocrx_word' id='word_1_92' title='bbox 1655 1465 1775 1505; x_wconf 91' lang='lat' dir='ltr'><strong>esse</strong></span> <span class='ocrx_word' id='word_1_93' title='bbox 1793 1452 2061 1510; x_wconf 89' lang='lat' dir='ltr'><strong>subtilius.</strong></span> 
     </span>
    </p>
   </div>
   <div class='ocr_carea' id='block_1_15' title="bbox 496 1523 2064 1600">
    <p class='ocr_par' dir='ltr' id='par_1_15' title="bbox 496 1523 2064 1600">
     <span class='ocr_line' id='line_1_15' title="bbox 496 1523 2064 1600; baseline 0.015 -24"><span class='ocrx_word' id='word_1_94' title='bbox 496 1523 885 1583; x_wconf 81' lang='lat' dir='ltr'><strong>Renascentetu</strong></span> <span class='ocrx_word' id='word_1_95' title='bbox 921 1546 1184 1598; x_wconf 90' lang='lat' dir='ltr'><strong>errorem,</strong></span> <span class='ocrx_word' id='word_1_96' title='bbox 1212 1537 1305 1590; x_wconf 88' lang='lat' dir='ltr'><strong>sed</strong></span> <span class='ocrx_word' id='word_1_97' title='bbox 1331 1537 1417 1591; x_wconf 79' lang='lat' dir='ltr'><strong>vix</strong></span> <span class='ocrx_word' id='word_1_98' title='bbox 1447 1539 1542 1593; x_wconf 88' lang='lat' dir='ltr'><strong>ulli</strong></span> <span class='ocrx_word' id='word_1_99' title='bbox 1574 1551 1749 1595; x_wconf 88' lang='lat' dir='ltr'><strong>tamen</strong></span> <span class='ocrx_word' id='word_1_100' title='bbox 1779 1541 1934 1598; x_wconf 90' lang='lat' dir='ltr'><strong>hisin</strong></span> <span class='ocrx_word' id='word_1_101' title='bbox 1952 1545 2064 1600; x_wconf 91' lang='lat' dir='ltr'><strong>oris</strong></span> 
     </span>
    </p>
   </div>
   <div class='ocr_carea' id='block_1_16' title="bbox 495 1617 2065 1705">
    <p class='ocr_par' dir='ltr' id='par_1_16' title="bbox 495 1617 2065 1705">
     <span class='ocr_line' id='line_1_16' title="bbox 495 1617 2065 1705; baseline 0.013 -36"><span class='ocrx_word' id='word_1_102' title='bbox 495 1617 774 1683; x_wconf 87' lang='lat' dir='ltr'><strong>probatum</strong></span> <span class='ocrx_word' id='word_1_103' title='bbox 799 1619 1090 1689; x_wconf 78' lang='lat' dir='ltr'><strong>Gregorius</strong></span> <span class='ocrx_word' id='word_1_104' title='bbox 1112 1628 1370 1693; x_wconf 86' lang='lat' dir='ltr'><strong>coercuit,</strong></span> <span class='ocrx_word' id='word_1_105' title='bbox 1393 1644 1620 1699; x_wconf 89' lang='lat' dir='ltr'><strong>eumque</strong></span> <span class='ocrx_word' id='word_1_106' title='bbox 1648 1632 1883 1688; x_wconf 88' lang='lat' dir='ltr'><strong>moriens</strong></span> <span class='ocrx_word' id='word_1_107' title='bbox 1900 1633 2065 1705; x_wconf 89' lang='lat' dir='ltr'><strong>Euty-</strong></span> 
     </span>
    </p>
   </div>
   <div class='ocr_carea' id='block_1_17' title="bbox 495 1705 2056 1794">
    <p class='ocr_par' dir='ltr' id='par_1_17' title="bbox 495 1705 2056 1794">
     <span class='ocr_line' id='line_1_17' title="bbox 495 1705 2056 1794; baseline 0.014 -34"><span class='ocrx_word' id='word_1_108' title='bbox 495 1705 649 1760; x_wconf 85' lang='lat' dir='ltr'><strong>chius</strong></span> <span class='ocrx_word' id='word_1_109' title='bbox 689 1711 980 1774; x_wconf 80' lang='lat' dir='ltr'><strong>revocavit,</strong></span> <span class='ocrx_word' id='word_1_110' title='bbox 1015 1727 1135 1766; x_wconf 92' lang='lat' dir='ltr'><strong>cum</strong></span> <span class='ocrx_word' id='word_1_111' title='bbox 1186 1713 1380 1770; x_wconf 88' lang='lat' dir='ltr'><strong>librum</strong></span> <span class='ocrx_word' id='word_1_112' title='bbox 1412 1717 1579 1788; x_wconf 87' lang='lat' dir='ltr'><strong>ipsius</strong></span> <span class='ocrx_word' id='word_1_113' title='bbox 1621 1720 1866 1780; x_wconf 85' lang='lat' dir='ltr'><strong>Tiberius</strong></span> <span class='ocrx_word' id='word_1_114' title='bbox 1892 1725 2056 1794; x_wconf 80' lang='lat' dir='ltr'><strong>impe-</strong></span> 
     </span>
    </p>
   </div>
   <div class='ocr_carea' id='block_1_18' title="bbox 494 1794 2061 1881">
    <p class='ocr_par' dir='ltr' id='par_1_18' title="bbox 494 1794 2061 1881">
     <span class='ocr_line' id='line_1_18' title="bbox 494 1794 2061 1881; baseline 0.016 -36"><span class='ocrx_word' id='word_1_115' title='bbox 494 1803 645 1848; x_wconf 85' lang='lat' dir='ltr'><strong>ratur</strong></span> <span class='ocrx_word' id='word_1_116' title='bbox 671 1794 903 1853; x_wconf 78' lang='lat' dir='ltr'><strong>flammis</strong></span> <span class='ocrx_word' id='word_1_117' title='bbox 933 1799 1151 1869; x_wconf 89' lang='lat' dir='ltr'><strong>dignum</strong></span> <span class='ocrx_word' id='word_1_118' title='bbox 1185 1801 1497 1870; x_wconf 75' lang='lat' dir='ltr'><strong>iudicasset.</strong></span> <span class='ocrx_word' id='word_1_119' title='bbox 1523 1807 1635 1864; x_wconf 87' lang='lat' dir='ltr'><strong>Hac</strong></span> <span class='ocrx_word' id='word_1_120' title='bbox 1657 1826 1870 1881; x_wconf 90' lang='lat' dir='ltr'><strong>quoque</strong></span> <span class='ocrx_word' id='word_1_121' title='bbox 1897 1814 2061 1870; x_wconf 90' lang='lat' dir='ltr'><strong>circi-</strong></span> 
     </span>
    </p>
   </div>
   <div class='ocr_carea' id='block_1_19' title="bbox 2236 610 3324 686">
    <p class='ocr_par' dir='ltr' id='par_1_19' title="bbox 2236 610 3324 686">
     <span class='ocr_line' id='line_1_19' title="bbox 2236 610 3324 686; baseline 0.008 -21"><span class='ocrx_word' id='word_1_122' title='bbox 2236 610 2338 667; x_wconf 79' lang='lat' dir='ltr'><strong>His</strong></span> <span class='ocrx_word' id='word_1_123' title='bbox 2361 630 2443 667; x_wconf 89' lang='lat' dir='ltr'><strong>me</strong></span> <span class='ocrx_word' id='word_1_124' title='bbox 2470 614 2702 670; x_wconf 74' lang='lat' dir='ltr'><strong>collectis</strong></span> <span class='ocrx_word' id='word_1_125' title='bbox 2723 610 2907 684; x_wconf 70' lang='grc' dir='ltr'><em>αἱρετᾶ</em></span> <span class='ocrx_word' id='word_1_126' title='bbox 2929 610 3044 672; x_wconf 72' lang='grc' dir='ltr'><strong>’ἱεια</strong></span> <span class='ocrx_word' id='word_1_127' title='bbox 3069 631 3324 686; x_wconf 79' lang='lat' dir='ltr'><strong>premunt.</strong></span> 
     </span>
    </p>
   </div>
   <div class='ocr_carea' id='block_1_20' title="bbox 2233 703 3739 784">
    <p class='ocr_par' dir='ltr' id='par_1_20' title="bbox 2233 703 3739 784">
     <span class='ocr_line' id='line_1_20' title="bbox 2233 703 3739 784; baseline 0.008 -27"><span class='ocrx_word' id='word_1_128' title='bbox 2233 703 2388 759; x_wconf 85' lang='lat' dir='ltr'><strong>Anno</strong></span> <span class='ocrx_word' id='word_1_129' title='bbox 2413 703 2536 768; x_wconf 77' lang='grc'><strong>649,</strong></span> <span class='ocrx_word' id='word_1_130' title='bbox 2565 706 2789 774; x_wconf 88' lang='lat' dir='ltr'><strong>primam</strong></span> <span class='ocrx_word' id='word_1_131' title='bbox 2820 707 3082 778; x_wconf 86' lang='lat' dir='ltr'><strong>synodum</strong></span> <span class='ocrx_word' id='word_1_132' title='bbox 3106 709 3529 767; x_wconf 84' lang='lat' dir='ltr'><strong>Lateranensem</strong></span> <span class='ocrx_word' id='word_1_133' title='bbox 3559 716 3739 784; x_wconf 67' lang='lat' dir='ltr'><strong>coegit</strong></span> 
     </span>
    </p>
   </div>
   <div class='ocr_carea' id='block_1_21' title="bbox 2165 791 3742 871">
    <p class='ocr_par' dir='ltr' id='par_1_21' title="bbox 2165 791 3742 871">
     <span class='ocr_line' id='line_1_21' title="bbox 2165 791 3742 871; baseline 0.008 -25"><span class='ocrx_word' id='word_1_134' title='bbox 2165 791 2422 848; x_wconf 80' lang='lat' dir='ltr'><strong>Martinus</strong></span> <span class='ocrx_word' id='word_1_135' title='bbox 2454 794 2691 864; x_wconf 79' lang='lat' dir='ltr'><strong>pontifex</strong></span> <span class='ocrx_word' id='word_1_136' title='bbox 2721 797 2788 852; x_wconf 87' lang='lat' dir='ltr'><strong>ad</strong></span> <span class='ocrx_word' id='word_1_137' title='bbox 2819 796 3163 854; x_wconf 87' lang='lat' dir='ltr'><strong>Constantini</strong></span> <span class='ocrx_word' id='word_1_138' title='bbox 3196 801 3537 869; x_wconf 85' lang='lat' dir='ltr'><strong>imperatoris</strong></span> <span class='ocrx_word' id='word_1_139' title='bbox 3553 803 3742 871; x_wconf 73' lang='lat' dir='ltr'><strong>explo-</strong></span> 
     </span>
    </p>
   </div>
   <div class='ocr_carea' id='block_1_22' title="bbox 2165 884 3738 961">
    <p class='ocr_par' dir='ltr' id='par_1_22' title="bbox 2165 884 3738 961">
     <span class='ocr_line' id='line_1_22' title="bbox 2165 884 3738 961; baseline 0.008 -22"><span class='ocrx_word' id='word_1_140' title='bbox 2165 884 2396 939; x_wconf 92' lang='lat' dir='ltr'><strong>dendum</strong></span> <span class='ocrx_word' id='word_1_141' title='bbox 2451 895 2655 957; x_wconf 87' lang='lat' dir='ltr'><strong>typum,</strong></span> <span class='ocrx_word' id='word_1_142' title='bbox 2684 897 2738 941; x_wconf 91' lang='lat' dir='ltr'><strong>et</strong></span> <span class='ocrx_word' id='word_1_143' title='bbox 2785 892 2938 946; x_wconf 86' lang='lat' dir='ltr'><strong>novis</strong></span> <span class='ocrx_word' id='word_1_144' title='bbox 2969 905 3033 946; x_wconf 92' lang='lat' dir='ltr'><strong>ac</strong></span> <span class='ocrx_word' id='word_1_145' title='bbox 3078 893 3320 961; x_wconf 89' lang='lat' dir='ltr'><strong>repetitis</strong></span> <span class='ocrx_word' id='word_1_146' title='bbox 3371 895 3738 954; x_wconf 78' lang='lat' dir='ltr'><strong>anathematis</strong></span> 
     </span>
    </p>
   </div>
   <div class='ocr_carea' id='block_1_23' title="bbox 2164 976 3739 1053">
    <p class='ocr_par' dir='ltr' id='par_1_23' title="bbox 2164 976 3739 1053">
     <span class='ocr_line' id='line_1_23' title="bbox 2164 976 3739 1053; baseline 0.008 -23"><span class='ocrx_word' id='word_1_147' title='bbox 2164 977 2515 1046; x_wconf 88' lang='lat' dir='ltr'><strong>proterendos</strong></span> <span class='ocrx_word' id='word_1_148' title='bbox 2557 976 2824 1050; x_wconf 78' lang='lat' dir='ltr'><strong>Sergium,</strong></span> <span class='ocrx_word' id='word_1_149' title='bbox 2871 981 3134 1053; x_wconf 88' lang='lat' dir='ltr'><strong>Pyrrhum</strong></span> <span class='ocrx_word' id='word_1_150' title='bbox 3169 999 3232 1039; x_wconf 89' lang='lat' dir='ltr'><strong>ac</strong></span> <span class='ocrx_word' id='word_1_151' title='bbox 3276 983 3501 1039; x_wconf 87' lang='lat' dir='ltr'><strong>Paulum</strong></span> <span class='ocrx_word' id='word_1_152' title='bbox 3542 985 3739 1042; x_wconf 72' lang='lat' dir='ltr'><strong>Mono-</strong></span> 
     </span>
    </p>
   </div>
   <div class='ocr_carea' id='block_1_24' title="bbox 2164 1066 3740 1147">
    <p class='ocr_par' dir='ltr' id='par_1_24' title="bbox 2164 1066 3740 1147">
     <span class='ocr_line' id='line_1_24' title="bbox 2164 1066 3740 1147; baseline 0.007 -26"><span class='ocrx_word' id='word_1_153' title='bbox 2164 1067 2398 1123; x_wconf 88' lang='lat' dir='ltr'><strong>thelitas.</strong></span> <span class='ocrx_word' id='word_1_154' title='bbox 2420 1066 2680 1137; x_wconf 76' lang='lat' dir='ltr'><strong>Origenes</strong></span> <span class='ocrx_word' id='word_1_155' title='bbox 2703 1071 2754 1126; x_wconf 92' lang='lat' dir='ltr'><strong>in</strong></span> <span class='ocrx_word' id='word_1_156' title='bbox 2778 1087 2841 1128; x_wconf 90' lang='lat' dir='ltr'><strong>ea</strong></span> <span class='ocrx_word' id='word_1_157' title='bbox 2869 1088 2992 1128; x_wconf 94' lang='lat' dir='ltr'><strong>cum</strong></span> <span class='ocrx_word' id='word_1_158' title='bbox 3021 1076 3134 1128; x_wconf 84' lang='lat' dir='ltr'><strong>suis</strong></span> <span class='ocrx_word' id='word_1_159' title='bbox 3150 1074 3468 1144; x_wconf 88' lang='lat' dir='ltr'><strong>sequacibus</strong></span> <span class='ocrx_word' id='word_1_160' title='bbox 3509 1075 3740 1147; x_wconf 77' lang='lat' dir='ltr'><strong>Didyme</strong></span> 
     </span>
    </p>
   </div>
   <div class='ocr_carea' id='block_1_25' title="bbox 2163 1159 3742 1232">
    <p class='ocr_par' dir='ltr' id='par_1_25' title="bbox 2163 1159 3742 1232">
     <span class='ocr_line' id='line_1_25' title="bbox 2163 1159 3742 1232; baseline 0.008 -21"><span class='ocrx_word' id='word_1_161' title='bbox 2163 1167 2218 1212; x_wconf 90' lang='lat' dir='ltr'><strong>et</strong></span> <span class='ocrx_word' id='word_1_162' title='bbox 2249 1159 2475 1230; x_wconf 86' lang='lat' dir='ltr'><strong>Evagrio</strong></span> <span class='ocrx_word' id='word_1_163' title='bbox 2502 1160 2570 1215; x_wconf 89' lang='lat' dir='ltr'><strong>ab</strong></span> <span class='ocrx_word' id='word_1_164' title='bbox 2608 1162 2848 1218; x_wconf 87' lang='lat' dir='ltr'><strong>Ecclesia</strong></span> <span class='ocrx_word' id='word_1_165' title='bbox 2880 1166 3254 1232; x_wconf 91' lang='lat' dir='ltr'><strong>proscribitur.</strong></span> <span class='ocrx_word' id='word_1_166' title='bbox 3293 1165 3518 1222; x_wconf 83' lang='lat' dir='ltr'><strong>Favisse</strong></span> <span class='ocrx_word' id='word_1_167' title='bbox 3573 1183 3742 1224; x_wconf 79' lang='lat' dir='ltr'><strong>econ-</strong></span> 
     </span>
    </p>
   </div>
   <div class='ocr_carea' id='block_1_26' title="bbox 2164 1250 3740 1324">
    <p class='ocr_par' dir='ltr' id='par_1_26' title="bbox 2164 1250 3740 1324">
     <span class='ocr_line' id='line_1_26' title="bbox 2164 1250 3740 1324; baseline 0.008 -23"><span class='ocrx_word' id='word_1_168' title='bbox 2164 1250 2328 1304; x_wconf 90' lang='lat' dir='ltr'><strong>trario</strong></span> <span class='ocrx_word' id='word_1_169' title='bbox 2367 1251 2580 1306; x_wconf 87' lang='lat' dir='ltr'><strong>videtur</strong></span> <span class='ocrx_word' id='word_1_170' title='bbox 2621 1252 2832 1324; x_wconf 79' lang='lat' dir='ltr'><strong>Origeni</strong></span> <span class='ocrx_word' id='word_1_171' title='bbox 2855 1255 3160 1324; x_wconf 83' lang='lat' dir='ltr'><strong>Stephanus</strong></span> <span class='ocrx_word' id='word_1_172' title='bbox 3177 1255 3418 1313; x_wconf 86' lang='lat' dir='ltr'><strong>Gobarus</strong></span> <span class='ocrx_word' id='word_1_173' title='bbox 3444 1257 3740 1324; x_wconf 82' lang='lat' dir='ltr'><strong>Tritbeita,</strong></span> 
     </span>
    </p>
   </div>
   <div class='ocr_carea' id='block_1_27' title="bbox 2165 1341 3737 1418">
    <p class='ocr_par' dir='ltr' id='par_1_27' title="bbox 2165 1341 3737 1418">
     <span class='ocr_line' id='line_1_27' title="bbox 2165 1341 3737 1418; baseline 0.008 -28"><span class='ocrx_word' id='word_1_174' title='bbox 2165 1345 2222 1391; x_wconf 90' lang='lat' dir='ltr'><strong>ut</strong></span> <span class='ocrx_word' id='word_1_175' title='bbox 2256 1353 2322 1393; x_wconf 87' lang='lat' dir='ltr'><strong>ex</strong></span> <span class='ocrx_word' id='word_1_176' title='bbox 2351 1341 2523 1396; x_wconf 60' lang='lat' dir='ltr'><strong>(betii</strong></span> <span class='ocrx_word' id='word_1_177' title='bbox 2542 1341 2726 1398; x_wconf 85' lang='lat' dir='ltr'><strong>codice</strong></span> <span class='ocrx_word' id='word_1_178' title='bbox 2744 1357 2974 1410; x_wconf 77' lang='lat' dir='ltr'><strong>:cxxxtt,</strong></span> <span class='ocrx_word' id='word_1_179' title='bbox 3007 1345 3272 1414; x_wconf 86' lang='lat' dir='ltr'><strong>conjicere</strong></span> <span class='ocrx_word' id='word_1_180' title='bbox 3291 1360 3604 1418; x_wconf 88' lang='lat' dir='ltr'><strong>promptum</strong></span> <span class='ocrx_word' id='word_1_181' title='bbox 3631 1362 3737 1412; x_wconf 85' lang='lat' dir='ltr'><strong>est;</strong></span> 
     </span>
    </p>
   </div>
   <div class='ocr_carea' id='block_1_28' title="bbox 2162 1429 3738 1509">
    <p class='ocr_par' dir='ltr' id='par_1_28' title="bbox 2162 1429 3738 1509">
     <span class='ocr_line' id='line_1_28' title="bbox 2162 1429 3738 1509; baseline 0.008 -26"><span class='ocrx_word' id='word_1_182' title='bbox 2162 1429 2418 1501; x_wconf 83' lang='lat' dir='ltr'><strong>pleraque</strong></span> <span class='ocrx_word' id='word_1_183' title='bbox 2441 1433 2703 1502; x_wconf 87' lang='lat' dir='ltr'><strong>siquidem</strong></span> <span class='ocrx_word' id='word_1_184' title='bbox 2727 1436 2895 1505; x_wconf 88' lang='lat' dir='ltr'><strong>ipsius</strong></span> <span class='ocrx_word' id='word_1_185' title='bbox 2919 1437 3165 1507; x_wconf 69' lang='lat' dir='ltr'><strong>dogmata</strong></span> <span class='ocrx_word' id='word_1_186' title='bbox 3191 1439 3425 1494; x_wconf 78' lang='lat' dir='ltr'><strong>maxime</strong></span> <span class='ocrx_word' id='word_1_187' title='bbox 3445 1442 3738 1509; x_wconf 84' lang='lat' dir='ltr'><strong>reprobata</strong></span> 
     </span>
    </p>
   </div>
   <div class='ocr_carea' id='block_1_29' title="bbox 2162 1522 3742 1601">
    <p class='ocr_par' dir='ltr' id='par_1_29' title="bbox 2162 1522 3742 1601">
     <span class='ocr_line' id='line_1_29' title="bbox 2162 1522 3742 1601; baseline 0.008 -27"><span class='ocrx_word' id='word_1_188' title='bbox 2162 1522 2216 1574; x_wconf 92' lang='lat' dir='ltr'><strong>in</strong></span> <span class='ocrx_word' id='word_1_189' title='bbox 2267 1533 2555 1593; x_wconf 86' lang='lat' dir='ltr'><strong>utramque</strong></span> <span class='ocrx_word' id='word_1_190' title='bbox 2599 1525 2893 1593; x_wconf 82' lang='lat' dir='ltr'><strong>disputavit</strong></span> <span class='ocrx_word' id='word_1_191' title='bbox 2954 1538 3196 1597; x_wconf 80' lang='lat' dir='ltr'><strong>partem,</strong></span> <span class='ocrx_word' id='word_1_192' title='bbox 3249 1533 3577 1585; x_wconf 81' lang='lat' dir='ltr'><strong>sententiam</strong></span> <span class='ocrx_word' id='word_1_193' title='bbox 3631 1535 3742 1601; x_wconf 78' lang='lat' dir='ltr'><strong>ipse</strong></span> 
     </span>
    </p>
   </div>
   <div class='ocr_carea' id='block_1_30' title="bbox 2161 1613 3741 1691">
    <p class='ocr_par' dir='ltr' id='par_1_30' title="bbox 2161 1613 3741 1691">
     <span class='ocr_line' id='line_1_30' title="bbox 2161 1613 3741 1691; baseline 0.008 -25"><span class='ocrx_word' id='word_1_194' title='bbox 2161 1627 2312 1668; x_wconf 83' lang='lat' dir='ltr'><strong>suam</strong></span> <span class='ocrx_word' id='word_1_195' title='bbox 2366 1613 2596 1671; x_wconf 84' lang='lat' dir='ltr'><strong>fortasse</strong></span> <span class='ocrx_word' id='word_1_196' title='bbox 2650 1619 2752 1672; x_wconf 89' lang='lat' dir='ltr'><strong>hac</strong></span> <span class='ocrx_word' id='word_1_197' title='bbox 2789 1631 2906 1673; x_wconf 90' lang='lat' dir='ltr'><strong>arte</strong></span> <span class='ocrx_word' id='word_1_198' title='bbox 2959 1620 3266 1687; x_wconf 86' lang='lat' dir='ltr'><strong>occultans;</strong></span> <span class='ocrx_word' id='word_1_199' title='bbox 3323 1623 3741 1691; x_wconf 58' lang='lat' dir='ltr'><strong>praecipuosque</strong></span> 
     </span>
    </p>
   </div>
   <div class='ocr_carea' id='block_1_31' title="bbox 2160 1700 3738 1772">
    <p class='ocr_par' dir='ltr' id='par_1_31' title="bbox 2160 1700 3738 1772">
     <span class='ocr_line' id='line_1_31' title="bbox 2160 1700 3738 1772; baseline 0.006 -16"><span class='ocrx_word' id='word_1_200' title='bbox 2160 1700 2406 1772; x_wconf 80' lang='lat' dir='ltr'><strong>Origenis</strong></span> <span class='ocrx_word' id='word_1_201' title='bbox 2455 1703 2768 1768; x_wconf 63' lang='lat' dir='ltr'><strong>,laudatores</strong></span> <span class='ocrx_word' id='word_1_202' title='bbox 2845 1709 3302 1763; x_wconf 86' lang='lat' dir='ltr'><strong>commemoravit.</strong></span> <span class='ocrx_word' id='word_1_203' title='bbox 3373 1710 3529 1764; x_wconf 90' lang='lat' dir='ltr'><strong>Vixit</strong></span> <span class='ocrx_word' id='word_1_204' title='bbox 3598 1713 3738 1765; x_wconf 84' lang='lat' dir='ltr'><strong>circa</strong></span> 
     </span>
    </p>
   </div>
   <div class='ocr_carea' id='block_1_32' title="bbox 2141 1795 3742 1874">
    <p class='ocr_par' dir='ltr' id='par_1_32' title="bbox 2141 1795 3742 1874">
     <span class='ocr_line' id='line_1_32' title="bbox 2141 1795 3742 1874; baseline 0.007 -26"><span class='ocrx_word' id='word_1_205' title='bbox 2141 1805 2362 1849; x_wconf 83' lang='lat' dir='ltr'><strong>‘annum</strong></span> <span class='ocrx_word' id='word_1_206' title='bbox 2415 1795 2541 1862; x_wconf 76' lang='lat'><strong>720,</strong></span> <span class='ocrx_word' id='word_1_207' title='bbox 2577 1797 2876 1855; x_wconf 89' lang='lat' dir='ltr'><strong>Germanus</strong></span> <span class='ocrx_word' id='word_1_208' title='bbox 2909 1800 3215 1870; x_wconf 88' lang='lat' dir='ltr'><strong>patriarcha</strong></span> <span class='ocrx_word' id='word_1_209' title='bbox 3243 1800 3742 1874; x_wconf 83' lang='lat' dir='ltr'><strong>Constantinopoli-</strong></span> 
     </span>
    </p>
   </div>
   <div class='ocr_carea' id='block_1_33' title="bbox 497 1887 2053 1963">
    <p class='ocr_par' dir='ltr' id='par_1_33' title="bbox 497 1887 2053 1963">
     <span class='ocr_line' id='line_1_33' title="bbox 497 1887 2053 1963; baseline 0.017 -28"><span class='ocrx_word' id='word_1_210' title='bbox 497 1889 578 1936; x_wconf 90' lang='lat' dir='ltr'><strong>ter</strong></span> <span class='ocrx_word' id='word_1_211' title='bbox 611 1892 930 1954; x_wconf 88' lang='lat' dir='ltr'><strong>tempestate</strong></span> <span class='ocrx_word' id='word_1_212' title='bbox 959 1887 1216 1946; x_wconf 86' lang='lat' dir='ltr'><strong>Leontius</strong></span> <span class='ocrx_word' id='word_1_213' title='bbox 1245 1892 1552 1963; x_wconf 85' lang='lat' dir='ltr'><strong>Byzantius,</strong></span> <span class='ocrx_word' id='word_1_214' title='bbox 1579 1913 1607 1952; x_wconf 93' lang='lat' dir='ltr'><strong>a</strong></span> <span class='ocrx_word' id='word_1_215' title='bbox 1639 1899 1864 1958; x_wconf 86' lang='lat' dir='ltr'><strong>Leontio</strong></span> <span class='ocrx_word' id='word_1_216' title='bbox 1890 1903 2053 1962; x_wconf 90' lang='lat' dir='ltr'><strong>altero</strong></span> 
     </span>
    </p>
   </div>
   <div class='ocr_carea' id='block_1_34' title="bbox 2154 1887 3740 1963">
    <p class='ocr_par' dir='ltr' id='par_1_34' title="bbox 2158 1889 3740 1961">
     <span class='ocr_line' id='line_1_34' title="bbox 2158 1889 3740 1961; baseline 0.009 -21"><span class='ocrx_word' id='word_1_217' title='bbox 2158 1893 2334 1953; x_wconf 85' lang='lat' dir='ltr'><strong>tanus,</strong></span> <span class='ocrx_word' id='word_1_218' title='bbox 2359 1890 2449 1957; x_wconf 91' lang='lat' dir='ltr'><strong>qui</strong></span> <span class='ocrx_word' id='word_1_219' title='bbox 2483 1901 2680 1958; x_wconf 60' lang='lat' dir='ltr'><strong>prater</strong></span> <span class='ocrx_word' id='word_1_220' title='bbox 2708 1889 2810 1944; x_wconf 89' lang='lat' dir='ltr'><strong>alia</strong></span> <span class='ocrx_word' id='word_1_221' title='bbox 2844 1891 3101 1961; x_wconf 90' lang='lat' dir='ltr'><strong>opuscula</strong></span> <span class='ocrx_word' id='word_1_222' title='bbox 3127 1893 3584 1960; x_wconf 80' lang='grc' dir='ltr'><strong>ἀνταποδοτικόν,</strong></span> <span class='ocrx_word' id='word_1_223' title='bbox 3630 1900 3740 1955; x_wconf 77' lang='lat' dir='ltr'><strong>sive</strong></span> 
     </span>
    </p>
   </div>
   <div class='ocr_carea' id='block_1_35' title="bbox 495 1974 2058 2058">
    <p class='ocr_par' dir='ltr' id='par_1_35' title="bbox 495 1974 2058 2058">
     <span class='ocr_line' id='line_1_35' title="bbox 495 1974 2058 2058; baseline 0.017 -31"><span class='ocrx_word' id='word_1_224' title='bbox 495 1974 814 2044; x_wconf 80' lang='lat' dir='ltr'><strong>Byzantina,</strong></span> <span class='ocrx_word' id='word_1_225' title='bbox 843 1979 978 2044; x_wconf 86' lang='lat' dir='ltr'><strong>sive,</strong></span> <span class='ocrx_word' id='word_1_226' title='bbox 1016 1981 1166 2050; x_wconf 88' lang='lat' dir='ltr'><strong>juxta</strong></span> <span class='ocrx_word' id='word_1_227' title='bbox 1193 1982 1346 2050; x_wconf 87' lang='lat' dir='ltr'><strong>alios,</strong></span> <span class='ocrx_word' id='word_1_228' title='bbox 1377 1985 1652 2058; x_wconf 84' lang='lat' dir='ltr'><strong>Byzaceno</strong></span> <span class='ocrx_word' id='word_1_229' title='bbox 1677 1996 1938 2051; x_wconf 89' lang='lat' dir='ltr'><strong>monacho</strong></span> <span class='ocrx_word' id='word_1_230' title='bbox 1963 2012 2058 2053; x_wconf 88' lang='lat' dir='ltr'><strong>su-</strong></span> 
     </span>
    </p>
   </div>
   <div class='ocr_carea' id='block_1_36' title="bbox 493 2064 2056 2156">
    <p class='ocr_par' dir='ltr' id='par_1_36' title="bbox 493 2064 2056 2156">
     <span class='ocr_line' id='line_1_36' title="bbox 493 2064 2056 2156; baseline 0.019 -40"><span class='ocrx_word' id='word_1_231' title='bbox 493 2080 590 2134; x_wconf 88' lang='lat' dir='ltr'><strong>pra</strong></span> <span class='ocrx_word' id='word_1_232' title='bbox 623 2081 1041 2127; x_wconf 88' lang='lat' dir='ltr'><strong>commemorato</strong></span> <span class='ocrx_word' id='word_1_233' title='bbox 1081 2073 1343 2145; x_wconf 88' lang='lat' dir='ltr'><strong>diversus,</strong></span> <span class='ocrx_word' id='word_1_234' title='bbox 1370 2064 1656 2152; x_wconf 73' lang='lat' dir='ltr'><strong>Origeném</strong></span> <span class='ocrx_word' id='word_1_235' title='bbox 1685 2087 1900 2156; x_wconf 91' lang='lat' dir='ltr'><strong>scriptis</strong></span> <span class='ocrx_word' id='word_1_236' title='bbox 1925 2104 2056 2145; x_wconf 85' lang='lat' dir='ltr'><strong>acu-</strong></span> 
     </span>
    </p>
   </div>
   <div class='ocr_carea' id='block_1_37' title="bbox 493 2155 954 2216">
    <p class='ocr_par' dir='ltr' id='par_1_37' title="bbox 493 2155 954 2216">
     <span class='ocr_line' id='line_1_37' title="bbox 493 2155 954 2216; baseline 0.017 -8"><span class='ocrx_word' id='word_1_237' title='bbox 493 2157 648 2210; x_wconf 89' lang='lat' dir='ltr'><strong>leatis</strong></span> <span class='ocrx_word' id='word_1_238' title='bbox 680 2155 954 2216; x_wconf 87' lang='lat' dir='ltr'><strong>laceravit.</strong></span> 
     </span>
    </p>
   </div>
   <div class='ocr_carea' id='block_1_38' title="bbox 563 2287 2050 2380">
    <p class='ocr_par' dir='ltr' id='par_1_38' title="bbox 563 2287 2050 2380">
     <span class='ocr_line' id='line_1_38' title="bbox 563 2287 2050 2380; baseline 0.017 -38"><span class='ocrx_word' id='word_1_239' title='bbox 563 2287 727 2344; x_wconf 77' lang='lat' dir='ltr'><strong>XVII.</strong></span> <span class='ocrx_word' id='word_1_240' title='bbox 757 2291 832 2346; x_wconf 86' lang='lat' dir='ltr'><strong>Ex</strong></span> <span class='ocrx_word' id='word_1_241' title='bbox 860 2308 924 2350; x_wconf 91' lang='lat' dir='ltr'><strong>eo</strong></span> <span class='ocrx_word' id='word_1_242' title='bbox 950 2292 1274 2366; x_wconf 81' lang='lat' dir='ltr'><strong>Origeuismi</strong></span> <span class='ocrx_word' id='word_1_243' title='bbox 1303 2301 1503 2358; x_wconf 88' lang='lat' dir='ltr'><strong>invidia</strong></span> <span class='ocrx_word' id='word_1_244' title='bbox 1529 2306 1742 2375; x_wconf 89' lang='lat' dir='ltr'><strong>paulum</strong></span> <span class='ocrx_word' id='word_1_245' title='bbox 1769 2311 2050 2380; x_wconf 83' lang='lat' dir='ltr'><strong>obsolevit,</strong></span> 
     </span>
    </p>
   </div>
   <div class='ocr_carea' id='block_1_39' title="bbox 468 2367 2048 2472">
    <p class='ocr_par' dir='ltr' id='par_1_39' title="bbox 468 2367 2048 2472">
     <span class='ocr_line' id='line_1_39' title="bbox 468 2367 2048 2472; baseline 0.017 -37"><span class='ocrx_word' id='word_1_246' title='bbox 468 2367 602 2436; x_wconf 29' lang='lat' dir='ltr'><strong>onec</strong></span> <span class='ocrx_word' id='word_1_247' title='bbox 635 2384 829 2440; x_wconf 90' lang='lat' dir='ltr'><strong>multos</strong></span> <span class='ocrx_word' id='word_1_248' title='bbox 858 2402 1087 2456; x_wconf 90' lang='lat' dir='ltr'><strong>sequens</strong></span> <span class='ocrx_word' id='word_1_249' title='bbox 1115 2401 1246 2447; x_wconf 73' lang='lat' dir='ltr'><strong>mtas</strong></span> <span class='ocrx_word' id='word_1_250' title='bbox 1287 2394 1385 2463; x_wconf 90' lang='lat' dir='ltr'><strong>ipsi</strong></span> <span class='ocrx_word' id='word_1_251' title='bbox 1421 2395 1663 2456; x_wconf 84' lang='lat' dir='ltr'><strong>infensos</strong></span> <span class='ocrx_word' id='word_1_252' title='bbox 1690 2401 1827 2456; x_wconf 89' lang='lat' dir='ltr'><strong>tulit.</strong></span> <span class='ocrx_word' id='word_1_253' title='bbox 1874 2404 2048 2472; x_wconf 79' lang='lat' dir='ltr'><strong>Auno,</strong></span> 
     </span>
    </p>
   </div>
   <div class='ocr_carea' id='block_1_40' title="bbox 487 2479 2048 2563">
    <p class='ocr_par' dir='ltr' id='par_1_40' title="bbox 487 2479 2048 2563">
     <span class='ocr_line' id='line_1_40' title="bbox 487 2479 2048 2563; baseline 0.015 -36"><span class='ocrx_word' id='word_1_254' title='bbox 487 2483 774 2545; x_wconf 87' lang='lat' dir='ltr'><strong>postquam</strong></span> <span class='ocrx_word' id='word_1_255' title='bbox 798 2479 1032 2547; x_wconf 82' lang='lat' dir='ltr'><strong>synodus</strong></span> <span class='ocrx_word' id='word_1_256' title='bbox 1060 2483 1244 2550; x_wconf 89' lang='lat' dir='ltr'><strong>quinta</strong></span> <span class='ocrx_word' id='word_1_257' title='bbox 1264 2485 1534 2542; x_wconf 89' lang='lat' dir='ltr'><strong>celebrata</strong></span> <span class='ocrx_word' id='word_1_258' title='bbox 1556 2500 1660 2556; x_wconf 91' lang='lat' dir='ltr'><strong>est,</strong></span> <span class='ocrx_word' id='word_1_259' title='bbox 1693 2496 2048 2563; x_wconf 85' lang='lat' dir='ltr'><strong>octogesimo,</strong></span> 
     </span>
    </p>
   </div>
   <div class='ocr_carea' id='block_1_41' title="bbox 490 2561 2048 2653">
    <p class='ocr_par' dir='ltr' id='par_1_41' title="bbox 490 2561 2048 2653">
     <span class='ocr_line' id='line_1_41' title="bbox 490 2561 2048 2653; baseline 0.016 -38"><span class='ocrx_word' id='word_1_260' title='bbox 490 2561 828 2631; x_wconf 89' lang='lat' dir='ltr'><strong>Sophronius</strong></span> <span class='ocrx_word' id='word_1_261' title='bbox 883 2567 1366 2640; x_wconf 82' lang='lat' dir='ltr'><strong>Jerosolymilanus</strong></span> <span class='ocrx_word' id='word_1_262' title='bbox 1431 2579 1624 2644; x_wconf 53' lang='lat' dir='ltr'><strong>praesul</strong></span> <span class='ocrx_word' id='word_1_263' title='bbox 1677 2581 1743 2635; x_wconf 89' lang='lat' dir='ltr'><strong>ad</strong></span> <span class='ocrx_word' id='word_1_264' title='bbox 1805 2561 2048 2653; x_wconf 71' lang='lat' dir='ltr'><strong>Sergium</strong></span> 
     </span>
    </p>
   </div>
   <div class='ocr_carea' id='block_1_42' title="bbox 487 2655 2051 2746">
    <p class='ocr_par' dir='ltr' id='par_1_42' title="bbox 487 2655 2051 2746">
     <span class='ocr_line' id='line_1_42' title="bbox 487 2655 2051 2746; baseline 0.016 -38"><span class='ocrx_word' id='word_1_265' title='bbox 487 2655 1146 2727; x_wconf 83' lang='lat' dir='ltr'><strong>Constantinopolitanum</strong></span> <span class='ocrx_word' id='word_1_266' title='bbox 1176 2666 1538 2732; x_wconf 87' lang='lat' dir='ltr'><strong>patriarcham</strong></span> <span class='ocrx_word' id='word_1_267' title='bbox 1573 2673 1882 2746; x_wconf 87' lang='lat' dir='ltr'><strong>synodicam</strong></span> <span class='ocrx_word' id='word_1_268' title='bbox 1915 2677 2051 2734; x_wconf 80' lang='lat' dir='ltr'><strong>scri-</strong></span> 
     </span>
    </p>
   </div>
   <div class='ocr_carea' id='block_1_43' title="bbox 485 2747 2051 2834">
    <p class='ocr_par' dir='ltr' id='par_1_43' title="bbox 485 2747 2051 2834">
     <span class='ocr_line' id='line_1_43' title="bbox 485 2747 2051 2834; baseline 0.017 -34"><span class='ocrx_word' id='word_1_269' title='bbox 485 2747 624 2802; x_wconf 91' lang='lat' dir='ltr'><strong>bens</strong></span> <span class='ocrx_word' id='word_1_270' title='bbox 643 2749 948 2818; x_wconf 87' lang='lat' dir='ltr'><strong>epistolam,</strong></span> <span class='ocrx_word' id='word_1_271' title='bbox 973 2769 1091 2823; x_wconf 69' lang='lat' dir='ltr'><strong>quae</strong></span> <span class='ocrx_word' id='word_1_272' title='bbox 1131 2767 1214 2810; x_wconf 90' lang='lat' dir='ltr'><strong>est</strong></span> <span class='ocrx_word' id='word_1_273' title='bbox 1247 2759 1408 2812; x_wconf 91' lang='lat' dir='ltr'><strong>veluti</strong></span> <span class='ocrx_word' id='word_1_274' title='bbox 1442 2761 1706 2830; x_wconf 85' lang='lat' dir='ltr'><strong>professio</strong></span> <span class='ocrx_word' id='word_1_275' title='bbox 1735 2765 1880 2834; x_wconf 81' lang='lat' dir='ltr'><strong>ﬁdei,</strong></span> <span class='ocrx_word' id='word_1_276' title='bbox 1911 2769 2051 2827; x_wconf 92' lang='lat' dir='ltr'><strong>inter</strong></span> 
     </span>
    </p>
   </div>
   <div class='ocr_carea' id='block_1_44' title="bbox 487 2838 2050 2924">
    <p class='ocr_par' dir='ltr' id='par_1_44' title="bbox 487 2838 2050 2924">
     <span class='ocr_line' id='line_1_44' title="bbox 487 2838 2050 2924; baseline 0.017 -31"><span class='ocrx_word' id='word_1_277' title='bbox 487 2838 628 2896; x_wconf 83' lang='lat' dir='ltr'><strong>alios</strong></span> <span class='ocrx_word' id='word_1_278' title='bbox 651 2841 1026 2900; x_wconf 69' lang='lat' dir='ltr'><strong>haereticorum</strong></span> <span class='ocrx_word' id='word_1_279' title='bbox 1071 2863 1284 2904; x_wconf 91' lang='lat' dir='ltr'><strong>errores</strong></span> <span class='ocrx_word' id='word_1_280' title='bbox 1303 2853 1571 2924; x_wconf 64' lang='lat' dir='ltr'><strong>praecipua</strong></span> <span class='ocrx_word' id='word_1_281' title='bbox 1603 2870 1888 2916; x_wconf 89' lang='lat' dir='ltr'><strong>enumerat</strong></span> <span class='ocrx_word' id='word_1_282' title='bbox 1927 2861 2050 2919; x_wconf 90' lang='lat' dir='ltr'><strong>Ori-</strong></span> 
     </span>
    </p>
   </div>
   <div class='ocr_carea' id='block_1_45' title="bbox 484 2931 2046 3026">
    <p class='ocr_par' dir='ltr' id='par_1_45' title="bbox 484 2931 2046 3026">
     <span class='ocr_line' id='line_1_45' title="bbox 484 2931 2046 3026; baseline 0.018 -43"><span class='ocrx_word' id='word_1_283' title='bbox 484 2931 640 3001; x_wconf 87' lang='lat' dir='ltr'><strong>geuis</strong></span> <span class='ocrx_word' id='word_1_284' title='bbox 676 2935 926 3006; x_wconf 83' lang='lat' dir='ltr'><strong>dogmata</strong></span> <span class='ocrx_word' id='word_1_285' title='bbox 975 2937 1097 2994; x_wconf 82' lang='lat' dir='ltr'><strong>ﬁdei</strong></span> <span class='ocrx_word' id='word_1_286' title='bbox 1144 2940 1467 3000; x_wconf 77' lang='lat' dir='ltr'><strong>Christiana:</strong></span> <span class='ocrx_word' id='word_1_287' title='bbox 1515 2951 1808 3018; x_wconf 89' lang='lat' dir='ltr'><strong>contraria,</strong></span> <span class='ocrx_word' id='word_1_288' title='bbox 1841 2963 1894 3008; x_wconf 91' lang='lat' dir='ltr'><strong>et</strong></span> <span class='ocrx_word' id='word_1_289' title='bbox 1923 2970 2046 3026; x_wconf 83' lang='lat' dir='ltr'><strong>gra-</strong></span> 
     </span>
    </p>
   </div>
   <div class='ocr_carea' id='block_1_46' title="bbox 487 3022 2047 3108">
    <p class='ocr_par' dir='ltr' id='par_1_46' title="bbox 487 3022 2047 3108">
     <span class='ocr_line' id='line_1_46' title="bbox 487 3022 2047 3108; baseline 0.017 -32"><span class='ocrx_word' id='word_1_290' title='bbox 487 3022 722 3080; x_wconf 88' lang='lat' dir='ltr'><strong>vissimis</strong></span> <span class='ocrx_word' id='word_1_291' title='bbox 763 3027 943 3082; x_wconf 88' lang='lat' dir='ltr'><strong>verbis</strong></span> <span class='ocrx_word' id='word_1_292' title='bbox 994 3030 1254 3098; x_wconf 87' lang='lat' dir='ltr'><strong>confutat,</strong></span> <span class='ocrx_word' id='word_1_293' title='bbox 1304 3037 1656 3108; x_wconf 88' lang='lat' dir='ltr'><strong>eumdemque</strong></span> <span class='ocrx_word' id='word_1_294' title='bbox 1707 3040 1761 3096; x_wconf 92' lang='lat' dir='ltr'><strong>iu</strong></span> <span class='ocrx_word' id='word_1_295' title='bbox 1818 3022 2047 3102; x_wconf 77' lang='lat' dir='ltr'><strong>concilio</strong></span> 
     </span>
    </p>
   </div>
   <div class='ocr_carea' id='block_1_47' title="bbox 483 3117 2036 3203">
    <p class='ocr_par' dir='ltr' id='par_1_47' title="bbox 483 3117 2036 3203">
     <span class='ocr_line' id='line_1_47' title="bbox 483 3117 2036 3203; baseline 0.014 -34"><span class='ocrx_word' id='word_1_296' title='bbox 483 3117 673 3186; x_wconf 91' lang='lat' dir='ltr'><strong>quinto</strong></span> <span class='ocrx_word' id='word_1_297' title='bbox 700 3120 1008 3177; x_wconf 90' lang='lat' dir='ltr'><strong>damnatum</strong></span> <span class='ocrx_word' id='word_1_298' title='bbox 1043 3123 1208 3180; x_wconf 86' lang='lat' dir='ltr'><strong>fuisse</strong></span> <span class='ocrx_word' id='word_1_299' title='bbox 1235 3141 1536 3197; x_wconf 87' lang='lat' dir='ltr'><strong>asseverat;</strong></span> <span class='ocrx_word' id='word_1_300' title='bbox 1567 3141 1676 3188; x_wconf 91' lang='lat' dir='ltr'><strong>tum</strong></span> <span class='ocrx_word' id='word_1_301' title='bbox 1695 3134 1866 3203; x_wconf 92' lang='lat' dir='ltr'><strong>ipsum</strong></span> <span class='ocrx_word' id='word_1_302' title='bbox 1891 3137 2036 3192; x_wconf 82' lang='lat' dir='ltr'><strong>dein-</strong></span> 
     </span>
    </p>
   </div>
   <div class='ocr_carea' id='block_1_48' title="bbox 483 3209 2117 3294">
    <p class='ocr_par' dir='ltr' id='par_1_48' title="bbox 483 3209 2117 3294">
     <span class='ocr_line' id='line_1_48' title="bbox 483 3209 2117 3294; baseline 0.014 -31"><span class='ocrx_word' id='word_1_303' title='bbox 483 3209 550 3263; x_wconf 91' lang='lat' dir='ltr'><strong>de</strong></span> <span class='ocrx_word' id='word_1_304' title='bbox 597 3225 720 3266; x_wconf 91' lang='lat' dir='ltr'><strong>cum</strong></span> <span class='ocrx_word' id='word_1_305' title='bbox 761 3215 1143 3282; x_wconf 83' lang='lat' dir='ltr'><strong>perditissimis</strong></span> <span class='ocrx_word' id='word_1_306' title='bbox 1169 3219 1438 3276; x_wconf 67' lang='lat' dir='ltr'><strong>haereticis</strong></span> <span class='ocrx_word' id='word_1_307' title='bbox 1483 3224 1730 3281; x_wconf 89' lang='lat' dir='ltr'><strong>collocat.</strong></span> <span class='ocrx_word' id='word_1_308' title='bbox 1755 3227 1938 3283; x_wconf 83' lang='lat' dir='ltr'><strong>Relata</strong></span> <span class='ocrx_word' id='word_1_309' title='bbox 1967 3235 2117 3294; x_wconf 85' lang='lat' dir='ltr'><strong>estC</strong></span> 
     </span>
    </p>
   </div>
   <div class='ocr_carea' id='block_1_49' title="bbox 481 3303 2046 3385">
    <p class='ocr_par' dir='ltr' id='par_1_49' title="bbox 481 3303 2046 3385">
     <span class='ocr_line' id='line_1_49' title="bbox 481 3303 2046 3385; baseline 0.013 -28"><span class='ocrx_word' id='word_1_310' title='bbox 481 3303 599 3358; x_wconf 59' lang='lat' dir='ltr'><strong>haec</strong></span> <span class='ocrx_word' id='word_1_311' title='bbox 633 3305 854 3374; x_wconf 88' lang='lat' dir='ltr'><strong>epistola</strong></span> <span class='ocrx_word' id='word_1_312' title='bbox 895 3307 1035 3364; x_wconf 90' lang='lat' dir='ltr'><strong>inter</strong></span> <span class='ocrx_word' id='word_1_313' title='bbox 1097 3311 1232 3366; x_wconf 79' lang='lat' dir='ltr'><strong>Acta</strong></span> <span class='ocrx_word' id='word_1_314' title='bbox 1282 3315 1469 3385; x_wconf 84' lang='lat' dir='ltr'><strong>synodi</strong></span> <span class='ocrx_word' id='word_1_315' title='bbox 1520 3326 1684 3373; x_wconf 77' lang='lat' dir='ltr'><strong>sexta:</strong></span> <span class='ocrx_word' id='word_1_316' title='bbox 1733 3322 1930 3376; x_wconf 89' lang='lat' dir='ltr'><strong>action.</strong></span> <span class='ocrx_word' id='word_1_317' title='bbox 1961 3325 2046 3379; x_wconf 82' lang='lat' dir='ltr'><strong>ll.</strong></span> 
     </span>
    </p>
   </div>
   <div class='ocr_carea' id='block_1_50' title="bbox 485 3393 2048 3479">
    <p class='ocr_par' dir='ltr' id='par_1_50' title="bbox 485 3393 2048 3479">
     <span class='ocr_line' id='line_1_50' title="bbox 485 3393 2048 3479; baseline 0.012 -30"><span class='ocrx_word' id='word_1_318' title='bbox 485 3393 691 3450; x_wconf 87' lang='lat' dir='ltr'><strong>Deinde</strong></span> <span class='ocrx_word' id='word_1_319' title='bbox 717 3399 928 3454; x_wconf 89' lang='lat' dir='ltr'><strong>actione</strong></span> <span class='ocrx_word' id='word_1_320' title='bbox 953 3401 1021 3455; x_wconf 87' lang='grc'><strong>17</strong></span> <span class='ocrx_word' id='word_1_321' title='bbox 1057 3412 1112 3456; x_wconf 90' lang='lat' dir='ltr'><strong>et</strong></span> <span class='ocrx_word' id='word_1_322' title='bbox 1147 3402 1236 3468; x_wconf 77' lang='lat'><strong>18,</strong></span> <span class='ocrx_word' id='word_1_323' title='bbox 1281 3404 1512 3460; x_wconf 89' lang='lat' dir='ltr'><strong>iteratur</strong></span> <span class='ocrx_word' id='word_1_324' title='bbox 1545 3409 1759 3465; x_wconf 87' lang='lat' dir='ltr'><strong>concilii</strong></span> <span class='ocrx_word' id='word_1_325' title='bbox 1787 3412 2048 3479; x_wconf 86' lang='lat' dir='ltr'><strong>dellnitio,</strong></span> 
     </span>
    </p>
   </div>
   <div class='ocr_carea' id='block_1_51' title="bbox 484 3483 2051 3573">
    <p class='ocr_par' dir='ltr' id='par_1_51' title="bbox 484 3483 2051 3573">
     <span class='ocr_line' id='line_1_51' title="bbox 484 3483 2051 3573; baseline 0.015 -35"><span class='ocrx_word' id='word_1_326' title='bbox 484 3483 538 3538; x_wconf 92' lang='lat' dir='ltr'><strong>in</strong></span> <span class='ocrx_word' id='word_1_327' title='bbox 570 3500 674 3555; x_wconf 90' lang='lat' dir='ltr'><strong>qua</strong></span> <span class='ocrx_word' id='word_1_328' title='bbox 712 3491 1011 3557; x_wconf 85' lang='lat' dir='ltr'><strong>probantur</strong></span> <span class='ocrx_word' id='word_1_329' title='bbox 1042 3502 1096 3547; x_wconf 89' lang='lat' dir='ltr'><strong>et</strong></span> <span class='ocrx_word' id='word_1_330' title='bbox 1147 3495 1540 3554; x_wconf 80' lang='lat' dir='ltr'><strong>confirmantur</strong></span> <span class='ocrx_word' id='word_1_331' title='bbox 1585 3500 1802 3558; x_wconf 91' lang='lat' dir='ltr'><strong>decreta</strong></span> <span class='ocrx_word' id='word_1_332' title='bbox 1851 3506 2051 3573; x_wconf 68' lang='lat' dir='ltr'><strong>quinta:</strong></span> 
     </span>
    </p>
   </div>
   <div class='ocr_carea' id='block_1_52' title="bbox 482 3576 2051 3652">
    <p class='ocr_par' dir='ltr' id='par_1_52' title="bbox 482 3576 2051 3652">
     <span class='ocr_line' id='line_1_52' title="bbox 482 3576 2051 3652; baseline 0.015 -24"><span class='ocrx_word' id='word_1_333' title='bbox 482 3576 702 3645; x_wconf 88' lang='lat' dir='ltr'><strong>synodi,</strong></span> <span class='ocrx_word' id='word_1_334' title='bbox 726 3594 845 3647; x_wconf 69' lang='lat' dir='ltr'><strong>qua:</strong></span> <span class='ocrx_word' id='word_1_335' title='bbox 874 3581 1109 3652; x_wconf 90' lang='lat' dir='ltr'><strong>synodus</strong></span> <span class='ocrx_word' id='word_1_336' title='bbox 1148 3584 1256 3638; x_wconf 92' lang='lat' dir='ltr'><strong>illic</strong></span> <span class='ocrx_word' id='word_1_337' title='bbox 1289 3585 1487 3642; x_wconf 91' lang='lat' dir='ltr'><strong>dicitur</strong></span> <span class='ocrx_word' id='word_1_338' title='bbox 1516 3592 1774 3648; x_wconf 90' lang='lat' dir='ltr'><strong>adversus</strong></span> <span class='ocrx_word' id='word_1_339' title='bbox 1805 3594 2051 3652; x_wconf 89' lang='lat' dir='ltr'><strong>Theodo-</strong></span> 
     </span>
    </p>
   </div>
   <div class='ocr_carea' id='block_1_53' title="bbox 483 3666 2050 3751">
    <p class='ocr_par' dir='ltr' id='par_1_53' title="bbox 483 3666 2050 3751">
     <span class='ocr_line' id='line_1_53' title="bbox 483 3666 2050 3751; baseline 0.017 -32"><span class='ocrx_word' id='word_1_340' title='bbox 483 3680 608 3720; x_wconf 77' lang='lat' dir='ltr'><strong>rum</strong></span> <span class='ocrx_word' id='word_1_341' title='bbox 637 3666 1094 3738; x_wconf 82' lang='lat' dir='ltr'><strong>Mopsuestenum,</strong></span> <span class='ocrx_word' id='word_1_342' title='bbox 1119 3673 1430 3744; x_wconf 74' lang='lat' dir='ltr'><strong>Origenem,</strong></span> <span class='ocrx_word' id='word_1_343' title='bbox 1464 3680 1743 3751; x_wconf 90' lang='lat' dir='ltr'><strong>Didymum</strong></span> <span class='ocrx_word' id='word_1_344' title='bbox 1801 3696 1856 3741; x_wconf 90' lang='lat' dir='ltr'><strong>et</strong></span> <span class='ocrx_word' id='word_1_345' title='bbox 1908 3687 2050 3744; x_wconf 80' lang='lat' dir='ltr'><strong>Eva-</strong></span> 
     </span>
    </p>
   </div>
   <div class='ocr_carea' id='block_1_54' title="bbox 481 3755 2050 3845">
    <p class='ocr_par' dir='ltr' id='par_1_54' title="bbox 481 3755 2050 3845">
     <span class='ocr_line' id='line_1_54' title="bbox 481 3755 2050 3845; baseline 0.02 -38"><span class='ocrx_word' id='word_1_346' title='bbox 481 3755 659 3823; x_wconf 86' lang='lat' dir='ltr'><strong>grium</strong></span> <span class='ocrx_word' id='word_1_347' title='bbox 705 3757 874 3815; x_wconf 73' lang='lat' dir='ltr'><strong>fuisse</strong></span> <span class='ocrx_word' id='word_1_348' title='bbox 905 3775 1250 3834; x_wconf 84' lang='lat' dir='ltr'><strong>congregata.</strong></span> <span class='ocrx_word' id='word_1_349' title='bbox 1281 3766 1337 3821; x_wconf 93' lang='lat' dir='ltr'><strong>ln</strong></span> <span class='ocrx_word' id='word_1_350' title='bbox 1367 3771 1556 3826; x_wconf 84' lang='lat' dir='ltr'><strong>eadem</strong></span> <span class='ocrx_word' id='word_1_351' title='bbox 1592 3778 1806 3834; x_wconf 90' lang='lat' dir='ltr'><strong>actione</strong></span> <span class='ocrx_word' id='word_1_352' title='bbox 1835 3778 1924 3845; x_wconf 84' lang='grc'><strong>18,</strong></span> <span class='ocrx_word' id='word_1_353' title='bbox 1956 3782 2050 3837; x_wconf 87' lang='lat' dir='ltr'><strong>ha—</strong></span> 
     </span>
    </p>
   </div>
   <div class='ocr_carea' id='block_1_55' title="bbox 478 3847 2052 3940">
    <p class='ocr_par' dir='ltr' id='par_1_55' title="bbox 478 3847 2052 3940">
     <span class='ocr_line' id='line_1_55' title="bbox 478 3847 2052 3940; baseline 0.018 -39"><span class='ocrx_word' id='word_1_354' title='bbox 478 3847 640 3902; x_wconf 89' lang='lat' dir='ltr'><strong>betur</strong></span> <span class='ocrx_word' id='word_1_355' title='bbox 664 3849 898 3905; x_wconf 90' lang='lat' dir='ltr'><strong>edictum</strong></span> <span class='ocrx_word' id='word_1_356' title='bbox 921 3853 1260 3911; x_wconf 88' lang='lat' dir='ltr'><strong>Constantini</strong></span> <span class='ocrx_word' id='word_1_357' title='bbox 1284 3859 1647 3930; x_wconf 89' lang='lat' dir='ltr'><strong>imperatoris,</strong></span> <span class='ocrx_word' id='word_1_358' title='bbox 1680 3867 1730 3922; x_wconf 93' lang='lat' dir='ltr'><strong>in</strong></span> <span class='ocrx_word' id='word_1_359' title='bbox 1753 3885 1858 3940; x_wconf 91' lang='lat' dir='ltr'><strong>qua</strong></span> <span class='ocrx_word' id='word_1_360' title='bbox 1877 3874 2052 3928; x_wconf 87' lang='lat' dir='ltr'><strong>susci-</strong></span> 
     </span>
    </p>
   </div>
   <div class='ocr_carea' id='block_1_56' title="bbox 478 3941 2049 4027">
    <p class='ocr_par' dir='ltr' id='par_1_56' title="bbox 478 3941 2049 4027">
     <span class='ocr_line' id='line_1_56' title="bbox 478 3941 2049 4027; baseline 0.017 -35"><span class='ocrx_word' id='word_1_361' title='bbox 478 3951 606 4008; x_wconf 86' lang='lat' dir='ltr'><strong>pere</strong></span> <span class='ocrx_word' id='word_1_362' title='bbox 627 3955 686 3996; x_wconf 88' lang='lat' dir='ltr'><strong>se</strong></span> <span class='ocrx_word' id='word_1_363' title='bbox 710 3941 1009 4012; x_wconf 89' lang='lat' dir='ltr'><strong>denuntiat,</strong></span> <span class='ocrx_word' id='word_1_364' title='bbox 1033 3964 1152 4018; x_wconf 76' lang='lat' dir='ltr'><strong>qua:</strong></span> <span class='ocrx_word' id='word_1_365' title='bbox 1180 3953 1363 4022; x_wconf 89' lang='lat' dir='ltr'><strong>quinta</strong></span> <span class='ocrx_word' id='word_1_366' title='bbox 1397 3958 1633 4027; x_wconf 87' lang='lat' dir='ltr'><strong>synodus</strong></span> <span class='ocrx_word' id='word_1_367' title='bbox 1661 3965 1839 4016; x_wconf 84' lang='lat' dir='ltr'><strong>sanxit</strong></span> <span class='ocrx_word' id='word_1_368' title='bbox 1867 3975 2049 4020; x_wconf 85' lang='lat' dir='ltr'><strong>contra</strong></span> 
     </span>
    </p>
   </div>
   <div class='ocr_carea' id='block_1_57' title="bbox 478 4031 2043 4125">
    <p class='ocr_par' dir='ltr' id='par_1_57' title="bbox 478 4031 2043 4125">
     <span class='ocr_line' id='line_1_57' title="bbox 478 4031 2043 4125; baseline 0.015 -39"><span class='ocrx_word' id='word_1_369' title='bbox 478 4031 577 4086; x_wconf 86' lang='lat' dir='ltr'><strong>Dei</strong></span> <span class='ocrx_word' id='word_1_370' title='bbox 601 4034 986 4105; x_wconf 79' lang='lat' dir='ltr'><strong>impugnntores</strong></span> <span class='ocrx_word' id='word_1_371' title='bbox 1013 4040 1311 4114; x_wconf 79' lang='lat' dir='ltr'><strong>Origeuem,</strong></span> <span class='ocrx_word' id='word_1_372' title='bbox 1347 4047 1625 4119; x_wconf 80' lang='lat' dir='ltr'><strong>Didymum</strong></span> <span class='ocrx_word' id='word_1_373' title='bbox 1655 4063 1701 4105; x_wconf 88' lang='lat' dir='ltr'><strong>et</strong></span> <span class='ocrx_word' id='word_1_374' title='bbox 1741 4053 2043 4125; x_wconf 78' lang='lat' dir='ltr'><strong>Evagrium.</strong></span> 
     </span>
    </p>
   </div>
   <div class='ocr_carea' id='block_1_58' title="bbox 478 4125 2044 4207">
    <p class='ocr_par' dir='ltr' id='par_1_58' title="bbox 478 4125 2044 4207">
     <span class='ocr_line' id='line_1_58' title="bbox 478 4125 2044 4207; baseline 0.017 -30"><span class='ocrx_word' id='word_1_375' title='bbox 478 4125 718 4196; x_wconf 83' lang='lat' dir='ltr'><strong>Denique</strong></span> <span class='ocrx_word' id='word_1_376' title='bbox 747 4127 942 4187; x_wconf 86' lang='lat' dir='ltr'><strong>Leonis</strong></span> <span class='ocrx_word' id='word_1_377' title='bbox 983 4132 1026 4186; x_wconf 90' lang='lat' dir='ltr'><strong>ll</strong></span> <span class='ocrx_word' id='word_1_378' title='bbox 1066 4150 1213 4204; x_wconf 77' lang='lat' dir='ltr'><strong>papa:</strong></span> <span class='ocrx_word' id='word_1_379' title='bbox 1245 4139 1522 4207; x_wconf 89' lang='lat' dir='ltr'><strong>epistolam</strong></span> <span class='ocrx_word' id='word_1_380' title='bbox 1547 4145 1610 4197; x_wconf 89' lang='lat' dir='ltr'><strong>ad</strong></span> <span class='ocrx_word' id='word_1_381' title='bbox 1638 4143 2044 4204; x_wconf 88' lang='lat' dir='ltr'><strong>Constantinum</strong></span> 
     </span>
    </p>
   </div>
   <div class='ocr_carea' id='block_1_59' title="bbox 477 4218 2048 4303">
    <p class='ocr_par' dir='ltr' id='par_1_59' title="bbox 477 4218 2048 4303">
     <span class='ocr_line' id='line_1_59' title="bbox 477 4218 2048 4303; baseline 0.018 -35"><span class='ocrx_word' id='word_1_382' title='bbox 477 4218 715 4283; x_wconf 82' lang='lat' dir='ltr'><strong>exhibet,</strong></span> <span class='ocrx_word' id='word_1_383' title='bbox 758 4221 810 4275; x_wconf 93' lang='lat' dir='ltr'><strong>in</strong></span> <span class='ocrx_word' id='word_1_384' title='bbox 841 4239 946 4292; x_wconf 87' lang='lat' dir='ltr'><strong>qua</strong></span> <span class='ocrx_word' id='word_1_385' title='bbox 975 4235 1089 4280; x_wconf 89' lang='lat' dir='ltr'><strong>rata</strong></span> <span class='ocrx_word' id='word_1_386' title='bbox 1137 4243 1257 4283; x_wconf 90' lang='lat' dir='ltr'><strong>esse</strong></span> <span class='ocrx_word' id='word_1_387' title='bbox 1301 4232 1500 4298; x_wconf 74' lang='lat' dir='ltr'><strong>iubens</strong></span> <span class='ocrx_word' id='word_1_388' title='bbox 1531 4249 1652 4303; x_wconf 68' lang='lat' dir='ltr'><strong>quae</strong></span> <span class='ocrx_word' id='word_1_389' title='bbox 1698 4240 2048 4296; x_wconf 73' lang='lat' dir='ltr'><strong>(ncuuienica:</strong></span> 
     </span>
    </p>
   </div>
   <div class='ocr_carea' id='block_1_60' title="bbox 478 4309 2044 4395">
    <p class='ocr_par' dir='ltr' id='par_1_60' title="bbox 478 4309 2044 4395">
     <span class='ocr_line' id='line_1_60' title="bbox 478 4309 2044 4395; baseline 0.016 -37"><span class='ocrx_word' id='word_1_390' title='bbox 478 4309 669 4378; x_wconf 82' lang='lat' dir='ltr'><strong>synodi</strong></span> <span class='ocrx_word' id='word_1_391' title='bbox 697 4324 790 4365; x_wconf 88' lang='lat' dir='ltr'><strong>sex</strong></span> <span class='ocrx_word' id='word_1_392' title='bbox 817 4321 1135 4385; x_wconf 88' lang='lat' dir='ltr'><strong>statuerant,</strong></span> <span class='ocrx_word' id='word_1_393' title='bbox 1157 4319 1294 4373; x_wconf 91' lang='lat' dir='ltr'><strong>inter</strong></span> <span class='ocrx_word' id='word_1_394' title='bbox 1323 4320 1458 4375; x_wconf 88' lang='lat' dir='ltr'><strong>alios</strong></span> <span class='ocrx_word' id='word_1_395' title='bbox 1493 4321 1794 4391; x_wconf 79' lang='lat' dir='ltr'><strong>haereticos,</strong></span> <span class='ocrx_word' id='word_1_396' title='bbox 1824 4343 1958 4395; x_wconf 89' lang='lat' dir='ltr'><strong>quos</strong></span> <span class='ocrx_word' id='word_1_397' title='bbox 1983 4345 2044 4383; x_wconf 89' lang='lat' dir='ltr'><strong>ea</strong></span> 
     </span>
    </p>
   </div>
   <div class='ocr_carea' id='block_1_61' title="bbox 477 4397 2045 4482">
    <p class='ocr_par' dir='ltr' id='par_1_61' title="bbox 477 4397 2045 4482">
     <span class='ocr_line' id='line_1_61' title="bbox 477 4397 2045 4482; baseline 0.016 -34"><span class='ocrx_word' id='word_1_398' title='bbox 477 4397 707 4452; x_wconf 88' lang='lat' dir='ltr'><strong>concilia</strong></span> <span class='ocrx_word' id='word_1_399' title='bbox 740 4403 1102 4459; x_wconf 90' lang='lat' dir='ltr'><strong>anathematis</strong></span> <span class='ocrx_word' id='word_1_400' title='bbox 1149 4409 1528 4477; x_wconf 88' lang='lat' dir='ltr'><strong>contuderant,</strong></span> <span class='ocrx_word' id='word_1_401' title='bbox 1557 4411 1840 4482; x_wconf 86' lang='lat' dir='ltr'><strong>Origenem</strong></span> <span class='ocrx_word' id='word_1_402' title='bbox 1899 4419 2045 4472; x_wconf 87' lang='lat' dir='ltr'><strong>Ada-</strong></span> 
     </span>
    </p>
   </div>
   <div class='ocr_carea' id='block_1_62' title="bbox 479 4489 2045 4572">
    <p class='ocr_par' dir='ltr' id='par_1_62' title="bbox 479 4489 2045 4572">
     <span class='ocr_line' id='line_1_62' title="bbox 479 4489 2045 4572; baseline 0.016 -34"><span class='ocrx_word' id='word_1_403' title='bbox 479 4489 764 4556; x_wconf 87' lang='lat' dir='ltr'><strong>mantium,</strong></span> <span class='ocrx_word' id='word_1_404' title='bbox 790 4491 1072 4563; x_wconf 88' lang='lat' dir='ltr'><strong>Didymum</strong></span> <span class='ocrx_word' id='word_1_405' title='bbox 1109 4507 1163 4551; x_wconf 92' lang='lat' dir='ltr'><strong>et</strong></span> <span class='ocrx_word' id='word_1_406' title='bbox 1197 4497 1484 4568; x_wconf 85' lang='lat' dir='ltr'><strong>Evagriqu</strong></span> <span class='ocrx_word' id='word_1_407' title='bbox 1521 4506 1691 4572; x_wconf 91' lang='lat' dir='ltr'><strong>ponit.</strong></span> <span class='ocrx_word' id='word_1_408' title='bbox 1713 4505 1822 4560; x_wconf 88' lang='lat' dir='ltr'><strong>Nec</strong></span> <span class='ocrx_word' id='word_1_409' title='bbox 1855 4508 2045 4564; x_wconf 90' lang='lat' dir='ltr'><strong>melius</strong></span> 
     </span>
    </p>
   </div>
   <div class='ocr_carea' id='block_1_63' title="bbox 476 4576 2040 4665">
    <p class='ocr_par' dir='ltr' id='par_1_63' title="bbox 476 4576 2040 4665">
     <span class='ocr_line' id='line_1_63' title="bbox 476 4576 2040 4665; baseline 0.015 -36"><span class='ocrx_word' id='word_1_410' title='bbox 476 4576 694 4634; x_wconf 88' lang='lat' dir='ltr'><strong>habitus</strong></span> <span class='ocrx_word' id='word_1_411' title='bbox 727 4581 1088 4651; x_wconf 85' lang='lat' dir='ltr'><strong>estOrigenes</strong></span> <span class='ocrx_word' id='word_1_412' title='bbox 1113 4590 1180 4641; x_wconf 86' lang='lat' dir='ltr'><strong>ab</strong></span> <span class='ocrx_word' id='word_1_413' title='bbox 1203 4587 1409 4644; x_wconf 84' lang='lat' dir='ltr'><strong>Isidoro</strong></span> <span class='ocrx_word' id='word_1_414' title='bbox 1441 4592 1762 4662; x_wconf 87' lang='lat' dir='ltr'><strong>Hispalensi,</strong></span> <span class='ocrx_word' id='word_1_415' title='bbox 1790 4599 1880 4665; x_wconf 87' lang='lat' dir='ltr'><strong>qui</strong></span> <span class='ocrx_word' id='word_1_416' title='bbox 1915 4600 2040 4654; x_wconf 82' lang='lat' dir='ltr'><strong>Ori-</strong></span> 
     </span>
    </p>
   </div>
   <div class='ocr_carea' id='block_1_64' title="bbox 475 4671 2045 4747">
    <p class='ocr_par' dir='ltr' id='par_1_64' title="bbox 475 4671 2045 4747">
     <span class='ocr_line' id='line_1_64' title="bbox 475 4671 2045 4747; baseline 0.016 -26"><span class='ocrx_word' id='word_1_417' title='bbox 475 4671 584 4740; x_wconf 82' lang='lat' dir='ltr'><strong>giu.</strong></span> <span class='ocrx_word' id='word_1_418' title='bbox 631 4671 724 4727; x_wconf 88' lang='lat' dir='ltr'><strong>lib.</strong></span> <span class='ocrx_word' id='word_1_419' title='bbox 765 4690 883 4743; x_wconf 87' lang='lat' dir='ltr'><strong>vut,</strong></span> <span class='ocrx_word' id='word_1_420' title='bbox 935 4691 1053 4746; x_wconf 89' lang='lat' dir='ltr'><strong>cap.</strong></span> <span class='ocrx_word' id='word_1_421' title='bbox 1102 4679 1155 4743; x_wconf 83' lang='lat'><strong>5,</strong></span> <span class='ocrx_word' id='word_1_422' title='bbox 1194 4681 1468 4737; x_wconf 75' lang='lat' dir='ltr'><strong>luereseon</strong></span> <span class='ocrx_word' id='word_1_423' title='bbox 1517 4685 1658 4741; x_wconf 88' lang='lat' dir='ltr'><strong>inter</strong></span> <span class='ocrx_word' id='word_1_424' title='bbox 1700 4688 2045 4747; x_wconf 85' lang='lat' dir='ltr'><strong>Christianos</strong></span> 
     </span>
    </p>
   </div>
   <div class='ocr_carea' id='block_1_65' title="bbox 475 4768 2041 4848">
    <p class='ocr_par' dir='ltr' id='par_1_65' title="bbox 475 4768 2041 4848">
     <span class='ocr_line' id='line_1_65' title="bbox 475 4768 2041 4848; baseline 0.015 -32"><span class='ocrx_word' id='word_1_425' title='bbox 475 4774 785 4820; x_wconf 84' lang='lat' dir='ltr'><strong>cxortarum</strong></span> <span class='ocrx_word' id='word_1_426' title='bbox 815 4768 1010 4824; x_wconf 88' lang='lat' dir='ltr'><strong>seriem</strong></span> <span class='ocrx_word' id='word_1_427' title='bbox 1064 4780 1372 4840; x_wconf 84' lang='lat' dir='ltr'><strong>pertexens,</strong></span> <span class='ocrx_word' id='word_1_428' title='bbox 1415 4775 1771 4848; x_wconf 85' lang='lat' dir='ltr'><strong>Origenianos</strong></span> <span class='ocrx_word' id='word_1_429' title='bbox 1797 4797 2041 4838; x_wconf 86' lang='lat' dir='ltr'><strong>comme-</strong></span> 
     </span>
    </p>
   </div>
   <div class='ocr_carea' id='block_1_66' title="bbox 475 4858 2040 4943">
    <p class='ocr_par' dir='ltr' id='par_1_66' title="bbox 475 4858 2040 4943">
     <span class='ocr_line' id='line_1_66' title="bbox 475 4858 2040 4943; baseline 0.015 -35"><span class='ocrx_word' id='word_1_430' title='bbox 475 4863 674 4923; x_wconf 84' lang='lat' dir='ltr'><strong>morat,</strong></span> <span class='ocrx_word' id='word_1_431' title='bbox 734 4858 1440 4934; x_wconf 82' lang='lat' dir='ltr'><strong>ipsorumque&#39;reprobatas</strong></span> <span class='ocrx_word' id='word_1_432' title='bbox 1488 4871 2040 4943; x_wconf 65' lang='lat' dir='ltr'><strong>Opiniones:expuuit.</strong></span> 
     </span>
    </p>
   </div>
   <div class='ocr_carea' id='block_1_67' title="bbox 476 4943 2040 5029">
    <p class='ocr_par' dir='ltr' id='par_1_67' title="bbox 476 4943 2040 5029">
     <span class='ocr_line' id='line_1_67' title="bbox 476 4943 2040 5029; baseline 0.014 -31"><span class='ocrx_word' id='word_1_433' title='bbox 476 4943 664 5000; x_wconf 81' lang='lat' dir='ltr'><strong>Refert</strong></span> <span class='ocrx_word' id='word_1_434' title='bbox 701 4961 766 5005; x_wconf 76' lang='lat' dir='ltr'><strong>ex</strong></span> <span class='ocrx_word' id='word_1_435' title='bbox 799 4964 864 5004; x_wconf 92' lang='lat' dir='ltr'><strong>eo</strong></span> <span class='ocrx_word' id='word_1_436' title='bbox 897 4950 1237 5021; x_wconf 86' lang='lat' dir='ltr'><strong>Epigramma</strong></span> <span class='ocrx_word' id='word_1_437' title='bbox 1275 4956 1416 5012; x_wconf 87' lang='lat' dir='ltr'><strong>istud</strong></span> <span class='ocrx_word' id='word_1_438' title='bbox 1438 4957 1611 5016; x_wconf 85' lang='lat' dir='ltr'><strong>Guido</strong></span> <span class='ocrx_word' id='word_1_439' title='bbox 1639 4961 1953 5029; x_wconf 87' lang='lat' dir='ltr'><strong>Carmelita,</strong></span> <span class='ocrx_word' id='word_1_440' title='bbox 1988 4965 2040 5021; x_wconf 89' lang='lat' dir='ltr'><strong>in</strong></span> 
     </span>
    </p>
   </div>
   <div class='ocr_carea' id='block_1_68' title="bbox 477 5038 1482 5119">
    <p class='ocr_par' dir='ltr' id='par_1_68' title="bbox 477 5038 1482 5119">
     <span class='ocr_line' id='line_1_68' title="bbox 477 5038 1482 5119; baseline 0.015 -27"><span class='ocrx_word' id='word_1_441' title='bbox 477 5053 585 5106; x_wconf 77' lang='lat' dir='ltr'><strong>quo</strong></span> <span class='ocrx_word' id='word_1_442' title='bbox 619 5038 846 5110; x_wconf 87' lang='lat' dir='ltr'><strong>loquens</strong></span> <span class='ocrx_word' id='word_1_443' title='bbox 874 5043 1144 5101; x_wconf 88' lang='lat' dir='ltr'><strong>inducitur</strong></span> <span class='ocrx_word' id='word_1_444' title='bbox 1177 5046 1438 5119; x_wconf 82' lang='lat' dir='ltr'><strong>Origenes</strong></span> <span class='ocrx_word' id='word_1_445' title='bbox 1466 5067 1482 5107; x_wconf 92' lang='lat'><strong>:</strong></span> 
     </span>
    </p>
   </div>
   <div class='ocr_carea' id='block_1_69' title="bbox 473 5196 1769 5279">
    <p class='ocr_par' dir='ltr' id='par_1_69' title="bbox 473 5196 1769 5279">
     <span class='ocr_line' id='line_1_69' title="bbox 473 5196 1769 5279; baseline 0.012 -27"><span class='ocrx_word' id='word_1_446' title='bbox 473 5196 586 5279; x_wconf 56' lang='lat' dir='ltr'><strong>Ille</strong></span> <span class='ocrx_word' id='word_1_447' title='bbox 598 5197 844 5279; x_wconf 55' lang='lat' dir='ltr'><strong>Origenes</strong></span> <span class='ocrx_word' id='word_1_448' title='bbox 876 5220 973 5279; x_wconf 75' lang='lat' dir='ltr'><strong>ego</strong></span> <span class='ocrx_word' id='word_1_449' title='bbox 987 5206 1168 5279; x_wconf 80' lang='lat' dir='ltr'><strong>doctor</strong></span> <span class='ocrx_word' id='word_1_450' title='bbox 1190 5208 1299 5279; x_wconf 80' lang='lat'><strong>(53)</strong></span> <span class='ocrx_word' id='word_1_451' title='bbox 1325 5212 1618 5268; x_wconf 74' lang='lat' dir='ltr'><strong>verissimus</strong></span> <span class='ocrx_word' id='word_1_452' title='bbox 1645 5216 1769 5268; x_wconf 81' lang='lat' dir='ltr'><strong>olim</strong></span> 
     </span>
    </p>
   </div>
   <div class='ocr_carea' id='block_1_70' title="bbox 546 5269 1900 5350">
    <p class='ocr_par' dir='ltr' id='par_1_70' title="bbox 546 5269 1900 5350">
     <span class='ocr_line' id='line_1_70' title="bbox 546 5269 1900 5350; baseline 0.015 -31"><span class='ocrx_word' id='word_1_453' title='bbox 546 5269 647 5350; x_wconf 77' lang='lat' dir='ltr'><strong>Qui</strong></span> <span class='ocrx_word' id='word_1_454' title='bbox 679 5269 922 5338; x_wconf 50' lang='lat' dir='ltr'><strong>primum&#39;</strong></span> <span class='ocrx_word' id='word_1_455' title='bbox 938 5277 1061 5350; x_wconf 79' lang='lat' dir='ltr'><strong>ﬁdei</strong></span> <span class='ocrx_word' id='word_1_456' title='bbox 1093 5269 1386 5346; x_wconf 70' lang='lat' dir='ltr'><strong>grahmiata</strong></span> <span class='ocrx_word' id='word_1_457' title='bbox 1417 5283 1528 5350; x_wconf 63' lang='grc'><strong>(54)</strong></span> <span class='ocrx_word' id='word_1_458' title='bbox 1556 5286 1697 5338; x_wconf 85' lang='lat' dir='ltr'><strong>clara</strong></span> <span class='ocrx_word' id='word_1_459' title='bbox 1730 5286 1854 5339; x_wconf 85' lang='lat' dir='ltr'><strong>dedi</strong></span> <span class='ocrx_word' id='word_1_460' title='bbox 1881 5301 1900 5339; x_wconf 87' lang='lat'><strong>.&#39;</strong></span> 
     </span>
    </p>
   </div>
   <div class='ocr_carea' id='block_1_71' title="bbox 473 5333 1859 5424">
    <p class='ocr_par' dir='ltr' id='par_1_71' title="bbox 473 5333 1859 5424">
     <span class='ocr_line' id='line_1_71' title="bbox 473 5333 1859 5424; baseline 0.015 -34"><span class='ocrx_word' id='word_1_461' title='bbox 473 5333 654 5424; x_wconf 47' lang='lat' dir='ltr'><strong>Celsus</strong></span> <span class='ocrx_word' id='word_1_462' title='bbox 679 5333 836 5395; x_wconf 73' lang='grc' dir='ltr'><strong>ἐι-ατη</strong></span> <span class='ocrx_word' id='word_1_463' title='bbox 867 5333 1174 5424; x_wconf 48' lang='grc' dir='ltr'><strong>ηιέγξιὶιίεῑ</strong></span> <span class='ocrx_word' id='word_1_464' title='bbox 1213 5350 1389 5404; x_wconf 79' lang='lat' dir='ltr'><strong>clarus</strong></span> <span class='ocrx_word' id='word_1_465' title='bbox 1418 5333 1630 5408; x_wconf 61' lang='lat' dir='ltr'><strong>inuitae</strong></span> <span class='ocrx_word' id='word_1_466' title='bbox 1668 5357 1859 5424; x_wconf 82' lang='lat' dir='ltr'><strong>fandi;</strong></span> 
     </span>
    </p>
   </div>
   <div class='ocr_carea' id='block_1_72' title="bbox 544 5407 1562 5480">
    <p class='ocr_par' dir='ltr' id='par_1_72' title="bbox 544 5407 1562 5480">
     <span class='ocr_line' id='line_1_72' title="bbox 544 5407 1562 5480; baseline 0.016 -21"><span class='ocrx_word' id='word_1_467' title='bbox 544 5407 857 5480; x_wconf 71' lang='lat' dir='ltr'><strong>Pra&#39;reptus-</strong></span> <span class='ocrx_word' id='word_1_468' title='bbox 878 5416 1046 5469; x_wconf 80' lang='lat' dir='ltr'><strong>subito</strong></span> <span class='ocrx_word' id='word_1_469' title='bbox 1074 5407 1191 5472; x_wconf 61' lang='lat' dir='ltr'><strong>hace</strong></span> <span class='ocrx_word' id='word_1_470' title='bbox 1219 5433 1430 5475; x_wconf 86' lang='lat' dir='ltr'><strong>nocente</strong></span> <span class='ocrx_word' id='word_1_471' title='bbox 1459 5425 1562 5475; x_wconf 83' lang='lat' dir='ltr'><strong>rui.</strong></span> 
     </span>
    </p>
   </div>
   <div class='ocr_carea' id='block_1_73' title="bbox 471 5474 1726 5563">
    <p class='ocr_par' dir='ltr' id='par_1_73' title="bbox 471 5474 1726 5563">
     <span class='ocr_line' id='line_1_73' title="bbox 471 5474 1726 5563; baseline 0.016 -34"><span class='ocrx_word' id='word_1_472' title='bbox 471 5474 800 5563; x_wconf 43' lang='lat' dir='ltr'><strong>Cap‘dere,&quot;si</strong></span> <span class='ocrx_word' id='word_1_473' title='bbox 823 5487 1008 5563; x_wconf 65' lang='lat' dir='ltr'><strong>credis,</strong></span> <span class='ocrx_word' id='word_1_474' title='bbox 1045 5490 1219 5563; x_wconf 69' lang='lat' dir='ltr'><strong>studui</strong></span> <span class='ocrx_word' id='word_1_475' title='bbox 1244 5498 1318 5563; x_wconf 80' lang='lat' dir='ltr'><strong>tot</strong></span> <span class='ocrx_word' id='word_1_476' title='bbox 1354 5474 1518 5545; x_wconf 76' lang='lat' dir='ltr'><strong>millia</strong></span> <span class='ocrx_word' id='word_1_477' title='bbox 1546 5474 1726 5563; x_wconf 73' lang='lat' dir='ltr'><strong>libros,</strong></span> 
     </span>
    </p>
   </div>
   <div class='ocr_carea' id='block_1_74' title="bbox 543 5547 1683 5621">
    <p class='ocr_par' dir='ltr' id='par_1_74' title="bbox 543 5547 1683 5621">
     <span class='ocr_line' id='line_1_74' title="bbox 543 5547 1683 5621; baseline 0.018 -23"><span class='ocrx_word' id='word_1_478' title='bbox 543 5547 678 5621; x_wconf 76' lang='lat' dir='ltr'><strong>Quot</strong></span> <span class='ocrx_word' id='word_1_479' title='bbox 706 5549 837 5619; x_wconf 73' lang='lat' dir='ltr'><strong>legio</strong></span> <span class='ocrx_word' id='word_1_480' title='bbox 877 5547 1064 5608; x_wconf 67' lang='lat' dir='ltr'><strong>missos</strong></span> <span class='ocrx_word' id='word_1_481' title='bbox 1095 5559 1237 5610; x_wconf 83' lang='lat' dir='ltr'><strong>ducit</strong></span> <span class='ocrx_word' id='word_1_482' title='bbox 1265 5561 1317 5611; x_wconf 85' lang='lat' dir='ltr'><strong>in</strong></span> <span class='ocrx_word' id='word_1_483' title='bbox 1350 5579 1496 5616; x_wconf 85' lang='lat' dir='ltr'><strong>arma</strong></span> <span class='ocrx_word' id='word_1_484' title='bbox 1527 5566 1683 5621; x_wconf 76' lang='lat' dir='ltr'><strong>viros.</strong></span> 
     </span>
    </p>
   </div>
   <div class='ocr_carea' id='block_1_75' title="bbox 473 5612 1818 5705">
    <p class='ocr_par' dir='ltr' id='par_1_75' title="bbox 473 5612 1818 5705">
     <span class='ocr_line' id='line_1_75' title="bbox 473 5612 1818 5705; baseline 0.016 -35"><span class='ocrx_word' id='word_1_485' title='bbox 473 5612 524 5670; x_wconf 83' lang='grc' dir='ltr'><em>Ν</em></span> <span class='ocrx_word' id='word_1_486' title='bbox 531 5618 647 5705; x_wconf 42' lang='grc' dir='ltr'><strong>τίμα,</strong></span> <span class='ocrx_word' id='word_1_487' title='bbox 665 5612 805 5705; x_wconf 55' lang='lat' dir='ltr'><strong>nteop</strong></span> <span class='ocrx_word' id='word_1_488' title='bbox 828 5639 1055 5705; x_wconf 68' lang='lat' dir='ltr'><strong>unquam</strong></span> <span class='ocrx_word' id='word_1_489' title='bbox 1081 5628 1246 5696; x_wconf 78' lang='lat' dir='ltr'><strong>tetigit</strong></span> <span class='ocrx_word' id='word_1_490' title='bbox 1267 5612 1586 5705; x_wconf 50' lang='lat' dir='ltr'><strong>blaspltentio</strong></span> <span class='ocrx_word' id='word_1_491' title='bbox 1606 5612 1786 5690; x_wconf 49' lang='lat' dir='ltr'><strong>Eum</strong></span> <span class='ocrx_word' id='word_1_492' title='bbox 1802 5677 1818 5705; x_wconf 91' lang='lat'><strong>,</strong></span> 
     </span>
    </p>
   </div>
   <div class='ocr_carea' id='block_1_76' title="bbox 540 5685 1684 5771">
    <p class='ocr_par' dir='ltr' id='par_1_76' title="bbox 540 5685 1684 5771">
     <span class='ocr_line' id='line_1_76' title="bbox 540 5685 1684 5771; baseline 0.016 -31"><span class='ocrx_word' id='word_1_493' title='bbox 540 5685 647 5740; x_wconf 71' lang='lat' dir='ltr'><strong>Sed</strong></span> <span class='ocrx_word' id='word_1_494' title='bbox 671 5691 812 5758; x_wconf 80' lang='lat' dir='ltr'><strong>uigil,</strong></span> <span class='ocrx_word' id='word_1_495' title='bbox 836 5702 882 5746; x_wconf 86' lang='lat' dir='ltr'><strong>et</strong></span> <span class='ocrx_word' id='word_1_496' title='bbox 911 5685 1142 5763; x_wconf 70' lang='lat' dir='ltr'><strong>prudens</strong></span> <span class='ocrx_word' id='word_1_497' title='bbox 1170 5685 1312 5753; x_wconf 58' lang='lat' dir='ltr'><strong>{atus</strong></span> <span class='ocrx_word' id='word_1_498' title='bbox 1339 5685 1402 5754; x_wconf 70' lang='grc' dir='ltr'><strong>αὖ</strong></span> <span class='ocrx_word' id='word_1_499' title='bbox 1423 5701 1565 5756; x_wconf 78' lang='lat' dir='ltr'><strong>hoste</strong></span> <span class='ocrx_word' id='word_1_500' title='bbox 1585 5685 1684 5771; x_wconf 67' lang='lat' dir='ltr'><strong>fui.</strong></span> 
     </span>
    </p>
   </div>
   <div class='ocr_carea' id='block_1_77' title="bbox 541 5797 1928 5882">
    <p class='ocr_par' dir='ltr' id='par_1_77' title="bbox 541 5797 1928 5882">
     <span class='ocr_line' id='line_1_77' title="bbox 541 5797 1928 5882; baseline 0.024 -33"><span class='ocrx_word' id='word_1_501' title='bbox 541 5797 869 5861; x_wconf 74' lang='lat' dir='ltr'><strong>&quot;&#39;&quot;Anast.</strong></span> <span class='ocrx_word' id='word_1_502' title='bbox 907 5808 961 5862; x_wconf 91' lang='lat' dir='ltr'><strong>in</strong></span> <span class='ocrx_word' id='word_1_503' title='bbox 990 5809 1129 5866; x_wconf 76' lang='lat' dir='ltr'><strong>Hist.</strong></span> <span class='ocrx_word' id='word_1_504' title='bbox 1163 5813 1231 5866; x_wconf 86' lang='lat' dir='ltr'><strong>ad</strong></span> <span class='ocrx_word' id='word_1_505' title='bbox 1257 5832 1382 5870; x_wconf 85' lang='lat' dir='ltr'><strong>anu.</strong></span> <span class='ocrx_word' id='word_1_506' title='bbox 1421 5817 1544 5874; x_wconf 83' lang='lat' dir='ltr'><strong>Cltr.</strong></span> <span class='ocrx_word' id='word_1_507' title='bbox 1585 5821 1687 5876; x_wconf 78' lang='grc'><strong>185</strong></span> <span class='ocrx_word' id='word_1_508' title='bbox 1721 5833 1775 5878; x_wconf 89' lang='lat' dir='ltr'><strong>et</strong></span> <span class='ocrx_word' id='word_1_509' title='bbox 1802 5823 1928 5882; x_wconf 67' lang='grc' dir='ltr'><strong>ΞΜ.</strong></span> 
     </span>
    </p>
   </div>
   <div class='ocr_carea' id='block_1_78' title="bbox 540 5893 1918 5982">
    <p class='ocr_par' dir='ltr' id='par_1_78' title="bbox 540 5893 1918 5982">
     <span class='ocr_line' id='line_1_78' title="bbox 540 5893 1918 5982; baseline 0.019 -37"><span class='ocrx_word' id='word_1_510' title='bbox 540 5893 653 5968; x_wconf 69' lang='grc' dir='ltr'><strong>(ὅῦ)</strong></span> <span class='ocrx_word' id='word_1_511' title='bbox 686 5894 810 5972; x_wconf 79' lang='lat' dir='ltr'><strong>ch.</strong></span> <span class='ocrx_word' id='word_1_512' title='bbox 844 5900 979 5956; x_wconf 77' lang='lat' dir='ltr'><strong>forte</strong></span> <span class='ocrx_word' id='word_1_513' title='bbox 1013 5918 1025 5954; x_wconf 85' lang='lat'>:</span> <span class='ocrx_word' id='word_1_514' title='bbox 1053 5902 1150 5959; x_wconf 86' lang='lat' dir='ltr'><strong>Ille</strong></span> <span class='ocrx_word' id='word_1_515' title='bbox 1176 5922 1268 5977; x_wconf 79' lang='lat' dir='ltr'><strong>ego</strong></span> <span class='ocrx_word' id='word_1_516' title='bbox 1302 5925 1415 5963; x_wconf 77' lang='lat' dir='ltr'><strong>sum</strong></span> <span class='ocrx_word' id='word_1_517' title='bbox 1449 5909 1694 5982; x_wconf 76' lang='lat' dir='ltr'><strong>Origenes</strong></span> <span class='ocrx_word' id='word_1_518' title='bbox 1719 5916 1918 5971; x_wconf 85' lang='lat' dir='ltr'><strong>doctor.</strong></span> 
     </span>
    </p>
   </div>
   <div class='ocr_carea' id='block_1_79' title="bbox 2159 1976 3739 2058">
    <p class='ocr_par' dir='ltr' id='par_1_79' title="bbox 2159 1976 3739 2058">
     <span class='ocr_line' id='line_1_79' title="bbox 2159 1976 3739 2058; baseline 0.008 -26"><span class='ocrx_word' id='word_1_519' title='bbox 2159 1976 2444 2033; x_wconf 82' lang='grc' dir='ltr'><strong>ἀνόθευτον</strong></span> <span class='ocrx_word' id='word_1_520' title='bbox 2471 1980 2709 2050; x_wconf 87' lang='lat' dir='ltr'><strong>scripsit.</strong></span> <span class='ocrx_word' id='word_1_521' title='bbox 2734 1981 2879 2036; x_wconf 89' lang='lat' dir='ltr'><strong>Libri</strong></span> <span class='ocrx_word' id='word_1_522' title='bbox 2907 1983 3065 2054; x_wconf 87' lang='lat' dir='ltr'><strong>hujus</strong></span> <span class='ocrx_word' id='word_1_523' title='bbox 3083 2000 3290 2040; x_wconf 86' lang='lat' dir='ltr'><strong>summa</strong></span> <span class='ocrx_word' id='word_1_524' title='bbox 3318 1987 3538 2058; x_wconf 81' lang='lat' dir='ltr'><strong>fastigia</strong></span> <span class='ocrx_word' id='word_1_525' title='bbox 3557 1990 3739 2058; x_wconf 78' lang='lat' dir='ltr'><strong>legens</strong></span> 
     </span>
    </p>
   </div>
   <div class='ocr_carea' id='block_1_80' title="bbox 2154 2068 3739 2152">
    <p class='ocr_par' dir='ltr' id='par_1_80' title="bbox 2154 2068 3739 2152">
     <span class='ocr_line' id='line_1_80' title="bbox 2154 2068 3739 2152; baseline 0.007 -27"><span class='ocrx_word' id='word_1_526' title='bbox 2154 2068 2375 2125; x_wconf 89' lang='lat' dir='ltr'><strong>Photius</strong></span> <span class='ocrx_word' id='word_1_527' title='bbox 2404 2072 2522 2127; x_wconf 89' lang='lat' dir='ltr'><strong>cod.</strong></span> <span class='ocrx_word' id='word_1_528' title='bbox 2557 2086 2818 2140; x_wconf 85' lang='lat' dir='ltr'><strong>ccxxxtu,</strong></span> <span class='ocrx_word' id='word_1_529' title='bbox 2851 2075 2905 2130; x_wconf 91' lang='lat' dir='ltr'><strong>in</strong></span> <span class='ocrx_word' id='word_1_530' title='bbox 2926 2091 2991 2131; x_wconf 91' lang='lat' dir='ltr'><strong>eo</strong></span> <span class='ocrx_word' id='word_1_531' title='bbox 3013 2078 3278 2147; x_wconf 66' lang='lat' dir='ltr'><strong>praecipue</strong></span> <span class='ocrx_word' id='word_1_532' title='bbox 3310 2081 3414 2135; x_wconf 89' lang='lat' dir='ltr'><strong>hoc</strong></span> <span class='ocrx_word' id='word_1_533' title='bbox 3438 2083 3530 2152; x_wconf 89' lang='lat' dir='ltr'><strong>agi</strong></span> <span class='ocrx_word' id='word_1_534' title='bbox 3554 2081 3739 2151; x_wconf 83' lang='lat' dir='ltr'><strong>refert,</strong></span> 
     </span>
    </p>
   </div>
   <div class='ocr_carea' id='block_1_81' title="bbox 2167 2160 3742 2242">
    <p class='ocr_par' dir='ltr' id='par_1_81' title="bbox 2167 2160 3742 2242">
     <span class='ocr_line' id='line_1_81' title="bbox 2167 2160 3742 2242; baseline 0.01 -28"><span class='ocrx_word' id='word_1_535' title='bbox 2167 2169 2227 2215; x_wconf 89' lang='lat' dir='ltr'><strong>ut</strong></span> <span class='ocrx_word' id='word_1_536' title='bbox 2265 2160 2509 2232; x_wconf 85' lang='lat' dir='ltr'><strong>Gregorii</strong></span> <span class='ocrx_word' id='word_1_537' title='bbox 2557 2162 2780 2236; x_wconf 85' lang='lat' dir='ltr'><strong>Nysseni</strong></span> <span class='ocrx_word' id='word_1_538' title='bbox 2818 2167 3019 2238; x_wconf 85' lang='lat' dir='ltr'><strong>scripta</strong></span> <span class='ocrx_word' id='word_1_539' title='bbox 3050 2170 3119 2224; x_wconf 84' lang='lat' dir='ltr'><strong>ab</strong></span> <span class='ocrx_word' id='word_1_540' title='bbox 3150 2170 3240 2226; x_wconf 91' lang='lat' dir='ltr'><strong>illo</strong></span> <span class='ocrx_word' id='word_1_541' title='bbox 3271 2170 3530 2242; x_wconf 83' lang='lat' dir='ltr'><strong>Origenis</strong></span> <span class='ocrx_word' id='word_1_542' title='bbox 3560 2188 3742 2229; x_wconf 78' lang='lat' dir='ltr'><strong>errore</strong></span> 
     </span>
    </p>
   </div>
   <div class='ocr_carea' id='block_1_82' title="bbox 2155 2247 3739 2328">
    <p class='ocr_par' dir='ltr' id='par_1_82' title="bbox 2155 2247 3739 2328">
     <span class='ocr_line' id='line_1_82' title="bbox 2155 2247 3739 2328; baseline 0.01 -25"><span class='ocrx_word' id='word_1_543' title='bbox 2155 2247 2411 2307; x_wconf 88' lang='lat' dir='ltr'><strong>immunia</strong></span> <span class='ocrx_word' id='word_1_544' title='bbox 2445 2269 2564 2309; x_wconf 89' lang='lat' dir='ltr'><strong>esse</strong></span> <span class='ocrx_word' id='word_1_545' title='bbox 2616 2257 2934 2326; x_wconf 88' lang='lat' dir='ltr'><strong>probentur,</strong></span> <span class='ocrx_word' id='word_1_546' title='bbox 2966 2273 3074 2328; x_wconf 90' lang='lat' dir='ltr'><strong>quo</strong></span> <span class='ocrx_word' id='word_1_547' title='bbox 3107 2261 3380 2318; x_wconf 65' lang='lat' dir='ltr'><strong>daemones</strong></span> <span class='ocrx_word' id='word_1_548' title='bbox 3399 2279 3467 2318; x_wconf 88' lang='lat' dir='ltr'><strong>ac</strong></span> <span class='ocrx_word' id='word_1_549' title='bbox 3497 2264 3739 2320; x_wconf 81' lang='lat' dir='ltr'><strong>homines</strong></span> 
     </span>
    </p>
   </div>
   <div class='ocr_carea' id='block_1_83' title="bbox 2153 2341 3736 2422">
    <p class='ocr_par' dir='ltr' id='par_1_83' title="bbox 2153 2341 3736 2422">
     <span class='ocr_line' id='line_1_83' title="bbox 2153 2341 3736 2422; baseline 0.009 -26"><span class='ocrx_word' id='word_1_550' title='bbox 2153 2341 2379 2399; x_wconf 91' lang='lat' dir='ltr'><strong>infernis</strong></span> <span class='ocrx_word' id='word_1_551' title='bbox 2428 2345 2643 2414; x_wconf 84' lang='lat' dir='ltr'><strong>ignibus</strong></span> <span class='ocrx_word' id='word_1_552' title='bbox 2681 2347 2964 2404; x_wconf 90' lang='lat' dir='ltr'><strong>damnatos</strong></span> <span class='ocrx_word' id='word_1_553' title='bbox 3006 2349 3291 2406; x_wconf 88' lang='lat' dir='ltr'><strong>liberatum</strong></span> <span class='ocrx_word' id='word_1_554' title='bbox 3325 2354 3630 2422; x_wconf 83' lang='lat' dir='ltr'><strong>aliquando</strong></span> <span class='ocrx_word' id='word_1_555' title='bbox 3675 2356 3736 2410; x_wconf 83' lang='lat' dir='ltr'><strong>in&#39;</strong></span> 
     </span>
    </p>
   </div>
   <div class='ocr_carea' id='block_1_84' title="bbox 2153 2433 3740 2517">
    <p class='ocr_par' dir='ltr' id='par_1_84' title="bbox 2153 2433 3740 2517">
     <span class='ocr_line' id='line_1_84' title="bbox 2153 2433 3740 2517; baseline 0.01 -31"><span class='ocrx_word' id='word_1_556' title='bbox 2153 2433 2476 2502; x_wconf 82' lang='lat' dir='ltr'><strong>aﬂirmatur;</strong></span> <span class='ocrx_word' id='word_1_557' title='bbox 2523 2439 2590 2491; x_wconf 90' lang='lat' dir='ltr'><strong>ab</strong></span> <span class='ocrx_word' id='word_1_558' title='bbox 2624 2438 2945 2511; x_wconf 89' lang='lat' dir='ltr'><strong>Origeuistis</strong></span> <span class='ocrx_word' id='word_1_559' title='bbox 2981 2455 3110 2512; x_wconf 89' lang='lat' dir='ltr'><strong>ergo</strong></span> <span class='ocrx_word' id='word_1_560' title='bbox 3135 2442 3383 2514; x_wconf 81' lang='lat' dir='ltr'><strong>Gregorii</strong></span> <span class='ocrx_word' id='word_1_561' title='bbox 3416 2446 3598 2502; x_wconf 87' lang='lat' dir='ltr'><strong>libros</strong></span> <span class='ocrx_word' id='word_1_562' title='bbox 3622 2463 3740 2517; x_wconf 80' lang='lat' dir='ltr'><strong>par-</strong></span> 
     </span>
    </p>
   </div>
   <div class='ocr_carea' id='block_1_85' title="bbox 2152 2525 3737 2605">
    <p class='ocr_par' dir='ltr' id='par_1_85' title="bbox 2152 2525 3737 2605">
     <span class='ocr_line' id='line_1_85' title="bbox 2152 2525 3737 2605; baseline 0.009 -26"><span class='ocrx_word' id='word_1_563' title='bbox 2152 2525 2245 2579; x_wconf 91' lang='lat' dir='ltr'><strong>tim</strong></span> <span class='ocrx_word' id='word_1_564' title='bbox 2287 2528 2486 2596; x_wconf 89' lang='lat' dir='ltr'><strong>spuriis</strong></span> <span class='ocrx_word' id='word_1_565' title='bbox 2537 2529 2936 2600; x_wconf 86' lang='lat' dir='ltr'><strong>additamentis,</strong></span> <span class='ocrx_word' id='word_1_566' title='bbox 2965 2536 3160 2604; x_wconf 88' lang='lat' dir='ltr'><strong>partim</strong></span> <span class='ocrx_word' id='word_1_567' title='bbox 3189 2537 3538 2605; x_wconf 77' lang='lat' dir='ltr'><strong>etiammale</strong></span> <span class='ocrx_word' id='word_1_568' title='bbox 3576 2539 3737 2594; x_wconf 80' lang='lat' dir='ltr'><strong>inter-</strong></span> 
     </span>
    </p>
   </div>
   <div class='ocr_carea' id='block_1_86' title="bbox 2151 2619 3732 2700">
    <p class='ocr_par' dir='ltr' id='par_1_86' title="bbox 2151 2619 3732 2700">
     <span class='ocr_line' id='line_1_86' title="bbox 2151 2619 3732 2700; baseline 0.012 -30"><span class='ocrx_word' id='word_1_569' title='bbox 2151 2619 2376 2686; x_wconf 85' lang='lat' dir='ltr'><strong>pretatis</strong></span> <span class='ocrx_word' id='word_1_570' title='bbox 2391 2622 2572 2676; x_wconf 90' lang='lat' dir='ltr'><strong>verbis</strong></span> <span class='ocrx_word' id='word_1_571' title='bbox 2594 2621 2759 2679; x_wconf 87' lang='lat' dir='ltr'><strong>fuisse</strong></span> <span class='ocrx_word' id='word_1_572' title='bbox 2779 2627 2993 2684; x_wconf 87' lang='lat' dir='ltr'><strong>vitiatos</strong></span> <span class='ocrx_word' id='word_1_573' title='bbox 3016 2627 3339 2683; x_wconf 78' lang='lat' dir='ltr'><strong>Germanum</strong></span> <span class='ocrx_word' id='word_1_574' title='bbox 3361 2635 3732 2700; x_wconf 79' lang='lat' dir='ltr'><strong>pertendisse,</strong></span> 
     </span>
    </p>
   </div>
   <div class='ocr_carea' id='block_1_87' title="bbox 2151 2712 3738 2790">
    <p class='ocr_par' dir='ltr' id='par_1_87' title="bbox 2151 2712 3738 2790">
     <span class='ocr_line' id='line_1_87' title="bbox 2151 2712 3738 2790; baseline 0.009 -26"><span class='ocrx_word' id='word_1_575' title='bbox 2151 2723 2323 2779; x_wconf 87' lang='lat' dir='ltr'><strong>eoque</strong></span> <span class='ocrx_word' id='word_1_576' title='bbox 2365 2726 2529 2781; x_wconf 90' lang='lat' dir='ltr'><strong>opere</strong></span> <span class='ocrx_word' id='word_1_577' title='bbox 2561 2712 2826 2785; x_wconf 83' lang='lat' dir='ltr'><strong>insignem</strong></span> <span class='ocrx_word' id='word_1_578' title='bbox 2863 2719 2929 2772; x_wconf 88' lang='lat' dir='ltr'><strong>de</strong></span> <span class='ocrx_word' id='word_1_579' title='bbox 2963 2717 3281 2790; x_wconf 86' lang='lat' dir='ltr'><strong>Origeuistis</strong></span> <span class='ocrx_word' id='word_1_580' title='bbox 3313 2733 3506 2790; x_wconf 87' lang='lat' dir='ltr'><strong>aperte</strong></span> <span class='ocrx_word' id='word_1_581' title='bbox 3555 2726 3738 2779; x_wconf 75' lang='lat' dir='ltr'><strong>convi-</strong></span> 
     </span>
    </p>
   </div>
   <div class='ocr_carea' id='block_1_88' title="bbox 2149 2803 3736 2884">
    <p class='ocr_par' dir='ltr' id='par_1_88' title="bbox 2149 2803 3736 2884">
     <span class='ocr_line' id='line_1_88' title="bbox 2149 2803 3736 2884; baseline 0.009 -26"><span class='ocrx_word' id='word_1_582' title='bbox 2149 2803 2252 2858; x_wconf 89' lang='lat' dir='ltr'><strong>ctis</strong></span> <span class='ocrx_word' id='word_1_583' title='bbox 2291 2803 2622 2874; x_wconf 88' lang='lat' dir='ltr'><strong>triumphum</strong></span> <span class='ocrx_word' id='word_1_584' title='bbox 2654 2809 2852 2878; x_wconf 89' lang='lat' dir='ltr'><strong>egisse.</strong></span> <span class='ocrx_word' id='word_1_585' title='bbox 2908 2811 3134 2866; x_wconf 66' lang='lat' dir='ltr'><strong>Coaevus</strong></span> <span class='ocrx_word' id='word_1_586' title='bbox 3192 2815 3595 2884; x_wconf 82' lang='lat' dir='ltr'><strong>prapemodum</strong></span> <span class='ocrx_word' id='word_1_587' title='bbox 3634 2817 3736 2872; x_wconf 81' lang='lat' dir='ltr'><strong>fuit</strong></span> 
     </span>
    </p>
   </div>
   <div class='ocr_carea' id='block_1_89' title="bbox 2149 2893 3735 2974">
    <p class='ocr_par' dir='ltr' id='par_1_89' title="bbox 2149 2893 3735 2974">
     <span class='ocr_line' id='line_1_89' title="bbox 2149 2893 3735 2974; baseline 0.007 -23"><span class='ocrx_word' id='word_1_588' title='bbox 2149 2893 2417 2951; x_wconf 88' lang='lat' dir='ltr'><strong>Germano</strong></span> <span class='ocrx_word' id='word_1_589' title='bbox 2445 2895 2572 2952; x_wconf 91' lang='lat' dir='ltr'><strong>huic</strong></span> <span class='ocrx_word' id='word_1_590' title='bbox 2616 2896 2852 2956; x_wconf 82' lang='lat' dir='ltr'><strong>Joannes</strong></span> <span class='ocrx_word' id='word_1_591' title='bbox 2882 2901 3264 2970; x_wconf 89' lang='lat' dir='ltr'><strong>Damascenus,</strong></span> <span class='ocrx_word' id='word_1_592' title='bbox 3317 2906 3411 2974; x_wconf 89' lang='lat' dir='ltr'><strong>qui</strong></span> <span class='ocrx_word' id='word_1_593' title='bbox 3447 2921 3612 2960; x_wconf 86' lang='lat' dir='ltr'><strong>suum</strong></span> <span class='ocrx_word' id='word_1_594' title='bbox 3646 2909 3735 2962; x_wconf 81' lang='lat' dir='ltr'><strong>ad-</strong></span> 
     </span>
    </p>
   </div>
   <div class='ocr_carea' id='block_1_90' title="bbox 2146 2987 3735 3058">
    <p class='ocr_par' dir='ltr' id='par_1_90' title="bbox 2146 2987 3735 3058">
     <span class='ocr_line' id='line_1_90' title="bbox 2146 2987 3735 3058; baseline 0.009 -19"><span class='ocrx_word' id='word_1_595' title='bbox 2146 3000 2335 3043; x_wconf 88' lang='lat' dir='ltr'><strong>versus</strong></span> <span class='ocrx_word' id='word_1_596' title='bbox 2356 2987 2686 3058; x_wconf 88' lang='lat' dir='ltr'><strong>Origeuistas</strong></span> <span class='ocrx_word' id='word_1_597' title='bbox 2710 2991 2888 3046; x_wconf 90' lang='lat' dir='ltr'><strong>odium</strong></span> <span class='ocrx_word' id='word_1_598' title='bbox 2911 2993 3231 3050; x_wconf 89' lang='lat' dir='ltr'><strong>clarissimis</strong></span> <span class='ocrx_word' id='word_1_599' title='bbox 3261 2998 3604 3054; x_wconf 86' lang='lat' dir='ltr'><strong>testimoniis</strong></span> <span class='ocrx_word' id='word_1_600' title='bbox 3641 3000 3735 3054; x_wconf 78' lang='lat' dir='ltr'><strong>de-</strong></span> 
     </span>
    </p>
   </div>
   <div class='ocr_carea' id='block_1_91' title="bbox 2147 3075 3737 3161">
    <p class='ocr_par' dir='ltr' id='par_1_91' title="bbox 2147 3075 3737 3161">
     <span class='ocr_line' id='line_1_91' title="bbox 2147 3075 3737 3161; baseline 0.011 -31"><span class='ocrx_word' id='word_1_601' title='bbox 2147 3075 2399 3145; x_wconf 90' lang='lat' dir='ltr'><strong>claravit;</strong></span> <span class='ocrx_word' id='word_1_602' title='bbox 2441 3079 2493 3134; x_wconf 94' lang='lat' dir='ltr'><strong>in</strong></span> <span class='ocrx_word' id='word_1_603' title='bbox 2543 3079 2680 3136; x_wconf 91' lang='lat' dir='ltr'><strong>libro</strong></span> <span class='ocrx_word' id='word_1_604' title='bbox 2731 3085 3029 3151; x_wconf 67' lang='lat' dir='ltr'><strong>praesertim</strong></span> <span class='ocrx_word' id='word_1_605' title='bbox 3075 3084 3150 3140; x_wconf 84' lang='lat' dir='ltr'><strong>De</strong></span> <span class='ocrx_word' id='word_1_606' title='bbox 3199 3087 3514 3153; x_wconf 63' lang='lat' dir='ltr'><strong>Iliensibus,</strong></span> <span class='ocrx_word' id='word_1_607' title='bbox 3539 3090 3595 3144; x_wconf 91' lang='lat' dir='ltr'><strong>in</strong></span> <span class='ocrx_word' id='word_1_608' title='bbox 3633 3106 3737 3161; x_wconf 86' lang='lat' dir='ltr'><strong>quo</strong></span> 
     </span>
    </p>
   </div>
   <div class='ocr_carea' id='block_1_92' title="bbox 2148 3163 3738 3248">
    <p class='ocr_par' dir='ltr' id='par_1_92' title="bbox 2148 3163 3738 3248">
     <span class='ocr_line' id='line_1_92' title="bbox 2148 3163 3738 3248; baseline 0.013 -34"><span class='ocrx_word' id='word_1_609' title='bbox 2148 3163 2441 3219; x_wconf 89' lang='lat' dir='ltr'><strong>teterrimis</strong></span> <span class='ocrx_word' id='word_1_610' title='bbox 2457 3165 2725 3222; x_wconf 66' lang='lat' dir='ltr'><strong>haereticis</strong></span> <span class='ocrx_word' id='word_1_611' title='bbox 2742 3169 3095 3240; x_wconf 85' lang='lat' dir='ltr'><strong>Origeniauns</strong></span> <span class='ocrx_word' id='word_1_612' title='bbox 3114 3185 3381 3240; x_wconf 88' lang='lat' dir='ltr'><strong>accenset,</strong></span> <span class='ocrx_word' id='word_1_613' title='bbox 3409 3193 3618 3248; x_wconf 81' lang='lat' dir='ltr'><strong>eosque</strong></span> <span class='ocrx_word' id='word_1_614' title='bbox 3631 3182 3738 3234; x_wconf 79' lang='lat' dir='ltr'><strong>Au-</strong></span> 
     </span>
    </p>
   </div>
   <div class='ocr_carea' id='block_1_93' title="bbox 2150 3254 3737 3338">
    <p class='ocr_par' dir='ltr' id='par_1_93' title="bbox 2150 3254 3737 3338">
     <span class='ocr_line' id='line_1_93' title="bbox 2150 3254 3737 3338; baseline 0.012 -32"><span class='ocrx_word' id='word_1_615' title='bbox 2150 3254 2422 3322; x_wconf 89' lang='lat' dir='ltr'><strong>gustinum</strong></span> <span class='ocrx_word' id='word_1_616' title='bbox 2451 3266 2506 3310; x_wconf 89' lang='lat' dir='ltr'><strong>et</strong></span> <span class='ocrx_word' id='word_1_617' title='bbox 2541 3255 2897 3328; x_wconf 88' lang='lat' dir='ltr'><strong>Epiphanium</strong></span> <span class='ocrx_word' id='word_1_618' title='bbox 2948 3273 3248 3319; x_wconf 80' lang='lat' dir='ltr'><strong>assectatus</strong></span> <span class='ocrx_word' id='word_1_619' title='bbox 3285 3267 3538 3338; x_wconf 84' lang='lat' dir='ltr'><strong>duplices</strong></span> <span class='ocrx_word' id='word_1_620' title='bbox 3572 3271 3737 3326; x_wconf 79' lang='lat' dir='ltr'><strong>fuisse</strong></span> 
     </span>
    </p>
   </div>
   <div class='ocr_carea' id='block_1_94' title="bbox 2151 3344 3730 3424">
    <p class='ocr_par' dir='ltr' id='par_1_94' title="bbox 2151 3344 3730 3424">
     <span class='ocr_line' id='line_1_94' title="bbox 2151 3344 3730 3424; baseline 0.011 -28"><span class='ocrx_word' id='word_1_621' title='bbox 2151 3347 2243 3397; x_wconf 86' lang='lat' dir='ltr'><strong>ait.</strong></span> <span class='ocrx_word' id='word_1_622' title='bbox 2273 3344 2412 3399; x_wconf 84' lang='lat' dir='ltr'><strong>Idem</strong></span> <span class='ocrx_word' id='word_1_623' title='bbox 2455 3346 2508 3401; x_wconf 92' lang='lat' dir='ltr'><strong>in</strong></span> <span class='ocrx_word' id='word_1_624' title='bbox 2555 3345 2787 3419; x_wconf 76' lang='lat' dir='ltr'><strong>Eclogis,</strong></span> <span class='ocrx_word' id='word_1_625' title='bbox 2814 3366 2934 3421; x_wconf 70' lang='lat' dir='ltr'><strong>qua:</strong></span> <span class='ocrx_word' id='word_1_626' title='bbox 2985 3356 3368 3424; x_wconf 62' lang='lat' dir='ltr'><strong>manuscripts!</strong></span> <span class='ocrx_word' id='word_1_627' title='bbox 3417 3369 3642 3414; x_wconf 81' lang='lat' dir='ltr'><strong>exstant</strong></span> <span class='ocrx_word' id='word_1_628' title='bbox 3680 3362 3730 3414; x_wconf 90' lang='lat' dir='ltr'><strong>in</strong></span> 
     </span>
    </p>
   </div>
   <div class='ocr_carea' id='block_1_95' title="bbox 2150 3433 3732 3520">
    <p class='ocr_par' dir='ltr' id='par_1_95' title="bbox 2150 3433 3732 3520">
     <span class='ocr_line' id='line_1_95' title="bbox 2150 3433 3732 3520; baseline 0.013 -34"><span class='ocrx_word' id='word_1_629' title='bbox 2150 3433 2484 3492; x_wconf 88' lang='lat' dir='ltr'><strong>Bibliotheca</strong></span> <span class='ocrx_word' id='word_1_630' title='bbox 2502 3436 2911 3496; x_wconf 86' lang='lat' dir='ltr'><strong>Claromontana</strong></span> <span class='ocrx_word' id='word_1_631' title='bbox 2931 3443 3217 3502; x_wconf 83' lang='lat' dir='ltr'><strong>Societatis</strong></span> <span class='ocrx_word' id='word_1_632' title='bbox 3242 3445 3392 3513; x_wconf 90' lang='lat' dir='ltr'><strong>Jesu,</strong></span> <span class='ocrx_word' id='word_1_633' title='bbox 3429 3448 3732 3520; x_wconf 78' lang='lat' dir='ltr'><strong>fragmenta</strong></span> 
     </span>
    </p>
   </div>
   <div class='ocr_carea' id='block_1_96' title="bbox 2150 3527 3734 3611">
    <p class='ocr_par' dir='ltr' id='par_1_96' title="bbox 2150 3527 3734 3611">
     <span class='ocr_line' id='line_1_96' title="bbox 2150 3527 3734 3611; baseline 0.013 -33"><span class='ocrx_word' id='word_1_634' title='bbox 2150 3528 2390 3595; x_wconf 67' lang='lat' dir='ltr'><strong>qumdam</strong></span> <span class='ocrx_word' id='word_1_635' title='bbox 2456 3527 2612 3584; x_wconf 85' lang='lat' dir='ltr'><strong>allert</strong></span> <span class='ocrx_word' id='word_1_636' title='bbox 2658 3532 2928 3601; x_wconf 83' lang='lat' dir='ltr'><strong>Antipatri</strong></span> <span class='ocrx_word' id='word_1_637' title='bbox 2984 3535 3294 3592; x_wconf 89' lang='lat' dir='ltr'><strong>Bostrorum</strong></span> <span class='ocrx_word' id='word_1_638' title='bbox 3355 3541 3626 3611; x_wconf 86' lang='lat' dir='ltr'><strong>episcopi,</strong></span> <span class='ocrx_word' id='word_1_639' title='bbox 3673 3545 3734 3598; x_wconf 77' lang='grc' dir='ltr'><strong>ὲκ</strong></span> 
     </span>
    </p>
   </div>
   <div class='ocr_carea' id='block_1_97' title="bbox 2149 3619 3731 3706">
    <p class='ocr_par' dir='ltr' id='par_1_97' title="bbox 2149 3619 3731 3706">
     <span class='ocr_line' id='line_1_97' title="bbox 2149 3619 3731 3706; baseline 0.012 -36"><span class='ocrx_word' id='word_1_640' title='bbox 2149 3619 2249 3688; x_wconf 85' lang='grc' dir='ltr'><strong>τῆς</strong></span> <span class='ocrx_word' id='word_1_641' title='bbox 2268 3619 2408 3674; x_wconf 78' lang='grc' dir='ltr'><strong>κατὰ</strong></span> <span class='ocrx_word' id='word_1_642' title='bbox 2432 3622 2540 3675; x_wconf 85' lang='grc' dir='ltr'><strong>τῶν</strong></span> <span class='ocrx_word' id='word_1_643' title='bbox 2563 3621 2919 3697; x_wconf 84' lang='grc' dir='ltr'><strong>βλασφημιῶν</strong></span> <span class='ocrx_word' id='word_1_644' title='bbox 2940 3628 3035 3682; x_wconf 81' lang='grc' dir='ltr'><strong>τοῦ</strong></span> <span class='ocrx_word' id='word_1_645' title='bbox 3057 3629 3373 3702; x_wconf 82' lang='grc' dir='ltr'><strong>δυσωνύμου</strong></span> <span class='ocrx_word' id='word_1_646' title='bbox 3428 3634 3731 3706; x_wconf 67' lang='grc' dir='ltr'><strong>Ὠριγένους</strong></span> 
     </span>
    </p>
   </div>
   <div class='ocr_carea' id='block_1_98' title="bbox 2152 3713 3731 3796">
    <p class='ocr_par' dir='ltr' id='par_1_98' title="bbox 2152 3713 3731 3796">
     <span class='ocr_line' id='line_1_98' title="bbox 2152 3713 3731 3796; baseline 0.011 -33"><span class='ocrx_word' id='word_1_647' title='bbox 2152 3713 2552 3783; x_wconf 82' lang='grc' dir='ltr'><strong>πραγματείας.</strong></span> <span class='ocrx_word' id='word_1_648' title='bbox 2587 3714 2688 3782; x_wconf 87' lang='lat' dir='ltr'><strong>Qui</strong></span> <span class='ocrx_word' id='word_1_649' title='bbox 2713 3719 2987 3786; x_wconf 90' lang='lat' dir='ltr'><strong>quomodo</strong></span> <span class='ocrx_word' id='word_1_650' title='bbox 3020 3721 3184 3777; x_wconf 84' lang='lat' dir='ltr'><strong>fuerit</strong></span> <span class='ocrx_word' id='word_1_651' title='bbox 3208 3722 3259 3777; x_wconf 92' lang='lat' dir='ltr'><strong>in</strong></span> <span class='ocrx_word' id='word_1_652' title='bbox 3291 3723 3592 3796; x_wconf 89' lang='lat' dir='ltr'><strong>Origenem</strong></span> <span class='ocrx_word' id='word_1_653' title='bbox 3615 3728 3731 3781; x_wconf 84' lang='lat' dir='ltr'><strong>ani-</strong></span> 
     </span>
    </p>
   </div>
   <div class='ocr_carea' id='block_1_99' title="bbox 2151 3807 3728 3888">
    <p class='ocr_par' dir='ltr' id='par_1_99' title="bbox 2151 3807 3728 3888">
     <span class='ocr_line' id='line_1_99' title="bbox 2151 3807 3728 3888; baseline 0.013 -32"><span class='ocrx_word' id='word_1_654' title='bbox 2151 3812 2324 3857; x_wconf 88' lang='lat' dir='ltr'><strong>matus</strong></span> <span class='ocrx_word' id='word_1_655' title='bbox 2366 3818 2432 3858; x_wconf 89' lang='lat' dir='ltr'><strong>ex</strong></span> <span class='ocrx_word' id='word_1_656' title='bbox 2472 3807 2574 3861; x_wconf 87' lang='lat' dir='ltr'><strong>hoc</strong></span> <span class='ocrx_word' id='word_1_657' title='bbox 2619 3807 2773 3862; x_wconf 92' lang='lat' dir='ltr'><strong>titulo</strong></span> <span class='ocrx_word' id='word_1_658' title='bbox 2796 3809 3128 3882; x_wconf 84' lang='lat' dir='ltr'><strong>intelligitur.</strong></span> <span class='ocrx_word' id='word_1_659' title='bbox 3155 3812 3232 3870; x_wconf 90' lang='lat' dir='ltr'><strong>De</strong></span> <span class='ocrx_word' id='word_1_660' title='bbox 3265 3816 3428 3884; x_wconf 88' lang='lat' dir='ltr'><strong>hujus</strong></span> <span class='ocrx_word' id='word_1_661' title='bbox 3457 3818 3728 3888; x_wconf 82' lang='lat' dir='ltr'><strong>Antipatri</strong></span> 
     </span>
    </p>
   </div>
   <div class='ocr_carea' id='block_1_100' title="bbox 2149 3894 3732 3973">
    <p class='ocr_par' dir='ltr' id='par_1_100' title="bbox 2149 3894 3732 3973">
     <span class='ocr_line' id='line_1_100' title="bbox 2149 3894 3732 3973; baseline 0.013 -27"><span class='ocrx_word' id='word_1_662' title='bbox 2149 3901 2304 3948; x_wconf 81' lang='lat' dir='ltr'><strong>actate</strong></span> <span class='ocrx_word' id='word_1_663' title='bbox 2337 3894 2426 3948; x_wconf 90' lang='lat' dir='ltr'><strong>diu</strong></span> <span class='ocrx_word' id='word_1_664' title='bbox 2446 3909 2510 3950; x_wconf 90' lang='lat' dir='ltr'><strong>ac</strong></span> <span class='ocrx_word' id='word_1_665' title='bbox 2531 3897 2754 3953; x_wconf 90' lang='lat' dir='ltr'><strong>multum</strong></span> <span class='ocrx_word' id='word_1_666' title='bbox 2789 3901 2920 3956; x_wconf 91' lang='lat' dir='ltr'><strong>mihi</strong></span> <span class='ocrx_word' id='word_1_667' title='bbox 2963 3905 3211 3973; x_wconf 69' lang='lat' dir='ltr'><strong>quaesita,</strong></span> <span class='ocrx_word' id='word_1_668' title='bbox 3246 3906 3297 3961; x_wconf 91' lang='lat' dir='ltr'><strong>id</strong></span> <span class='ocrx_word' id='word_1_669' title='bbox 3327 3907 3507 3963; x_wconf 88' lang='lat' dir='ltr'><strong>solum</strong></span> <span class='ocrx_word' id='word_1_670' title='bbox 3551 3910 3732 3967; x_wconf 76' lang='lat' dir='ltr'><strong>hacte-</strong></span> 
     </span>
    </p>
   </div>
   <div class='ocr_carea' id='block_1_101' title="bbox 2151 3984 3728 4069">
    <p class='ocr_par' dir='ltr' id='par_1_101' title="bbox 2151 3984 3728 4069">
     <span class='ocr_line' id='line_1_101' title="bbox 2151 3984 3728 4069; baseline 0.013 -35"><span class='ocrx_word' id='word_1_671' title='bbox 2151 3997 2254 4036; x_wconf 90' lang='lat' dir='ltr'><strong>nus</strong></span> <span class='ocrx_word' id='word_1_672' title='bbox 2291 3984 2441 4052; x_wconf 89' lang='lat' dir='ltr'><strong>potui</strong></span> <span class='ocrx_word' id='word_1_673' title='bbox 2471 3986 2899 4057; x_wconf 83' lang='lat' dir='ltr'><strong>deprehendere,</strong></span> <span class='ocrx_word' id='word_1_674' title='bbox 2922 3991 3153 4050; x_wconf 84' lang='lat' dir='ltr'><strong>Eusebio</strong></span> <span class='ocrx_word' id='word_1_675' title='bbox 3180 4008 3341 4063; x_wconf 90' lang='lat' dir='ltr'><strong>quem</strong></span> <span class='ocrx_word' id='word_1_676' title='bbox 3365 4001 3626 4069; x_wconf 82' lang='lat' dir='ltr'><strong>suggillat</strong></span> <span class='ocrx_word' id='word_1_677' title='bbox 3651 4016 3728 4054; x_wconf 75' lang='lat' dir='ltr'><strong>m-</strong></span> 
     </span>
    </p>
   </div>
   <div class='ocr_carea' id='block_1_102' title="bbox 2150 4074 3727 4160">
    <p class='ocr_par' dir='ltr' id='par_1_102' title="bbox 2150 4074 3727 4160">
     <span class='ocr_line' id='line_1_102' title="bbox 2150 4074 3727 4160; baseline 0.013 -35"><span class='ocrx_word' id='word_1_678' title='bbox 2150 4074 2442 4130; x_wconf 87' lang='lat' dir='ltr'><strong>centiorem</strong></span> <span class='ocrx_word' id='word_1_679' title='bbox 2475 4078 2644 4133; x_wconf 89' lang='lat' dir='ltr'><strong>fuisse</strong></span> <span class='ocrx_word' id='word_1_680' title='bbox 2670 4121 2685 4144; x_wconf 95' lang='lat'><strong>,</strong></span> <span class='ocrx_word' id='word_1_681' title='bbox 2711 4079 2915 4138; x_wconf 79' lang='lat' dir='ltr'><strong>Joanne</strong></span> <span class='ocrx_word' id='word_1_682' title='bbox 2961 4084 3295 4142; x_wconf 86' lang='lat' dir='ltr'><strong>Damasceno</strong></span> <span class='ocrx_word' id='word_1_683' title='bbox 3324 4105 3354 4142; x_wconf 87' lang='lat' dir='ltr'><strong>a</strong></span> <span class='ocrx_word' id='word_1_684' title='bbox 3398 4106 3511 4160; x_wconf 84' lang='lat' dir='ltr'><strong>quo</strong></span> <span class='ocrx_word' id='word_1_685' title='bbox 3549 4093 3727 4148; x_wconf 74' lang='lat' dir='ltr'><strong>lauda-</strong></span> 
     </span>
    </p>
   </div>
   <div class='ocr_carea' id='block_1_103' title="bbox 2151 4162 3725 4248">
    <p class='ocr_par' dir='ltr' id='par_1_103' title="bbox 2151 4162 3725 4248">
     <span class='ocr_line' id='line_1_103' title="bbox 2151 4162 3725 4248; baseline 0.014 -32"><span class='ocrx_word' id='word_1_686' title='bbox 2151 4173 2258 4230; x_wconf 88' lang='lat' dir='ltr'><strong>tur,</strong></span> <span class='ocrx_word' id='word_1_687' title='bbox 2318 4169 2684 4226; x_wconf 87' lang='lat' dir='ltr'><strong>vetustiorem.</strong></span> <span class='ocrx_word' id='word_1_688' title='bbox 2751 4170 3088 4245; x_wconf 86' lang='lat' dir='ltr'><strong>lucomperta</strong></span> <span class='ocrx_word' id='word_1_689' title='bbox 3137 4162 3354 4248; x_wconf 86' lang='lat' dir='ltr'><strong>quoque</strong></span> <span class='ocrx_word' id='word_1_690' title='bbox 3405 4182 3542 4236; x_wconf 89' lang='lat' dir='ltr'><strong>mihi</strong></span> <span class='ocrx_word' id='word_1_691' title='bbox 3600 4195 3725 4240; x_wconf 69' lang='lat' dir='ltr'><strong>aetas</strong></span> 
     </span>
    </p>
   </div>
   <div class='ocr_carea' id='block_1_104' title="bbox 2147 4251 3724 4332">
    <p class='ocr_par' dir='ltr' id='par_1_104' title="bbox 2147 4251 3724 4332">
     <span class='ocr_line' id='line_1_104' title="bbox 2147 4251 3724 4332; baseline 0.011 -25"><span class='ocrx_word' id='word_1_692' title='bbox 2147 4251 2373 4311; x_wconf 84' lang='lat' dir='ltr'><strong>Joannis</strong></span> <span class='ocrx_word' id='word_1_693' title='bbox 2403 4255 2742 4326; x_wconf 69' lang='lat' dir='ltr'><strong>Ilabropodze</strong></span> <span class='ocrx_word' id='word_1_694' title='bbox 2768 4264 3165 4332; x_wconf 84' lang='lat' dir='ltr'><strong>metrOpolitani</strong></span> <span class='ocrx_word' id='word_1_695' title='bbox 3199 4266 3466 4322; x_wconf 71' lang='lat' dir='ltr'><strong>Ecclesia:</strong></span> <span class='ocrx_word' id='word_1_696' title='bbox 3493 4269 3724 4325; x_wconf 81' lang='lat' dir='ltr'><strong>Eucbai-</strong></span> 
     </span>
    </p>
   </div>
   <div class='ocr_carea' id='block_1_105' title="bbox 2152 4351 3724 4430">
    <p class='ocr_par' dir='ltr' id='par_1_105' title="bbox 2152 4351 3724 4430">
     <span class='ocr_line' id='line_1_105' title="bbox 2152 4351 3724 4430; baseline 0.011 -33"><span class='ocrx_word' id='word_1_697' title='bbox 2152 4354 2348 4412; x_wconf 90' lang='lat' dir='ltr'><strong>tarum,</strong></span> <span class='ocrx_word' id='word_1_698' title='bbox 2411 4351 2502 4418; x_wconf 92' lang='lat' dir='ltr'><strong>qui</strong></span> <span class='ocrx_word' id='word_1_699' title='bbox 2557 4351 2775 4421; x_wconf 88' lang='lat' dir='ltr'><strong>scripsit</strong></span> <span class='ocrx_word' id='word_1_700' title='bbox 2824 4353 3144 4410; x_wconf 88' lang='lat' dir='ltr'><strong>solutionem</strong></span> <span class='ocrx_word' id='word_1_701' title='bbox 3197 4357 3250 4412; x_wconf 92' lang='lat' dir='ltr'><strong>in</strong></span> <span class='ocrx_word' id='word_1_702' title='bbox 3309 4361 3724 4430; x_wconf 82' lang='lat' dir='ltr'><strong>explicationem</strong></span> 
     </span>
    </p>
   </div>
   <div class='ocr_carea' id='block_1_106' title="bbox 2149 4434 3723 4530">
    <p class='ocr_par' dir='ltr' id='par_1_106' title="bbox 2149 4434 3723 4530">
     <span class='ocr_line' id='line_1_106' title="bbox 2149 4434 3723 4530; baseline 0.011 -40"><span class='ocrx_word' id='word_1_703' title='bbox 2149 4434 2396 4508; x_wconf 85' lang='lat' dir='ltr'><strong>Origenis</strong></span> <span class='ocrx_word' id='word_1_704' title='bbox 2425 4441 2476 4493; x_wconf 90' lang='lat' dir='ltr'><strong>in</strong></span> <span class='ocrx_word' id='word_1_705' title='bbox 2499 4439 2842 4501; x_wconf 85' lang='lat' dir='ltr'><strong>Psalterium.</strong></span> <span class='ocrx_word' id='word_1_706' title='bbox 2873 4443 3207 4530; x_wconf 79' lang='lat' dir='ltr'><strong>Recensetur</strong></span> <span class='ocrx_word' id='word_1_707' title='bbox 3236 4449 3484 4506; x_wconf 87' lang='lat' dir='ltr'><strong>illeliber</strong></span> <span class='ocrx_word' id='word_1_708' title='bbox 3510 4454 3723 4507; x_wconf 85' lang='lat' dir='ltr'><strong>iucata-</strong></span> 
     </span>
    </p>
   </div>
   <div class='ocr_carea' id='block_1_107' title="bbox 2075 4527 3719 4626">
    <p class='ocr_par' dir='ltr' id='par_1_107' title="bbox 2075 4527 3719 4626">
     <span class='ocr_line' id='line_1_107' title="bbox 2075 4527 3719 4626; baseline 0.011 -45"><span class='ocrx_word' id='word_1_709' title='bbox 2075 4572 2117 4626; x_wconf 66' lang='grc' dir='ltr'>Β</span> <span class='ocrx_word' id='word_1_710' title='bbox 2152 4527 2274 4599; x_wconf 91' lang='lat' dir='ltr'><strong>logo</strong></span> <span class='ocrx_word' id='word_1_711' title='bbox 2319 4531 2670 4589; x_wconf 69' lang='lat' dir='ltr'><strong>Bibliothecze</strong></span> <span class='ocrx_word' id='word_1_712' title='bbox 2721 4527 3335 4610; x_wconf 71' lang='lat' dir='ltr'><strong>ConstantinOpolitana:</strong></span> <span class='ocrx_word' id='word_1_713' title='bbox 3373 4543 3719 4599; x_wconf 88' lang='lat' dir='ltr'><strong>illustrissii</strong></span> 
     </span>
    </p>
   </div>
   <div class='ocr_carea' id='block_1_108' title="bbox 2150 4621 3722 4712">
    <p class='ocr_par' dir='ltr' id='par_1_108' title="bbox 2150 4621 3722 4712">
     <span class='ocr_line' id='line_1_108' title="bbox 2150 4621 3722 4712; baseline 0.011 -39"><span class='ocrx_word' id='word_1_714' title='bbox 2150 4621 2408 4692; x_wconf 89' lang='lat' dir='ltr'><strong>principis</strong></span> <span class='ocrx_word' id='word_1_715' title='bbox 2431 4624 2789 4696; x_wconf 68' lang='lat' dir='ltr'><strong>Marmoretae,</strong></span> <span class='ocrx_word' id='word_1_716' title='bbox 2819 4631 2908 4699; x_wconf 91' lang='lat' dir='ltr'><strong>qui</strong></span> <span class='ocrx_word' id='word_1_717' title='bbox 2938 4633 3212 4686; x_wconf 88' lang='lat' dir='ltr'><strong>subnexus</strong></span> <span class='ocrx_word' id='word_1_718' title='bbox 3237 4643 3324 4687; x_wconf 89' lang='lat' dir='ltr'><strong>est</strong></span> <span class='ocrx_word' id='word_1_719' title='bbox 3350 4635 3722 4712; x_wconf 78' lang='lat' dir='ltr'><strong>supplemento</strong></span> 
     </span>
    </p>
   </div>
   <div class='ocr_carea' id='block_1_109' title="bbox 2151 4709 3724 4795">
    <p class='ocr_par' dir='ltr' id='par_1_109' title="bbox 2151 4709 3724 4795">
     <span class='ocr_line' id='line_1_109' title="bbox 2151 4709 3724 4795; baseline 0.01 -32"><span class='ocrx_word' id='word_1_720' title='bbox 2151 4709 2496 4768; x_wconf 58' lang='lat' dir='ltr'><strong>Bibliotheca;</strong></span> <span class='ocrx_word' id='word_1_721' title='bbox 2543 4713 2893 4774; x_wconf 75' lang='lat' dir='ltr'><strong>Gesnerianae</strong></span> <span class='ocrx_word' id='word_1_722' title='bbox 2944 4721 3164 4774; x_wconf 86' lang='lat' dir='ltr'><strong>Antonii</strong></span> <span class='ocrx_word' id='word_1_723' title='bbox 3206 4709 3480 4777; x_wconf 78' lang='lat' dir='ltr'><strong>Verderii.</strong></span> <span class='ocrx_word' id='word_1_724' title='bbox 3511 4726 3724 4795; x_wconf 77' lang='lat' dir='ltr'><strong>Anony-</strong></span> 
     </span>
    </p>
   </div>
   <div class='ocr_carea' id='block_1_110' title="bbox 2151 4806 3725 4877">
    <p class='ocr_par' dir='ltr' id='par_1_110' title="bbox 2151 4806 3725 4877">
     <span class='ocr_line' id='line_1_110' title="bbox 2151 4806 3725 4877; baseline 0.007 -21"><span class='ocrx_word' id='word_1_725' title='bbox 2151 4819 2296 4857; x_wconf 92' lang='lat' dir='ltr'><strong>mum</strong></span> <span class='ocrx_word' id='word_1_726' title='bbox 2327 4819 2541 4874; x_wconf 89' lang='lat' dir='ltr'><strong>quoque</strong></span> <span class='ocrx_word' id='word_1_727' title='bbox 2571 4806 2815 4877; x_wconf 86' lang='lat' dir='ltr'><strong>Origeuis</strong></span> <span class='ocrx_word' id='word_1_728' title='bbox 2835 4809 3172 4866; x_wconf 87' lang='lat' dir='ltr'><strong>Scholiasteu</strong></span> <span class='ocrx_word' id='word_1_729' title='bbox 3197 4825 3598 4868; x_wconf 86' lang='lat' dir='ltr'><strong>commemorat</strong></span> <span class='ocrx_word' id='word_1_730' title='bbox 3624 4817 3725 4867; x_wconf 76' lang='lat' dir='ltr'><strong>An-</strong></span> 
     </span>
    </p>
   </div>
   <div class='ocr_carea' id='block_1_111' title="bbox 2155 4896 3721 4977">
    <p class='ocr_par' dir='ltr' id='par_1_111' title="bbox 2155 4896 3721 4977">
     <span class='ocr_line' id='line_1_111' title="bbox 2155 4896 3721 4977; baseline 0.007 -29"><span class='ocrx_word' id='word_1_731' title='bbox 2155 4896 2333 4950; x_wconf 85' lang='lat' dir='ltr'><strong>tonius</strong></span> <span class='ocrx_word' id='word_1_732' title='bbox 2380 4896 2702 4955; x_wconf 87' lang='lat' dir='ltr'><strong>Possevinus</strong></span> <span class='ocrx_word' id='word_1_733' title='bbox 2740 4901 2794 4956; x_wconf 91' lang='lat' dir='ltr'><strong>in</strong></span> <span class='ocrx_word' id='word_1_734' title='bbox 2851 4903 3125 4972; x_wconf 74' lang='lat' dir='ltr'><strong>Apparatu</strong></span> <span class='ocrx_word' id='word_1_735' title='bbox 3159 4922 3344 4971; x_wconf 81' lang='lat' dir='ltr'><strong>sacro,</strong></span> <span class='ocrx_word' id='word_1_736' title='bbox 3381 4908 3565 4961; x_wconf 71' lang='lat' dir='ltr'><strong>aetatis</strong></span> <span class='ocrx_word' id='word_1_737' title='bbox 3612 4923 3721 4977; x_wconf 85' lang='lat' dir='ltr'><strong>per-</strong></span> 
     </span>
    </p>
   </div>
   <div class='ocr_carea' id='block_1_112' title="bbox 2153 4988 3722 5068">
    <p class='ocr_par' dir='ltr' id='par_1_112' title="bbox 2153 4988 3722 5068">
     <span class='ocr_line' id='line_1_112' title="bbox 2153 4988 3722 5068; baseline 0.008 -29"><span class='ocrx_word' id='word_1_738' title='bbox 2153 5002 2304 5054; x_wconf 80' lang='lat' dir='ltr'><strong>:eque</strong></span> <span class='ocrx_word' id='word_1_739' title='bbox 2352 4988 2569 5059; x_wconf 68' lang='lat' dir='ltr'><strong>ignotae.</strong></span> <span class='ocrx_word' id='word_1_740' title='bbox 2623 4991 2803 5047; x_wconf 81' lang='lat' dir='ltr'><strong>Nihilo</strong></span> <span class='ocrx_word' id='word_1_741' title='bbox 2846 4997 3016 5063; x_wconf 85' lang='lat' dir='ltr'><strong>magis</strong></span> <span class='ocrx_word' id='word_1_742' title='bbox 3055 4997 3326 5063; x_wconf 88' lang='lat' dir='ltr'><strong>conjicere</strong></span> <span class='ocrx_word' id='word_1_743' title='bbox 3371 5013 3600 5066; x_wconf 90' lang='lat' dir='ltr'><strong>possum</strong></span> <span class='ocrx_word' id='word_1_744' title='bbox 3627 5015 3722 5068; x_wconf 86' lang='lat' dir='ltr'><strong>quo</strong></span> 
     </span>
    </p>
   </div>
   <div class='ocr_carea' id='block_1_113' title="bbox 2151 5082 3722 5160">
    <p class='ocr_par' dir='ltr' id='par_1_113' title="bbox 2151 5082 3722 5160">
     <span class='ocr_line' id='line_1_113' title="bbox 2151 5082 3722 5160; baseline 0.008 -29"><span class='ocrx_word' id='word_1_745' title='bbox 2151 5087 2392 5149; x_wconf 86' lang='lat' dir='ltr'><strong>tempore</strong></span> <span class='ocrx_word' id='word_1_746' title='bbox 2422 5082 2700 5139; x_wconf 84' lang='lat' dir='ltr'><strong>lucubrata</strong></span> <span class='ocrx_word' id='word_1_747' title='bbox 2726 5085 2888 5140; x_wconf 79' lang='lat' dir='ltr'><strong>fuerit</strong></span> <span class='ocrx_word' id='word_1_748' title='bbox 2903 5088 3281 5157; x_wconf 80' lang='grc' dir='ltr'><strong>Ὠριγενιστῶν</strong></span> <span class='ocrx_word' id='word_1_749' title='bbox 3301 5089 3580 5160; x_wconf 69' lang='grc' dir='ltr'><strong>ὲρώτηως</strong></span> <span class='ocrx_word' id='word_1_750' title='bbox 3598 5092 3722 5160; x_wconf 76' lang='grc' dir='ltr'><strong>πρὸς</strong></span> 
     </span>
    </p>
   </div>
   <div class='ocr_carea' id='block_1_114' title="bbox 2147 5172 3720 5242">
    <p class='ocr_par' dir='ltr' id='par_1_114' title="bbox 2147 5172 3720 5242">
     <span class='ocr_line' id='line_1_114' title="bbox 2147 5172 3720 5242; baseline 0.008 -19"><span class='ocrx_word' id='word_1_751' title='bbox 2147 5172 2358 5237; x_wconf 75' lang='grc' dir='ltr'><strong>πιστόν,</strong></span> <span class='ocrx_word' id='word_1_752' title='bbox 2400 5187 2520 5242; x_wconf 73' lang='lat' dir='ltr'><strong>quae</strong></span> <span class='ocrx_word' id='word_1_753' title='bbox 2571 5177 2788 5242; x_wconf 88' lang='lat' dir='ltr'><strong>ponitur</strong></span> <span class='ocrx_word' id='word_1_754' title='bbox 2814 5177 2865 5232; x_wconf 90' lang='lat' dir='ltr'><strong>in</strong></span> <span class='ocrx_word' id='word_1_755' title='bbox 2911 5178 3179 5233; x_wconf 80' lang='lat' dir='ltr'><strong>Allatiano</strong></span> <span class='ocrx_word' id='word_1_756' title='bbox 3222 5178 3504 5236; x_wconf 67' lang='lat' dir='ltr'><strong>Vaticana:</strong></span> <span class='ocrx_word' id='word_1_757' title='bbox 3532 5183 3720 5236; x_wconf 89' lang='lat' dir='ltr'><strong>Biblio-</strong></span> 
     </span>
    </p>
   </div>
   <div class='ocr_carea' id='block_1_115' title="bbox 2147 5264 3718 5344">
    <p class='ocr_par' dir='ltr' id='par_1_115' title="bbox 2147 5264 3718 5344">
     <span class='ocr_line' id='line_1_115' title="bbox 2147 5264 3718 5344; baseline 0.007 -28"><span class='ocrx_word' id='word_1_758' title='bbox 2147 5264 2314 5318; x_wconf 66' lang='lat' dir='ltr'><strong>theca:</strong></span> <span class='ocrx_word' id='word_1_759' title='bbox 2331 5279 2514 5320; x_wconf 92' lang='lat' dir='ltr'><strong>censu.</strong></span> <span class='ocrx_word' id='word_1_760' title='bbox 2538 5264 2644 5320; x_wconf 87' lang='lat' dir='ltr'><strong>Par</strong></span> <span class='ocrx_word' id='word_1_761' title='bbox 2655 5266 2972 5324; x_wconf 85' lang='lat' dir='ltr'><strong>Damasceui</strong></span> <span class='ocrx_word' id='word_1_762' title='bbox 2997 5269 3332 5326; x_wconf 85' lang='lat' dir='ltr'><strong>Venerabilis</strong></span> <span class='ocrx_word' id='word_1_763' title='bbox 3349 5271 3496 5327; x_wconf 87' lang='lat' dir='ltr'><strong>Beda</strong></span> <span class='ocrx_word' id='word_1_764' title='bbox 3514 5289 3718 5344; x_wconf 72' lang='lat' dir='ltr'><strong>aequum</strong></span> 
     </span>
    </p>
   </div>
   <div class='ocr_carea' id='block_1_116' title="bbox 2145 5352 3716 5433">
    <p class='ocr_par' dir='ltr' id='par_1_116' title="bbox 2145 5352 3716 5433">
     <span class='ocr_line' id='line_1_116' title="bbox 2145 5352 3716 5433; baseline 0.006 -25"><span class='ocrx_word' id='word_1_765' title='bbox 2145 5352 2363 5425; x_wconf 89' lang='lat' dir='ltr'><strong>Origeni</strong></span> <span class='ocrx_word' id='word_1_766' title='bbox 2390 5371 2449 5410; x_wconf 85' lang='lat' dir='ltr'><strong>se</strong></span> <span class='ocrx_word' id='word_1_767' title='bbox 2470 5359 2729 5425; x_wconf 58' lang='lat' dir='ltr'><strong>praebuit;</strong></span> <span class='ocrx_word' id='word_1_768' title='bbox 2755 5376 2876 5414; x_wconf 90' lang='lat' dir='ltr'><strong>nam</strong></span> <span class='ocrx_word' id='word_1_769' title='bbox 2909 5371 2962 5420; x_wconf 85' lang='lat' dir='ltr'><strong>et</strong></span> <span class='ocrx_word' id='word_1_770' title='bbox 2983 5363 3264 5432; x_wconf 64' lang='lat' dir='ltr'><strong>praeclaras</strong></span> <span class='ocrx_word' id='word_1_771' title='bbox 3295 5363 3414 5433; x_wconf 86' lang='lat' dir='ltr'><strong>ejus</strong></span> <span class='ocrx_word' id='word_1_772' title='bbox 3440 5366 3597 5420; x_wconf 88' lang='lat' dir='ltr'><strong>dotes</strong></span> <span class='ocrx_word' id='word_1_773' title='bbox 3626 5378 3716 5420; x_wconf 77' lang='lat' dir='ltr'><strong>sx-</strong></span> 
     </span>
    </p>
   </div>
   <div class='ocr_carea' id='block_1_117' title="bbox 2147 5444 3717 5526">
    <p class='ocr_par' dir='ltr' id='par_1_117' title="bbox 2147 5444 3717 5526">
     <span class='ocr_line' id='line_1_117' title="bbox 2147 5444 3717 5526; baseline 0.006 -28"><span class='ocrx_word' id='word_1_774' title='bbox 2147 5444 2269 5500; x_wconf 89' lang='lat' dir='ltr'><strong>tulit</strong></span> <span class='ocrx_word' id='word_1_775' title='bbox 2292 5449 2575 5516; x_wconf 67' lang='lat' dir='ltr'><strong>praeconiis</strong></span> <span class='ocrx_word' id='word_1_776' title='bbox 2626 5467 2680 5505; x_wconf 80' lang='lat' dir='ltr'><strong>In</strong></span> <span class='ocrx_word' id='word_1_777' title='bbox 2716 5449 3062 5508; x_wconf 79' lang='lat' dir='ltr'><strong>Collectaneis</strong></span> <span class='ocrx_word' id='word_1_778' title='bbox 3101 5463 3155 5509; x_wconf 87' lang='lat' dir='ltr'><strong>et</strong></span> <span class='ocrx_word' id='word_1_779' title='bbox 3190 5453 3464 5522; x_wconf 79' lang='lat' dir='ltr'><strong>Floribus,</strong></span> <span class='ocrx_word' id='word_1_780' title='bbox 3499 5472 3618 5526; x_wconf 87' lang='lat' dir='ltr'><strong>cap.</strong></span> <span class='ocrx_word' id='word_1_781' title='bbox 3648 5455 3717 5508; x_wconf 88' lang='lat' dir='ltr'><strong>De</strong></span> 
     </span>
    </p>
   </div>
   <div class='ocr_carea' id='block_1_118' title="bbox 2146 5533 3710 5606">
    <p class='ocr_par' dir='ltr' id='par_1_118' title="bbox 2146 5533 3710 5606">
     <span class='ocr_line' id='line_1_118' title="bbox 2146 5533 3710 5606; baseline 0.005 -19"><span class='ocrx_word' id='word_1_782' title='bbox 2146 5533 2452 5593; x_wconf 87' lang='lat' dir='ltr'><strong>luminarib.</strong></span> <span class='ocrx_word' id='word_1_783' title='bbox 2515 5539 2753 5606; x_wconf 87' lang='lat' dir='ltr'><strong>Eccles.,</strong></span> <span class='ocrx_word' id='word_1_784' title='bbox 2788 5557 2886 5596; x_wconf 84' lang='lat' dir='ltr'><strong>nec</strong></span> <span class='ocrx_word' id='word_1_785' title='bbox 2937 5543 3064 5596; x_wconf 89' lang='lat' dir='ltr'><strong>vitia</strong></span> <span class='ocrx_word' id='word_1_786' title='bbox 3105 5553 3281 5599; x_wconf 88' lang='lat' dir='ltr'><strong>tanten</strong></span> <span class='ocrx_word' id='word_1_787' title='bbox 3335 5546 3710 5599; x_wconf 76' lang='lat' dir='ltr'><strong>dissimulavit.</strong></span> 
     </span>
    </p>
   </div>
   <div class='ocr_carea' id='block_1_119' title="bbox 2146 5622 3715 5704">
    <p class='ocr_par' dir='ltr' id='par_1_119' title="bbox 2146 5622 3715 5704">
     <span class='ocr_line' id='line_1_119' title="bbox 2146 5622 3715 5704; baseline 0.007 -27"><span class='ocrx_word' id='word_1_788' title='bbox 2146 5622 2379 5694; x_wconf 90' lang='lat' dir='ltr'><strong>lniquior</strong></span> <span class='ocrx_word' id='word_1_789' title='bbox 2432 5629 2753 5685; x_wconf 82' lang='lat' dir='ltr'><strong>Anastasius</strong></span> <span class='ocrx_word' id='word_1_790' title='bbox 2792 5630 3230 5692; x_wconf 73' lang='lat' dir='ltr'><strong>BibliOtheeanius</strong></span> <span class='ocrx_word' id='word_1_791' title='bbox 3271 5634 3390 5666; x_wconf 84' lang='grc'><strong><em>³⁹·³³</em></strong></span> <span class='ocrx_word' id='word_1_792' title='bbox 3416 5635 3715 5704; x_wconf 83' lang='lat' dir='ltr'><strong>suppressis</strong></span> 
     </span>
    </p>
   </div>
   <div class='ocr_carea' id='block_1_120' title="bbox 2145 5717 3713 5794">
    <p class='ocr_par' dir='ltr' id='par_1_120' title="bbox 2145 5717 3713 5794">
     <span class='ocr_line' id='line_1_120' title="bbox 2145 5717 3713 5794; baseline 0.007 -25"><span class='ocrx_word' id='word_1_793' title='bbox 2145 5717 2429 5775; x_wconf 89' lang='lat' dir='ltr'><strong>Adamauti</strong></span> <span class='ocrx_word' id='word_1_794' title='bbox 2475 5721 2722 5779; x_wconf 89' lang='lat' dir='ltr'><strong>laudibus</strong></span> <span class='ocrx_word' id='word_1_795' title='bbox 2746 5724 2864 5794; x_wconf 92' lang='lat' dir='ltr'><strong>ejus</strong></span> <span class='ocrx_word' id='word_1_796' title='bbox 2891 5735 3097 5781; x_wconf 90' lang='lat' dir='ltr'><strong>tantum</strong></span> <span class='ocrx_word' id='word_1_797' title='bbox 3119 5742 3332 5783; x_wconf 88' lang='lat' dir='ltr'><strong>errores</strong></span> <span class='ocrx_word' id='word_1_798' title='bbox 3357 5742 3547 5781; x_wconf 87' lang='lat' dir='ltr'><strong>amare</strong></span> <span class='ocrx_word' id='word_1_799' title='bbox 3579 5728 3713 5780; x_wconf 75' lang='lat' dir='ltr'><strong>ultus</strong></span> 
     </span>
    </p>
   </div>
   <div class='ocr_carea' id='block_1_121' title="bbox 2192 5920 2842 5993">
    <p class='ocr_par' dir='ltr' id='par_1_121' title="bbox 2192 5920 2842 5993">
     <span class='ocr_line' id='line_1_121' title="bbox 2192 5920 2842 5993; baseline 0.006 -16"><span class='ocrx_word' id='word_1_800' title='bbox 2192 5920 2302 5986; x_wconf 71' lang='grc'>(56)</span> <span class='ocrx_word' id='word_1_801' title='bbox 2361 5921 2486 5990; x_wconf 80' lang='lat' dir='ltr'><strong>ch.</strong></span> <span class='ocrx_word' id='word_1_802' title='bbox 2515 5924 2552 5978; x_wconf 81' lang='lat' dir='ltr'><strong>l&#39;.</strong></span> <span class='ocrx_word' id='word_1_803' title='bbox 2581 5925 2842 5993; x_wconf 77' lang='lat' dir='ltr'><strong>dogmata.</strong></span> 
     </span>
    </p>
   </div>
  </div>
