3926 6506
181 410 294 465 ΗΠ

176 623 240 677 ris
270 619 478 677 acriter
501 627 773 696 coarguit.
793 627 1002 684 Saeculo
1023 641 1301 700 sequente,
1332 632 1474 701 quod
1493 649 1520 686 a
1538 633 1739 689 Christi

176 725 281 770 ortu
331 731 538 771 nonum
595 729 932 787 numeratur,
988 718 1170 775 floruit
1226 722 1429 794 Haymo
1467 723 1743 779 Albersta-

173 806 350 860 seusis.
381 807 609 875 Apertis
635 811 722 865 ille
743 811 920 867 verbis
945 811 1228 882 Origenem
1253 814 1479 870 crimine
1511 823 1738 871 conatus

173 908 246 951 est
276 898 586 966 absolvere,
634 915 846 958 errores
874 902 954 956 vel
1005 895 1202 972 ipsi-ab
1243 905 1512 961 haereticis
1535 905 1739 964 alIictos

181 990 246 1043 vel
277 990 343 1042 ab
366 991 488 1058 ipso
519 1007 630 1047 non
670 1008 734 1048 ex
774 995 1062 1058 sententia,
1092 995 1184 1051 sed
1228 1012 1293 1051 ex
1326 999 1576 1066 opinione
1599 1014 1739 1068 pra-

179 1081 367 1148 positos
401 1097 747 1140 asseverans.
790 1083 992 1139 Contra
1017 1101 1146 1140 vero
1178 1086 1401 1143 Photius
1431 1087 1741 1144 Constanti-

179 1174 516 1241 nopolitanus
557 1177 867 1244 patriarcha
893 1179 1061 1250 ipsius
1093 1181 1314 1252 aequalis
1359 1181 1740 1238 Adamantium

171 1264 460 1323 sazvissime
500 1267 782 1334 proscidit.

235 1353 419 1412 XVIII.
472 1355 719 1428 Longum
781 1369 925 1416 esset
987 1362 1317 1434 singulorum
1361 1364 1644 1434 explorare
1686 1375 1742 1422 et

177 1445 370 1502 referre
396 1451 728 1506 sententiam
752 1491 766 1516 ,
804 1453 893 1523 qui
925 1453 1100 1509 obiter
1125 1470 1188 1511 ac
1221 1455 1368 1510 aliud
1404 1466 1629 1526 agentes
1677 1457 1746 1515 de

175 1536 397 1608 Origene
427 1539 798 1613 Origenisque
851 1546 1097 1600 doctrina
1131 1547 1260 1615 quid
1311 1547 1416 1602 sibi
1468 1549 1748 1604 videretur

175 1627 392 1682 strictim
425 1630 896 1700 ediderunt.Quid
920 1635 1063 1691 enim
1097 1635 1390 1706 Georgium
1414 1638 1745 1710 Syncellum,

175 1728 219 1772 et
252 1717 684 1790 Theophanem,
748 1725 876 1794 quid
927 1723 1216 1798 Georgium
1266 1729 1592 1797 Cedreuum,
1621 1732 1749 1801 quid

175 1809 676 1882 Theophylactum,
739 1815 871 1884 quid
925 1814 1190 1871 Joannem
1249 1817 1516 1873 Zonaram
1555 1860 1572 1886 ,
1618 1820 1746 1891 quid

1041 415 1611 475 OtllGENIANORUM
1647 417 1773 480 LIB.
1808 419 1873 488 11,
1912 423 2064 488 CAP,
2105 426 2192 493 IV,
2235 427 2427 486 SECT.
2467 429 2533 486 ll.

1715 0 2086 12 ﬁ—w,
2168 0 2286 14 ...οι-
2281 0 2476 16 —__~__-'-_._-
2421 0 2428 4 '
2469 0 2490 15 ν.
2511 2 2514 6 ι
2533 1 2669 16 v____.__'-
2627 0 2632 4 ι
2661 0 2892 18 '_'..ﬁ'___‘r
2893 2 2931 19 'v_.
2941 2 2996 20 —v~l
3019 2 3048 19 ιν
3063 2 3148 21 τ-νῑ
3181 2 3184 4 τ
3209 2 3214 4 -
3231 2 3254 6 -ιπ
3273 0 3596 8 σ’--σ--σν-σ--σ-’θ
3637 1 3648 6 “
3743 4 3748 6 -
3847 6 3850 8 ν

3285 423 3430 498 ms’

178 540 264 600 est,
297 531 707 624 Eusebiumque
731 536 900 603 ipsum
934 537 1084 593 nimii
1121 555 1244 611 erga
1281 542 1566 612 Origenem
1592 558 1744 600 amo-
1771 548 1819 606 Α
1846 555 2056 615 uatem,
2088 549 2263 618 ipsum
2297 551 2437 605 haud
2467 565 2630 607 secus
2666 566 2730 608 ac
2759 562 3040 624 parentem
3092 555 3419 612 Arianorum

1841 636 2256 695 incessentem?
2297 641 2427 712 quid
2478 643 2772 699 Robertum
2807 643 3107 701 Cursonum
3143 647 3373 719 Anglum
3403 691 3420 716 ,

1837 743 1993 797 quem
2021 731 2297 800 scripsisse
2341 733 2534 788 librum
2573 733 2648 788 De
2691 735 2978 791 salvatione
3032 737 3273 808 Origenis
3334 756 3418 796 re-

1837 815 1944 874 fert
1975 818 2180 877 Balteus
2202 821 2422 877 Centur.
2462 825 2496 878 5
2544 823 2878 891 Scriptorum
2908 825 3201 884 Britannice
3223 833 3249 887 ?
3294 833 3427 900 quid

1838 909 2180 967 Vincentium
2207 912 2664 981 Bellovacensem,
2711 917 2807 986 qui
2845 915 3056 982 Speculi
3107 921 3420 976 doctrinalis

1846 1001 1940 1056 lib.
1969 1018 2124 1068 xvm,
2155 1019 2274 1074 cap.
2309 1005 2398 1072 45,
2434 1020 2640 1059 summa
2673 1009 2927 1076 aequitate
2947 1011 3013 1064 de
3038 1009 3269 1082 Origene
3303 1029 3420 1082 pro

1837 1095 2090 1150 nuntiat?
2108 1095 2235 1166 quid
2258 1097 2579 1152 Wernerum
2598 1097 2990 1168 Westphalum,
3013 1102 3102 1172 qui
3135 1103 3419 1176 postquam

1840 1184 2026 1241 laudes
2073 1187 2128 1241 in
2177 1188 2461 1258 Origenem
2498 1189 2817 1257 congessit,
2868 1193 3161 1249 conciliare
3206 1209 3266 1249 se
3311 1211 3419 1252 nor.

1841 1290 2005 1345 posse
2054 1277 2184 1332 dicit
2217 1289 2582 1349 repugnantes
2611 1288 2664 1334 et
2693 1281 2974 1350 oppositas
3006 1285 3071 1338 de
3103 1286 3312 1342 meritis
3356 1301 3410 1340 at

1842 1367 2132 1425 virtutibus
2165 1370 2411 1442 Origenis
2441 1371 2782 1427 sententias?
2819 1373 2956 1440 Quid
2992 1376 3170 1432 varios
3196 1389 3420 1446 prater»

1843 1471 1906 1512 ea
1943 1457 2216 1514 inferioris
2260 1459 2402 1518 illius
2445 1461 2544 1516 τι)νί
2596 1462 2878 1520 haereticos
2913 1480 3223 1523 recenseam
3253 1508 3269 1533 ,
3329 1470 3422 1539 qui

1847 1547 2103 1619 pleraque
2136 1551 2304 1618 ipsius
2339 1553 2538 1621 placita
2571 1565 2905 1610 renovarunt
2931 1575 2945 1611 :
2970 1557 3115 1612 velut
3159 1559 3192 1614 ii
3226 1559 3428 1630 quibus

1849 1654 2043 1694 nomen
2075 1639 2177 1694 fuit
2209 1643 2274 1696 de
2307 1641 2503 1699 Barulo
2525 1685 2540 1708 ,
2575 1659 2714 1712 quos
2759 1644 3004 1701 historici
3050 1661 3275 1704 narrant
3305 1651 3427 1705 ani-

1852 1745 2059 1782 marum
2086 1731 2430 1803 προΰπαρξιν
2460 1733 2783 1799 defendisse,
2815 1744 2871 1790 et
2913 1735 3124 1791 beatam
3151 1735 3425 1809 Virginem

1853 1834 1950 1888 pro
1979 1821 2168 1890 angelo
2217 1823 2511 1892 habuisse;
2571 1824 2718 1879 velut
2758 1823 3078 1891 Valdenses,
3117 1830 3206 1897 qui
3239 1845 3422 1885 sacer-

174 1899 490 1958 Michaclem
520 1903 773 1976 Glycam,
799 1908 928 1976 quid
960 1907 1320 1978 Nicephorum
1348 1909 1556 1966 Callisti
1591 1927 1744 1968 com-
1776 1897 1819 1953 Β
1849 1911 2002 1966 dotes
2033 1913 2270 1981 quandiu
2302 1913 2630 1971 criminibus
2654 1923 2707 1972 et
2741 1917 3166 1988 noxisimpliciti
3191 1921 3421 1987 haerent,

173 2012 507 2065 memorem,
557 2015 587 2054 a
630 2002 826 2072 quibus
850 2044 865 2070 ,
896 2013 954 2057 ut
1005 2019 1034 2058 a
1065 2014 1176 2059 tota
1209 2005 1320 2060 fere
1374 2006 1742 2063 Grteculorum

173 2091 380 2147 natione
408 2094 652 2159 pessime
683 2107 941 2167 exceptus
977 2098 1099 2154 est?
1131 2100 1258 2169 quid
1287 2099 1463 2155 Nilum
1493 2101 1540 2133 “
1575 2101 1744 2158 Thes-

175 2182 592 2253 salonicensem,
624 2187 716 2256 qui
752 2188 888 2243 nihil
929 2189 1006 2244 ait
1035 2187 1282 2260 Origeni,
1303 2191 1742 2248 Christianorum

172 2272 286 2328 licet
322 2277 736 2345 sapientissimo
768 2288 824 2334 et
857 2279 1153 2350 Scriptura:
1198 2281 1528 2350 peritissimo
1553 2322 1570 2348 ,
1619 2297 1744 2352 pro-

175 2363 328 2419 fuisse
360 2367 720 2436 sapientiam,
749 2383 856 2440 quo
892 2371 1071 2426 minus
1099 2387 1128 2426 a
1156 2371 1278 2427 fidei
1307 2374 1616 2443 integritate
1653 2374 1743 2430 de-

172 2457 422 2516 scisceret
450 2459 474 2512 ?
506 2459 708 2514 Suidas
733 2460 1154 2533 lexicographus
1183 2480 1281 2532 pro
1316 2480 1466 2521 more
1495 2481 1591 2522 suo
1611 2466 1744 2521 alio-

176 2566 280 2604 rum
305 2551 447 2606 dicta
477 2552 778 2622 compilans
802 2553 998 2622 duplici
1032 2553 1320 2624 Origenem
1359 2558 1580 2613 donavit
1629 2559 1740 2614 elo-

170 2642 264 2713 gio,
295 2658 527 2713 quorum
566 2645 716 2714 prius
750 2659 816 2699 ex
843 2645 1055 2701 Eusebii
1086 2646 1224 2702 libro
1253 2647 1331 2702 De
1379 2649 1561 2718 script.
1611 2648 1739 2704 eccl.

175 2734 274 2788 fere
307 2735 655 2805 decerptum,
684 2736 780 2790 sed
827 2735 1052 2792 confuso
1081 2745 1135 2792 et
1179 2741 1498 2809 perturbato
1526 2740 1740 2805 ordine,

166 2828 352 2897 partim
385 2829 558 2882 ctiam
610 2841 677 2882 ex
717 2826 902 2886 Graeca
948 2829 1393 2899 interpretatione
1419 2832 1588 2902 Elogii
1633 2848 1740 2903 quo

168 2923 327 2989 ipsum
357 2919 588 2975 donavit
617 2907 998 2992 Hieronymus,
1028 2923 1258 2978 miriﬁce
1286 2923 1460 2993 ipsum
1493 2926 1735 2993 extollit;

165 3009 385 3067 alterum
416 3026 549 3067 vero
581 3011 956 3083 depromptum
983 3012 1258 3080 αὑτολεξεὶ
1278 3032 1343 3070 ex
1369 3016 1609 3072 Cedreno
1631 3018 1741 3073 hae-

172 3118 339 3160 reseos
366 3105 549 3174 ipsum
575 3105 808 3160 crimine
843 3105 1159 3176 compellat.
1195 3108 1738 3164 Animadversionem

175 3211 293 3251 vero
320 3207 568 3251 nostram
605 3197 840 3268 postulat
868 3237 884 3264 ,
923 3201 1067 3271 quod
1115 3215 1214 3272 pro
1259 3199 1491 3271 Origene
1523 3200 1740 3257 Nicetas
1767 3241 1810 3298 α

168 3288 381 3358 scripsit
415 3289 656 3361 elogium
686 3308 702 3347 :
735 3309 754 3344 ι
793 3289 907 3346 IIoc
940 3302 1144 3358 autem,
1186 3293 1361 3364 inquit
1394 3334 1410 3360 ,
1441 3293 1494 3348 in
1525 3309 1740 3350 summa

173 3381 451 3436 dicendum
484 3387 616 3450 est,‘
645 3381 940 3454 Origenem
976 3385 1029 3438 in
1079 3385 1314 3457 physicis
1366 3386 1740 3455 theorematis,

171 3485 460 3543 eorumque
496 3471 774 3539 allegoriis
801 3511 816 3536 ,
860 3487 1068 3528 necnon
1104 3475 1158 3529 iu
1216 3484 1328 3532 tota
1359 3477 1550 3532 morali
1579 3477 1744 3532 disci-

172 3562 305 3631 plina
334 3564 626 3619 doctorum
657 3563 906 3618 omnibus
947 3566 1402 3634 acceptissimum,
1431 3581 1743 3624 accommo-

172 3653 617 3726 datissitnumque
645 3655 836 3727 fuisse,
865 3670 1030 3730 atque
1057 3662 1192 3716 adeo
1226 3675 1348 3716 eum
1373 3700 1392 3726 ,
1437 3662 1528 3731 qui
1566 3661 1742 3716 virtu-

173 3755 271 3801 tem
300 3748 618 3803 actionibus
651 3763 711 3804 se
749 3751 987 3806 maxime
1015 3754 1257 3808 omnium
1291 3762 1594 3808 exerceret.
1634 3751 1744 3807 IIu.

173 3837 250 3905 ius
274 3840 422 3894 enim
472 3840 722 3897 exercitii
750 3844 930 3898 studio
959 3845 1125 3898 vitam
1158 3860 1331 3916 usque
1367 3845 1504 3900 adeo
1531 3844 1746 3900 excole-

173 3930 275 3999 bat,
294 3942 355 3986 ut
370 3943 571 4002 pectus
601 3933 741 4003 ejus,
775 3937 1229 4004 quemadmodum
1257 3938 1556 4007 aiunt,prae
1579 3937 1744 3991 nimia

176 4024 244 4079 rei
276 4023 659 4095 cujuscunque
695 4025 948 4081 animatae
971 4028 1305 4084 continentia
1330 4038 1385 4084 et
1413 4029 1745 4085 abstinentia

173 4117 449 4172 exciderit.
485 4117 559 4172 At
609 4117 664 4172 in
695 4132 824 4172 vera
874 4119 1000 4181 lide,
1037 4119 1210 4188 iisque
1261 4119 1592 4190 disciplinis,
1625 4134 1745 4190 quae

173 4207 429 4274 majorem
463 4207 1007 4279 contemplationem,
1043 4219 1210 4279 atque
1233 4210 1286 4265 in
1313 4211 1504 4281 primis
1534 4211 1746 4266 theolo-

171 4299 338 4368 gicam
372 4301 688 4370 requirunt,
715 4302 958 4356 omnium
986 4311 1250 4372 quotquot
1275 4303 1425 4358 illum
1457 4318 1748 4373 praecesse-

173 4400 310 4458 runt,
329 4402 387 4447 et
411 4393 588 4448 secuti
617 4401 762 4459 sunt,
794 4395 1245 4450 absurdissimum
1263 4410 1324 4452 se
1341 4395 1653 4466 praestiterit
1677 4413 1692 4449 :
1721 4415 1741 4450 ι

172 4497 284 4552 qua:
311 4498 381 4538 ex
431 4483 736 4553 Epiphanio
763 4485 892 4542 bter.
925 4500 1050 4540 Luv
1071 4524 1086 4550 ,
1120 4499 1242 4555 cap.
1267 4483 1321 4552 5,
1349 4485 1462 4540 fere
1493 4487 1746 4556 decerpta

1844 2001 2051 2056 ordinis
2071 2005 2152 2056 sui
2181 2015 2451 2074 potestate
2483 2007 2559 2062 uti
2613 2024 2720 2063 non
2754 2023 2936 2078 posse,
2967 2018 3025 2065 et
3067 2011 3186 2081 pios
3227 2027 3419 2067 omnes

1846 2095 2161 2152 sacerdotes
2211 2112 2334 2152 esse
2393 2097 2748 2154 asserebant?
2790 2097 2963 2154 Unum
3022 2099 3150 2155 illud
3188 2102 3423 2157 monitos

1845 2185 2079 2241 lectores
2127 2187 2286 2242 velim
2313 2228 2329 2256 ,
2367 2189 2613 2258 asperius
2651 2190 2768 2246 fere
2807 2205 2837 2245 a
2883 2190 3090 2246 Grzccis
3132 2189 3420 2262 Origenem

1843 2291 2002 2344 quam
2049 2292 2077 2331 a
2107 2276 2312 2334 Latinis
2347 2279 2622 2347 adhiberi,
2670 2283 2823 2349 cujus
2844 2282 2918 2336 rei
2950 2297 3168 2337 causam
3224 2283 3291 2335 ad
3331 2297 3422 2352 sy-

1844 2370 2043 2424 nodum
2079 2372 2324 2439 quiutam
2353 2372 2660 2439 referimus,
2701 2389 2820 2443 quae
2847 2391 2968 2431 cum
2997 2375 3284 2446 Origenem
3314 2391 3419 2430 una

1844 2473 1965 2513 cum
1999 2459 2173 2513 tribus
2225 2459 2478 2530 capitulis
2508 2462 2850 2532 damnasset,
2891 2465 2992 2522 tria
3024 2478 3156 2518 vero
3187 2463 3420 2533 capitula

1843 2549 2146 2616 complures
2168 2550 2475 2608 Occidentis
2512 2554 2752 2624 episcopi
2795 2555 3054 2610 adversus
3106 2556 3292 2626 synodi
3325 2570 3421 2609 au-

1841 2643 2143 2698 ctoritatem
2199 2645 2335 2698 tueri
2369 2644 2752 2712 instituissent,
2795 2648 2920 2702 hinc
2971 2649 3154 2702 tuendi
3209 2664 3423 2718 quoque

1841 2734 2088 2806 Origenis
2132 2735 2373 2808 profecta
2427 2740 2572 2809 apud
2620 2739 2770 2808 ipsos
2806 2739 3016 2795 videtur
3043 2754 3166 2796 esse
3195 2755 3424 2798 consue-
3479 2735 3481 2737 ’

1845 2828 1994 2883 tudo.

1910 2920 2056 2976 XIX.
2097 2921 2249 2977 Piam
2301 2923 2551 2978 feminam
2583 2921 2926 2977 Mechtildem
2947 2922 3217 2978 decimum
3249 2938 3418 2992 quar-

1841 3019 1954 3066 tum
1987 2993 2238 3068 saeculum
2284 3013 2426 3066 tulit.
2460 3010 2628 3082 Hujus
2654 3022 2777 3068 ante
2800 3028 2974 3068 annos
3024 3013 3228 3082 aliquot
3254 3013 3306 3068 in
3330 3016 3415 3068 lu-

1839 3117 1957 3158 cem
2001 3104 2196 3158 emissa
2228 3103 2347 3160 Vita
2385 3113 2468 3160 est
2494 3142 2511 3170 ,
2545 3105 2596 3158 in
2649 3120 2754 3175 qua
2801 3105 3003 3160 editum
3039 3105 3140 3174 ipsi
3165 3104 3422 3163 divinitus

1843 3195 2125 3250 oraculum
2159 3196 2426 3265 quoddam
2456 3205 2637 3251 nostra
2670 3196 3046 3254 observatione
3069 3197 3287 3270 dignum
3326 3215 3417 3255 re-

1843 3283 2037 3340 fertur.
2073 3284 2298 3341 Ccelitus
2327 3286 2524 3357 quippe
2558 3286 2725 3342 Deum
2779 3288 2878 3356 ipsi
2929 3288 3206 3344 nuntiasse
3239 3298 3422 3346 narrat

1849 3375 1989 3432 Vita:
2024 3378 2184 3450 hujus
2219 3378 2473 3448 scriptor,
2517 3379 2777 3450 quidquid
2817 3379 3064 3435 Samsoni
3093 3421 3109 3448 ,
3145 3378 3419 3438 Salomoni

1843 3481 1899 3527 et
1935 3470 2152 3540 Origeni
2177 3474 2538 3529 condonatum
2568 3462 2707 3528 a'se
2747 3481 2801 3529 et
2859 3473 3123 3528 indultum
3155 3481 3260 3539 est,
3286 3488 3420 3528 con-

1843 3565 1986 3621 sulto
2011 3568 2258 3623 homines
2287 3568 2514 3634 celasse,
2544 3577 2598 3622 ut
2635 3567 2712 3623 rei
2740 3567 2904 3638 hujus
2929 3568 3268 3638 ignoratione
3296 3584 3422 3637 per-

1843 3661 2116 3718 terrefacti
2160 3663 2495 3729 doctissimi,
2543 3663 2946 3732 prudentissimi
3018 3673 3077 3717 et
3138 3662 3420 3719 fortissimi

1845 3754 2070 3822 quique,
2110 3767 2402 3824 perparum
2431 3755 2497 3808 de
2527 3769 2606 3817 se,
2636 3755 2817 3809 omnia
2848 3769 2978 3809 vero
3004 3754 3071 3810 de
3103 3754 3210 3809 Deo
3237 3768 3423 3823 spera-

1847 3859 1905 3899 re
1931 3844 2159 3898 discant.
2187 3844 2578 3900 Celebrabatur
2600 3845 2703 3904 hoc
2735 3846 2852 3916 ipso
2897 3856 3137 3915 tempore
3187 3846 3422 3900 Bernar-

1846 3937 1945 3992 dus
1973 3936 2168 4005 Guido,
2201 3953 2229 3992 a
2266 3952 2374 4008 quo
2412 3949 2768 3994 recensentur
2819 3937 3129 4008 Origeniani
3181 3953 3418 4005 errores,

1844 4035 1899 4083 et
1921 4027 1975 4082 in
2023 4029 2230 4100 synodo
2259 4029 2445 4100 quinta
2478 4045 2585 4084 una
2613 4045 2734 4086 cum
2772 4041 2992 4085 auctore
3030 4030 3268 4084 damnati
3299 4044 3422 4086 esse

1846 4117 2572 4174 memoranturnPosterior
2642 4120 2733 4174 illo
2783 4119 3166 4176 Bartolomaeus
3215 4119 3420 4176 Platina

1844 4210 2102 4279 praeclare
2126 4211 2235 4282 egit
2264 4225 2389 4265 cum
2413 4209 2664 4282 Origene,
2703 4220 2758 4266 et
2783 4213 2994 4281 magnis
3026 4227 3148 4266 eum
3173 4209 3420 4266 laudibus

1845 4303 2150 4357 exornavit.
2179 4303 2414 4357 Maxima
2441 4317 2568 4358 vero
2593 4303 2696 4358 fuit
2721 4303 2970 4373 sequenti
2999 4312 3159 4357 artate
3197 4301 3420 4359 Joannis

1845 4391 1957 4447 Pici
2022 4393 2381 4448 Mirandulani
2409 4394 2658 4459 comitis,
2694 4395 2750 4450 in
2797 4409 2856 4448 re
2908 4393 3172 4448 Iitteraria
3203 4394 3320 4449 laus
3366 4401 3421 4448 et

1847 4483 2154 4552 celebritas,
2185 4496 2244 4540 ut
2275 4501 2451 4556 neque
2500 4487 2821 4542 nobiliorem
2851 4527 2868 4553 ,
2919 4500 3093 4554 neque
3125 4486 3421 4540 doctiorem

171 4585 309 4628 sunt.
371 4575 608 4630 Rursum
656 4590 784 4631 vero
837 4577 965 4646 quid
1007 4577 1291 4632 Sidonium
1340 4578 1744 4650 Apollinarem,
1775 4581 1820 4636 D
1850 4586 2134 4646 patronum
2178 4576 2280 4632 sibi
2304 4577 2564 4648 Origenes
2591 4588 2778 4648 optare
2802 4577 3057 4647 potuerit.
3099 4577 3243 4630 Inter
3289 4591 3422 4630 non-

171 4666 292 4734 quid
324 4665 550 4732 Bedam,
581 4667 712 4736 quid
744 4667 1107 4736 Freculphum
1155 4667 1542 4725 Lexoviensem
1567 4710 1582 4735 ,
1613 4671 1740 4739 quid

171 4755 499 4829 Regiuonem
524 4798 539 4822 ,
595 4759 724 4828 quid
757 4757 1128 4814 Ilermannum
1173 4760 1526 4817 Contractum
1553 4801 1569 4827 ,
1614 4763 1744 4831 quid

172 4849 464 4906 Marianum
503 4851 724 4905 Scotum
747 4892 762 4918 ,
800 4852 926 4920 quid
960 4851 1257 4908 Honorium
1281 4853 1742 4926 Augustodunen-

167 4955 299 5008 sem,
331 4942 464 5012 quid
499 4940 826 4995 Gulielmum
852 4941 1214 4999 Parisiensc‘m
1254 4943 1542 5014 appellem,
1566 4945 1656 5012 qui
1687 4945 1741 4999 in

171 5048 284 5086 eum
321 5049 441 5089 sese
498 5033 769 5104 aequiores
822 5035 1228 5104 prmbuerunt?
1272 5037 1400 5104 quid
1452 5033 1740 5089 Martinutu

169 5123 434 5179 Polonum
459 5127 551 5194 qui
605 5127 816 5195 magnis
861 5142 984 5180 eum
1030 5126 1224 5182 extulit
1276 5127 1568 5181 laudibus?
1617 5127 1744 5194 quid

169 5216 514 5272 Anastasium
571 5217 1053 5272 Bibliotliecarium
1109 5217 1202 5288 qui
1251 5217 1304 5272 in
1342 5218 1615 5273 contraria
1646 5217 1748 5272 fuit

169 5309 457 5372 sententia,
487 5317 542 5362 et
574 5308 896 5376 asperrimis
919 5308 1094 5376 ipsum
1127 5307 1390 5364 conviciis
1412 5307 1689 5377 perfricuit
1720 5308 1743 5361 ?

170 5403 292 5468 quid
323 5401 663 5456 Bernardutn
690 5439 707 5466 ,
735 5401 828 5470 qui
868 5401 921 5454 in
952 5415 1202 5455 sermone
1235 5401 1302 5455 de
1339 5399 1521 5455 verbis
1550 5398 1741 5470 Orige-

170 5494 290 5558 nis,
332 5495 479 5547 hunc
533 5495 928 5562 circumspecte
977 5493 1261 5560 legendum
1321 5507 1444 5549 esse
1502 5507 1685 5549 monet
1717 5532 1734 5558 ,

171 5584 304 5650 quod
344 5582 516 5636 multa
571 5580 720 5636 illum
766 5592 955 5636 contra
992 5582 1150 5636 Iidem
1192 5582 1478 5651 scripsisse
1525 5592 1742 5636 sancto-

169 5690 284 5728 rum
319 5674 546 5730 Patrum
581 5675 757 5728 tradat
783 5674 1116 5730 auctoritas?
1140 5674 1267 5742 quid
1299 5673 1741 5738 TlioniamAqui-

1849 4677 2042 4737 gentas
2063 4681 2191 4737 ergo
2228 4667 2626 4733 conclusiones,
2655 4681 2789 4738 quas
2819 4667 3074 4721 universo
3099 4665 3216 4720 orbi
3243 4665 3422 4734 dispu-

1852 4760 2046 4813 tandas
2086 4761 2408 4829 proposuit,
2445 4760 2676 4830 insignis
2712 4761 2826 4814 haec
2864 4768 3022 4814 erat:
3056 4776 3075 4810 ι
3108 4756 3422 4812 Rationabi-

1849 4849 1952 4905 lius
1981 4861 2065 4906 est
2091 4852 2311 4906 credere
2356 4851 2641 4920 Origenem
2672 4865 2794 4905 esse
2822 4849 3030 4904 salvum
3055 4887 3072 4911 ,
3114 4862 3272 4916 quam
3304 4859 3421 4899 cre-

1851 4941 1980 4997 dere
2004 4943 2180 5012 ipsum
2209 4957 2330 4998 esse
2363 4943 2697 4996 damnatum.
2760 4959 2779 4993 ι
2835 4939 2914 4993 Ex
2957 4939 3160 5008 ingenti
3196 4937 3283 4990 illa
3321 4950 3420 5000 po-

1850 5034 2106 5090 sitionum
2143 5044 2292 5090 strue
2341 5032 2596 5088 tredecim
2638 5031 2917 5086 asteriscis
2961 5029 3232 5100 signatas,
3263 5025 3417 5095 quasi

1847 5125 1969 5178 fidei
2023 5123 2345 5179 Christianae
2390 5123 2717 5188 contrarias,
2753 5121 2865 5176 Pici
2921 5119 3097 5176 :emuli
3129 5119 3418 5173 damnave-

1843 5225 2012 5283 runt,
2043 5217 2095 5270 in
2145 5217 2344 5286 quibus
2395 5230 2458 5270 ea
2497 5223 2616 5270 erat
2661 5229 2781 5283 qua:
2816 5212 2883 5267 ad
2917 5212 3140 5268 salutem
3173 5208 3418 5277 Origenis

1845 5309 2100 5378 pertinet.
2128 5307 2443 5378 Apologiam
2471 5323 2569 5377 pro
2602 5322 2660 5362 se
2690 5320 2896 5376 suaque
2929 5305 3175 5360 doctrina
3199 5299 3416 5370 scripsit

1848 5401 2184 5456 clarissimus
2224 5403 2472 5471 princeps
2498 5441 2515 5466 ,
2547 5410 2602 5456 et
2631 5398 2858 5454 tutando
2899 5394 3222 5452 Adamantio
3258 5406 3417 5462 pecu-

1848 5493 1984 5550 liare
2027 5504 2191 5564 caput
2220 5493 2439 5549 dicavit.
2479 5491 2698 5563 Septem
2732 5491 2860 5546 illud
2888 5498 3102 5548 constat
3147 5483 3416 5552 articulis,

1849 5602 1984 5655 quos
2013 5586 2220 5642 referre
2249 5586 2381 5642 utile
2403 5593 2528 5640 est:
2569 5603 2588 5637 ι
2621 5585 2674 5640 In
2714 5585 2889 5655 primo
2921 5581 3152 5645 videtur,
3199 5593 3266 5632 an
3297 5575 3416 5632 Oric

1850 5692 2016 5747 genas
2049 5693 2284 5748 unquam
2333 5676 2641 5735 litereticam
2670 5675 2738 5734 de
2761 5676 2922 5732 rebus
2949 5671 3074 5729 fidei
3108 5669 3414 5743 opinionem
