3952 6524
576 465 713 520 H79

1833 461 1892 516 Ρ.
1935 459 2248 517 DANIELIS
2285 459 2553 551 HUETIIA

3641 455 3739 515 ιιεο

576 580 855 650 scripserit
890 585 942 633 et
967 578 1288 646 crediderit;
1315 578 1366 633 in
1401 577 1658 643 secundo,
1690 577 1817 632 dato
1844 577 1984 647 quod
2007 579 2140 633 scri-
2166 583 2217 643 Α
2245 580 2312 636 ab
2361 575 2601 633 Ecclesia
2645 573 2882 643 legitime
2917 582 3266 642 congrcgrata
3313 571 3634 632 damnatum,
3669 589 3738 630 nec

576 673 766 742 pserit,
796 685 862 723 an
905 671 1226 740 dogmatiee,
1256 671 1339 724 vel
1373 672 1673 737 adhzesive,
1721 671 1803 726 vel
1835 670 2141 740 inquisitive

577 771 780 820 tantum
822 762 1133 832 scripserit;
1186 762 1239 817 in
1280 763 1462 821 tertio.
1512 762 1638 818 dato
1680 762 1821 832 quod
1855 761 2138 828 adbaesive,

575 872 644 911 an
672 856 849 908 taliter
880 855 1176 922 adhzrsive,
1210 855 1352 924 quod
1388 854 1474 908 ille
1502 854 1788 908 scribendo
1839 853 2143 910 mortaliter

574 947 915 1018 peccaverit,
973 957 1026 1001 et
1063 947 1354 1002 haereticus
1409 946 1512 1000 dici
1565 945 1773 1015 possit;
1825 946 1879 1000 in
1911 954 2142 1015 quarto,

576 1038 704 1093 dato
725 1038 865 1107 quod
897 1038 1207 1107 scripserit,
1226 1045 1281 1093 et
1309 1037 1488 1095 taliter
1512 1037 1810 1108 scripserit,
1844 1039 1985 1108 quod
2009 1037 2143 1092 scri-

575 1131 752 1186 bendo
773 1131 1060 1196 erraverit,
1093 1146 1159 1184 an
1187 1145 1284 1200 pro
1316 1129 1510 1184 talibus
1531 1144 1767 1198 unquam
1790 1129 2138 1198 pmnituerit;

578 1223 634 1278 in
676 1223 900 1294 quinto,
935 1223 1059 1277 dato
1085 1225 1226 1293 quod
1259 1222 1325 1277 de
1351 1221 1469 1292 ejus
1515 1236 1614 1277 nec
1658 1221 1997 1291 pauitantia,
2045 1234 2143 1275 nec

579 1315 977 1384 impomitentia
1013 1322 1262 1381 constet,
1307 1330 1374 1368 an
1425 1314 1496 1368 sit
1547 1312 1924 1368 rationabilius
1969 1312 2141 1381 ipsum

579 1407 803 1460 credere
829 1420 946 1460 esse
972 1403 1309 1468 damnatum,
1345 1418 1412 1457 an
1437 1402 1681 1467 salvum;
1713 1403 1765 1456 in
1805 1410 1980 1465 sexto,
2015 1400 2144 1472 quid

579 1512 647 1552 ex
678 1497 838 1552 dictis
871 1497 1208 1550 decretorum
1250 1494 1593 1562 iudicandum
1621 1493 1692 1548 sit
1713 1493 2009 1548 Ecclesiam
2052 1492 2144 1548 de-

581 1589 899 1642 terminasse
925 1588 991 1642 de
1016 1586 1273 1656 Origene;
1302 1587 1356 1639 in
1408 1585 1637 1654 septimo
1659 1622 1675 1648 ,
1711 1593 1972 1652 quantum
2002 1583 2142 1638 obli-

578 1686 670 1752 get
715 1678 767 1732 in
819 1679 920 1733 ista
950 1679 1173 1732 materia
1201 1678 1578 1733 credulitatem
1614 1687 1854 1732 nostram
1889 1678 2144 1732 determi-

581 1769 730 1824 natio
769 1769 1043 1825 Ecclesiae.
1084 1789 1103 1823 ι
1132 1769 1352 1824 Diversa
1387 1771 1538 1825 fuere
1569 1773 1636 1824 de
1671 1770 1756 1824 his
1784 1769 2144 1824 conclusioni-

579 1859 716 1924 bus,
756 1868 812 1914 et
841 1859 1178 1930 apologetico
1224 1860 1500 1915 hominum
1532 1859 1732 1929 judicia
1755 1899 1769 1924 ,
1799 1859 1932 1914 adeo
1977 1867 2033 1912 ut
2063 1858 2143 1912 vi-

2240 683 2326 728 est
2350 670 2684 735 hazreticum,
2722 680 2893 734 neque
2919 667 2970 719 in
3012 666 3116 719 fide
3165 673 3496 734 suspectum.
3547 684 3562 715 ι
3604 662 3736 717 Tertia

2239 771 2325 818 est
2349 759 2658 831 hujrusmodi
2686 777 2699 812 :
2729 777 2747 810 ι
2795 757 3155 811 Probabiliter
3197 755 3467 811 allirmans
3513 756 3736 826 Origenem

2239 852 2621 908 Adamantium
2674 848 2927 905 Leonidis
2964 849 3215 918 martyris
3266 848 3434 900 lilium
3483 863 3578 900 non
3621 847 3739 902 fuisse

2243 954 2517 1000 auctorem
2553 942 2793 998 omnium
2850 940 3062 994 illorum
3116 940 3472 1009 pessimorum
3500 949 3737 993 erratorum

2244 1051 2362 1107 quae
2391 1035 2494 1091 sibi
2542 1035 2934 1104 imponuntur,
2993 1045 3097 1085 non
3147 1030 3366 1100 derogat
3419 1028 3740 1083 ecclesiasticis

2243 1126 2629 1190 sanctionibus,
2648 1138 2820 1193 neque
2847 1119 3521 1190 summorumipontiﬁcum
3546 1120 3736 1185 decretis,

2241 1233 2417 1288 neque
2466 1226 2777 1272 sanctorum
2837 1214 3058 1268 Patrum
3105 1213 3469 1280 dogmatibus.
3529 1229 3546 1261 ι
3595 1210 3738 1276 Quarta

2242 1308 2325 1362 his
2359 1307 2537 1360 verbis
2584 1312 2842 1372 concepta
2888 1313 2970 1355 est
3020 1321 3032 1355 :
3087 1319 3108 1353 ι
3145 1301 3406 1354 Asserere
3457 1298 3741 1368 probabiliter

2243 1399 2464 1452 alteram
2497 1397 2722 1449 istarum
2747 1394 3172 1464 propositionum
3209 1409 3222 1445 :
3258 1389 3516 1460 Origenes
3533 1391 3740 1443 Adaman-

2246 1488 2349 1542 tius
2371 1485 2621 1540 Leonidis
2656 1485 2907 1553 martyris
2944 1483 3082 1535 lilius
3116 1496 3218 1533 non
3253 1491 3355 1540 est,
3392 1494 3490 1532 nec
3544 1478 3629 1531 fuit
3667 1479 3739 1532 ha;-

2243 1578 2443 1632 reticus
2483 1594 2496 1629 :
2542 1575 2798 1644 Origenes
2862 1571 3215 1626 Adamantius
3260 1569 3511 1624 Leonidis
3547 1570 3740 1639 martyris

2245 1669 2388 1723 ﬁlius
2421 1677 2504 1722 est
2549 1666 2632 1720 vel
2679 1665 2780 1720 fuit
2837 1664 3125 1718 haereticus
3155 1702 3171 1728 ,
3224 1676 3328 1715 non
3363 1671 3450 1714 est
3477 1660 3739 1718 haereticum,

2245 1759 2501 1815 haeresim
2553 1757 2769 1823 sapiens
2793 1794 2808 1820 ,
2841 1769 2940 1808 nec
2983 1767 3301 1815 erroneum,
3332 1766 3362 1803 a
3395 1749 3496 1804 [ide
3545 1760 3623 1802 aut
3656 1752 3736 1803 fidei

2244 1850 2444 1921 pietate
2469 1848 2724 1902 alienum.
2751 1863 2771 1896 ι
2798 1843 2996 1910 Quinta
3023 1841 3148 1896 talis
3175 1849 3294 1895 est:
3326 1857 3345 1891 ι
3383 1840 3625 1894 Asserens
3645 1839 3739 1892 hanc

583 1954 756 2007 tandm
779 1924 1067 2006 multoruin
1094 1950 1396 2015 offensioni,
1452 1924 1568 2005 nea
1597 1965 1864 2021 quoquam
1897 1949 2138 2020 legeren-
2170 1924 2214 1978 Β
2248 1941 2331 1997 vel
2369 1941 2513 1996 illam
2544 1947 2747 2008 partem
2785 1933 3154 2006 probabiliter,
3202 1947 3467 2001 seponere
3493 1931 3630 1986 debet
3657 1945 3737 2021 omf

581 2051 670 2096 tur
699 2043 814 2098 istae
837 2042 1210 2097 conclusiones
1261 2043 1480 2097 decreto
1514 2042 1754 2097 sanxerit
1802 2039 2144 2096 Innocentius

579 2132 692 2188 Vill
724 2133 963 2202 pontifex
994 2133 1258 2190 maximus
1281 2136 1308 2201 ;’
1330 2132 1535 2189 salvam
1567 2142 1746 2188 tamen
1787 2147 1852 2189 ac
1880 2134 2142 2205 integram

578 2224 693 2280 Pici
721 2224 1180 2280 existimationem
1226 2237 1346 2278 esse
1387 2222 1639 2280 voluerit.
1669 2222 1838 2292 Hujus
1868 2235 2145 2279 successor

577 2316 884 2372 Alexander
916 2314 1000 2380 Vl,
1034 2330 1174 2369 anno
1228 2316 1367 2370 M93
1394 2355 1412 2380 ,
1439 2315 1504 2372 18
1531 2314 1674 2368 Junii
1704 2318 1864 2370 breve
1892 2313 2146 2385 apostoli-

577 2421 702 2460 cum
729 2407 795 2460 ad
820 2406 1001 2460 Picum
1033 2405 1202 2473 dedit,
1251 2408 1393 2476 quod
1427 2415 1510 2461 est
1545 2407 1847 2474 hujusmodi
1875 2447 1891 2472 ,
1946 2416 2004 2460 ut
2049 2421 2146 2475 pro

578 2497 820 2570 apologia
851 2497 1024 2567 ipsum
1055 2497 1234 2552 valere
1264 2497 1470 2566 possit,
1508 2497 1643 2551 adeo
1693 2512 1881 2554 severa
1912 2506 1966 2552 et
1992 2497 2144 2567 gravi

579 2588 822 2646 oratione
846 2587 987 2642 omni
1014 2585 1199 2640 Picum
1231 2588 1498 2642 haereseos
1529 2596 1583 2642 et
1609 2589 1813 2644 erroris
1841 2591 2146 2658 suspicione

580 2678 787 2733 liberat.
824 2680 957 2732 Aliis
986 2689 1115 2748 puto
1161 2679 1269 2734 Pici
1323 2681 1666 2748 exemplum,
1719 2690 1778 2736 nt
1806 2682 1985 2736 simile
2043 2697 2140 2751 pro

579 2769 814 2840 Origene
849 2771 1133 2833 auderent,
1173 2771 1393 2826 stimulo
1433 2770 1550 2825 fuit.
1588 2772 1948 2837 Quamobrem
1983 2772 2147 2827 Joan-

579 2877 677 2916 nes
724 2860 1016 2916 Nauclerus
1057 2861 1414 2932 Tubingensis
1443 2863 1764 2934 praepositus
1821 2865 2048 2932 insignia
2091 2865 2144 2920 in

580 2950 838 3008 Chronico
883 2953 1105 3024 Origeni
1165 2955 1336 3024 elogia
1389 2955 1734 3024 conscripsit.
1788 2954 1970 3009 Multis
2025 2968 2147 3009 eum

580 3058 791 3114 quoque
820 3044 1215 3100 concelebravit
1265 3045 1514 3100 laudibus
1566 3045 1800 3101 Joannes
1833 3043 2148 3101 Trittemius

580 3135 744 3190 abbas
767 3133 1188 3203 Spanhemensis
1214 3177 1230 3206 ,
1262 3136 1315 3191 in
1348 3137 1441 3192 lib.
1480 3137 1553 3191 De
1583 3139 1766 3206 script.
1796 3137 2006 3203 eccles.,
2050 3139 2149 3193 n‘ec

2247 2048 2368 2088 nem
2401 2030 2781 2103 pertinaciam,
2808 2036 2866 2082 et
2913 2026 3011 2081 sub
3065 2024 3379 2080 conditione
3425 2037 3648 2092 expressa
3685 2019 3739 2073 vd

2244 2125 2404 2179 tacita
2457 2121 2722 2175 affirmare
2759 2117 2980 2173 alteram
3019 2129 3034 2168 :
3088 2114 3327 2184 alioquin
3381 2114 3654 2184 periculoso
3683 2115 3737 2166 di-

2245 2213 2482 2272 scrimini
2506 2226 2625 2268 sese
2657 2210 3044 2266 committeret.
3081 2227 3099 2259 ι
3127 2207 3292 2262 Sexta
3316 2209 3390 2261 ita
3413 2221 3641 2275 expressa
3656 2214 3738 2258 est:

2251 2311 2270 2360 ἃ
2310 2306 2566 2374 Quamvis
2613 2303 2882 2373 praedictas
2915 2301 3309 2372 propositiones
3361 2315 3467 2353 non
3504 2297 3737 2366 possint

2247 2399 2356 2454 mul
2389 2405 2533 2452 stare
2564 2396 2618 2450 in
2651 2395 2897 2457 veritate,
2929 2402 2984 2448 et
3031 2408 3253 2448 necesse
3309 2391 3383 2446 sit
3435 2391 3633 2444 alteram
3659 2402 3739 2441 esse

2247 2505 2457 2556 verum;
2485 2496 2591 2544 stat
2623 2497 2799 2543 tamen
2821 2485 3056 2556 aliquem
3087 2493 3294 2556 partem
3327 2500 3507 2539 veram
3536 2482 3738 2536 afﬁrman-

2248 2579 2354 2637 tem
2382 2597 2486 2636 non
2515 2594 2634 2636 esse
2676 2578 3082 2634 schismaticum
3105 2616 3120 2641 ,
3159 2591 3258 2632 nec
3287 2575 3358 2630 de
3405 2575 3660 2630 schismate
3681 2587 3738 2625 sn-

2247 2683 2510 2744 spectum.
2555 2691 2575 2725 ι
2611 2672 2854 2742 Septima
2881 2669 3096 2724 demum
3124 2669 3210 2723 bis
3253 2667 3439 2722 verbis
3465 2664 3736 2720 absolvitur:

2252 2786 2270 2820 ‹
2305 2765 2627 2820 Christiana:
2655 2763 2840 2833 pietati
2887 2761 3279 2817 conducibilius
3305 2766 3395 2814 est
3420 2799 3434 2825 ,
3463 2768 3620 2814 stante
3658 2754 3735 2815 tali,

2251 2866 2507 2926 tantoque
2541 2856 2728 2918 dubio,
2759 2869 2880 2909 cum
2910 2852 3116 2908 veritas
3157 2852 3210 2906 in
3245 2861 3404 2922 parte
3425 2847 3612 2904 occulta
3635 2852 3737 2900 estet

2247 2963 2446 3018 anceps
2474 2987 2490 3013 ,
2525 2962 2622 3002 nec
2653 2961 2748 3016 per
2796 2945 3094 3000 Eeclesiam
3151 2953 3245 2998 aut
3290 2941 3587 3013 pontificem
3612 2945 3738 3005 aperte

2248 3039 2503 3104 definita,
2537 3039 2603 3093 de
2645 3037 2892 3108 Origenis
2935 3037 3180 3093 doctrina
3212 3045 3267 3090 et
3308 3042 3530 3089 auctore
3566 3029 3739 3100 ejusdem

2248 3131 2302 3186 in
2331 3131 2570 3187 favorem
2599 3131 2739 3185 bene
2784 3144 2974 3199 sapere
3005 3137 3061 3184 et
3094 3128 3484 3198 dogmatizare,
3515 3132 3739 3194 quamper-

580 3239 793 3281 errores
825 3235 998 3280 tamen
1027 3227 1196 3297 ipsius
1227 3229 1607 3300 dissimulavit,
1639 3231 1708 3285 ab
1743 3229 1919 3298 iisque
1948 3229 1992 3285 si
2018 3228 2149 3284 alic-
2175 3270 2218 3328 ο
2250 3238 2463 3295 peram;
2487 3230 2540 3278 et
2566 3222 2618 3277 in
2649 3220 3078 3278 commendando
3113 3220 3404 3284 excedere,
3428 3230 3573 3287 quam
3605 3211 3740 3265 defice

944 3317 977 3328 ι.
1148 3320 1167 3328 ι.
2295 3327 2301 3328 ,
2432 3313 2445 3328 I
2537 3311 2575 3328 εκ
2640 3312 2732 3328 κοισ
2802 3313 2814 3328 ι
2853 3313 2950 3328 an,
3042 3326 3062 3328 α
3115 3311 3333 3328 ,-,_,--,_
3406 3311 3442 3328 κε
3480 3309 3522 3328 Ξ.-
3576 3305 3736 3328 AnAn-nn

581 3332 709 3370 num
732 3331 850 3372 esse
878 3317 1012 3372 velle
1041 3320 1316 3388 professus
1343 3327 1446 3374 est.

653 3405 772 3463 XX.
814 3405 972 3463 Initio
1000 3409 1295 3478 superioris
1334 3411 1514 3465 sazculi
1543 3426 1763 3481 sparsas
1788 3412 1838 3466 in
1865 3411 2152 3481 Bibliothe-

581 3494 664 3551 cis
687 3495 1137 3566 Origenianarum
1168 3499 1522 3566 scriptionum
1564 3478 1826 3569 reliquias
1878 3478 2148 3572 colligere,

582 3594 635 3640 et
660 3586 712 3639 in
741 3587 1009 3655 publicam
1047 3587 1219 3641 lucem
1254 3589 1384 3643 dare
1415 3590 1621 3659 primus
1649 3592 1887 3646 instituit
1915 3591 2148 3647 Iacobus

583 3674 838 3730 Mcrliuus
890 3675 1284 3732 Victurniensis
1309 3717 1326 3742 ,
1358 3679 1633 3748 theologus
1661 3725 1677 3747 ,
1745 3683 2040 3737 cauonicus
2097 3691 2152 3737 et

583 3766 1014 3838 poenitentiarius
1049 3767 1390 3824 Parisiensis.
1434 3769 1592 3838 Operi
1651 3772 1954 3842 Apologiam
2002 3773 2151 3826 addi-

583 3857 663 3913 dit
695 3873 789 3928 pro
837 3857 1081 3927 Origene,
1124 3859 1178 3914 in
1213 3875 1318 3929 qua
1353 3863 1418 3915 de
1450 3860 1662 3917 Gelasio
1687 3903 1704 3931 ,
1755 3873 1810 3918 et
1848 3863 1950 3917 lata
1996 3865 2062 3917 ab
2089 3877 2151 3917 eo

582 3947 640 4004 ln
675 3947 904 4002 concilio
934 3947 1181 4004 Romano
1217 3951 1507 4020 sententia,
1559 3962 1672 4007 tum
1701 3963 1756 4009 et
1785 3955 1849 4009 de
1888 3953 2152 4025 llicrony-

580 4055 672 4098 mo
707 4056 812 4096 non
841 4042 975 4098 satis
1004 4044 1296 4112 prudenter
1321 4045 1534 4102 locutus
1558 4055 1662 4111 est,
1702 4061 1801 4102 nec
1831 4056 1888 4100 ut
1911 4046 2152 4103 Catholi-

581 4145 706 4189 cum
734 4147 799 4187 ac
828 4133 974 4202 pium
1004 4133 1204 4200 virum,
1231 4135 1426 4191 nedum
1465 4137 1769 4207 theologum
1806 4138 2152 4203 decuit,alia-

581 4236 689 4293 que
721 4224 915 4294 adjecit
943 4223 1133 4289 multa,
1162 4241 1282 4295 quae
1309 4226 1515 4283 Massaei
1545 4227 1958 4283 Cameracensis
1984 4230 2145 4284 scho-

582 4314 649 4372 la:
674 4324 784 4369 tum
810 4317 1037 4371 rectoris
1060 4357 1074 4381 ,
1111 4327 1165 4372 et
1210 4316 1413 4374 Natalis
1447 4321 1600 4373 Bedre
1638 4319 1905 4385 facultatis
1951 4319 2154 4376 theolo-

583 4407 717 4476 gicae
744 4406 956 4476 syndici
987 4409 1511 4472 expostulationibus
1555 4418 1798 4478 patuere.
1844 4410 1979 4465 Cum
2027 4409 2151 4466 Ori-

584 4497 736 4567 genis
775 4511 904 4564 ergo
935 4497 1034 4565 ipsi
1068 4496 1454 4567 alﬁngerentur
1485 4515 1724 4564 errores,
1757 4503 1940 4556 multis
1966 4516 2031 4556 ac
2062 4502 2150 4556 diu

2253 3327 2311 3368 re
2352 3328 2381 3366 a
2432 3311 2587 3368 laude
2632 3312 2734 3368 sibi
2783 3313 2959 3368 debita
2994 3331 3006 3367 :
3039 3311 3341 3381 prtesertim
3389 3311 3442 3393 .si
3480 3309 3526 3361 in
3574 3305 3737 3358 alterum

2251 3405 2435 3460 venire
2462 3411 2727 3475 oporteat.
2763 3421 2783 3456 ι
2817 3403 3101 3458 Secundus
3146 3403 3281 3457 liber
3328 3415 3518 3456 novem
3562 3393 3738 3466 proposi-

2253 3495 2426 3549 tiones
2478 3508 2545 3549 cx
2601 3493 2854 3564 Apologia
2904 3493 3118 3548 Merlini‘
3163 3495 3230 3548 ab
3289 3493 3459 3560 ipsius
3494 3484 3738 3543 adversariis

2251 3595 2538 3657 excerptas
2564 3595 2619 3641 et
2651 3587 3007 3656 reprehensas
3043 3586 3301 3642 defendit.
3341 3584 3546 3640 Tertius
3561 3574 3740 3646 Origenis

2253 3679 2428 3734 Vitam
2461 3687 2515 3733 et
2540 3678 2723 3749 Elegia
2755 3694 2821 3734 ex
2851 3679 3100 3742 Eusebio,
3137 3677 3483 3747 Hieronymo,
3550 3670 3738 3726 Nam-lem

2250 3779 2304 3826 et
2336 3770 2622 3826 Trittemio
2648 3771 2915 3840 depromit
2941 3787 2955 3826 :
2987 3771 3183 3840 quibus
3221 3769 3465 3838 subjecta
3488 3775 3558 3821 est
3584 3776 3738 3829 respon-

2251 3862 2332 3916 sio
2363 3861 2431 3915 ad
2484 3861 2731 3932 Dialogus
2779 3861 3010 3927 Massici,
3043 3871 3097 3916 et
3140 3862 3505 3914 Additationes
3543 3856 3679 3912 Beda.
3703 3853 3738 3903 la

2252 3954 2335 4009 his
2363 3951 2621 4008 Mcrlinus
2653 3969 2756 4008 non
2784 3964 2893 4008 tam
2924 3969 2988 4008 ex
3025 3954 3126 4007 fide
3148 3952 3390 4007 historiae
3427 3961 3477 4006 et
3499 3941 3736 4003 testimoniis

2257 4046 2626 4115 antiquorum,
2659 4061 2820 4115 quam
2855 4046 3121 4101 contortis
3143 4043 3492 4115 sophismatis
3514 4051 3560 4098 et
3579 4033 3735 4105 argutiis

2253 4138 2320 4193 de
2341 4139 2526 4191 schola
2557 4137 2833 4192 velitatur.

2321 4227 2463 4283 XXI.
2501 4229 2764 4284 Praeclare
2799 4228 2960 4284 etiam
2997 4229 3101 4283 hac
3135 4237 3294 4283 :etate
3342 4230 3411 4284 de
3439 4228 3634 4291 Origene
3659 4233 3733 4273 me-

2251 4320 2388 4374 ritus
2437 4329 2519 4374 est
2552 4320 2860 4375 Desiderius
2894 4320 3149 4376 Erasmus
3171 4360 3184 4384 ,
3219 4335 3340 4373 nam
3397 4329 3447 4374 et
3485 4317 3734 4371 Commune-

2253 4413 2449 4466 riorum
2478 4412 2595 4480 ejus
2645 4413 2699 4466 in
2733 4412 3047 4466 Matt/iamut
3097 4425 3303 4482 partem
3335 4411 3557 4481 aliquam
3600 4403 3733 4458 Latino

2252 4517 2499 4559 sermone
2530 4505 2733 4573 retulit,
2763 4513 2817 4558 et
2855 4503 3033 4558 Vitam
3067 4504 3236 4573 ipsius
3270 4505 3504 4574 scripsit,
3541 4495 3732 4552 aclaudes

584 4599 676 4640 res
704 4585 758 4639 in
787 4601 1036 4655 supremo
1071 4597 1285 4652 senatu,
1317 4598 1371 4645 et
1395 4590 1540 4644 inter
1566 4591 1842 4647 Parisinos
1876 4593 2153 4664 theologos
2183 4601 2228 4658 ι)
2257 4603 2571 4665 prosecutus
2602 4605 2687 4651 est
2709 4637 2724 4660 ,
2750 4604 2805 4652 et
2830 4596 2895 4651 de
2920 4595 3404 4660 lucubrationibus,
3435 4597 3582 4662 deque
3610 4584 3731 4642 cnidi-

586 4687 932 4732 controversa
964 4693 1027 4733 ac
1043 4679 1314 4749 disputata
1340 4689 1444 4736 est.
1476 4682 1632 4736 Certe
1653 4697 1793 4736 anno
1825 4683 1982 4747 159.2,
2014 4684 2153 4752 Apo-

585 4764 739 4836 logia:
785 4781 896 4822 sure
948 4767 1250 4836 apologiam
1297 4779 1583 4838 pertexere
1629 4786 1915 4826 necessum
1969 4773 2155 4828 habuit

584 4856 862 4914 Merlinus.
893 4859 1054 4914 Manu
1099 4863 1300 4931 scripta
1332 4860 1418 4916 illa
1466 4874 1714 4917 servatur
1746 4864 1808 4918 in-
1836 4863 2151 4934 theologicae

585 4949 858 5005 facultatis
892 4951 1246 5017 Bibliotheca,
1283 4954 1504 5024 ejusque
1535 4955 1663 5009 mihi
1688 4971 1849 5011 usura
1895 4972 2152 5013 concessa

584 5050 688 5098 cst.
718 5041 887 5108 Quam
921 5059 1019 5098 cur
1056 5045 1110 5098 in
1141 5044 1312 5100 lucem
1343 5063 1447 5101 non
1482 5048 1725 5103 emiserit
1764 5058 1973 5114 auctor,
2003 5051 2154 5120 equi-

584 5131 706 5188 dem
737 5135 939 5190 ucscio.
982 5135 1178 5192 Tribus
1203 5137 1293 5191 illa
1320 5137 1474 5192 libris
1500 5139 1831 5195 continetur.
1864 5140 2018 5195 Prior
2056 5157 2152 5210 pro

585 5223 815 5296 Origene
875 5227 1227 5298 Origenisque
1277 5231 1522 5284 doctrina
1589 5240 1828 5300 pugnat,
1862 5241 1918 5285 et
1946 5243 2150 5302 septem

587 5317 1027 5374 conclusionibus
1050 5319 1365 5384 absolvitur,
1398 5334 1628 5389 quarum
1660 5320 1835 5390 prima
1869 5321 1984 5376 haec
2024 5330 2146 5377 est:

593 5427 612 5462 ι
645 5409 763 5466 Non
781 5419 864 5467 est
879 5421 1087 5465 certum
1113 5421 1167 5467 et
1196 5413 1437 5475 evidens,
1471 5426 1570 5466 nec
1596 5412 1975 5477 indubitatum,
2006 5427 2151 5467 con-

587 5500 770 5556 cilium
823 5501 1039 5572 aliquod
1093 5503 1378 5558 damnasse
1427 5503 1713 5574 Origenem
1770 5503 2149 5558 Adamantium

588 5591 837 5647 Leonidis
874 5593 1132 5664 martyris
1161 5593 1351 5661 filium,
1383 5602 1640 5665 tanquam
1685 5595 1997 5650 haereticum
2049 5609 2146 5650 no-

590 5685 786 5737 torium
821 5694 876 5739 et
903 5685 1200 5754 publicum.
1242 5704 1261 5738 ›
1293 5687 1476 5742 Altera
1520 5687 1596 5741 ita
1627 5701 1686 5741 se
1716 5687 1878 5741 habet
1931 5707 1943 5741 :
1991 5704 2011 5738 ι
2047 5688 2149 5742 Do-

593 5773 883 5842 gmatizare
914 5775 1198 5846 Origenem
1214 5779 1594 5834 Adamantium
1619 5778 1866 5835 Leonidis
1894 5779 2147 5850 martyris

592 5861 761 5920 tilium
791 5881 908 5940 non
941 5867 1106 5927 fuisse
1132 5870 1402 5928 notoriam
1433 5881 1484 5929 et
1517 5871 1791 5937 publicum
1836 5871 2146 5931 hacrcticum

2257 4689 2423 4756 tione,
2455 4703 2517 4741 ac
2540 4688 2766 4742 docendi
2804 4687 3015 4742 ratione
3041 4687 3326 4741 arbitrium
3352 4687 3501 4750 tulit;
3523 4700 3546 4736 ει
3576 4682 3730 4747 dogma-

2256 4780 2325 4833 tis
2344 4788 2520 4833 aulem
2550 4794 2742 4835 manus
2762 4779 3046 4843 abstinuit,
3075 4787 3268 4842 morte,
3298 4777 3350 4831 ni
3380 4777 3543 4839 fallor,
3565 4780 3731 4842 praten-

2257 4878 2366 4935 tus,
2406 4885 2525 4938 quae
2555 4873 2844 4940 quominus
2881 4880 3184 4939 susceptam
3217 4883 3432 4940 quoque
3462 4861 3729 4933 Origeniano-

2252 4977 2370 5016 rum
2411 4977 2636 5031 operum
2673 4962 2961 5017 editionem
2995 4970 3049 5017 et
3092 4974 3376 5016 censuram
3411 4954 3729 5016 absolverem!

2253 5052 2503 5122 Origenis
2547 5053 2891 5109 adversarios
2944 5053 3248 5118 refelleret,
3281 5049 3630 5120 impedimento
3649 5037 3727 5093 fuit.

2251 5141 2308 5196 In
2335 5158 2398 5198 ea
2445 5158 2628 5212 porro,
2672 5159 2790 5213 quae
2822 5151 3020 5209 exstat,
3068 5155 3312 5198 censura:
3350 5149 3495 5210 parte
3525 5133 3727 5200 antiquum

2251 5233 2512 5289 Erasmus
2540 5233 2795 5300 obtinuit,
2824 5249 2914 5289 res
2948 5248 3052 5289 non
3078 5235 3212 5290 satis
3234 5240 3477 5287 accurate
3499 5227 3728 5297 persPeC'”

2251 5321 2514 5390 praecipiti
2563 5319 2772 5390 judicio
2820 5322 3167 5391 disceptans,
3215 5331 3266 5376 et
3297 5314 3725 5388 disceptaudouon-

2251 5427 2525 5481 nunquam
2555 5413 2872 5482 impingens.
2913 5413 3266 5484 Summopere
3293 5411 3496 5466 interim
3515 5404 3723 5472 Origenem

2250 5503 2598 5558 aversabatur
2631 5504 2891 5559 Martinus
2921 5504 3212 5569 Lutherus,
3239 5503 3407 5574 [cujus
3434 5515 3489 5555 ea
3516 5509 3600 5550 vox
3628 5487 3722 5543 fuit:

2255 5612 2274 5647 ς
2311 5592 2597 5664 Origenem
2633 5593 2948 5661 jamdudum
2977 5595 3111 5649 diris
3137 5594 3346 5649 devovi.
3400 5611 3416 5644 ι
3445 5589 3532 5645 Cui
3563 5575 3722 5640 subinde

2252 5685 2574 5754 astipulatus
2612 5695 2693 5741 est
2724 5686 3039 5740 Theodorus
3063 5685 3223 5751 Beza,
3247 5699 3368 5739 cum
3391 5678 3620 5737 sexcentis
3636 5666 3723 5725 locis

2251 5776 2655 5832 adnotationum
2691 5778 2950 5848 majorum
2991 5778 3042 5831 in
3097 5776 3388 5844 Epistulam
3414 5775 3476 5825 ad
3512 5770 3719 5823 Romam.

2251 5878 2364 5929 tum
2398 5870 2630 5928 maxime
2662 5871 2766 5928 sub
2811 5871 2982 5941 ipsum
3017 5871 3226 5926 initium
3254 5908 3288 5933 ._
3323 5864 3586 5924 fmdissima
3625 5850 3722 5909 Adl’
