3926 6532
227 466 351 522 1181

1112 474 1686 538 ORIGENIANORUM
1724 480 1854 540 LIB.
1893 482 1958 550 ll,
1999 486 2147 543 CAP.
2191 489 2278 556 ιν,
2317 492 2508 549 SECT.

3317 507 3454 565 “8‘2

224 587 424 643 manlio
458 589 716 660 stigmata
767 591 988 647 inurens
1014 611 1027 646 :
1060 611 1078 645 ‹
1120 592 1306 665 Neque
1353 613 1481 656 vero
1507 640 1525 670 ,
1573 601 1745 671 inquit
1771 645 1786 671 ,
1816 605 1864 664 Α
1892 619 2058 662 ausos
2082 622 2200 663 esse
2231 625 2328 680 pro
2358 614 2544 669 eodem
2563 629 2728 672 novas
2760 617 2919 676 edere
2957 621 3250 694 apologias,
3283 635 3336 681 et
3357 643 3453 682 au-

221 695 333 736 cum
368 681 487 736 haec
539 684 696 751 dico,
738 685 1028 756 quidquam
1064 689 1184 745 volo
1215 689 1434 747 Patrum
1474 695 1783 752 auctoritati

221 773 505 828 detrahere
538 791 552 828 :
589 777 686 830 sed
709 792 838 832 sane
879 779 1019 848 quod
1050 782 1118 835 ad
1141 796 1224 836 me
1257 785 1472 850 attinet,
1497 785 1785 859 Origenem

221 877 318 917 non
350 878 578 932 possum
609 866 747 921 bona
777 869 1110 926 conscientia
1159 873 1303 929 inter
1328 891 1421 932 eos
1459 877 1648 935 Patres
1674 881 1785 936 col-

219 953 408 1018 locare,
445 970 585 1024 quos
633 956 788 1011 velim
816 958 1038 1016 imitari.
1094 959 1281 1032 Itaque
1329 981 1433 1021 non
1471 969 1690 1038 pudebit
1718 968 1782 1024 il-

218 1046 311 1101 lius
361 1057 550 1101 errata
605 1049 806 1118 passim
861 1051 1107 1110 refellere
1137 1093 1152 1120 ,
1205 1056 1352 1110 nullo
1398 1056 1495 1128 (ita
1530 1073 1616 1114 me
1644 1061 1781 1116 bene

217 1138 345 1194 Deus
368 1139 539 1208 amet)
575 1142 914 1196 obtrectandi
946 1143 1123 1200 studio
1152 1163 1165 1199 :
1207 1147 1300 1202 sed
1333 1149 1473 1217 quod
1505 1151 1776 1220 impurum

215 1230 527 1298 scriptorem
557 1242 809 1300 exoptem
865 1241 958 1286 aut
998 1247 1064 1288 ex
1112 1235 1373 1293 lectorum
1404 1241 1653 1298 manibus
1683 1257 1778 1299 ex-

214 1320 337 1384 cuti,
361 1328 458 1375 ant
490 1335 708 1376 summo
733 1338 853 1377 cum
876 1323 1083 1393 judicio
1115 1342 1142 1379 a
1184 1329 1439 1386 studiosis
1464 1334 1706 1388 tractari.
1749 1353 1769 1388 ι

214 1409 536 1467 Moderatius
566 1413 633 1468 de
657 1411 892 1484 Origene
935 1423 991 1471 et
1018 1417 1224 1487 aequius
1253 1431 1538 1477 senserunt
1564 1433 1618 1479 et
1641 1425 1775 1480 scri-

213 1509 430 1570 pserunt
463 1501 959 1573 Magdeburgenses
981 1545 997 1572 ,
1026 1521 1126 1576 pro
1154 1508 1303 1563 vitiis
1331 1525 1453 1566 eum
1489 1513 1574 1568 vel
1597 1513 1775 1570 virtu-

210 1593 343 1647 tibus
365 1604 670 1651 ornantes:
704 1612 1010 1667 quanquam
1046 1597 1267 1654 minime
1284 1599 1426 1671 ipsos
1453 1599 1774 1669 feras,‘Ada¥

208 1686 388 1741 mantii
414 1687 726 1744 orthodoxa
755 1690 1034 1755 nonnulla,
1058 1692 1152 1747 sed
1183 1703 1343 1748 sectae
1367 1709 1476 1748 suae
1506 1697 1771 1766 dogmatis

205 1781 490 1845 contraria,
533 1781 587 1835 in
621 1782 822 1837 crimen
857 1783 1165 1849 trahentes;
1204 1783 1381 1854 aliqua
1423 1801 1552 1842 vero
1577 1801 1770 1857 perpe~

205 1886 308 1925 ram
336 1871 441 1941 ipsi
479 1871 820 1942 alliugentes.
853 1874 1158 1930 Adamantii
1202 1878 1258 1931 in
1303 1877 1562 1932 Joannem
1611 1878 1768 1936 Com-

1891 698 2139 754 ctoritate
2173 703 2456 760 catholicae
2500 707 2754 763 Ecclesia:
2786 708 3052 776 judicatas
3074 717 3272 785 saepius
3318 732 3452 772 con-

1892 799 2166 847 troversas
2199 795 2377 851 denuo
2406 807 2607 853 temere
2633 801 2839 870 agitare
2862 843 2878 869 ,
2905 807 3047 873 quod
3075 806 3221 864 visus
3244 819 3326 864 est
3371 811 3450 866 lc-

1888 879 2026 936 cisse
2049 891 2140 938 aut
2163 885 2372 952 pridem
2412 887 2597 944 Sixtus
2625 889 2900 948 Senensis.
2940 913 2957 946 ι
2985 894 3100 950 Non
3139 898 3321 954 mitius
3338 900 3452 955 Ori-

1897 984 2086 1038 genem
2136 974 2297 1031 habet
2345 975 2613 1035 Robertus
2639 980 2994 1041 Bellarminus
3049 989 3336 1046 cardinalis
3378 992 3446 1057 ³⁸,

1882 1060 2236 1134 Origenisque
2286 1067 2422 1123 adeo
2459 1071 2746 1139 partiarios
2790 1089 2978 1132 omnes
3025 1086 3078 1131 et
3111 1077 3443 1137 defensores.

1953 1154 2174 1213 Summa
2213 1172 2346 1214 sane
2367 1161 2624 1230 aequitate
2646 1178 2769 1218 cum
2799 1165 3124 1222 Adamantio
3155 1169 3262 1239 egit
3282 1169 3445 1224 Clau-

1879 1245 1999 1301 dius
2043 1246 2369 1319 Espencasus
2421 1251 2476 1306 in
2514 1253 2914 1311 Commentariis
2959 1259 3013 1312 in
3044 1257 3337 1327 Epistulam
3375 1263 3444 1316 ad

1884 1334 2095 1404 Titum;
2128 1354 2253 1394 nam
2307 1356 2481 1412 neque
2511 1343 2703 1401 insano
2733 1345 3040 1404 obcaecatus
3075 1365 3257 1406 amore
3289 1353 3446 1422 quid-

1876 1441 2038 1497 quam
2063 1429 2128 1487 de
2162 1431 2269 1487 fide
2298 1431 2543 1491 historia:
2588 1437 2888 1509 decerpsit,
2925 1456 3022 1496 nec
3056 1441 3334 1499 erroribus
3362 1442 3445 1499 of-

1872 1516 2060 1576 fensus
2087 1519 2278 1578 laudes
2305 1524 2471 1594 ipsius
2509 1527 2837 1586 obscuravit.
2882 1530 3176 1586 Plurimum
3209 1533 3308 1602 ipsi
3357 1533 3442 1590 fa-

1881 1608 2026 1666 visse
2053 1611 2226 1669 fertur
2273 1631 2336 1670 ac
2385 1617 2551 1672 multa
2584 1622 2920 1678 condonasse
2946 1623 3181 1680 Vicelius
3225 1627 3278 1680 in
3307 1625 3443 1682 ΙΙ)το

1871 1699 1950 1755 De
2007 1707 2345 1774 scriptoribus
2417 1709 2820 1778 ecclesiasticis;
2877 1717 3017 1783 quod
3093 1719 3311 1786 quidem
3369 1733 3438 1774 ex

1873 1793 2047 1850 aliena
2080 1795 2185 1851 lide
2225 1798 2422 1867 refero,
2472 1817 2598 1856 nam
2636 1804 2828 1858 librum
2861 1806 3098 1874 reperire
3127 1822 3232 1862 non
3268 1810 3437 1878 potui.

1875 1881 2226 1952 Reliquorum
2260 1900 2391 1942 vero
2449 1889 2502 1944 in
2557 1894 2804 1948 ornando
2842 1895 3074 1965 Origene
3118 1897 3438 1952 industriam

203 1963 452 2016 mentaria
482 1963 539 2017 in
562 1963 773 2018 Veneta
799 1962 857 2019 S.
896 1962 1060 2053 Marci
1099 1967 1429 2024 Bibliotheca
1457 1968 1645 2026 Grteee
1669 1987 1764 2026 na-
1793 1946 1841 2007 Β
1871 1974 2033 2044 longo
2069 1968 2356 2035 intervallo
2420 1984 2692 2053 superavit
2740 1946 3016 2042 Gilbert‘bs
3063 1985 3440 2044 Genebrardus

201 2063 310 2108 ctus
329 2054 656 2112 Ambrosius
683 2056 967 2114 Ferrarius
998 2039 1434 2129 Mediolanensis,
1469 2065 1768 2122 monachus

199 2141 465 2212 Cassinas,
511 2145 722 2216 primus
757 2145 947 2203 Latine
977 2151 1243 2206 convertit
1282 2163 1339 2206 et
1370 2153 1508 2223 typis
1541 2156 1766 2210 commi-

198 2238 260 2290 sit
290 2255 304 2292 :
333 2235 682 2310 Origenianae
710 2254 838 2298 vero
889 2241 1042 2298 fama
1095 2260 1266 2314 usque
1314 2246 1447 2301 adeo
1493 2249 1766 2306 studiosus

197 2326 307 2397 fuit,
344 2339 405 2384 ut
455 2331 586 2386 dum
619 2331 696 2385 illi
736 2333 1111 2403 patrocinatus
1135 2346 1248 2402 est,
1277 2353 1470 2407 parum
1495 2341 1608 2410 ipse
1653 2357 1764 2398 suae

195 2421 523 2476 consuluerit
553 2437 570 2475 :
598 2427 846 2492 quamvis
885 2424 1029 2481 enim
1085 2443 1294 2483 summa
1330 2446 1390 2486 se
1415 2433 1466 2486 in
1497 2433 1598 2488 hoc
1627 2432 1764 2490 libro

195 2514 443 2569 vertendo
467 2530 629 2570 usum
667 2514 768 2572 (ide
811 2519 882 2573 sit
924 2519 1247 2587 obtestatus,
1281 2523 1536 2579 nonnulla
1583 2534 1762 2580 tamen

193 2604 427 2659 consulto
469 2615 683 2661 resecta
737 2607 1150 2677 deprehendas,
1203 2612 1257 2667 in
1307 2615 1503 2684 quibus
1533 2630 1564 2670 a
1611 2625 1759 2671 recto

192 2687 510 2746 Christianae
542 2693 803 2750 doctrinae
831 2697 966 2751 calle
995 2695 1258 2768 Origenes
1290 2703 1654 2760 aberraverat.
1701 2705 1756 2760 In

191 2783 577 2851 nuncupatoria
623 2797 888 2855 praeterea
923 2789 990 2843 ad
1036 2786 1235 2845 Iulium
1262 2790 1509 2848 Tertium
1540 2796 1758 2865 pontifi-

190 2885 295 2925 cem
347 2878 652 2928 maximum
711 2879 978 2948 epistola,
1033 2883 1243 2952 magnis
1291 2899 1410 2940 sese
1455 2888 1756 2956 sumptibus

191 2960 460 3018 adeundas
495 2978 722 3020 curasse
745 2977 932 3022 narrat
969 2969 1373 3035 celeberrimas.
1405 2991 1524 3044 quae
1559 2977 1756 3046 ubique

188 3052 421 3121 gentium
449 3064 601 3121 sunt,
639 3055 1012 3124 bibliothecas,
1050 3061 1229 3116 missis
1255 3063 1417 3117 etiam
1461 3064 1552 3133 qui
1588 3073 1751 3119 totam

185 3145 580 3212 perlustrarent
633 3146 895 3204 Graeciam
923 3189 938 3216 ,
975 3161 1029 3206 et
1065 3152 1112 3208 si
1144 3167 1265 3223 qua:
1311 3156 1756 3213 nanciscerentur

1873 2066 2153 2138 theologus
2212 2068 2577 2138 Parisiensis,
2648 2083 2702 2129 et
2754 2075 3194 2149 archiepiscopus
3247 2079 3441 2134 deinde

1865 2158 2132 2228 Aquensis
2161 2176 2176 2214 :
2210 2175 2332 2215 nam
2373 2163 2580 2231 priores
2622 2165 2885 2222 editiones
2931 2169 3222 2235 recensuit,
3267 2181 3323 2226 et
3366 2171 3434 2225 ad

1867 2262 2053 2304 vetera
2085 2265 2206 2304 cum
2241 2250 2430 2306 Grmca
2473 2259 2583 2306 tum
2624 2251 2814 2306 Latina
2844 2253 3190 2310 Bibliotheca:
3236 2257 3436 2325 Regius,

1865 2339 2193 2408 exemplaria
2226 2340 2455 2397 contulit
2498 2350 2552 2396 et
2594 2343 2930 2411 emendavit;
2957 2360 3151 2401 novam
3179 2348 3422 2401 omnium

1863 2446 2088 2499 operum
2132 2432 2423 2487 editionem
2456 2433 2676 2490 molitus
2693 2446 2796 2502 est,
2832 2436 2886 2492 in
2913 2452 3085 2507 eaque
3114 2439 3279 2494 multa
3303 2454 3436 2494 non-

1864 2524 1990 2578 dum
2019 2525 2164 2578 edita
2198 2524 2513 2594 publicavit,
2549 2525 2910 2583 Pltilocaliam
2950 2530 3004 2584 in
3031 2531 3282 2587 Latinum
3314 2549 3436 2589 ser-

1862 2630 2081 2671 monem
2147 2616 2451 2684 transtulit;
2493 2618 2822 2675 collectanea
2864 2621 3088 2678 editioni
3140 2639 3250 2680 suae
3301 2641 3438 2694 pra:-

1863 2706 2001 2772 lixit,
2034 2706 2087 2760 in
2117 2706 2315 2776 quibus
2346 2707 2484 2761 nihil
2530 2707 2646 2764 fere
2685 2712 3108 2779 praztermissum
3141 2723 3246 2780 est,
3292 2717 3434 2785 quod

1860 2794 1926 2848 ad
1974 2795 2309 2864 purgandum
2355 2794 2644 2867 Origenem
2672 2837 2688 2862 ,
2747 2807 2803 2854 et
2847 2801 2992 2856 omni
3047 2802 3434 2859 absolvendum

1859 2883 2087 2940 crimine
2103 2886 2423 2954 pertineret.
2446 2887 2647 2942 Ultimo
2661 2892 2960 2958 praesertim
2981 2892 3432 2950 collectaneorum

1862 2973 2041 3043 capite
2098 2975 2295 3029 selecta
2370 2978 2618 3045 quaedam
2677 2979 2927 3048 Origenis
2979 2993 3299 3051 prosecutus
3351 2993 3435 3040 est

1859 3065 2139 3135 dogmata,
2175 3065 2242 3120 ab
2275 3067 2643 3124 ecclesiastica
2695 3086 2886 3126 norma
2935 3072 3297 3143 discrepantia
3323 3094 3343 3146 ;_
3378 3077 3430 3130 in

1859 3157 2031 3226 iisque
2057 3159 2295 3214 tutandis
2330 3159 2414 3212 vel
2436 3162 2762 3218 excusa’ndis
2791 3163 3018 3218 nimium
3061 3180 3160 3221 suo
3202 3166 3254 3220 in
3283 3166 3429 3238 ,Οτίτ

184 3232 670 3306 scriptaOrigenis
697 3280 711 3304 ,
749 3253 810 3293 ea
847 3240 912 3293 ad
942 3256 1000 3296 se
1041 3251 1408 3312 asportarent.
1447 3245 1584 3302 Hinc
1618 3247 1750 3302 adeo
1777 3285 1820 3342 ϐ
1856 3269 2048 3325 genem
2088 3255 2260 3308 amori
2286 3256 2577 3310 obsecutus
2602 3266 2706 3312 est.
2735 3256 3025 3327 .Equiores
3078 3275 3134 3314 se
3181 3261 3232 3314 in
3270 3261 3433 3323 rebus

183 3327 575 3398 locupletatus,
624 3329 790 3383 multa
845 3332 1012 3400 ipsius
1054 3344 1110 3389 et
1151 3339 1348 3409 γνήσια
1391 3351 1553 3406 opera
1602 3339 1750 3408 prelo

181 3421 418 3487 parabat.
463 3418 600 3486 Quae
629 3435 727 3474 cur
755 3421 807 3475 in
840 3421 1010 3478 lucem
1041 3441 1148 3481 non
1197 3429 1487 3497 venerint,
1531 3430 1751 3501 ignora.

183 3526 313 3569 mus.
338 3511 597 3568 Tutando
616 3512 866 3585 Origenis
893 3518 1092 3572 nomini
1117 3520 1302 3576 utilem
1335 3521 1610 3586 aliquanto
1630 3536 1753 3594 post

179 3616 390 3673 cperam
449 3605 682 3660 contulit
723 3605 909 3660 Sixtus
946 3607 1202 3666 Senensis
1246 3628 1278 3667 e
1329 3615 1750 3676 Prtedicatorum

179 3694 374 3750 familia
405 3714 420 3750 :
449 3699 735 3767 egregium
759 3701 956 3771 quippe
981 3703 1052 3758 illi
1081 3705 1134 3759 in
1178 3704 1526 3766 Bibliothecze
1549 3722 1751 3768 sancta:

178 3784 306 3842 libro
327 3798 533 3858 quarto
563 3789 798 3860 elogium
850 3798 1208 3864 consecravit,
1238 3798 1292 3853 in
1321 3816 1427 3871 quo
1460 3818 1565 3857 non
1602 3805 1749 3861 illum

178 3880 339 3936 solum
366 3882 590 3937 extollit
616 3886 918 3954 praeconiis,
952 3888 1046 3943 sed
1096 3889 1356 3946 librorum
1384 3894 1546 3948 etiam
1578 3897 1750 3965 ipsius

179 3987 462 4029 numerum
521 3987 814 4043 recenset,
857 3988 912 4034 et
959 3982 1194 4050 genuina
1228 3998 1256 4036 a
1293 3987 1491 4054 spuriis
1539 3990 1750 4046 erudite

178 4068 431 4123 secernit.
452 4068 685 4124 Errores
712 4085 843 4126 vero
881 4072 933 4127 in
968 4074 1389 4131 Adnotationum
1418 4077 1571 4134 libris
1599 4089 1748 4136 notat

176 4165 226 4211 et
245 4158 477 4212 excutit.
509 4157 707 4214 Parum
739 4162 905 4232 ipsius
934 4165 1071 4219 ratio
1098 4165 1294 4220 Caesari
1316 4167 1546 4223 Baronio
1565 4170 1610 4202 ⁸⁸
1627 4186 1749 4226 car-

174 4245 332 4302 dinali
364 4249 593 4320 probata
623 4261 742 4316 est;
774 4255 864 4322 qui
896 4268 1018 4309 cum
1071 4255 1402 4312 alienissimo
1447 4271 1591 4315 esset
1653 4262 1748 4317 ad-

174 4351 352 4396 versus
377 4342 672 4413 Origenem
702 4344 884 4399 animo
911 4388 925 4412 ,
958 4361 1334 4418 summamque
1374 4349 1426 4403 in
1463 4366 1586 4405 eum
1620 4352 1744 4422 styli

173 4432 521 4500 asperitatem
567 4441 622 4487 et
672 4433 1072 4490 inclementiam
1106 4437 1157 4492 in
1191 4440 1488 4496 Annalibus
1523 4456 1748 4498 exerce-

172 4530 269 4588 ret,
300 4524 510 4593 carpsit
535 4524 700 4578 etiam
732 4536 786 4580 et
811 4527 1010 4582 obiter'
1035 4530 1208 4599 tetigit
1246 4531 1500 4601 reliquos,
1527 4535 1747 4603 quicun-

1856 3348 2023 3417 ipsius
2057 3347 2355 3402 tractandis
2393 3349 2740 3417 prtebuerunt
2779 3351 3042 3406 Antonius
3100 3351 3431 3409 Possevinus

1858 3439 1911 3492 in
1939 3437 2140 3508 Appar.
2194 3455 2334 3493 sacr.
2377 3436 2606 3494 Jacobus
2643 3439 2930 3496 Gretserus
2953 3440 3031 3496 De
3049 3443 3175 3512 jure
3197 3452 3245 3497 et
3286 3460 3432 3503 more

1857 3528 2163 3597 prohibendi
2195 3529 2354 3584 libros
2377 3531 2564 3597 malos,
2593 3531 2686 3586 lib.
2745 3547 2800 3596 Χ,
2835 3547 2954 3602 cap.
2978 3533 3033 3586 ll
3067 3542 3161 3599 ;et
3195 3532 3427 3603 Stepha-

1859 3634 1960 3673 nus
1995 3619 2217 3675 Binetus
2248 3620 2300 3673 in
2329 3617 2513 3675 libello
2544 3619 2608 3673 de
2653 3619 2827 3675 salute
2850 3619 3118 3690 Origenis,
3144 3621 3427 3677 veritatem

1853 3718 2162 3776 spectantes
2203 3708 2543 3776 unam,odio
2591 3709 2675 3764 vel
2726 3711 2898 3764 amori
2949 3710 3082 3765 nihil
3137 3713 3426 3768 admodum

1856 3800 2183 3855 tribuentes.
2224 3799 2440 3856 incerta
2469 3813 2601 3854 vero
2647 3799 2946 3856 Ahrahami
2995 3800 3219 3859 Sculteti
3264 3807 3424 3872 ratio,

1852 3892 1942 3960 qui
1979 3901 2266 3960 postquam
2296 3893 2362 3946 de
2391 3890 2624 3961 Origene
2671 3907 2728 3947 se
2771 3893 2958 3962 paucis
2988 3903 3233 3949 acturum
3267 3897 3424 3962 dixit,

1851 3983 1977 4053 quia
2008 3966 2149 4037 inter
2171 3983 2462 4039 haereticos
2484 3985 2598 4040 fere
2630 3987 2828 4056 potius,
2871 4000 3030 4054 quam
3065 3988 3206 4042 inter
3237 3985 3427 4048 Patres

1852 4084 2192 4142 numeratur,
2220 4091 2344 4131 mox
2374 4076 2465 4130 ubi
2505 4079 2572 4130 ad
2608 4077 2725 4147 ejus
2761 4078 3064 4132 doctrinam
3094 4087 3314 4132 ventum
3341 4088 3428 4134 est

1851 4174 1904 4221 et
1935 4179 2168 4231 errores,
2205 4165 2342 4220 vela
2372 4151 2638 4222 librorum
2682 4167 3129 4238 depravatoribus
3153 4168 3425 4239 profectos

1858 4257 2003 4325 ipsos
2021 4270 2142 4312 esse
2172 4267 2376 4324 censet,
2404 4258 2488 4313 vel
2513 4259 2568 4313 in
2604 4259 2672 4315 iis
2704 4260 2990 4316 ﬂuctuasse
3021 4259 3304 4331 Origenem
3331 4263 3426 4318 de-

1853 4358 2120 4404 monstrat
2153 4349 2206 4404 in
2238 4349 2474 4406 Medulla
2502 4351 2681 4408 Theol.
2724 4351 2902 4422 Patr.,
2945 4353 3038 4408 lib.
3074 4370 3148 4423 vr,
3179 4369 3279 4424 cap
3317 4357 3341 4410 1
3371 4365 3426 4411 et

1853 4442 1908 4497 6.
1939 4443 2230 4499 Dissimilis
2261 4444 2474 4498 illorum
2505 4444 2706 4501 Petrus
2737 4445 3017 4501 Halloxius
3064 4445 3378 4504 Leodiensis
3403 4487 3420 4514 ,

1853 4535 2199 4604 nuperrimus
2224 4537 2311 4592 ille
2344 4537 2588 4607 Origenis
2619 4538 2843 4607 vindex,
2902 4539 3071 4608 ipsius
3096 4541 3286 4606 vitam,
3315 4541 3425 4595 vir-

171 4626 270 4681 que
317 4615 372 4668 in
427 4628 554 4668 eum
591 4616 974 4684 propensiores
1017 4631 1198 4675 essent
1229 4637 1245 4676 :
1285 4640 1304 4674 ‹
1347 4621 1572 4679 Miratus
1624 4639 1744 4679 sum
1778 4637 1822 4691 1)
1865 4635 2030 4694 tutes,
2063 4636 2116 4682 et
2151 4629 2472 4685 documenta
2530 4631 2681 4686 libris
2709 4639 2941 4701 quatuor
2977 4630 3250 4688 fusissime
3277 4648 3426 4688 com-

168 4709 539 4772 vehementer,
596 4708 812 4777 inquit,
860 4721 983 4780 post
1029 4712 1442 4770 damnationem
1502 4717 1618 4783 ejus
1675 4720 1744 4776 ab

165 4799 455 4854 Anastasio
480 4813 618 4869 papa
648 4802 922 4868 pontiﬁcia
946 4805 1271 4861 auctoritate
1312 4807 1589 4877 inﬂictam,
1620 4820 1744 4880 post

165 4894 404 4962 ejusdem
437 4894 874 4962 reprobationem
905 4899 959 4953 in
986 4907 1138 4954 sexta
1173 4901 1380 4971 synodo
1423 4905 1743 4972 pronuntia-

166 4996 296 5054 tam,
340 4997 468 5058 post
505 4996 582 5044 tot
616 4990 960 5060 antiquorum
989 4991 1206 5048 Patrum
1237 4994 1288 5048 in
1331 4995 1559 5064 idipsum
1607 5011 1740 5052 con-

161 5080 434 5151 spirantes
491 5082 824 5150 sententias,
874 5084 1050 5140 adhuc
1099 5085 1432 5142 recentiores
1475 5089 1738 5157 quosdam

226 5281 274 5316 ⁸⁸
301 5283 504 5343 Baron.
534 5283 601 5340 ad
630 5299 754 5340 ann.
797 5286 924 5355 9.56,
954 5303 1070 5360 cap.
1104 5289 1190 5343 ti.

1854 4719 2044 4789 plexus
2078 4737 2094 4776 :
2135 4721 2200 4775 ad
2234 4721 2287 4776 id
2334 4729 2577 4778 attentus
2617 4737 2804 4789 unum,
2857 4731 2914 4777 ut
2961 4722 3044 4776 vel
3071 4724 3334 4794 integram
3369 4732 3423 4777 et

1851 4812 2234 4879 orthodoxam,
2271 4829 2335 4869 ac
2358 4814 2497 4868 labis
2525 4815 2818 4870 immunem
2848 4816 3093 4886 Origenis
3121 4816 3420 4871 doctrinam

1847 4903 2016 4959 fuisse
2038 4903 2400 4970 demonstret;
2424 4905 2510 4959 vel
2537 4905 2581 4960 si
2610 4907 2737 4976 quid
2757 4908 2979 4962 veritate
3004 4908 3174 4962 victus
3193 4907 3315 4961 huic
3338 4906 3420 4960 in-

1847 4995 2072 5051 haesisse
2085 4994 2370 5050 vitiifateri
2400 4995 2627 5065 cogitur,
2657 4997 2709 5053 id
2731 5006 2787 5054 ut
2809 4997 3047 5068 quaesitis
3066 4998 3421 5067 undecunque

1853 5088 2298 5145 excusationibus
2326 5089 2514 5147 diluat.

1277 5291 1321 5324 ³⁸
1351 5289 1604 5347 Bcllarm.
1634 5292 1686 5348 in
1721 5294 1812 5350 lib.
1837 5293 1913 5350 De
1935 5294 2116 5365 script.
2150 5295 2276 5350 ccci.
