3952 6560
472 496 617 557 1283

1739 474 1803 534 P.
1841 462 2152 528 DANIELIS
2182 467 2411 525 HUETll

3581 442 3715 498 “8i

3422 617 3699 631 ’.ιι-

1526 810 1942 928 LIBER
2003 801 2666 921 TERTIUS.

1417 1168 2090 1255 ORIGENIS
2168 1161 2776 1248 SCRIPTA.

559 1517 713 1572 LIBRI
749 1531 932 1573 τειιτιι
966 1527 1241 1570 ΡΑιιτιτιο.
1270 1544 1339 1559 -
1372 1512 1593 1568 Librum
1616 1511 1780 1565 istum
1810 1509 1992 1564 itidem
2020 1515 2080 1564 ut

2187 1508 2318 1580 iores
2342 1503 2475 1580 duos
2506 1500 2558 1580 i_n
2572 1498 2760 1580 Sapita
2789 1502 3022 1580 quatuor
3051 1490 3459 1580 dispescimus._
3478 1485 3723 1580 Primum

488 1566 815 1655 descriptis—
823 1566 1211 1656 rO'rigIeit—isninv
1230 1566 1551 1656 universum
1586 1582 1842 1656 distvutat.
1871 1580 2021 1656 Quae,
2051 1566 2305 1646 quoniam
2350 1572 2430 1656 vel
2470 1570 2535 1623 ad
2565 1569 2870 1656 ‘Scriptura:
2884 1566 3723 1656 integritati.on

484 1631 1333 1721 $5:Iuniiiéciil'ai’rig"iniiinii,"
1354 1631 1755 1719 iﬁ'uiia'géiiéra
1779 1631 2173 1721 dist-tribuimus.
2205 1643 2481 1721 exegetica
2518 1650 2583 1721 et
2623 1631 3325 1721 syntagma‘ta.§ec‘up‘d_u‘m
3358 1631 3724 1721 itaque

488 1728 601 1795 agit
650 1726 716 1780 de
754 1716 1003 1796 Origenis
1031 1724 1342 1796 exegeticis,
1376 1723 1546 1796 iisque
1566 1716 1695 1781 eius
1732 1716 2167 1796 operitms__quib

487 1787 694 1865 {evntem
721 1787 892 1849 editas
912 1787 1219 1865 complequ
1244 1802 1344 1865 est,
1381 1801 1435 1846 et
1456 1787 1824 1865 Eppqvebmxd
1860 1787 2178 1865 appellatio

2172 1698 2234 1767 us
2282 1698 2460 1765 varias
2517 1698 2819 1778 Scriptura?
2850 1703 3316 1779 interpretationes
3372 1710 3506 1779 ante
3566 1698 3726 1779 ipsius

2185 1793 2371 1837 ueunt.
2391 1772 2904 1834 Tertium-versatur
2936 1776 3078 1829 circa
3105 1772 3343 1834 ejusdem
3360 1777 3723 1840 syntagmata.

486 1835 2204 1933 ῖὲἷῖιῖἱέιιῖόξ’ἧῖιόνὸἶῧίἶιὲῖῖιῖιῖὒυέἰέἵιῗρὅῖὼὗξῑιιὲὖῦἱέιῖἰἐίιῖί
2229 1835 2644 1923 ἱὼτῐοτῑωκ,
2673 1846 2996 1919 exquiritur.
3026 1841 3317 1913 Subjicitur
3349 1835 3725 1910 A‘ppeiiuixde

487 1931 642 1991 libris
662 1931 882 2005 Origeui
922 1932 1057 1988 falso
1083 1931 1354 2003 ascriptis.

1556 2002 1584 2043 ἓ.
2054 2022 2127 2037 ..-

1614 2166 2000 2258 CAPUT
2072 2158 2599 2252 PRIMUM.

1203 2423 1209 2429 ,
1254 2358 1633 2438 Disputatur
1677 2356 1745 2417 in
1794 2354 2169 2416 universum
2214 2351 2293 2414 de
2335 2349 2590 2429 scriptis
2633 2342 2958 2423 Origenis.

2061 2523 2134 2539 —

492 2652 537 2711 Ι.
570 2653 750 2723 Stylus
794 2650 1037 2717 Origenis
1066 2648 1363 2723 redundans
1404 2657 1452 2703 et
1483 2644 1844 2723 inc‘ultus.__l_l.
1894 2643 2021 2723 ξιιμ
2068 2652 2259 2710 septem
2299 2643 2345 2697 ei
2387 2640 2882 2723 dictar‘r‘tiuderan't”
2907 2634 3401 2723 notarii,‘_totidem
3451 2632 3665 2723 libren’i
3695 2644 3734 2723 et

479 2707 536 2766 ιη
567 2707 754 2793 piceum
781 2707 943 2793 opera
984 2723 1099 2789 ejus
1133 2720 1366 2793 nitidius
1388 2716 1699 2793 exarabant.
1750 2715 1836 2776 lll.
1884 2707 2191 2793 Quicunque
2218 2720 2495 2793 supersunt
2532 2710 2775 2793 Origenis
3002 2707 3176 2787 pitiati
3226 2716 3274 2757 et
3327 2707 3736 2793 corrupti-sunt.

674 2774 1119 2858 VOS—ua'qruibusque
1152 2786 1399 2858 Origenis
1438 2787 1679 2858 aperiam
1716 2774 2030 2846 auctoritas,
2065 2774 2189 2858 suus
2219 2774 2362 2858 valor
2388 2774 2797 2858 assignatum.“
2825 2776 3363 2858 pegrigenianarum
3392 2774 3739 2842 scriptione.

572 2845 788 2918 numero
813 2845 1108 2914 disseritur.
1153 2845 1481 2923 VL'Quibus'
1504 2845 1790 2925 Scriptura:
1816 2864 2010 2908 sancta:
2042 2853 2358 2906 editionibus
2390 2852 2469 2905 uti
2496 2845 2685 2906 solitus
2709 2848 2866 2918 fuerit
2904 2845 3173 2918 Origenes,
3197 2845 3462 2912 aperitur.

576 3151 622 3208 1.
640 3150 1109 3222 Redundatstylus
1124 3146 1392 3218 Origonis,
1415 3144 2070 3214 etdillluit.Quamobrem
2098 3146 2147 3203 A
2170 3148 2317 3207 sunt,
2345 3138 2538 3211 planus
2569 3143 2656 3191 est
2694 3133 2869 3208 stylus
2899 3141 2954 3188 et
2996 3138 3261 3222 apertus:
3288 3128 3569 3222 adeoque
3612 3126 3747 3183 amr.

502 3244 671 3312 ipsius
731 3242 967 3313 ἄμετρον
1022 3239 1327 3311 φλυαρίαν,
1381 3247 1437 3292 et
1492 3236 1842 3306 ταυτολογίαν
1895 3235 2070 3305 carpit

503 3330 819 3387 Eustathius
855 3331 1259 3392 Antiochenus,
1294 3337 1347 3383 et
1377 3337 1499 3397 post
1530 3327 1677 3381 illum
1706 3326 2067 3396 Epiphanius,

501 3436 734 3491 eumque
759 3422 1117 3477 Seminarium
1160 3419 1495 3489 loquacitatis
1530 3418 1767 3488 appellat
1792 3416 2070 3488 Theophi-

504 3511 609 3567 lus.
632 3510 771 3566 Hinc
799 3521 854 3565 et
876 3513 975 3582 ipsi
1001 3510 1215 3567 effatum
1245 3511 1349 3565 hoc
1370 3510 1675 3567 Salomonis
1701 3509 2073 3566 accommodat

504 3601 723 3660 Nicetas
752 3621 766 3656 :
797 3601 865 3655 In
895 3601 1223 3669 multiloquio
1253 3617 1356 3655 non
1382 3601 1544 3654 deerit
1567 3600 1917 3669 peccatum",
1941 3600 2074 3654 adeo

505 3702 564 3748 ut
587 3708 776 3763 parum
809 3702 1071 3747 attentum
1100 3692 1264 3748 fuisse
1311 3701 1490 3759 putem
1528 3690 1807 3747 Erasmum
1843 3690 1896 3745 in
1940 3688 2075 3744 Ceu-

508 3801 627 3839 sur.
660 3799 779 3839 cum
814 3783 1136 3839 brevitatem
1180 3784 1298 3850 ejus
1322 3783 1584 3841 laudavit.
1619 3781 1763 3837 Vitio
1793 3782 1919 3837 huic
1952 3781 2079 3838 Ori-

507 3877 662 3946 genis
688 3890 867 3930 causa:
898 3874 1063 3930 fuisse
1111 3889 1309 3930 censeo
1362 3876 1633 3930 assiduam
1685 3873 1909 3930 docendi
1943 3888 2076 3928 con-

512 3968 872 4034 suetudinem,
930 3982 1049 4036 quae
1101 3967 1360 4026 verbosos
1400 3967 1648 4022 homines
1682 3965 1840 4023 facile
1890 3963 2073 4021 eﬂicit.

508 4054 620 4112 Nec
645 4058 826 4113 verbis
869 4057 1064 4122 solum,
1101 4058 1195 4113 sed
1222 4059 1384 4114 rebus
1404 4059 1566 4114 etiam
1587 4058 1823 4113 abundat
1848 4072 1864 4110 :
1886 4072 2076 4129 quem-

512 4148 797 4202 admodum
842 4148 985 4203 enim
1034 4148 1214 4203 herbis
1258 4148 1499 4204 luxuriat
1535 4148 1768 4203 feracior
1791 4160 1974 4215 seges,
2005 4146 2079 4200 ita

510 4236 763 4307 Origenis
797 4240 1030 4304 animus,
1072 4241 1119 4294 si
1159 4241 1374 4309 quando
1400 4241 1454 4295 in
1494 4239 1731 4311 aliquam
1764 4254 1885 4294 sese
1912 4237 2079 4309 medi-

524 4331 788 4383 tationem
813 4331 1142 4401 conjecerat,
1186 4340 1391 4386 tantam
1421 4331 1523 4402 ipsi
1560 4345 1741 4385 rerum
1778 4332 2079 4386 ubertatem

514 4421 638 4473 felix
672 4421 973 4491 ingenium,
1004 4431 1056 4478 et
1087 4424 1423 4479 reconditum
1454 4423 1713 4477 doctrinae
1756 4437 1926 4493 penus
1956 4420 2081 4477 sub-

2172 3246 2323 3287 mare
2350 3230 2545 3292 ausim,
2597 3225 2765 3281 sicubi
2809 3225 3073 3278 obscurus
3110 3221 3182 3276 sit
3210 3216 3499 3289 Origenes,
3537 3228 3749 3273 senten-

2175 3324 2304 3378 tiam
2332 3322 2398 3378 de
2428 3321 2687 3375 industria
2715 3318 2942 3371 vitandae
2960 3312 3243 3371 offensioni
3268 3311 3600 3369 occultasse.
3621 3309 3753 3365 Vitia

2173 3414 2481 3486 Origeniani
2516 3411 2640 3482 styli
2670 3409 3008 3473 netavimus;
3039 3406 3222 3461 laudes
3256 3416 3585 3458 nmaremus
3626 3418 3749 3471 quo-

2174 3524 2299 3580 que,
2331 3507 2377 3562 si
2405 3521 2509 3561 non
2546 3506 2597 3560 id
2640 3504 2750 3573 iam
2799 3510 3052 3558 accurate
3088 3510 3143 3555 et
3168 3498 3381 3553 erudite
3411 3497 3752 3566 praestitisset

2174 3603 2451 3665 Erasmus,
2487 3613 2648 3669 quem
2673 3597 2891 3653 omnino
2915 3598 3018 3651 hac
3055 3594 3107 3650 in
3136 3602 3286 3664 parte
3310 3591 3525 3657 audiat,
3558 3592 3605 3646 si
3636 3592 3752 3661 quis

2176 3693 2498 3749 Adamantio
2532 3690 2698 3745 favet.

2247 3787 2311 3843 ll.
2348 3786 2467 3840 Dixi
2513 3785 2602 3839 vix
2631 3781 2915 3840 scribendo
2951 3795 3107 3851 pares
3139 3778 3307 3837 fuisse
3348 3778 3648 3833 nutarios:
3680 3778 3753 3832 sic

2180 3879 2322 3935 enim
2352 3887 2491 3934 erat.
2523 3876 2715 3931 Tradit
2759 3874 3023 3930 Eusebius
3050 3881 3253 3941 septem
3292 3878 3350 3925 et
3374 3869 3623 3940 amplius
3668 3883 3755 3921 no-

2182 3968 2346 4022 tarios
2369 3967 2591 4022 dictanti
2623 3965 2697 4020 illi
2722 3964 2988 4031 adfuisse;
3021 3979 3125 4021 non
3158 3962 3315 4019 simul
3344 3963 3674 4030 quidem,ut
3695 3961 3755 4016 de

2180 4058 2395 4115 Ctesare
2424 4057 2594 4113 refert
2621 4057 2825 4112 Plinius
2842 4095 2858 4121 ,
2881 4055 2973 4125 qui
3012 4054 3207 4110 scribis
3234 4064 3495 4124 quatuor,
3516 4053 3753 4122 velsitu-

2181 4148 2259 4206 hil
2294 4157 2477 4220 ageret
2499 4147 2666 4214 aliud,
2694 4156 2899 4216 septem
2933 4161 3042 4200 uno
3073 4153 3317 4215 tempore
3359 4145 3625 4200 dictando
3653 4141 3755 4199 suf—

2184 4239 2433 4306 ficiebat;
2488 4238 2581 4293 sed
2632 4236 2961 4301 alternatim,
3018 4244 3073 4292 et
3126 4235 3283 4293 statis
3315 4248 3755 4305 unumquemque

2181 4329 2411 4385 vicibus.
2445 4328 2555 4385 Cur
2587 4329 2641 4383 id
2694 4344 2824 4399 ergo
2878 4336 3160 4397 tantopere
3203 4328 3439 4383 miretur
3497 4325 3755 4381 Baronius

2184 4437 2346 4478 causa
2377 4421 2519 4476 nulla
2548 4430 2670 4487 est;
2698 4436 2819 4475 nam
2852 4428 2907 4477 et
2934 4429 3082 4477 tanta
3109 4420 3209 4476 fuit
3252 4418 3457 4489 ingenii
3481 4418 3754 4474 celeritate

514 4509 879 4574 ministrabat,
907 4514 997 4565 vix
1033 4520 1092 4566 ut
1123 4511 1321 4568 notarii
1349 4512 1639 4567 scribendo
1670 4491 1828 4581 pares
1875 4517 2077 4566 essent.
2114 4491 2158 4546 Β
2184 4512 2465 4582 Origenes,
2500 4522 2753 4581 tantaque
2780 4511 2959 4566 diurni
2994 4526 3056 4566 ac
3108 4509 3364 4568 nocturni
3417 4510 3628 4565 laboris
3672 4523 3754 4579 pe-

514 4596 593 4654 Ex
618 4599 719 4653 hac
743 4599 1178 4668 festinationc,ut
1200 4616 1357 4671 supra
1375 4600 1483 4670 jam
1502 4602 1631 4664 dixi,
1660 4601 1825 4656 multa
1848 4602 2080 4656 exsiste-

517 4690 648 4743 bant
684 4690 1021 4745 incommoda
1056 4710 1070 4747 :
1115 4692 1278 4745 nimia
1308 4701 1425 4747 erat
1472 4691 1735 4746 orationis
1769 4691 1979 4745 incuria
2027 4700 2082 4746 et

513 4781 802 4849 supinitas,
859 4783 924 4835 ad
975 4798 1062 4838 res
1103 4783 1248 4838 enim
1290 4792 1530 4837 attentus
1575 4783 1791 4836 animus
1856 4782 2081 4852 insuper

519 4871 756 4925 habebat
784 4874 1071 4927 verborum
1111 4888 1315 4939 curam,
1356 4883 1410 4928 et
1446 4872 1835 4941 stribliginibus
1877 4887 2085 4928 sermo-

517 4976 637 5014 nem
668 4963 991 5031 quandoque
1026 4962 1300 5027 foedabat;
1330 4961 1938 5029 cujusmodinonnullas
1970 4962 2082 5019 suis

515 5047 648 5105 locis
685 5052 1128 5107 observavimus:
1161 5068 1245 5107 res
1271 5065 1413 5121 Saepe
1450 5050 1809 5107 confundebat
1841 5067 1962 5107 cum
1998 5067 2084 5108 re-

518 5142 639 5206 bus,
662 5152 719 5195 ut
750 5144 1043 5212 scriptores
1074 5158 1255 5198 sacros
1289 5144 1460 5198 citans
1491 5143 1776 5211 aliquando
1806 5154 2082 5213 permuta-

521 5244 603 5286 ret
627 5234 863 5296 nomina,
892 5236 1123 5305 etzunutn
1149 5234 1444 5302 appellaret
1478 5249 1574 5301 pro
1623 5234 1815 5299 altero,
1848 5250 1912 5289 ac
1944 5250 2086 5303 saepe

520 5322 815 5393 Scriptura:
857 5325 968 5380 loca
1002 5326 1383 5394 permisceret;
1420 5325 1659 5380 confisus
1680 5327 1953 5381 memoria:
1983 5326 2089 5381 sci-

524 5415 670 5479 licet,
714 5427 767 5471 et
802 5419 1087 5487 quominus
1133 5419 1299 5474 libros
1350 5417 1692 5483 consuleret,
1740 5418 2091 5475 festinatione

528 5508 829 5579 impeditus.
882 5509 1079 5564 Scribit
1125 5510 1379 5579 Didymus
1424 5510 1477 5563 in
1513 5509 1869 5579 Apologetico,
1929 5526 2089 5579 quem

523 5614 621 5671 pro
650 5601 881 5672 Origene
907 5602 1108 5668 edidit,
1136 5600 1295 5655 aliam
1324 5600 1507 5656 verbis
1542 5600 1716 5656 inesse
1740 5602 2087 5668 sententiam,

528 5705 590 5747 ac
612 5692 782 5762 prima
806 5693 981 5748 fronte
1014 5692 1244 5749 videtur.
1263 5692 1442 5750 .Certe
1486 5693 1747 5751 librorum
1773 5693 1865 5763 qui
1890 5708 2091 5765 super-

632 5869 674 5901 "
702 5868 853 5925 Prov.
887 5884 937 5935 ε,
976 5869 1059 5931 l9.

2185 4606 2413 4672 tientia,
2446 4613 2503 4660 ut
2551 4606 2855 4661 scribentes
2910 4606 3152 4661 notarios
3200 4603 3359 4659 facile
3406 4603 3749 4674 defatigaret.

2187 4692 2292 4747 Par
2309 4694 2361 4748 ei
2389 4696 2577 4750 aderat
2605 4694 2946 4751 librariorum
2964 4710 3242 4759 numerus,
3261 4696 3366 4749 una
3394 4710 3522 4750 cum
3548 4694 3751 4763 puellis.

2184 4799 2409 4855 quarum
2437 4787 2899 4858 compositissimae
2924 4796 3082 4843 erant
3110 4795 3166 4842 et
3194 4785 3519 4841 clarissimae
3539 4786 3751 4847 littera;

2195 4868 2498 4946 horumque
2558 4879 2626 4933 ad
2660 4879 3046 4939 describendas
3089 4879 3261 4937 nitide
3323 4892 3457 4935 suas
3507 4877 3751 4935 lucubra-

2190 4967 2383 5032 tiones,
2413 4985 2516 5025 non
2546 4971 2612 5024 ad
2641 4970 2893 5025 dictantis
2927 4970 3093 5025 verba
3123 4971 3177 5027 in
3206 4971 3422 5026 litteras
3450 4971 3751 5034 referenda,

2190 5069 2249 5115 ut
2278 5063 2485 5130 putavit
2509 5061 2769 5117 Martinus
2802 5063 3056 5130 Polonus,
3084 5077 3249 5134 opera
3272 5065 3559 5121 utebatur.
3585 5064 3755 5121 Homi-

2191 5151 2290 5205 lias
2320 5162 2496 5205 autem
2529 5168 2663 5221 quas
2693 5155 2759 5208 ad
2789 5154 3043 5224 populum
3074 5154 3305 5209 habebat
3331 5154 3446 5210 fere
3482 5157 3751 5226 quotidie,

2195 5244 2283 5297 alii
2307 5259 2373 5297 ex
2398 5258 2493 5299 ore
2520 5243 2787 5314 loquentis
2818 5244 3181 5315 excipiebant,
3207 5245 3352 5315 quod
3383 5257 3515 5301 ante
3542 5261 3753 5313 senet»

2195 5336 2389 5391 simum
2421 5336 2595 5390 aetatis
2645 5350 2758 5391 suae
2790 5350 2991 5390 annum
3027 5335 3141 5392 fieri
3180 5336 3563 5404 prohibuerat.
3615 5335 3752 5402 Quod

2198 5428 2243 5483 si
2298 5443 2452 5483 secus
2497 5426 2690 5483 fuisset
2741 5427 2964 5495 factum,
3013 5427 3356 5483 homiliarum
3391 5444 3518 5497 qua:
3554 5434 3751 5483 exstant

2192 5528 2320 5585 pars
2353 5530 2455 5569 non
2485 5516 2677 5585 exigua
2701 5516 2972 5587 periisset.
3007 5516 3134 5572 Haec
3170 5533 3279 5573 non
3329 5520 3465 5571 satis
3522 5518 3751 5572 distinxit

2196 5603 2384 5659 Sixtus
2419 5604 2696 5670 Senensis,
2747 5620 2868 5660 cum
2898 5607 3009 5660 ait:
3046 5625 3063 5658 ι
3098 5606 3359 5677 Origenes
3391 5608 3673 5675 qumidie.
3709 5613 3748 5657 et

2194 5696 2351 5766 quasi
2379 5711 2443 5753 ex
2466 5706 2704 5767 tempore
2731 5698 3037 5777 Scripturas
3070 5699 3136 5753 ad
3168 5698 3420 5769 populum
3449 5698 3746 5760 enarrabat,
