3926 6514
223 425 352 486 {185

1272 415 1846 482 ORIGENIANORUM
1877 417 2004 481 LIB.
2035 422 2135 491 an,
2174 424 2326 481 CAP.
2364 412 2408 479 Ι.

3324 425 3460 484 H88

227 545 616 618 excipientibus
651 561 715 601 ex
738 559 834 602 ore
859 542 975 616 ejus
998 552 1204 615 septem
1241 545 1491 612 notariis,
1529 545 1785 601 totidem-
1813 552 1860 610 Α
1888 561 2007 614 cap.
2048 543 2104 608 5,
2157 543 2208 598 in
2261 544 2406 598 omni
2457 541 2738 613 Scriptura
2789 553 3051 614 perpetuo
3081 560 3297 602 errasse
3331 549 3460 604 dicit

225 648 315 706 que
340 632 703 688 velocissimis
742 634 796 689 in
831 633 1118 689 scribendo
1151 632 1360 702 puellis,
1387 633 1614 704 aliisque
1655 634 1792 690 scri-

225 725 478 797 ptorihus,
512 725 608 796 qui
643 740 740 781 eas
783 724 1119 797 (conciones)
1151 724 1218 779 ad
1261 734 1665 780 monumentum
1693 740 1789 795 po-

225 818 471 876 steritatis
501 818 870 872 tradiderunt.
904 835 924 870 »
958 814 1144 886 Neque
1187 831 1320 872 sane
1357 817 1410 870 id
1457 817 1594 872 dixit
1625 817 1786 871 Pam-

224 911 412 981 philus,
470 924 637 980 quem
693 918 886 965 testem
936 909 1103 975 citat,
1158 908 1251 962 sed
1294 907 1424 962 illud
1482 911 1783 963 duntaxat:

223 1022 240 1055 ι
262 1001 528 1072 praecipue
554 1015 688 1057 vero
716 1015 810 1072 per
837 1014 931 1055 eos
954 1010 1213 1054 tractatus
1234 1014 1367 1069 quos
1392 1015 1528 1071 pene
1551 999 1790 1070 quotidie

224 1095 272 1149 in
309 1092 549 1148 Ecclesia
605 1094 842 1146 habebat
888 1107 955 1146 ex
1005 1101 1283 1162 tempore,
1313 1107 1450 1163 quos
1493 1103 1547 1147 et
1586 1093 1789 1148 descri-

221 1183 399 1238 bentes
434 1182 637 1237 notarii
672 1185 740 1238 ad
777 1182 1168 1237 monimentum
1221 1185 1560 1254 posteritatis
1613 1184 1788 1240 trade-

217 1274 353 1330 bant.
388 1290 410 1325 ι

277 1363 362 1418 ill.
406 1363 537 1420 lude
583 1380 748 1436 porro
791 1366 1112 1437 scriptiones
1150 1366 1398 1439 Origenis
1422 1381 1542 1425 esse
1572 1370 1788 1428 vitiatas

219 1472 368 1527 supra
404 1459 734 1514 notavimus.
768 1460 837 1513 At
867 1462 1143 1514 ferendum
1179 1461 1308 1515 illud
1342 1470 1477 1527 erat,
1505 1462 1550 1517 si
1592 1479 1697 1518 non
1725 1478 1789 1518 eo

218 1550 370 1604 etiam
413 1551 741 1605 accessisset
785 1551 1046 1605 malorum
1104 1553 1379 1607 hominum
1413 1554 1667 1624 nequitia,
1699 1570 1787 1609 ere

219 1657 356 1696 rores
382 1656 512 1716 suos
557 1641 716 1696 malis
759 1644 964 1698 artibus
1008 1645 1478 1714 prepugnantium,
1520 1657 1573 1700 et
1601 1647 1790 1703 alienis

219 1732 460 1800 operibus
530 1731 808 1786 adulteras
880 1748 1072 1787 manus
1129 1733 1498 1788 inferentium.
1553 1735 1606 1788 ld
1676 1735 1791 1804 ipso

219 1823 502 1876 etiamnum
531 1822 658 1876 vivo
686 1831 1020 1876 attentarunt
1045 1822 1302 1877 nonnulli.
1333 1824 1463 1878 Ausi
1498 1833 1621 1877 sunt
1650 1824 1787 1878 idem

1893 633 2202 704 Origenem,
2245 645 2473 702 eamque
2515 632 2716 702 ingenti
2764 634 3027 688 librorum
3088 634 3232 689 mole
3277 635 3462 702 expla-

1891 741 2046 780 nasse
2072 742 2089 778 :
2115 735 2223 779 tum
2243 724 2552 779 subnectit:
2582 725 2676 787 Εἰς
2705 725 2939 795 ἑκάστην
2969 726 3186 796 γραφὴν
3218 726 3280 778 οὐ
3305 741 3458 798 παρ-

1889 819 2128 891 ῃτήσατο
2172 816 2344 868 εἰπεῖν
2376 814 2411 868 ἂ
2438 814 2585 885 αὐτῷ
2618 813 2763 881 ἔδοξε
2781 831 2794 847 ο
2837 815 2928 869 καὶ
2957 816 3060 869 ὅσα.
3086 816 3182 885 μὲν
3207 815 3265 867 ὲν
3288 833 3460 887 προσ-

1887 908 2144 978 ομιλίαις,
2178 906 2387 960 meta;
2417 905 2525 960 τῶν
2566 907 2864 978 προοιμίων
2911 907 2990 970 εἰς
3018 907 3121 978 ἢθη
3149 920 3208 959 τε
3239 908 3334 960 καὶ
3381 907 3461 971 εἰς

1887 999 2078 1069 φύσεις
2107 997 2262 1063 ζώων
2293 1014 2352 1051 τε
2405 997 2500 1052 καὶ
2540 997 2648 1050 τῶν
2690 999 2862 1052 ἄλλων
2907 998 3139 1072 etprima,
3176 999 3340 1069 μέσος
3368 1017 3462 1069 φε-

1891 1092 2115 1164 ρόμενος
2156 1091 2416 1154 πολλάκις
2459 1090 2717 1161 χαρίεντα
2757 1090 3089 1162 διηγήσατο⁶
3127 1092 3228 1144 ὅσα
3271 1091 3328 1144 δὲ
3380 1094 3461 1154 εἰς

1887 1182 2127 1255 δόγματα
2151 1183 2492 1255 ἐδογμάτισε,
2522 1183 2614 1236 καὶ
2636 1183 2766 1254 περὶ⁸
2809 1183 3065 1246 πίστεως,
3095 1185 3191 1236 καὶ
3219 1184 3460 1254 μείζονος

1889 1274 2139 1348 θεωρίας,
2178 1275 2286 1328 τῶν
2336 1275 2553 1329 πάντων
2591 1273 2914 1327 ἀτοπώτατα
2959 1274 3067 1326 τῶν
3103 1273 3210 1344 πρὸ
3265 1271 3456 1339 αὑτοῦ,

1889 1367 1981 1421 καὶ
2010 1367 2124 1437 μετ’
2148 1365 2312 1420 αὐτὸν
2341 1366 2675 1437 εὑρίσκεται,
2711 1367 2853 1437 πλὴν
2873 1364 2980 1419 τῶν
3015 1367 3074 1417 ὲν
3101 1368 3220 1428 ταῖς
3247 1367 3460 1437 αἱρέσε-
3519 1418 3527 1430 ,

1891 1472 1975 1511 σιν
2017 1459 2435 1530 αἰσχρουργιῶν,
2498 1457 2601 1512 «1η
2653 1457 2895 1527 singulos
2953 1457 3247 1524 Scriptum
3296 1457 3460 1512 libros

1891 1563 1995 1602 non
2037 1550 2300 1603 dubitavit
2343 1550 2526 1604 dicere
2551 1563 2671 1617 quae
2710 1549 2812 1602 sibi
2845 1547 2958 1600 visa
3013 1557 3159 1600 sunt.
3196 1545 3458 1612 Quaecun-

1890 1653 1993 1708 que
2021 1649 2199 1693 autem
2240 1642 2293 1692 in
2335 1639 2591 1703 homiliis,
2616 1648 2670 1692 et
2710 1639 2762 1692 in
2793 1637 3072 1707 prooemiis
3120 1638 3185 1691 de
3219 1636 3460 1692 moribus

1891 1739 1943 1784 et
1971 1739 2162 1783 natura
2209 1731 2546 1792 animalium,
2584 1730 2923 1799 aliorumque
2970 1730 3109 1784 dicta
3151 1737 3298 1792 sunt,
3344 1740 3460 1782 me-

1892 1820 2010 1874 dius
2038 1821 2290 1875 incedens
2321 1837 2461 1890 saepe
2493 1821 2769 1891 eleganter
2794 1822 3052 1876 disseruit
3080 1838 3097 1875 ι
3123 1830 3460 1891 quaecunque

217 1912 547 1982 postmodum
578 1911 788 1977 Ariani,
822 1913 1123 1982 horumque
1170 1914 1384 1968 demum
1415 1922 1786 1984 corruptorum
1819 1884 1864 1944 θ
1893 1925 2024 1966 vero
2053 1911 2118 1964 de
2150 1911 2488 1980 dogmatibus
2518 1914 2912 1981 pronuntiavit,
2938 1923 2992 1966 et
3040 1913 3107 1967 de
3141 1913 3269 1977 ﬁde,
3309 1912 3460 1967 aliis-

217 2001 488 2056 audaciam
537 2001 769 2058 Ruﬁnus
793 2003 888 2058 lib.
915 2003 990 2059 De
1015 2005 1298 2059 adulterat.
1325 2004 1575 2058 librorum
1605 2004 1790 2076 Orige-

217 2095 286 2149 nis
308 2095 585 2166 coarguit.
622 2093 822 2151 Verum
854 2112 958 2151 non
1004 2097 1166 2152 alium
1219 2112 1539 2167 quemquam
1569 2097 1788 2169 Origeni

218 2195 416 2242 tantum
463 2187 694 2257 perﬁdia
747 2203 842 2244 sua
893 2199 948 2244 et
989 2190 1290 2246 temeritate
1335 2193 1582 2246 nocuisse
1624 2207 1787 2261 quam

217 2277 458 2333 Ruﬁnum
484 2279 689 2349 ipsum,
728 2280 919 2335 merito
953 2279 1220 2336 aﬁirmare
1247 2297 1483 2351 possum.
1515 2283 1648 2337 Nam
1673 2287 1788 2352 eius

218 2371 406 2437 scripta
438 2371 833 2440 interpretans,
872 2373 945 2426 ita
976 2373 1357 2428 additamentis
1399 2383 1454 2428 et
1493 2375 1786 2431 detractio-

219 2462 365 2517 nibus
401 2463 627 2517 vexavit
671 2472 725 2518 et
759 2465 1024 2532 corrupit,
1051 2474 1108 2518 ut
1153 2464 1439 2534 Origenem
1473 2467 1525 2520 in
1555 2464 1788 2537 Origene

217 2557 498 2613 desideres.
544 2557 846 2629 Acceptum
883 2560 1008 2614 huic
1037 2557 1254 2629 quidem
1309 2561 1472 2617 refert
1513 2561 1785 2617 Adaman-

217 2647 330 2715 tius,
362 2649 511 2720 quod
542 2663 710 2718 opera
758 2649 927 2719 ipsius
971 2664 1001 2704 a
1039 2648 1248 2704 Latinis
1292 2651 1598 2707 hominibus
1629 2652 1785 2706 intel-

218 2738 375 2796 lectus
403 2749 459 2798 et
501 2750 801 2811 usurpatus
829 2749 946 2808 est;
974 2751 1027 2796 et
1065 2742 1206 2810 quod
1231 2745 1567 2811 consumptis
1600 2758 1787 2797 exem-

219 2830 451 2902 plaribus
472 2831 684 2888 Graecis
705 2831 760 2888 in
800 2832 1056 2887 Romanis
1092 2833 1626 2902 interpretationibus
1655 2848 1790 2903 quo~

223 2923 510 2979 dammodo
535 2924 756 2979 revixit.
775 2922 974 2979 Verum
1007 2925 1197 2978 iisdem
1214 2923 1637 2993 expositionibus
1663 2939 1788 2978 cum

217 3016 374 3086 ignari
416 3015 630 3072 Graecae
677 3015 872 3084 lingua:
917 3015 1165 3069 homines
1214 3015 1642 3083 acquiescerent,
1695 3030 1788 3069 ne-

215 3105 361 3177 glecti
403 3107 524 3163 fere
559 3105 781 3162 codices
824 3105 996 3161 Graeci
1027 3105 1324 3175 perierunt,
1367 3107 1502 3160 adeo
1548 3114 1605 3159 ut
1647 3106 1788 3160 bona

1889 2018 1994 2072 que
2047 2003 2269 2073 majoris
2319 2005 2816 2073 contemplationis,
2863 2003 3115 2058 omnibus
3168 2003 3458 2074 protulisse

1888 2095 2225 2164 absurdiora,
2260 2105 2314 2150 et
2354 2099 2445 2166 qui
2493 2105 2889 2166 praecesserunt
2939 2098 3134 2163 ipsum,
3165 2105 3219 2150 et
3249 2096 3338 2164 qui
3371 2109 3460 2150 se—

1888 2189 1995 2243 cuti
2039 2198 2182 2253 Sunt,
2225 2192 2528 2261 reperitur;
2579 2190 2820 2259 exceptis
2867 2186 3133 2243 duntaxat
3181 2189 3458 2244 haereseon

1887 2279 2243 2336 fteditatibus.
2274 2299 2293 2333 ι
2340 2280 2644 2350 Utrumque
2675 2291 2854 2335 autem
2906 2281 3260 2348 scriptionum
3303 2279 3456 2334 Grae-

1887 2384 2069 2427 carum
2115 2389 2307 2444 genus,
2355 2375 2607 2429 homilias
2646 2374 2790 2438 dico,
2833 2381 2888 2428 et
2931 2373 3098 2428 libros
3153 2387 3250 2443 per
3281 2374 3452 2428 otium

1885 2473 2192 2530 accuratus,
2224 2473 2280 2517 et
2310 2463 2570 2533 quidquid
2605 2463 2839 2531 denique
2869 2460 3060 2516 Grzece
3105 2463 3174 2517 ab
3219 2461 3453 2532 Origene

1887 2555 2146 2623 scriptum
2185 2561 2379 2618 exstat,
2432 2552 2590 2623 longe
2641 2553 2707 2608 iis
2747 2554 2998 2623 anteponi
3032 2553 3216 2622 jubeo,
3255 2569 3374 2622 quae
3399 2554 3456 2608 in

1887 2643 2143 2699 Latinum
2177 2660 2484 2699 sermonem
2510 2646 2753 2700 derivata
2789 2655 2938 2710 sunt,
2972 2654 3026 2699 et
3049 2646 3132 2701 vel
3159 2647 3455 2700 sublestam

1893 2737 2251 2806 interpretum
2297 2736 2478 2801 ﬁdem,
2511 2736 2596 2791 vel
2632 2737 3101 2801 hallucinationes,
3132 2739 3215 2793 vel
3247 2749 3457 2793 utrunt-

1887 2845 1993 2899 que
2039 2830 2434 2885 sustinuerunt.
2493 2829 2640 2883 Inter
2695 2831 3018 2898 scriptiones
3059 2845 3176 2898 qua!
3211 2831 3401 2886 Latine
3427 2849 3458 2886 a

1886 2920 2160 2974 veteribus
2199 2934 2475 2974 conversa:
2501 2929 2737 2984 exstant,
2789 2921 2964 2990 prima
3004 2922 3109 2975 erit
3138 2936 3323 2976 earum
3357 2939 3458 2976 au-
3509 2951 3517 2958 -

1889 3013 2138 3078 etoritas,
2171 3028 2308 3082 quas
2339 3011 2656 3082 Hieronymi
2709 3013 2857 3066 dedit
2897 3013 3274 3082 interpretatio
3307 3031 3320 3067 :
3357 3031 3456 3083 po-

1891 3114 2149 3159 stremum
2197 3105 2453 3158 tenebunt
2497 3105 2694 3170 locum,
2721 3119 2840 3173 qua:
2878 3119 2907 3158 a
2950 3105 3146 3160 Ruﬁno
3173 3105 3458 3162 Latinitati

215 3197 393 3256 Graeca
443 3199 702 3271 pessimis
737 3197 940 3253 Latinis
971 3205 1296 3252 commutata
1327 3197 1454 3250 sint.
1475 3196 1590 3268 (55)
1622 3196 1787 3263 Quot-
1814 3224 1856 3283 α
1890 3196 2105 3249 donatae
2144 3206 2288 3249 sunt.
2321 3195 2428 3250 Nec
2465 3195 2586 3265 plus
2615 3196 2736 3249 ﬁdei
2767 3211 2900 3251 sane
2930 3199 3095 3252 veteri
3125 3195 3460 3252 Commenta-

217 3303 334 3361 quot
359 3307 493 3362 ergo
519 3291 691 3345 libros
716 3288 968 3359 Origenis
995 3289 1061 3342 ad
1090 3303 1188 3342 nos
1223 3287 1436 3342 fortuna
1467 3290 1787 3356 transmisit,

216 3386 437 3441 violatos
478 3398 603 3440 esse
639 3381 934 3437 verisimile
960 3391 1063 3448 est,
1097 3390 1154 3435 at
1194 3396 1287 3436 eos
1318 3381 1656 3451 potissimum
1697 3382 1788 3450 qui

214 3487 398 3546 praeter
421 3475 764 3530 notariorum
798 3473 1112 3545 σφάλματα,
1139 3482 1196 3528 et
1227 3474 1605 3528 haereticorum
1638 3474 1789 3528 adul-

218 3569 533 3633 terationes,
594 3566 954 3636 interpretum
1012 3565 1176 3622 etiam
1234 3565 1682 3621 hallucinationes
1735 3573 1790 3621 et

216 3657 489 3723 perﬁdiam
515 3663 834 3710 senserunt.

277 3746 364 3802 IV.
405 3745 528 3802 Non
555 3761 659 3816 par
681 3759 808 3814 ergo
843 3753 897 3800 et
924 3745 1111 3800 eadem
1139 3752 1221 3801 est
1253 3744 1514 3800 librorum
1545 3743 1787 3799 omnium

213 3841 525 3903 auctoritas,
559 3838 873 3908 quicunque
921 3854 989 3893 ex
1041 3837 1293 3909 Origenis
1333 3839 1528 3894 incude
1563 3837 1789 3908 profecti

212 3942 349 3986 sunt.
376 3929 854 4000 Quemadmodum
886 3929 1030 3982 enim
1067 3928 1306 3997 suspecti
1344 3937 1502 3982 erant
1528 3927 1562 3980 ii
1597 3926 1789 3996 premi-

211 4039 324 4094 pue,
349 4035 404 4081 et
433 4021 874 4079 damnosissimis
904 4030 1113 4076 scatere
1147 4019 1446 4082 erroribus,
1492 4026 1547 4071 et
1585 4015 1652 4069 ab
1691 4015 1791 4070 Ec-

211 4118 377 4173 clesite
400 4115 694 4185 disciplina
727 4114 980 4168 recedere
1003 4112 1345 4177 dicebantur,
1379 4123 1517 4179 quos
1548 4109 1664 4178 ipse
1694 4121 1791 4176 per

209 4211 367 4264 otium
412 4215 638 4264 secreto
680 4203 1044 4266 lucubrasset,
1075 4215 1139 4254 ac
1188 4199 1311 4253 libri
1355 4197 1624 4268 praicipue
1650 4195 1790 4265 Περὶ

208 4299 422 4369 ἀρχῶν,
459 4298 514 4353 iu
550 4295 750 4366 quibus
780 4294 1088 4363 dogmatunt
1120 4305 1341 4346 suorum
1375 4287 1642 4344 oﬁicinam
1675 4299 1791 4344 sta-

209 4401 399 4458 tuerat,
440 4398 506 4444 ut
558 4393 748 4442 narrat
786 4384 1099 4454 Pamphilus
1160 4383 1214 4438 in
1276 4381 1579 4452 Apologia:
1611 4381 1684 4436 ita
1722 4381 1790 4436 ad

131 4523 140 4530 .
211 4483 320 4554 ejus
371 4495 578 4540 sensus
625 4478 841 4549 penitus
904 4473 1380 4546 introspiciendos,
1438 4489 1502 4527 ac
1554 4472 1790 4527 eruenda

1891 3291 2090 3342 riorum
2125 3290 2178 3342 in
2208 3286 2520 3341 Matthteum
2569 3288 2872 3355 interpreti,
2896 3288 3207 3357 quicunque
3241 3291 3458 3346 tandem

1890 3381 1982 3437 ille
2015 3382 2104 3445 sit,
2137 3395 2298 3449 quam
2336 3379 2533 3433 Ruﬁno
2581 3379 2944 3434 adhibendum
2987 3389 3090 3435 est.
3125 3381 3277 3435 illum
3312 3382 3358 3437 si
3387 3381 3458 3438 ad

1889 3472 2159 3536 Graecum,
2209 3486 2368 3540 quem
2412 3472 2624 3536 damus,
2667 3481 2980 3526 contextum
3025 3473 3295 3542 exegeris,
3323 3472 3464 3528 Deus

1890 3564 2053 3628 bone,
2090 3564 2233 3632 quod
2283 3563 2752 3633 interpretationis
2788 3574 3090 3619 monstrum
3119 3566 3459 3634 comperies!

1891 3655 2058 3711 Totas
2104 3653 2348 3724 paginas,
2388 3664 2500 3707 tota
2549 3653 2676 3708 folia
2713 3667 2915 3716 assuta,
2965 3664 3074 3710 tota
3105 3657 3342 3710 detracta
3370 3656 3467 3711 de-

1888 3747 2214 3818 prehendes.
2252 3743 2377 3798 Haec
2416 3745 2597 3812 inter,
2650 3746 3046 3801 observandum
3117 3747 3247 3802 illud
3302 3749 3464 3802 etiam

1889 3839 2179 3896 discrimen
2211 3846 2316 3902 est,
2359 3836 2617 3904 majorem
2656 3852 2845 3891 eorum
2899 3852 3020 3892 esse
3063 3838 3326 3893 librorum
3364 3854 3462 3892 au-

1890 3931 2233 3993 steritatem,
2270 3943 2407 3998 quos
2458 3943 2622 3982 senex
2669 3928 3063 3994 Adamantius,
3101 3929 3318 3999 ingenio
3371 3944 3467 3999 per

1890 4033 2104 4080 aetatem
2135 4022 2306 4092 magis
2339 4021 2563 4076 subacto
2587 4019 2853 4083 elimavit,
2891 4037 3052 4089 qttam
3088 4022 3178 4089 qui
3205 4020 3467 4076 eﬂ'erenle

1891 4127 2013 4169 sese
2053 4113 2108 4166 in
2138 4111 2436 4179 iuventutis
2463 4117 2596 4163 testu
2624 4108 2952 4164 fecunditate
2981 4109 3186 4176 profusi
3213 4120 3361 4168 sunt.

1963 4203 2028 4260 ν.
2071 4202 2180 4258 Nec
2207 4202 2497 4271 aliquantis
2529 4202 2794 4257 duntaxat
2837 4201 3289 4270 Origenianarum
3325 4203 3466 4256 scri-

1891 4296 2140 4369 ptionum
2188 4295 2458 4363 partibus,
2495 4293 2580 4348 vel
2613 4295 2948 4348 notariorum
2979 4294 3349 4363 properantia,
3381 4293 3466 4348 vel

1891 4393 2274 4457 corruptorum
2307 4385 2496 4439 nocuit
2523 4385 2904 4452 audacia;sed
2942 4385 2995 4439 in
3038 4394 3149 4438 tota
3179 4383 3341 4439 etiam
3378 4399 3466 4440 vo-

1893 4479 2095 4534 lumina
2175 4477 2479 4532 invidorum
2543 4476 2965 4546 intemperantia
3023 4485 3268 4546 grassata
3334 4484 3461 4531 est:

215 4575 491 4644 dogmata,
525 4570 694 4626 iidem
729 4583 872 4622 nunc
907 4566 1246 4636 potissimum
1279 4563 1465 4618 valere
1487 4561 1702 4617 debent.
1730 4561 1787 4615 In

1893 4586 2019 4627 nam
2068 4571 2159 4641 qui
2213 4579 2363 4626 tanto
2402 4578 2602 4626 conatu
2637 4570 2687 4624 in
2719 4569 2974 4641 Origenis
3023 4569 3329 4624 doctrinam
3365 4583 3467 4623 sae-

208 4665 445 4722 homiliis
485 4662 696 4735 quippe
745 4660 812 4714 ad
851 4658 996 4729 vulgi
1048 4670 1169 4712 sese
1213 4656 1649 4712 accommodavit
1697 4669 1790 4708 ca-

206 4769 375 4829 ptum,
411 4773 518 4814 nec
561 4753 865 4824 exquisitas
906 4751 1167 4806 doctrinae
1207 4763 1419 4806 merces
1451 4765 1482 4804 e
1514 4747 1788 4820 myrothe-

209 4851 304 4904 ciis
334 4851 453 4906 suis
485 4850 838 4918 depromptas
862 4845 1094 4899 indoctis
1132 4844 1444 4898 hominibus
1464 4842 1790 4912 propinavit.

206 4943 273 4997 At
310 4943 364 4998 in
391 4937 699 4997 elaboratis
746 4936 1070 5005 diligentiori
1136 4950 1266 4991 cura
1330 4933 1791 4989 lucubrationibus

207 5033 537 5088 eruditionis
594 5044 708 5084 suae
742 5027 1112 5096 promptuaria
1171 5027 1455 5081 reseravit.
1502 5023 1672 5093 igitur
1725 5024 1790 5080 de

208 5125 432 5190 Grzeeis,
468 5123 569 5195 qui
604 5129 917 5191 supersunt,
948 5118 1101 5174 libris
1135 5117 1214 5172 sic
1255 5117 1603 5173 statuendum
1637 5124 1786 5186 puto,

208 5226 265 5272 ut
302 5229 648 5288 postremum
700 5213 942 5267 ordinem
994 5211 1229 5266 homiliae
1266 5218 1508 5274 teneant,
1552 5211 1786 5278 priorem

209 5311 442 5379 cogitate
476 5319 537 5362 et
579 5315 788 5360 attente
834 5305 1034 5374 scripta
1075 5315 1262 5371 Opera,
1309 5302 1607 5372 cuiusmodi
1662 5309 1790 5356 sunt

208 5400 326 5454 libri
373 5410 568 5454 contra
612 5393 847 5460 Celsum,
874 5405 927 5450 et
956 5395 1096 5462 Περὶ
1124 5391 1346 5462 ἀρχῶν,
1382 5401 1433 5446 et
1460 5392 1610 5456 tomi,
1640 5389 1787 5460 judi-

208 5491 347 5546 cium
389 5492 461 5546 de
497 5489 584 5543 his
625 5501 786 5547 suum
815 5499 1120 5557 proponens
1161 5482 1494 5553 Epiphanius
1527 5483 1658 5535 liter.
1697 5478 1790 5546 δι,

273 5671 392 5741 (55)
423 5671 698 5741 Quotquot
732 5685 852 5738 ergo
891 5666 1052 5720 libros
1070 5663 1312 5741 Ofigeuis
1346 5663 1413 5717 ad
1451 5678 1546 5716 nos
1569 5661 1784 5741 fortuna

207 5730 540 5804 transmisit,
587 5730 812 5794 'violatos
861 5753 972 5792 esse
1017 5730 1296 5812 uerisimile
1329 5743 1459 5812 est,“
1484 5743 1590 5789 etc.
1654 5730 1784 5786 Vide

210 5803 597 5867 Praefationem
639 5819 880 5862 nostram
900 5819 1058 5860 domo
1094 5805 1269 5872 primo
1317 5803 1781 5874 praitixatn,_pag.

207 5883 342 5953 2,3,
380 5884 438 5949 4,
471 5882 568 5936 ubi
595 5879 933 5944 ostendimus
956 5872 1336 5953 haereticorum
1362 5872 1790 5930 adulterationes

1891 4663 2132 4731 viebant,
2164 4661 2353 4733 ejusne
2383 4662 2751 4732 pepercissent
2781 4661 2956 4725 libris,
2982 4668 3039 4715 et
3061 4675 3168 4716 non
3195 4674 3290 4714 eos
3317 4657 3468 4713 omni

1895 4756 2075 4811 studio
2111 4753 2510 4809 abolevissent?
2534 4754 2894 4808 Accesserunt
2923 4753 3114 4807 crebra
3139 4751 3470 4822 synodorum

1893 4854 1952 4899 et
1995 4843 2375 4914 episcoporum
2416 4842 2789 4906 anathemata,
2836 4841 3032 4910 quibus
3087 4839 3472 4904 Adamantius,

1895 4934 2310 5002 Adantantiique
2343 4932 2589 4985 doctrina
2622 4934 2876 4986 damnata
2927 4941 3047 4986 est:
3077 4939 3187 4984 tum
3225 4929 3468 4998 premnt-'-
3510 4999 3512 5002 ν

1895 5033 2014 5093 gata
2049 5023 2191 5092 apud
2227 5020 2563 5076 recentiores
2592 5021 2811 5077 Graecos
2834 5021 3074 5088 decreta,
3104 5020 3300 5088 quibus
3327 5020 3470 5074 vetic
3507 5012 3521 5063 ι

1895 5122 2008 5169 tum
2043 5121 2128 5168 est
2164 5127 2232 5169 ne
2265 5113 2388 5183 quis
2424 5110 2542 5180 eius
2564 5111 2737 5167 libros
2767 5109 3064 5165 describat.
3103 5109 3253 5165 Unde
3282 5104 3459 5162 ntaa't-

1895 5219 1996 5260 ma:
2028 5203 2368 5272 Latinorum,
2417 5219 2480 5258 ac
2527 5201 2840 5258 Graecorum
2879 5200 3150 5271 praecipue
3186 5198 3466 5267 exempla-

1895 5297 2036 5351 rium
2072 5297 2210 5366 parti
2240 5295 2420 5352 clades
2446 5294 2593 5349 illata
2620 5301 2724 5358 est,
2751 5302 2806 5347 et
2845 5292 3045 5361 oppido
3072 5305 3242 5360 pauca
3273 5306 3341 5345 ex.
3364 5291 3470 5346 hoc

1897 5388 2118 5444 interitu
2156 5399 2370 5444 servata
2419 5399 2565 5442 sunt.
2613 5385 2933 5456 Quanquam
2969 5385 3114 5439 enim
3149 5385 3338 5453 ingens
3371 5384 3470 5438 adv

1898 5479 2004 5534 huc
2055 5477 2504 5549 Origenianorum
2558 5490 2795 5547 cperum
2859 5473 3109 5530 volumen
3175 5481 3470 5543 superest,

1892 5660 2111 5730 scriptis
2128 5657 2382 5733 Origenis
2413 5674 2518 5713 non
2544 5672 2740 5733 nocere
2756 5657 2995 5733 potuisse
3023 5673 3088 5712 ex
3107 5671 3212 5727 quo
3237 5656 3468 5733 aut-lieno

1893 5728 2362 5794 tica’exeutplaria
2389 5745 2607 5782 suorum
2648 5731 2880 5798 (lperuni
2907 5728 3020 5797 ipse
3068 5742 3192 5784 ante
3236 5728 3470 5784 mortem

1893 5806 1947 5860 in
1973 5801 2294 5859 Caesariensi
2324 5798 2660 5856 Bibliotheca
2688 5799 2956 5870 tlt'pnsuil.
