3952 6530
445 429 502 482 Η
513 426 578 482 87

1700 414 1765 468 Ρ.
1805 411 2118 465 υΑΝιιςιιδ
2155 407 2389 460 ΗυΕἰἸι

3569 393 3712 446 H88

442 548 605 613 quota
640 537 728 593 illa
756 549 880 605 pars
902 542 984 590 est
1017 531 1194 602 magni
1235 528 1397 599 huius
1435 527 1872 584 lucubrationum
1903 541 2008 579 nu-
2034 529 2087 588 Α
2113 516 2503 593 legere,‘quos
2565 514 2654 572 ille
2699 528 2804 569 non
2849 511 3109 582 scripsit;
3161 489 3484 576 faciliusque
3543 507 3718 560 credo

444 631 599 695 meri,
626 642 764 698 quas
794 625 863 679 ab
893 638 959 679 eo
1000 622 1310 676 elaboratas
1369 619 1535 674 fuisse
1575 626 1791 672 veteres
1832 615 2013 685 prodi-

443 720 677 778 derunt?
717 716 919 771 Scribit
966 711 1298 780 Theophilus
1367 707 1564 762 Pasch.
1616 709 1640 762 ι
1695 718 1751 761 ει
1794 705 1830 760 2
1874 705 2016 760 ιιιιῐιε

451 834 470 868 ι
495 809 916 869 innumerabiles
950 805 1190 862 texuisse
1220 803 1408 866 libros,
1438 811 1492 855 et
1518 799 1856 868 garrulitatis
1884 813 2013 862 suae,

445 904 597 974 quasi
640 900 916 954 damnosa:
949 892 1309 966 possessionis
1343 889 1543 945 mundo
1575 888 1858 957 reliquisse
1908 887 2016 941 haz-

445 996 747 1050 reditatem.
775 1009 792 1042 ι
835 992 982 1041 ’Λνω
1023 987 1118 1040 καὶ
1171 984 1320 1038 κάτω
1361 979 1700 1049 ταυτολογῶν
1730 978 2016 1050 ἐπλήρωσε

444 1085 544 1156 τὴν
595 1081 928 1152 οἰκουμένην
980 1078 1206 1149 ἀμέτρῳ
1258 1073 1526 1144 φλυαρίᾳ·
1570 1072 1648 1125 ait
1702 1068 2018 1125 Eustathius

341 1181 351 1193 '
447 1175 816 1230 Antiochenus
869 1171 942 1224 De
996 1177 1223 1238 engastr.
1261 1182 1278 1216 ι
1309 1165 1441 1231 Quis
1467 1173 1736 1224 nostrum,
1788 1179 1806 1214 ι
1849 1159 2022 1228 inquit

449 1267 810 1336 Hieronymus
847 1264 1006 1333 epist.
1058 1261 1145 1324 65,
1205 1259 1273 1313 ad
1329 1257 1642 1312 Pammacb.
1693 1263 1748 1309 et
1797 1253 2018 1317 0cean.,

449 1373 570 1428 cap.
609 1359 666 1421 ’5,
703 1375 721 1408 ι
750 1364 900 1410 tanta
944 1361 1123 1423 potest
1167 1351 1370 1421 legere,
1404 1356 1604 1427 quanta
1642 1346 1735 1401 ille
1784 1342 2019 1400 conscri-

449 1425 589 1519 psit?
613 1467 631 1498 ι
683 1446 825 1502 Idem
878 1445 1033 1515 epist.
1078 1443 1167 1508 18,
1220 1442 1285 1497 ad
1319 1425 1562 1496 Marcell.
1597 1458 1609 1494 :
1641 1457 1659 1490 ι
1685 1435 2020 1500 Ambrosius,

449 1554 558 1610 quo
613 1541 851 1599 chartas,
900 1545 1166 1603 sumptus,
1209 1533 1449 1588 notarios
1511 1531 1872 1593 ministrante,
1915 1535 2022 1581 tam

452 1626 875 1688 innumerabiles
925 1625 1090 1680 libros
1141 1636 1272 1677 vere
1321 1620 1677 1675 Adamantius
1736 1628 1918 1674 noster
1972 1624 2027 1670 et

449 1723 836 1779 Chalcenterus
856 1717 1133 1788 explicuit.
1161 1735 1179 1768 ι
1214 1714 1526 1770 Vincentius
1558 1711 1856 1766 Lirinensis
1885 1709 2025 1765 Con-

453 1821 536 1869 tra
568 1813 722 1876 ham,
745 1825 864 1880 cap.
892 1809 966 1862 23
996 1823 1009 1860 :
1047 1827 1065 1860 ι
1086 1807 1194 1862 Sed
1227 1807 1387 1861 credo
1434 1819 1605 1875 pauca
1655 1801 2018 1870 conscripsit;

451 1917 612 1959 nemo
646 1899 953 1955 mortalium
987 1896 1160 1966 plura,
1198 1904 1253 1950 ut
1293 1895 1424 1949 tnihi
1456 1908 1552 1947 sua
1579 1890 1760 1946 omnia
1801 1904 1906 1942 non
1942 1903 2024 1943 so-
2053 1875 2095 1930 Β

453 1996 562 2050 lum
597 2010 697 2048 non
741 1992 966 2061 perlegi,
1003 1991 1096 2044 sed
1126 2004 1194 2044 ne
1223 1987 1457 2050 inveniri
1489 1984 1710 2056 quidem
1760 1997 1919 2051 posse
1944 1983 2026 2033 vi-

452 2084 859 2140 deantur.»Ex
920 2085 1182 2136 immenso
1241 2081 1342 2135 hoc
1399 2093 1532 2148 ergo
1582 2074 2017 2130 lucubrationum

454 2191 680 2232 numero
723 2172 1002 2243 syntactici
1051 2185 1242 2225 nomen
1271 2169 1502 2225 meruit.
1546 2165 1805 2220 Futurum
1850 2173 2025 2217 autem

454 2266 827 2336 pra:sentiens,
877 2273 935 2316 ιιι
981 2263 1241 2315 immensa
1299 2261 1412 2314 haec
1472 2255 1754 2312 scribendi
1808 2253 2026 2308 licentia

456 2358 833 2413 nonnullorum
883 2356 986 2410 sibi
1015 2351 1466 2424 reprehensiones
1491 2348 1877 2412 conscisceret,
1901 2343 2030 2398 mul-

457 2449 525 2506 tis
548 2467 666 2505 eam
715 2456 942 2504 excusat
979 2456 1126 2502 tomo
1153 2447 1202 2498 v’
1230 2445 1286 2498 in
1329 2444 1516 2508 Joan.,
1559 2456 1710 2496 num.
1738 2440 1790 2505 l,
1820 2438 1855 2490 2
1887 2447 1942 2492 ει
1972 2436 2027 2501 4,

455 2539 612 2608 cuius
691 2536 1058 2594 excusationis
1131 2533 1432 2602 fragmenta
1497 2530 1664 2586 habes
1712 2527 2030 2584 'Pltilocalia:

464 2647 584 2700 (“:tp.
623 2631 675 2684 5.

525 2737 775 2791 Attamen
805 2735 1007 2806 ingenti
1041 2734 1166 2789 huic
1196 2733 1337 2788 libro
1354 2749 1471 2788 rum
1515 2734 1705 2803 copiae,
1754 2746 1913 2802 quam
1949 2732 2030 2785 in-

458 2828 847 2882 numerabilem
876 2841 997 2882 esse
1031 2826 1217 2880 dicunt
1261 2825 1526 2891 nonnulli,
1557 2834 1765 2880 certum
1803 2824 1894 2877 alii
1928 2839 2031 2877 nn-

461 2933 667 2974 merum
712 2919 1077 2990 assignarunt.
1127 2916 1461 2987 Epiphanius
1491 2915 1625 2970 hth.
1658 2915 1749 2982 64,
1779 2929 1902 2983 cap.
1934 2913 2026 2980 6'5,

461 3009 832 3079 percrebuisse
862 3017 1049 3063 narrat
1073 3022 1167 3063 sex
1199 3007 1460 3061 librorum
1486 3005 1651 3059 millia
1687 3003 1756 3058 ab
1777 3019 1841 3058 eo
1867 3002 2034 3058 fuisse

457 3100 786 3168 conscripta.
822 3099 1000 3168 Atque
1047 3098 1101 3154 id
1149 3111 1218 3152 ex
1261 3097 1442 3167 seipso
1475 3094 1662 3163 refert,
1694 3109 1798 3148 non
1828 3109 1894 3149 ex
1923 3093 2035 3148 Me-

461 3191 668 3256 thodio,
719 3198 777 3244 ut
827 3204 1108 3259 perperam
1146 3196 1466 3243 asseverant
1507 3186 2025 3256 Magdebnrgenses,

458 3295 604 3342 cent.
632 3286 690 3348 5,
722 3298 842 3352 cap.
877 3283 965 3337 10.
1000 3283 1264 3337 Eumdem
1289 3283 1572 3350 assignant
1602 3293 1886 3332 numerum
1919 3275 2028 3329 Ilo-

460 3378 649 3433 norius
676 3373 1182 3446 Augustodunensis
1217 3373 1296 3426 De
1334 3371 1518 3438 script.
1550 3369 1756 3428 eccles.,
1789 3383 1910 3436 cap.
1939 3367 2029 3433 55,

459 3478 515 3525 et
556 3468 833 3524 Cedrenus
878 3467 934 3518 in
985 3464 1197 3529 Severo,
1235 3472 1289 3518 et
1343 3478 1407 3518 ex
1443 3462 1690 3518 Cedreno
1742 3458 1938 3514 Snidas
1977 3459 2034 3512 in

461 3561 705 3631 Origene,
735 3567 791 3612 et
822 3556 1018 3626 Glycas
1047 3564 1190 3625 part.
1233 3571 1322 3618 ιιι,
1350 3554 1544 3608 Annal.
1595 3552 1862 3608 Praeterea
1887 3550 2036 3605 Rufi-

462 3667 566 3708 nus
597 3653 650 3705 in
694 3649 874 3705 libello
912 3647 990 3702 De
1028 3646 1414 3700 adulteratione
1457 3645 1710 3698 librorum
1765 3641 2031 3712 Origenis,

460 3747 528 3798 de
575 3741 876 3810 Epiphanio
910 3740 981 3793 ita
1035 3739 1318 3809 loquitur:
1351 3755 1369 3789 ι
1401 3737 1639 3806 Denique
1687 3736 1907 3805 quidam
1968 3749 2037 3791 ex

462 3832 614 3902 ipsis,
647 3831 740 3903 qui
781 3846 838 3886 se
870 3829 1016 3884 velut
1058 3827 1464 3899 evangelizandi
1517 3828 1898 3884 necessitatem
1931 3841 2026 3895 per

461 3940 654 3979 omnes
693 3933 904 3994 gentes,
949 3931 1005 3975 et
1054 3935 1152 3990 per
1179 3935 1366 3976 omnes
1392 3919 1601 3989 linguas
1628 3919 1829 3972 habere
1860 3925 2034 3988 putat,

461 4018 528 4071 de
555 4013 786 4085 Origene
811 4010 955 4066 male
988 4009 1262 4080 loquendi,
1301 4023 1396 4064 sex
1421 4008 1589 4062 millia
1628 4007 1889 4063 librorum
1911 4006 2032 4076 ms

467 4121 528 4164 se
571 4107 764 4176 legisse
820 4101 1219 4173 quamplurima
1272 4101 1499 4156 fratrum
1542 4099 1888 4154 multitudine
1939 4115 2039 4154 aus

464 4197 646 4252 diente
692 4193 975 4250 confessus
1011 4201 1113 4249 est.
1147 4209 1166 4243 ι
1203 4191 1286 4246 Ad
1332 4206 1394 4245 ea
1433 4190 1808 4260 Hieronymus,
1850 4189 1942 4258 qui
1980 4202 2038 4242 se

462 4284 645 4341 omnia
683 4284 938 4354 Origenis
975 4283 1196 4347 habere,
1225 4281 1420 4350 legisse
1463 4295 1590 4336 vero
1631 4280 2031 4350 quamplurima

459 4377 699 4445 iactabat
747 4374 872 4430 libr.
919 4388 960 4428 ιι
1025 4373 1205 4444 Apol.,
1243 4387 1365 4443 cap.
1409 4372 1464 4439 4,
1493 4373 1608 4427 hanc
1664 4373 1875 4442 reponit
1915 4372 2035 4426 libri

464 4465 707 4533 ejusdem
737 4474 890 4520 sexto
922 4465 1099 4535 capite
1127 4481 1141 4518 :
1185 4483 1204 4516 ι
1239 4464 1314 4518 De
1345 4478 1438 4519 sex
1486 4463 1720 4518 millibus
1763 4475 1941 4519 autem
1975 4463 2038 4517 li-

468 4559 713 4620 brorum,
744 4572 881 4626 quos
908 4557 975 4609 ab
1005 4571 1068 4610 eo
1097 4570 1218 4610 esse
1261 4556 1433 4613 lectos
1464 4555 1750 4625 contingis,
1778 4556 1897 4625 quis
1926 4571 2040 4609 cre-

468 4651 560 4702 dat
603 4657 698 4701 ant
741 4657 793 4701 te
835 4663 1020 4702 verum
1065 4649 1267 4712 dicere,
1291 4657 1384 4702 aut
1430 4648 1578 4701 illum
1607 4647 1845 4716 potuisse
1885 4661 2038 4700 men-

471 4738 600 4794 tiri?
623 4739 680 4793 Si
709 4738 855 4793 enim
887 4738 1157 4808 Origenes
1183 4753 1279 4792 sex
1324 4738 1488 4792 millia
1524 4737 1834 4805 scripsisset
1866 4736 2037 4791 libro-

468 4847 608 4894 rum,
644 4840 893 4900 potuerat
943 4831 1057 4884 ﬁeri
1109 4839 1166 4885 ut
1208 4831 1293 4885 vir
1325 4830 1588 4893 eruditus,
1621 4838 1674 4883 et
1710 4830 1778 4883 ab
1809 4827 2034 4882 infantia

465 4925 638 4980 sacris
681 4924 877 4978 litteris
913 4923 1197 4977 institutus
1243 4938 1341 4992 pro
1371 4923 1686 4976 curiositate
1725 4931 1779 4975 et
1814 4921 2038 4976 scientia

468 5017 690 5087 legisset
721 5016 939 5070 aliena:
975 5015 1116 5084 quod
1154 5029 1282 5070 vero
1337 5015 1423 5069 ille
1468 5029 1572 5068 non
1623 5013 1866 5082 scripsit,
1915 5028 2044 5082 quo-

469 5110 628 5164 modo
656 5110 757 5163 iste
787 5107 968 5178 legere
1014 5108 1230 5178 potuit?
1259 5107 1494 5163 Numera
1533 5107 1741 5161 indices
1777 5107 2037 5161 librorum

466 5200 602 5268 eius,
632 5201 726 5271 qui
767 5201 819 5255 in
854 5201 1016 5255 tertio
1039 5199 1314 5254 volumine
1339 5197 1574 5262 Eusebii,
1609 5199 1660 5252 in
1706 5212 1814 5266 quo
1851 5196 2042 5252 scribit

472 5291 651 5347 Vitam
687 5291 974 5361 Pamphili.
1003 5292 1359 5347 continentur
1385 5307 1398 5355 ;
1426 5303 1480 5344 et
1508 5305 1613 5342 non
1652 5290 1772 5343 dico
1797 5303 1891 5341 sex
1917 5288 2044 5340 inil-

469 5383 562 5448 lia,
611 5385 705 5438 sed
753 5384 966 5437 tertiam
1024 5392 1232 5450 partem
1287 5398 1390 5435 non
1445 5381 1708 5449 reperies.
1773 5380 2044 5434 Habemus

469 5474 754 5544 epistolam
787 5471 1082 5542 supradicti
1113 5471 1405 5541 pontificis,
1449 5473 1501 5524 in
1533 5486 1638 5540 qua
1681 5471 1804 5523 huic
1835 5469 2044 5522 calum-

471 5568 573 5620 nite
601 5575 726 5627 tum,
757 5565 883 5620 dum
913 5564 1089 5617 adhuc
1117 5577 1268 5617 esses
1303 5564 1354 5615 in
1385 5561 1626 5623 Oriente,
1657 5561 1964 5630 respondet,
1992 5567 2048 5612 et

472 5658 873 5728 apertissimum
935 5657 1273 5710 mendacium
1319 5655 1505 5714 llibera
1578 5654 1818 5707 veritatis
1871 5651 2049 5705 fronte

473 5747 749 5815 confutat;
778 5751 871 5817 ιξει
902 5749 952 5802 in
981 5749 1138 5818 epist.
1171 5747 1259 5811 6‘2,
1318 5749 1383 5801 ad
1413 5746 1794 5814 Theophilum,
1817 5760 1936 5812 cap.
1964 5742 1998 5794 ‘2
2032 5756 2044 5792 :

481 5862 498 5892 ς
529 5839 629 5893 Sex
665 5841 829 5895 millia
873 5839 1119 5910 Origenis
1172 5851 1346 5896 tomos
1376 5856 1481 5895 non
1521 5848 1732 5910 poterat
1761 5839 2046 5910 quisquam

2120 623 2311 670 testem
2359 609 2520 680 hujus
2552 607 2841 672 sermonis,
2869 619 3030 675 quam
3078 610 3351 658 auctorem
3383 613 3516 654 esse
3555 611 3717 650 men-

2117 707 2304 762 titum.
2336 723 2356 758 ι
2392 704 2562 774 Negat
2596 701 2954 769 Hieronymus
2978 697 3180 752 dixisse
3208 691 3592 764 Epiphaninm
3621 703 3716 742 sex

2117 800 2380 854 librorum
2413 794 2664 865 Origenis
2712 791 2880 846 millia
2923 805 2952 843 a
2999 804 3057 843 se
3094 790 3263 852 lecta;
3298 787 3410 840 imo
3460 796 3606 836 vero
3639 788 3720 834 tot

2117 889 2185 943 ab
2223 885 2455 958 Origene
2495 899 2732 953 unquam
2767 881 2934 934 fuisse
2982 876 3183 946 scripta
3216 883 3412 945 negat;
3449 871 3720 943 quamvis

2119 982 2174 1038 id
2205 992 2383 1035 tamen
2416 977 2788 1048 percrebuisse
2818 972 3150 1042 Epiphanius
3183 978 3411 1024 asserat.

2191 1073 2328 1140 Quid
2353 1071 2452 1128 sibi
2480 1068 2665 1123 volunt
2700 1067 2864 1136 igitur
2889 1065 3029 1118 Beda
3062 1063 3116 1117 in
3155 1061 3296 1115 libro
3331 1058 3408 1112 De
3443 1074 3545 1111 sex
3577 1065 3716 1110 cta-

2121 1167 2257 1220 tibus
2289 1163 2499 1230 mundi,
2543 1162 2658 1216 Ado
2689 1158 3041 1221 Viennensis,
3084 1154 3427 1228 Hermannns
3458 1150 3711 1203 Contra-

2123 1265 2268 1319 ctus,
2330 1253 2605 1307 Marianus
2644 1249 2838 1304 Scottis
2881 1255 2936 1302 ει
2980 1242 3256 1299 Conradus
3288 1237 3721 1309 Urspergensis,

2123 1353 2244 1400 eum
2297 1343 2682 1414 Hieronymum
2728 1338 2961 1408 quodam
3012 1336 3128 1390 loco
3172 1332 3462 1402 scripsisse
3534 1331 3721 1392 aiunt,

2124 1437 2360 1506 quinque
2388 1433 2553 1488 millia
2593 1430 2853 1485 librorum
2881 1427 3130 1496 Origenis
3160 1424 3344 1478 fuisse'
3369 1421 3475 1476 sibi
3536 1419 3727 1485 perle-

2125 1529 2261 1585 cta?
2314 1526 2577 1581 Martinus
2623 1537 2751 1577 vero
2802 1521 3035 1576 Polonus
3082 1526 3136 1574 et
3183 1516 3356 1571 Guido
3411 1511 3724 1568 Carmelita

2134 1637 2232 1678 sex
2263 1617 2473 1676 millia?
2514 1617 2652 1684 Quid
2703 1615 2844 1686 apud
2897 1614 3039 1668 hunc
3088 1609 3388 1665 Guidonem
3433 1604 3718 1667 Isidorus,

2130 1716 2324 1786 quisic
2353 1714 2661 1783 loquentem
2695 1707 2904 1763 inducit
2929 1704 3217 1774 Origenem
3253 1719 3266 1755 :

2269 1809 2527 1868 Condere,
2553 1807 2597 1859 si
2625 1804 2815 1868 credis,
2851 1801 3029 1854 studui
3055 1805 3129 1851 tot
3158 1795 3328 1868 millia
3357 1793 3555 1868 libros,

2265 1861 2400 1946 Quot
2425 1861 2555 1948 legio
2587 1875 2768 1927 missos
2800 1861 2941 1925 ducit
2976 1871 3031 1924 in
3065 1882 3213 1920 arma
3246 1861 3424 1918 viros?

2133 1995 2276 2051 Sane
2301 1993 2513 2048 videtur
2547 1991 2599 2045 id
2631 1995 2900 2054 sumptum
2937 1999 3004 2038 ex
3047 1979 3295 2050 proxime
3341 1976 3570 2029 laudato
3615 1973 3724 2026 Ru-

2133 2087 2225 2142 ﬁni
2270 2085 2408 2149 loco,
2447 2084 2537 2154 qui
2575 2095 2696 2135 cum
2738 2075 3022 2147 Epiphanii
3054 2087 3250 2127 nomen
3299 2085 3406 2124 non
3433 2067 3722 2130 exhibeat,

2133 2179 2293 2234 facile
2330 2193 2452 2232 eum
2501 2175 2569 2228 ad
2613 2172 3001 2240 Hieronymum
3055 2165 3356 2220 retulerunt
3401 2160 3722 2228 scriptores

2136 2271 2233 2337 illl,
2262 2265 2714 2339 quemadmodum
2744 2265 2813 2316 ab
2840 2262 3063 2315 Erasmo
3092 2257 3285 2312 deinde
3321 2263 3374 2308 et
3395 2251 3720 2307 Genebrar.

2136 2364 2203 2419 do
2230 2363 2434 2418 relatus
2474 2366 2578 2414 est.
2623 2356 2777 2423 Quod
2812 2363 2990 2409 autem
3022 2352 3260 2420 quinque
3297 2347 3570 2402 librorum
3607 2343 3724 2396 mil-

2135 2456 2204 2511 lia
2239 2454 2482 2523 plerique
2515 2458 2728 2510 notant,
2755 2461 2878 2503 cum
2908 2459 3001 2501 sex
3045 2443 3137 2496 alii
3166 2445 3629 2500 commemorent,
3659 2450 3724 2489 ex

2137 2546 2430 2615 corruptis,
2467 2551 2526 2596 ut
2564 2542 2676 2596 fere
2705 2540 2784 2603 fit,
2820 2534 3141 2615 numerandi
3181 2532 3328 2588 notis
3354 2542 3542 2585 ortum
3568 2541 3724 2583 erro-

2139 2650 2252 2689 rem
2276 2603 2428 2702 pnto.
2461 2630 2576 2687 Utri
2605 2638 2783 2683 autem
2818 2603 3232 2682 assentiendum
3262 2618 3568 2691 potius,vel
3591 2617 3720 2671 Hie-

2137 2739 2366 2795 ronymo
2413 2732 2492 2777 tot
2543 2721 2774 2789 scriptos
2815 2719 2882 2772 ab
2916 2715 3151 2787 Origene
3174 2713 3343 2768 libros
3374 2709 3720 2781 perneganti,

2136 2833 2207 2872 an
2256 2816 2556 2886 Epiphanio
2620 2813 2675 2868 id
2733 2812 2874 2882 vulgi
2925 2822 3178 2865 sermone
3239 2805 3370 2860 ferri
3423 2802 3720 2859 asserenti,

2137 2908 2385 2980 equidem
2417 2905 2621 2962 nescio.
2658 2901 2826 2958 Fama
2857 2901 3082 2972 quippe,
3115 2897 3288 2952 futilis
3313 2906 3516 2949 auctor
3546 2912 3562 2948 :
3599 2893 3726 2946 Hie-

2139 2999 2354 3071 ronymi
2387 3013 2519 3054 vero
2566 2997 2732 3051 inane
2781 3003 3196 3062 argumentum;
3234 3003 3358 3043 nam
3387 2985 3644 3057 quamvis
3672 2985 3721 3038 in

2140 3093 2409 3148 indicibus
2456 3091 2715 3145 librorum
2771 3085 3040 3154 Origenis,
3072 3099 3206 3153 quos
3261 3083 3313 3137 in
3369 3081 3537 3135 tertio
3591 3078 3722 3129 Vina.

2141 3185 2408 3255 Pamphili
2458 3183 2596 3238 libro
2677 3179 2946 3235 Eusebius
3009 3182 3401 3246 pertexuerat,
3462 3186 3570 3225 non
3631 3185 3721 3222 sui:

2137 3278 2307 3344 mille,
2337 3278 2432 3332 sed
2458 3291 2524 3331 ne
2550 3275 2708 3331 tertia
2735 3272 2951 3343 quidem
2977 3285 3104 3340 pars
3133 3277 3350 3337 reperta
3376 3265 3470 3328 sit,
3501 3263 3725 3316 minimc

2136 3367 2264 3422 hinc
2323 3363 2553 3421 ellicitnr
2603 3376 2710 3417 non
2763 3361 2946 3431 plures
3001 3358 3067 3411 ab
3110 3355 3346 3426 Origene
3377 3350 3721 3409 lucubratos,

2135 3469 2296 3526 quam
2328 3460 2460 3524 quot
2494 3455 2844 3526 recensuerat
2873 3445 3156 3500 Eusebius.
3208 3443 3344 3496 Pars
3389 3439 3578 3506 aliqua
3611 3438 3725 3507 jam

2138 3545 2520 3610 interciderat;
2548 3557 2674 3612 pars
2705 3539 2872 3610 ipsius
2887 3534 3144 3608 effugerat
3171 3531 3512 3600 diligentiam
3542 3549 3555 3584 :
3599 3529 3730 3584 licet

2114 3637 2281 3693 enim
2303 3637 2396 3692 lib.
2425 3651 2477 3690 γι
2516 3634 2746 3696 Histor.,
2777 3646 2896 3700 cap.
2923 3629 3012 3693 52,
3048 3637 3365 3680 accuratum
3397 3637 3594 3675 eorum
3633 3636 3727 3674 ca-

2141 3732 2378 3802 talogum
2421 3728 2659 3784 texuisse
2701 3739 2760 3779 se
2799 3723 3022 3786 scribat,
3063 3734 3171 3773 non
3207 3729 3399 3772 omnes
3433 3723 3620 3768 tamen
3655 3712 3722 3765 ad

2138 3823 2310 3892 ipsius
2339 3821 2587 3876 notitiam
2618 3816 2937 3888 pervenisse
2960 3810 3303 3869 crediderim.

2215 3913 2291 3969 Ne
2319 3913 2441 3982 quis
2465 3925 2598 3965 vero
2631 3915 2850 3964 censeat
2877 3920 2972 3960 sex
3009 3903 3096 3958 illa
3149 3903 3408 3956 librorum
3458 3897 3652 3962 millia,
3678 3897 3722 3950 si

2141 4006 2300 4061 modo
2351 4005 2574 4060 totidem
2631 4001 2698 4055 ah
2743 3998 2976 4070 Origene
3057 3995 3242 4065 scripti
3277 4003 3428 4054 sunt,
3484 3991 3717 4061 ingentia

2140 4100 2386 4167 quasdam
2451 4095 2725 4152 volumina
2786 4092 2993 4154 fuisse,
3060 4087 3359 4157 cuiusmodi
3412 4094 3547 4155 puta
3592 4099 3722 4153 Opus

2140 4201 2324 4242 contra
2379 4184 2611 4249 Celsum,
2649 4186 2732 4237 \el
2774 4197 2908 4252 opus
2939 4179 3073 4249 Περὶ
3112 4175 3336 4247 ἀρχῶν,
3365 4176 3449 4228 vel
3514 4177 3640 4229 tomi
3673 4174 3723 4223 in

2140 4279 2422 4342 Joannem,
2460 4277 2542 4332 vel
2569 4274 2806 4330 homilia:
2842 4274 2898 4327 in
2919 4271 3145 4328 Lucam.
3184 4268 3444 4338 Epistolaz
3475 4266 3720 4337 singular,

2143 4371 2339 4441 singuli
2374 4370 2526 4433 tomi,
2566 4366 2790 4437 singulae
2853 4364 3107 4428 homilim,
3154 4378 3252 4417 suo
3299 4375 3537 4430 qumque
3577 4359 3723 4412 titulo

2142 4475 2196 4519 et
2235 4466 2450 4519 nomine
2507 4462 2561 4516 in
2615 4462 2758 4516 hnne
2805 4473 3027 4512 censum
3085 4465 3392 4520 venerunt;
3438 4465 3604 4522 atque
3655 4452 3720 4504 ita

2147 4556 2307 4610 facile
2340 4555 2530 4624 ingens
2578 4552 2668 4607 ille
2698 4566 2959 4607 numerus
2990 4548 3213 4619 prodiit,
3243 4546 3336 4615 qui
3376 4562 3480 4600 nec
3508 4554 3719 4613 superat

2148 4648 2331 4715 fidem,
2395 4662 2493 4702 nec
2550 4645 2702 4700 valde
2760 4644 3024 4699 mirabilis
3065 4651 3165 4696 est.
3224 4639 3427 4696 Fertur
3473 4640 3721 4710 Didymus

2144 4737 2549 4793 Alexandrinus
2573 4735 2964 4807 grammaticus
3009 4735 3074 4787 ad
3105 4733 3208 4786 tria
3240 4732 3414 4785 millia
3447 4731 3718 4791 librorum,

2146 4840 2201 4883 et
2233 4828 2561 4900 quingentos
2595 4829 2897 4896 scripsisse.
2943 4824 3144 4879 Narrat
3170 4823 3450 4894 Georgius
3490 4823 3719 4877 Alexan-

2151 4920 2340 4975 drinus
2371 4920 2489 4990 pios
2527 4920 2784 4989 quosdam
2823 4919 2972 4972 viros
3006 4927 3124 4987 post
3165 4916 3545 4984 Chrysostomi
3589 4931 3720 4968 mor-

2152 5023 2281 5080 tem,
2307 5012 2560 5067 homilias
2590 5011 2706 5081 ejus
2737 5009 3085 5079 octingentas
3107 5022 3266 5076 supra
3293 5015 3535 5075 quatuor
3569 5006 3717 5064 mille,

2149 5121 2274 5162 cum
2303 5119 2492 5160 omnes
2532 5119 2636 5158 non
2669 5111 2911 5172 possent,
2945 5102 2997 5154 in
3037 5116 3199 5153 unutn
3239 5097 3556 5167 collegisse.
3589 5098 3720 5150 Tan~

2152 5209 2261 5254 tam
2300 5213 2428 5252 vero
2481 5196 2741 5250 librorum
2791 5191 3166 5265 Chrysostomi
3225 5189 3472 5260 ejusdem
3522 5190 3718 5258 COpiam

2150 5292 2321 5347 fuisse
2361 5291 2522 5345 tradit
2555 5289 2776 5352 Suidas,
2803 5297 2860 5342 ut
2905 5302 3184 5341 numerum
3213 5293 3543 5353 superarent
3577 5299 3592 5334 :
3625 5292 3718 5332 tum

2149 5385 2304 5454 quasi
2356 5398 2469 5438 rem
2530 5397 2635 5436 non
2676 5382 2811 5435 satis
2858 5379 3242 5449 signiﬁcasset,
3299 5375 3453 5428 addit
3485 5391 3498 5428 :
3530 5370 3716 5426 Τῶν

2153 5474 2599 5546 συγγραμμάτων
2642 5471 2807 5526 αὐτοῦ
2853 5470 3171 5538 καταλέγειν
3201 5467 3292 5522 τὸν
3339 5464 3601 5538 ἀριθμὸν,
3635 5463 3714 5514 οὐκ

2154 5567 2460 5637 ἀνθρώπου,
2501 5565 2635 5618 Θεοῦ
2667 5566 2724 5618 δὲ
2754 5563 2953 5634 μᾶλλον
2977 5561 3071 5614 τοῦ
3121 5560 3190 5612 τὰ
3229 5560 3410 5612 πάντα.
3433 5555 3713 5625 γινώςχον-

2154 5675 2266 5720 τος.
2310 5656 2480 5723 «Ejus
2513 5671 2642 5710 vero
2698 5654 3134 5709 lucubrationum
3187 5664 3480 5704 recensere
3525 5660 3711 5714 ,nutue-

2158 5765 2300 5814 rum,
2339 5765 2443 5802 non
2491 5748 2749 5812 hominis,
2789 5749 2879 5802 sed
2910 5747 3002 5800 Dei
3058 5745 3238 5815 potius
3265 5753 3374 5804 est,
3415 5742 3507 5808 qni
3549 5737 3708 5792 omnia

2157 5840 2452 5910 cognoscit.
2487 5859 2504 5892 ι
2551 5838 2747 5894 Fertur
2784 5837 3100 5895 Theodorus
3154 5836 3564 5903 M-‘ipsncstcnus
3605 5830 3707 5894 plus
