3926 6518
238 405 367 461 Ηξιθ

1110 407 1676 468 ORIGENIANORUM
1708 411 1834 468 LIB.
1876 407 1964 480 III,
2007 409 2157 470 CAP.
2193 414 2259 484 II,
2296 414 2488 471 SECT.
2529 408 2572 470 ἰ.

3327 416 3462 475 H90

238 539 385 592 quam
424 523 614 579 decem
640 523 968 578 voluminum
1016 522 1184 577 millia
1225 523 1481 590 edidisse,
1510 525 1794 597 Raymun-
1824 536 1873 590 Α
1902 528 2264 601 Hieronymus
2309 529 2360 585 in
2417 529 2688 585 Prommio
2755 527 3121 584 Traditionuut
3183 528 3464 587 Ilcbraica-

238 617 329 670 dus
356 629 484 669 vero
527 615 733 670 Lullius
763 615 881 684 plus
915 629 1074 683 quam
1107 623 1362 683 quatuor.
1400 615 1574 670 Causa
1630 617 1800 684 igitur

237 722 337 761 non
387 715 510 760 erat
550 721 648 758 cur
683 722 776 760 sex
828 705 973 759 mille
1023 704 1192 760 libros
1235 707 1304 760 ab
1353 705 1584 775 Origene
1631 707 1799 762 fuisse

239 793 456 862 scriptos
503 803 614 846 tam
658 794 942 862 praefracta
985 794 1391 849 asseveratione
1435 777 1798 865 Hieronymus

239 882 605 949 inliciaretur;
649 899 772 936 cum
819 897 941 937 eum
987 884 1283 951 praesertim
1313 885 1545 938 fateatur
1567 887 1712 941 mille
1744 895 1800 941 et

239 988 298 1028 eo
324 971 556 1043 amplius
587 983 847 1028 tractatus
886 975 937 1028 in
976 973 1212 1028 Ecclesia
1256 975 1422 1029 fuisse
1468 975 1722 1042 locutum,
1746 985 1800 1033 et

239 1062 653 1117 innumerabiles
697 1073 959 1131 praeterea
1020 1074 1194 1119 tomos
1242 1065 1498 1120 edidisse.
1549 1066 1792 1121 Indicem

237 1167 388 1222 porro
429 1153 690 1207 librorum
738 1156 926 1224 ipsius,
963 1165 1085 1224 post
1133 1155 1442 1220 Eusebium,
1489 1156 1631 1211 idem
1661 1171 1799 1226 quo-

235 1257 332 1311 que
403 1245 830 1300 concinnaverat
885 1245 1250 1317 Hieronymus
1316 1246 1370 1300 in
1425 1247 1790 1305 voluminibus

235 1335 601 1404 epistularum,
633 1351 769 1405 quas
809 1338 874 1392 ad
904 1337 1121 1391 Paulam
1168 1337 1488 1406 scripserat;
1510 1348 1566 1394 et
1597 1339 1787 1410 Orige-

236 1443 347 1482 nem
364 1443 484 1482 cum
508 1427 770 1495 Varrone,
789 1431 903 1483 viro
918 1429 1250 1500 πολυγράφῳ
1265 1445 1363 1484 con
1375 1430 1588 1496 tulerat,
1607 1439 1664 1485 ut
1679 1431 1797 1500 ipse

235 1520 296 1575 de
322 1535 378 1574 se
405 1529 636 1574 testatur
671 1523 720 1576 in
761 1523 895 1576 libro
933 1521 1008 1575 De
1035 1525 1274 1590 scriptor.
1317 1524 1519 1588 eccles.,
1556 1537 1675 1592 cap.
1705 1522 1791 1578 85.

300 1613 385 1668 Vl.
425 1613 692 1668 Caeterum
729 1629 851 1668 cum
891 1614 1032 1668 circa
1065 1613 1230 1670 libros
1271 1631 1456 1670 saeros
1488 1615 1640 1670 labor
1673 1613 1796 1670 Ori-

235 1702 394 1772 gcnis,
422 1712 476 1756 et
526 1701 790 1756 industria
859 1701 1200 1771 potissimum
1255 1713 1469 1758 versata
1521 1704 1630 1770 sit,
1679 1718 1786 1758 non

237 1795 414 1848 eadem
468 1794 710 1848 editione
751 1795 802 1848 in
855 1793 920 1848 iis
970 1794 1384 1864 interpretandis
1422 1809 1548 1850 usus
1573 1803 1657 1849 est
1692 1810 1707 1848 :
1740 1793 1794 1847 in

1902 635 2015 671 rum
2040 634 2060 671 :
2090 636 2109 671 ‹
2137 620 2209 674 De
2262 619 2585 674 Adamantio
2623 630 2802 676 autem
2849 621 3018 687 sileo,
3070 621 3222 692 cujus
3268 639 3463 678 nomen

1895 708 1965 778 (si
2009 723 2174 779 parva
2201 708 2331 765 licet
2358 723 2685 780 componere
2727 709 2956 780 magnis)
2990 725 3112 766 meo
3134 714 3352 768 nomine
3386 714 3465 769 in-

1901 801 2164 856 vidiosius
2197 802 2433 871 estzqui
2465 817 2587 856 eum
2645 803 2699 856 in
2747 802 2986 857 homiliis
3037 802 3172 868 suis,
3217 819 3354 873 quas
3394 806 3464 859 ad

1901 890 2115 961 vulgum
2145 891 2413 961 loquitur,
2441 906 2785 947 communem
2834 893 3126 948 editionem
3177 904 3465 962 sequatur;

1899 983 1953 1037 in
2007 983 2182 1044 tomis,
2215 983 2266 1036 id
2311 992 2393 1038 est
2436 982 2489 1036 in
2546 982 2903 1051 disputatione
2951 984 3141 1054 majori
3198 983 3465 1039 Ilebraica

1891 1072 2131 1126 veritate
2180 1072 2430 1141 stipatus,
2470 1079 2526 1126 et
2565 1087 2787 1126 suorum
2823 1073 3188 1128 circumdatus
3234 1074 3466 1143 agmini-

1902 1163 2024 1227 bus,
2058 1163 2327 1217 interdum
2378 1162 2574 1232 lingua:
2614 1164 2912 1234 peregrina:
2959 1165 3154 1233 quaerit
3189 1165 3409 1218 auxilia.
3440 1183 3460 1216 ι

1901 1254 2166 1319 Quocirca
2213 1252 2510 1322 Scriptura:
2553 1253 2864 1309 testimonia
2894 1255 2961 1308 ab
2992 1269 3056 1309 eo
3095 1269 3466 1324 saepenumero

1899 1344 2055 1399 aliter
2111 1344 2276 1400 relata
2327 1345 2590 1414 reperies,
2633 1361 2696 1400 ac
2734 1345 2788 1400 in
2831 1345 3163 1400 editionibus
3193 1358 3457 1415 concepta
3517 1397 3524 1408 ,

1901 1442 2044 1499 sunt,
2089 1447 2208 1502 qua:
2258 1432 2418 1488 hodie
2463 1433 2952 1489 circumferuntur:
2989 1437 3131 1503 quod
3175 1445 3227 1489 et
3259 1451 3322 1490 ex
3352 1451 3464 1490 me-

1901 1523 2087 1578 moria'
2136 1524 2357 1593 perﬁdia
2394 1523 2682 1593 aliquando
2722 1525 2967 1595 contigit.
2994 1526 3098 1578 Par
3133 1527 3184 1579 in
3217 1527 3462 1594 Evange-

1899 1611 2090 1666 Iiorum
2115 1613 2452 1682 depromptis
2495 1613 2562 1668 ab
2588 1627 2652 1668 eo
2677 1612 2812 1667 locis
2848 1613 3136 1668 discrimen
3175 1615 3460 1679 occurrit;

1897 1718 2022 1756 nam
2069 1713 2430 1773 prmterquam
2480 1704 2624 1772 quod
2671 1704 2942 1759 variantes
3027 1719 3154 1759 suas
3209 1704 3463 1759 lectiones

1898 1793 2033 1849 Novi
2077 1808 2288 1862 quoque
2320 1793 2652 1850 Testamenti
2697 1795 2913 1849 codices
2955 1795 3242 1858 habebant,
3272 1805 3330 1848 ut
3363 1797 3463 1849 lio-

237 1886 465 1942 homiliis
492 1885 761 1954 siquidem
784 1899 918 1954 quas
950 1885 1016 1939 ad
1041 1884 1217 1954 populi
1239 1894 1452 1952 captum
1483 1898 1790 1938 accommo-
1825 1919 1870 1976 Β
1895 1884 2090 1953 dieque
2112 1883 2347 1948 habent;
2377 1883 2630 1937 utebatur
2671 1882 2738 1937 ad
2765 1883 2891 1937 haze
2914 1898 3284 1952 sa‘penumero
3319 1884 3465 1938 Ada-

235 1978 406 2044 dabat,
464 1978 761 2031 editionem
817 1977 1142 2045 sequebatur
1201 1991 1580 2039 communem,
1631 1989 1792 2045 quam
1832 1973 1861 1976 ”
1901 1973 2148 2029 mantius
2190 1973 2478 2043 Evangelio
2517 1974 2811 2029 secundum
2871 1973 3148 2038 Hebraeos,
3203 1985 3256 2026 ιιι
3296 1974 3464 2028 tradit

235 2085 322 2123 usu
347 2069 672 2138 quotidiana
702 2067 932 2138 populus
984 2068 1332 2134 conterebat;
1365 2065 1418 2120 in
1459 2067 1614 2121 tomis
1659 2080 1786 2120 vero

232 2159 544 2215 Ilebraieam
574 2161 876 2225 veritatem,
897 2159 1138 2228 aliasque
1159 2159 1392 2212 editione
1408 2173 1432 2212 s
1453 2157 1789 2213 consulebat.

1901 2066 2258 2137 Hieronymus
2289 2065 2340 2118 in
2361 2066 2450 2118 lib.
2488 2063 2580 2133 De;
2597 2065 2783 2133 script.
2835 2065 3035 2126 ecclcs.,
3073 2081 3190 2133 cap.
3224 2064 3279 2130 4,
3307 2074 3465 2134 atque

1900 2153 2025 2211 inde
2060 2155 2482 2225 discrepantiam
2523 2155 2671 2209 illam
2714 2155 2990 2210 exstitisse
3031 2155 3285 2226 conjiciu.

234 2369 3455 2397 MM

1553 2563 1930 2655 CAPUT
1989 2564 2125 2651 II.

1249 2759 1549 2841 Origenis
1591 2757 1915 2839 exegetica
1958 2765 2019 2824 et
2058 2767 2446 2842 ὲρμηνευτεικά.

289 3057 508 3132 Curris
534 3071 756 3112 SECUNDI
785 3073 1165 3132 Pinririor—z
1191 3059 1532 3116 Sectionibus
1575 3061 1750 3116 tribus
1775 3060 1882 3116 hoc
1909 3071 2072 3132 caput
2095 3061 2432 3118 'continetur.
2475 3059 2516 3117 I.
2548 3059 2712 3132 Varia
2740 3058 3182 3130 Origenianorum
3210 3059 3466 3132 ἐξηγητι-

231 3126 331 3178 κῶν
360 3142 558 3196 genera
599 3139 1006 3203 percensentur.
1041 3130 1102 3203 II.
1135 3130 1359 3203 Singula
1392 3132 1639 3199 Urigenis
1671 3126 2005 3203 ὲξηγητικὰ’,
2042 3148 2269 3203 quorum
2320 3132 2532 3200 quidem
2583 3133 2650 3203 ad
2693 3126 3016 3203 hanc'diem
3073 3126 3331 3184 memoria
3367 3126 3466 3203 ἐυ-

232 3210 437 3272 perest,
473 3208 884 3272 enumerantur.
924 3198 1344 3272 III._Agitur;ile
1381 3198 1671 3272 exegeticis
1710 3198 1840 3271 quae
1869 3198 2157 3272 supersunt
2181 3242 2196 3262 ,
2236 3198 2411 3270 deque
2449 3200 2678 3272 vetustis
2724 3201 2962 3272 ipsorum
2999 3199 3462 3272 interpretationi-

233 3265 461 3388 ίὲιΐῗῐὲζί
494 3267 811 3335 Disputatur
843 3268 909 3324 de
940 3265 1187 3340 Origeiiis
1229 3265 1523 3340 Teiraplis',
1562 3265 1818 3342 llexapiis
1844 3308 1861 3334 .
1891 3265 1948 3328 ei
1975 3272 2211 3342 Octaplis
2256 3265 2430 3341 deque
2455 3271 2681 3341 vulgata
2733 3265 2966 3326 editione
2993 3265 3341 3340 Septuaginta
3376 3270 3464 3325 Iu-

461 3354 535 3388 HL

251 3347 535 3404 erpretum.

267 3640 411 3682 VABIA
449 3643 894 3685 ORIGENIANORUM
930 3646 1338 3688 EXEGBTiCORUM
1377 3647 1585 3688 GBNEBA
1627 3649 1759 3688 PER-

845 3717 1168 3755 CENSENTUR.

234 3762 281 3819 ἱ.
309 3765 638 3834 Scriptura»:
679 3771 1186 3844 sacram‘Ambrosii
1219 3783 1404 3840 rogatu
1432 3772 1678 3844 Origenes
1709 3771 1794 3825 in-

295 3847 606 3911 terpretatus
647 3853 739 3893 est.
772 3839 1128 3906 Confutantur
1157 3839 1413 3907 nonnulli,
1450 3839 1547 3910 qui
1568 3844 1794 3911 primum

298 3904 588 3980 §crinturw
625 3926 791 3980 sacra:
819 3904 1144 3972 interpretem
1183 3913 1351 3977 ipsum
1391 3904 1787 3980 fuisse-volunt.

295 3975 354 4047 Il.
381 3976 704 4030 Dividuntnr
739 3977 977 4046 Origenis
1004 3975 1262 4047 exegelica
1296 3983 1348 4033 in
1375 3975 1594 4045 scholia,
1619 3981 1789 4034 Itami-

292 4045 386 4118 lias
425 4057 474 4099 ct
516 4058 716 4112 tomos;
758 4045 847 4100 Ill.
885 4052 951 4118 de,
985 4045 1168 4115 quilitts
1209 4050 1476 4117 sigillatint
1511 4053 1787 4118 qnwritnr.

295 4112 379 4168 IV.
422 4118 562 4187 Quid
603 4122 705 4169 sint
746 4112 1095 4184 σημειώσλετς
1133 4112 1450 4182 disputatur.
1481 4112 1540 4176 γ’.
1582 4121 1792 4187 Ἑρμη-

290 4186 528 4240 νευτικὰ
545 4202 672 4258 pars
718 4187 1111 4258 ’Eifinjnttxgbr
1156 4189 1416 4256 Epistolas
1446 4189 1578 4242 inter
1605 4186 1789 4258 synta-

292 4270 464 4322 ymata
507 4257 845 4309 collocamus.
887 4257 968 4310 VI.
1007 4257 1258 4326 Origenes
1306 4257 1645 4322 historicum,
1677 4275 1790 4328 my-

297 4333 482 4382 uicum
512 4337 561 4380 et
610 4327 862 4396 moralem
901 4343 1107 4380 sensum
1144 4331 1458 4396 perscrutari
1490 4328 1636 4381 solet.
1680 4328 1788 4381 VII.

291 4399 396 4452 Cur
433 4398 604 4449 minor
627 4396 682 4447 in
723 4394 867 4448 Novo
897 4413 1052 4465 quant
1084 4394 1151 4450 in
1175 4396 1339 4450 Veteri
1369 4395 1694 4451 Testamento
1724 4399 1788 4451 ab

289 4466 564 4524 Ambrosio
595 4467 770 4519 dictus
794 4467 880 4533 sit,
922 4469 1274 4536 investigatur.

307 4557 348 4613 l.
413 4557 720 4624 Antequam
803 4556 952 4608 varia
1013 4555 1459 4624 Origenianorum
1529 4556 1786 4628 ἐξηγητι-

221 4650 329 4704 κῶν
364 4663 566 4721 genera
605 4660 976 4716 percenseam,
1018 4657 1336 4702 revocentur
1381 4648 1435 4704 in
1476 4650 1788 4703 memoriam

219 4754 335 4813 qua:
360 4756 524 4810 supra
552 4751 733 4794 notata
761 4749 906 4803 sunt,
929 4741 994 4793 ad
1027 4741 1462 4809 interpretandos
1493 4740 1788 4810 Scriptura:

221 4847 386 4887 sacra:
430 4831 631 4894 libros,
657 4829 931 4884 Ambrosii
963 4829 1222 4894 consiliis,
1258 4831 1578 4884 auctoritate
1608 4840 1663 4884 et
1703 4847 1790 4885 ro-

1822 3567 1866 3628 C
1967 3558 2334 3618 Coul'utandus
2367 3557 2558 3614 deinde
2583 3555 2730 3612 venit
2754 3554 3133 3611 nonnullorum
3165 3569 3336 3621 error,
3368 3557 3461 3626 qui

1895 3654 2126 3725 primum
2157 3651 2443 3720 Origenem
2489 3649 2800 3718 Scripturas
2841 3647 3029 3732 fuisse.
3052 3648 3461 3718 interpretatum

1894 3744 2092 3800 litteris
2121 3742 2495 3812 prodiderunt.
2521 3739 2576 3794 In
2599 3741 2684 3794 his
2705 3741 2893 3794 beatus
2920 3739 3211 3794 Rhenanus
3237 3742 3303 3793 ad
3329 3739 3460 3794 Her-

1895 3851 2150 3890 mannum
2196 3833 2659 3910 archiepiscopum
2693 3830 3068 3886 Coloniensem
3122 3832 3195 3887 ita
3228 3833 3294 3886 de
3339 3832 3461 3886 Ori-

1895 3942 2030 3998 gene
2059 3927 2275 3982 disserit
2300 3944 2312 3980 :
2352 3943 2370 3976 ‹
2408 3925 2616 3993 Quippe
2647 3923 2740 3977 hic
2769 3923 3032 3991 scriptor,
3059 3937 3184 3978 eum
3211 3924 3350 3991 quod
3382 3924 3465 3976 in-

1892 4019 2050 4087 genio
2084 4016 2573 4087 perspicacissimo,
2604 4022 2658 4068 et
2697 4013 2916 4082 optimis
2963 4013 3262 4082 disciplinis
3287 4014 3461 4067 omni-

1891 4108 2086 4162 fariam
2129 4105 2344 4160 exculto
2397 4104 2654 4174 praeditus
2709 4103 2841 4166 fuit,
2873 4111 2983 4155 tum
3026 4103 3167 4170 quod
3218 4103 3460 4172 improbo

1890 4190 2066 4253 studio
2093 4197 2265 4252 sacris
2298 4195 2658 4250 monumentis
2690 4193 2986 4263 invigilavit
3007 4233 3021 4256 ,
3056 4194 3261 4262 primus
3304 4186 3462 4263 quasi

1889 4289 2112 4357 glaciem
2161 4288 2322 4342 scidit
2374 4287 2528 4356 juxta
2585 4285 2970 4355 proverbium,
3017 4285 3069 4338 iu
3143 4287 3464 4340 enarrandis

1891 4380 2188 4448 Seripturis
2218 4378 2435 4432 divinis.
2469 4377 2600 4443 Quae
2619 4391 2744 4431 vera
2783 4377 2915 4438 laus,
2947 4392 3219 4446 quamque
3246 4380 3460 4445 copiosa

1891 4471 2154 4524 debeatur
2183 4469 2371 4537 primis
2392 4469 2692 4537 quibusque
2718 4484 2896 4522 rerum
2923 4467 3249 4536 optimarum
3278 4478 3466 4523 aucto-

1892 4562 2074 4626 ribus,
2111 4561 2310 4614 nemini
2347 4560 2656 4630 ambiguum
2691 4569 2794 4615 est.
2833 4579 2852 4612 ι
2890 4559 2953 4612 Ει
2984 4558 3169 4613 Sixtus
3211 4560 3467 4614 Senensis

1893 4651 1984 4707 lib.
2032 4666 2084 4704 iv
2125 4649 2377 4704 Biblioth.
2440 4650 2643 4719 quisic
2673 4649 2785 4704 ait:
2827 4667 2846 4700 «
2880 4648 2973 4704 llis
3007 4649 3272 4704 similibus
3317 4649 3467 4703 excio

1894 4741 2206 4796 tatiunculis
2240 4740 2437 4807 ubique
2471 4742 2544 4794 uti
2588 4740 2789 4804 voluit,
2837 4748 2997 4807 prout
3033 4740 3259 4793 decebat
3291 4738 3463 4791 homi-

1896 4847 2014 4884 nem
2062 4846 2197 4899 pene
2245 4829 2650 4896 αὐτοδίδακτον,
2695 4841 2750 4884 et
2795 4829 2886 4897 qui
2933 4829 3138 4897 primus
3181 4834 3495 4896 aggressus”

221 4930 340 4989 gatu
369 4919 659 4990 Origenem
693 4921 858 4974 fuisse
884 4919 1191 4986 impulsum,
1228 4928 1282 4972 et
1316 4922 1470 4986 quasi
1515 4920 1785 4984 adactum,
1823 4903 1865 4956 D
1895 4931 2036 4975 esset
2063 4921 2494 4988 explanationem
2526 4920 2764 4972 oumium
2805 4919 3110 4971 divinarum
3154 4917 3460 4986 Scriptura-

220 5023 276 5064 ut
304 5011 474 5066 amice
507 5011 576 5066 ab
607 5026 672 5065 eo
705 5011 818 5079 ipse
846 5007 1146 5076 expostulat
1184 5008 1238 5061 iu
1272 5008 1684 5062 Commentariis
1718 5011 1787 5061 ad

220 5102 404 5169 psalm.
426 5118 464 5165 ι,
487 5117 634 5156 num.
653 5101 707 5167 2,
730 5116 781 5170 p.
801 5099 902 5154 596
922 5100 1057 5169 (57),
1075 5106 1127 5154 et
1147 5098 1268 5152 utin
1288 5098 1518 5166 quadam
1537 5098 1784 5167 cpistola,

219 5208 376 5260 quam
403 5193 662 5247 exhibent
691 5191 965 5247 Cedrenus
995 5198 1050 5245 et
1087 5189 1302 5253 Suidas,
1331 5189 1521 5243 leviter
1547 5203 1784 5257 conque-

219 5287 370 5349 ritur,
401 5286 514 5356 (56)
543 5297 597 5339 et
628 5295 686 5339 ut
715 5286 828 5353 ipse
859 5285 1048 5338 scribit
1080 5283 1398 5337 Ambrosius
1445 5283 1497 5336 iu
1543 5283 1774 5351 epiStola

217 5376 283 5428 ad
315 5375 628 5446 Origenem,
659 5393 816 5442 quam
850 5374 1014 5430 refert
1071 5375 1426 5445 Hieronymus
1467 5375 1520 5428 in
1554 5375 1781 5444 epistola

217 5465 304 5535 18,
341 5470 407 5521 ail
431 5467 768 5522 Marcellam.

289 5610 394 5682 (56)
426 5614 493 5664 Et
529 5619 584 5660 ut
621 5608 730 5674 ipse
767 5606 1277 5682 scribit__Anibrosius
1321 5605 1372 5657 in
1420 5602 1665 5682 Epistola
1711 5604 1780 5656 ad

219 5674 513 5750 Origenem,
535 5694 696 5750 quam
720 5677 873 5750 refert
901 5674 1390 5750 Hieronymumetc.
1419 5675 1780 5743 Hieronymus

218 5753 269 5805 in
297 5746 397 5804 liae
433 5751 501 5801 ad
550 5747 854 5799 Marcellam
885 5747 1105 5814 cpistola
1141 5746 1222 5799 I8.
1255 5746 1537 5812 (incertum
1565 5759 1630 5814 an
1669 5758 1781 5795 mo-

218 5823 396 5876 moria:
427 5821 631 5884 lapsu),
660 5813 941 5870 Ambrosio
971 5816 1154 5870 tribuit
1193 5817 1359 5884 ipsam
1393 5813 1638 5880 Origeuis
1662 5813 1777 5880 epi-

1895 5028 2033 5076 rum,
2067 5011 2298 5064 nondum
2347 5009 2414 5062 ob
2450 5010 2722 5078 ingentem
2771 5023 2954 5063 earum
3002 5007 3364 5062 diﬂicultatem
3394 5007 3463 5063 ab
3491 5042 3504 5050 -

1893 5103 2073 5171 aliquo
2099 5109 2438 5155 attentatam.
2483 5121 2502 5151 υ
2538 5101 2604 5154 Et
2628 5099 3006 5154 Gencbrardus
3038 5099 3088 5152 in
3117 5099 3358 5168 Epistola
3391 5101 3460 5154 ad

1891 5192 2142 5246 Carolum
2184 5190 2278 5255 IX,
2314 5190 2466 5256 cujus
2510 5191 2624 5244 [nec
2653 5193 2814 5245 verba
2867 5200 2991 5245 sunt
3028 5207 3042 5242 :
3097 5208 3115 5240 c
3159 5188 3462 5260 Theologiae

1891 5283 2300 5352 liquidissimum
2335 5281 2496 5335 veluti
2546 5280 2924 5350 scaturiginem
2975 5281 3202 5348 aperuit,
3235 5292 3288 5336 et
3334 5297 3456 5335 cum

1893 5374 2031 5442 frugi
2081 5372 2168 5426 illo
2200 5371 2501 5425 Salomonis
2535 5372 2648 5424 viro
2697 5370 2956 5424 derivavit
3002 5371 3182 5426 fontes
3212 5387 3338 5426 suos
3372 5372 3456 5426 fo-

1897 5482 2005 5519 ras.
2043 5485 2062 5516 i
2095 5463 2231 5516 Tum
2284 5464 2513 5516 deinde:
2573 5480 2591 5512 ι
2628 5462 2692 5516 Et
2738 5477 2867 5516 sane
2912 5462 3180 5528 omnium,
3225 5478 3454 5532 quorum

1891 5603 2106 5663 stolam,
2143 5615 2300 5669 quam
2333 5601 2590 5654 exhibent
2624 5603 2895 5656 Cedrenus
2923 5610 2976 5654 et
3007 5601 3222 5665 Suidas,
3261 5617 3455 5670 quam-

1889 5689 1992 5742 que
2038 5683 2182 5725 temo
2213 5681 2410 5742 nostra:
2438 5672 2689 5725 editionis
2721 5688 2756 5731 I,
2796 5687 2847 5740 ι).
2884 5673 2950 5737 5,
2983 5683 3240 5740 tanquam
3268 5674 3456 5742 genui»

1889 5739 2013 5798 tiam
2052 5742 2215 5809 ipsius
2241 5739 2489 5805 Origeuis
2530 5739 2818 5795 edidimus.

1959 5808 2080 5882 (57)
2104 5808 2237 5865 Vide
2265 5821 2460 5866 nostra:
2489 5813 2758 5878 editionis,
2789 5824 2916 5868 tom.
2949 5811 2986 5878 I,
3015 5827 3133 5884 pag.
3165 5814 3218 5868 3.
