3926 6520
472 382 590 447 ιιθι

1725 390 1788 448 Ρ.
1834 384 2150 454 DANIELIS
2186 397 2425 458 HUETII

3567 404 3710 460 H92

469 485 678 586 quidem
704 503 758 567 in
783 503 962 568 divina
992 512 1190 580 scripta
1238 511 1607 566 commentarii
1654 523 1886 580 exstent,
1937 516 2037 574 fuit
2063 527 2112 584 Α
2139 523 2224 580 liis
2263 524 2578 581 obscuriora
2630 532 2860 596 qumque
2906 523 3231 590 illustravit;
3280 522 3364 578 vel
3411 518 3479 578 ad
3529 523 3709 592 populi

467 606 894 678 antiquissimus.
929 621 949 657 ι
999 604 1148 658 Itane
1193 603 1360 658 vero?
1406 605 1751 674 antiquiorne
1784 609 2031 678 Philone,

466 699 554 765 qui
607 707 685 753 tot
721 695 937 763 scriptis
979 695 1247 765 hodieque
1289 697 1676 765 superstitibus
1727 699 2037 771 Scripturas

463 793 648 834 sacras
691 779 1003 848 explanavit
1039 778 1063 832 ἳ
1111 779 1454 848 antiquiorne
1499 780 1796 852 Theophilo
1839 785 2036 840 Antio-

461 870 654 936 cbeno,
675 867 830 940 cujus
857 879 1075 925 exstant
1094 871 1484 926 commentaria
1512 872 1566 926 in
1609 884 1840 943 quatuor
1859 874 2037 932 Evan-

460 961 646 1033 gelia?
678 962 1016 1018 Vetustiores
1047 975 1262 1033 quoque
1290 963 1510 1020 luerunt
1543 965 1633 1020 illo
1669 966 1851 1023 Melita
1879 970 2037 1024 Asia-

461 1068 586 1117 nus,
615 1053 706 1123 qui
753 1053 948 1108 librum
977 1055 1270 1123 scripserat
1305 1055 1380 1121 de
1412 1056 1729 1129 Apocalypsi
1770 1058 2033 1127 Joannis;

457 1155 514 1202 et
548 1147 798 1211 Rhodon,
824 1156 879 1201 et
905 1145 1196 1212 Candidus,
1224 1157 1279 1203 et
1304 1149 1535 1220 Appian,
1563 1150 1656 1220 qui
1690 1160 1952 1208 tractatus
1981 1153 2033 1208 in

459 1236 829 1292 Hexaemeron
873 1237 1142 1310 sigillatim
1171 1250 1624 1309 composuerunt;
1654 1251 1708 1296 et
1727 1241 1916 1308 Judas,
1942 1244 2034 1314 qui

459 1332 526 1386 de
576 1331 916 1401 septuaginta
962 1331 1101 1400 apud
1132 1332 1406 1387 Danielem
1444 1334 1867 1389 hebdomadibus
1899 1336 2037 1391 scri-

456 1425 583 1494 psit.
614 1423 798 1494 itaque
838 1424 1160 1480 Ambrosius
1198 1424 1266 1479 ad
1312 1424 1454 1495 psal.
1484 1440 1672 1492 cxvm,
1716 1427 1810 1494 28,
1845 1425 2035 1497 Orige-

458 1528 581 1569 nem
627 1515 702 1568 ait
741 1532 759 1566 ι
796 1515 1083 1569 multorum
1132 1515 1609 1584 interpretationes
1653 1517 1891 1587 diligenti
1921 1520 2033 1573 dis-

453 1606 694 1662 cussisse
723 1606 1009 1675 indagine:
1047 1625 1064 1658 ι
1098 1620 1235 1674 quos
1261 1615 1316 1660 et
1344 1621 1486 1674 saepe
1517 1609 1708 1663 citatos
1739 1611 1880 1676 apud
1907 1624 2032 1664 eum

460 1697 735 1766 reperias:
771 1697 916 1752 velut
966 1699 1154 1756 homil.
1183 1699 1250 1754 15
1302 1699 1357 1751 in
1407 1696 1620 1763 Genes.,
1668 1715 1816 1754 num.
1866 1699 1918 1766 7,
1947 1702 2034 1755 ubi

459 1787 536 1840 ait
572 1805 586 1841 :
626 1804 646 1838 ι
685 1787 836 1842 Nunc
879 1790 1095 1843 interim
1127 1805 1233 1844 non
1269 1789 1543 1844 videbitur
1580 1789 1783 1858 absque
1828 1793 2036 1846 ratione

2134 629 2352 689 captum
2387 634 2506 675 sese
2539 621 2788 686 demisit,
2819 627 2878 676 et
2909 619 3144 674 selectas
3172 619 3435 689 quasdam
3464 617 3714 684 Scriptu—

2135 723 2211 764 rat
2237 711 2522 780 pericopas
2552 711 2728 767 minus
2751 720 3007 767 accurate
3041 726 3136 781 per
3160 711 3412 766 bomilias
3431 712 3710 786 exposuit.

2136 799 2494 873 Hieronymus
2535 802 2589 857 in
2625 802 2850 873 Prologo
2884 817 2995 858 sua:
3023 803 3493 873 interpretationis
3537 803 3712 856 homi-

2135 895 2348 960 liarum,
2370 910 2505 964 quas
2529 897 2582 951 in
2608 896 2938 952 Ezechielem
2960 895 3216 968 Origenes
3240 896 3467 951 habuit:
3505 913 3526 947 ‹
3557 895 3711 962 Illud,

2137 986 2327 1057 inquit,
2360 988 2595 1045 breviter
2643 992 2959 1055 admonens,
2991 999 3049 1045 ut
3100 991 3242 1045 scias
3294 988 3551 1060 Origenis
3583 1003 3714 1056 opu-

2135 1077 2281 1132 scula
2314 1077 2366 1131 in
2396 1091 2611 1133 omnem
2646 1079 2986 1148 Scripturam
3019 1095 3139 1136 esse
3182 1080 3435 1150 triplicia.
3472 1077 3712 1133 Primum

2134 1165 2249 1234 eius
2295 1176 2569 1238 excerpta,
2597 1183 2717 1236 qua:
2752 1167 2940 1224 Graece
2982 1167 3169 1238 σχόλια
3203 1176 3626 1236 nuncupantur,
3659 1166 3711 1222 in

2135 1257 2332 1326 quibus
2368 1273 2432 1312 ea
2461 1273 2580 1328 quas
2612 1259 2710 1313 sibi
2755 1260 3077 1314 videbantur
3121 1259 3350 1314 obscura
3405 1266 3573 1325 atque
3621 1258 3716 1310 ha-

2137 1347 2265 1403 bere
2315 1348 2518 1419 aliquid
2567 1349 2939 1416 dilllcultatis,
2988 1350 3321 1412 summatim,
3367 1349 3713 1418 breviterque

2138 1440 2469 1509 perstrinxit.
2502 1439 2813 1495 Secundum
2859 1441 3246 1497 bomiliaticum
3275 1455 3486 1509 genus,
3520 1441 3587 1493 de
3613 1455 3715 1508 quo

2063 1577 2070 1586 .
2137 1539 2190 1585 et
2217 1545 2456 1600 przesens
2481 1531 2858 1600 interpretatio
2885 1529 3002 1599 ejus
3029 1540 3131 1587 est.
3158 1531 3404 1585 Tertium
3433 1529 3576 1598 quod
3608 1530 3715 1598 ipse

2138 1621 2414 1692 inseripsit
2441 1621 2673 1694 τόμους,
2707 1637 2806 1678 nos
2840 1621 3110 1677 volumina
3164 1636 3459 1692 possumus
3516 1636 3716 1674 nuncu-

2138 1729 2289 1785 pare,
2326 1714 2380 1769 in
2410 1730 2518 1785 quo
2547 1729 2714 1785 opere
2745 1723 2853 1770 tota
2884 1714 3084 1785 ingenii
3118 1714 3200 1769 sui
3233 1713 3349 1769 vela
3382 1711 3716 1782 spirantibus

2139 1806 2312 1860 ventis
2339 1806 2519 1872 dedit,
2568 1816 2623 1861 et
2656 1806 2914 1862 recedens
2957 1822 2983 1859 a
3026 1815 3166 1861 terra
3207 1805 3261 1860 in
3300 1805 3541 1858 medium
3578 1804 3720 1872 pela-

453 1878 588 1944 (Ῐίοίν
634 1880 780 1950 (ιυοά
829 1889 885 1935 ει
934 1881 1209 1951 βτῖοτίυιιε
1258 1882 1460 1938 ηοειτίε
1505 1883 1825 1950 (Ιυίῒιιιεάθηὶ
1861 1885 2031 1938 νῖειιηι
2068 1868 2108 1926 Β
2138 1910 2239 1966 gus
2285 1868 2514 1967 aufugit.
2546 1915 2566 1950 ι
2599 1896 2825 1952 Ruﬁnus
2872 1898 2926 1952 in
2968 1895 3196 1967 Prologo
3248 1868 3718 1964 interpretationis

455 1980 574 2036 est,
625 1973 962 2042 prophetiam
1007 1973 1297 2042 quamdam
1355 1974 1408 2027 in
1458 1973 1560 2028 hoc
1591 1974 1925 2044 designatam
1957 1975 2036 2028 vi-

454 2061 592 2118 deri.
631 2083 650 2116 s
703 2064 769 2118 Et
815 2064 1003 2119 homil.
1047 2065 1189 2119 13in
1225 2065 1588 2130 Ezod.,num.
1623 2062 1656 2120 5
1690 2083 1703 2119 :
1745 2083 1763 2116 ι
1797 2065 2035 2121 Arietem

452 2155 620 2210 etiam
651 2164 777 2210 ante
814 2170 911 2210 nos
945 2156 1167 2225 quidam
1201 2169 1301 2228 pro
1333 2155 1515 2210 furore
1554 2165 1870 2225 posuerunt.
1907 2175 1927 2208 ι
1973 2156 2038 2212 Et

457 2244 643 2300 homil.
675 2244 708 2299 8
752 2247 808 2298 in
836 2244 1025 2312 Levit.,
1065 2261 1214 2300 num.
1243 2246 1312 2300 6:
1339 2264 1359 2298 t
1391 2247 1467 2302 De
1497 2248 1596 2302 hoc
1627 2247 1845 2317 quidam
1874 2249 2037 2302 etiam

456 2347 585 2394 ante
629 2351 715 2392 me
749 2341 1020 2394 dixerunt.
1054 2357 1073 2392 ι
1113 2339 1176 2394 Et
1216 2340 1404 2394 homil.
1440 2340 1474 2395 9
1503 2342 1556 2394 in
1575 2339 1762 2406 Num.,
1800 2358 1952 2397 num.
1981 2343 2036 2398 5:

461 2448 482 2483 ι
523 2431 750 2498 Quidam
800 2441 978 2486 tamen
1033 2446 1097 2486 ex
1149 2432 1213 2485 iis
1259 2431 1350 2500 qui
1385 2441 1512 2486 ante
1557 2447 1658 2487 nos
1699 2435 2035 2502 interpretati

456 2533 584 2578 sunt
625 2523 803 2578 locum
838 2525 982 2578 hunc
1008 2562 1024 2588 ,
1061 2523 1280 2577 memini
1321 2523 1463 2592 quod
1515 2535 1758 2578 mortuos
1785 2524 2041 2579 dixerunt

459 2629 577 2678 eos,
609 2615 702 2684 qui
735 2615 1013 2669 nimietate
1061 2615 1328 2670 scelerum
1379 2616 1430 2670 in
1471 2617 1708 2685 peccatis
1737 2617 1936 2670 mortui
1965 2617 2041 2670 in-

459 2706 792 2777 telliguntur.
815 2726 832 2759 ι
856 2706 920 2760 Et
953 2707 1135 2761 homil.
1161 2707 1229 2760 26
1273 2722 1409 2778 seq.,
1449 2724 1597 2763 num.
1629 2708 1663 2761 4
1695 2722 1709 2759 :
1741 2727 1760 2761 t
1801 2709 2038 2764 Exeundi

459 2797 526 2854 de
549 2797 784 2870 Egypto
813 2798 1038 2868 ﬁguram
1072 2801 1286 2854 duobus
1317 2800 1489 2856 modis
1534 2801 1740 2872 accipi,
1775 2817 1803 2854 a
1840 2803 2040 2873 priori-

459 2892 560 2945 bus
586 2891 787 2945 nostris
809 2929 825 2957 ,
861 2901 915 2945 et
943 2906 970 2944 a
1023 2891 1178 2945 nobis
1221 2906 1365 2962 stepe
1403 2891 1516 2962 jam
1550 2894 1750 2948 dictum
1779 2905 1882 2949 est.
1921 2913 1940 2947 ι
1975 2895 2040 2950 Et

462 2983 647 3038 homil.
679 2983 712 3038 8
744 2984 800 3036 in
827 2983 1032 3048 Judic.,
1066 2999 1213 3036 num.
1249 2983 1283 3037 4
1319 3002 1333 3037 :
1379 3002 1398 3035 ι
1423 2983 1635 3039 Memini
1661 2987 1824 3040 etiam
1854 3001 2040 3057 quem-

457 3074 580 3129 dam
607 3089 674 3129 ex
701 3075 1190 3144 prmdecessoribus
1227 3077 1430 3130 nostris
1466 3077 1518 3130 in
1565 3076 1758 3131 libellis
1790 3081 1902 3132 suis
1936 3080 2039 3133 vel-

461 3182 544 3243 lus
595 3166 730 3222 lana:
783 3166 1034 3236 populum
1086 3167 1290 3222 dixisse
1342 3165 1525 3225 Israel.
1565 3187 1583 3221 ι
1641 3169 1706 3223 Ει
1753 3170 1934 3225 homil.
1973 3172 2034 3227 11

460 3262 515 3313 in
539 3258 920 3324 Jerem...num.
951 3259 1006 3320 ‘2.
1034 3258 1208 3314 ταῦτα
1238 3261 1295 3314 δὲ
1328 3263 1420 3314 καὶ
1453 3262 1559 3332 πρὸ
1583 3262 1742 3334 ἡμῶν
1765 3263 2045 3337 mmem-

458 3351 716 3426 γήσσιντο.
748 3352 811 3406 Et
846 3353 1031 3409 homil.
1064 3353 1150 3416 H,
1185 3369 1302 3422 seq.
1335 3370 1484 3408 num.
1519 3355 1552 3408 5
1573 3395 1587 3418 ,
1630 3356 1738 3410 τῶν
1771 3357 1876 3428 πρὸ
1906 3359 2041 3429 ἐμοῦ

457 3443 516 3497 δέ
570 3462 654 3508 τις
708 3442 936 3497 ἐπέϐαλε
974 3444 1052 3514 τῷ
1101 3444 1270 3514 τόπῳ.
1324 3445 1389 3498 Ει
1440 3457 1569 3500 tom.
1636 3463 1668 3501 Χ
1716 3450 1772 3503 in
1821 3449 2040 3513 Matth.,

460 3552 609 3590 num.
668 3537 774 3600 29.,
836 3553 956 3605 pag.
1016 3536 1162 3601 ιιι,
1221 3538 1455 3609 ἐτήρησε
1502 3539 1601 3610 μὲν
1655 3535 1747 3594 οὖν
1807 3558 1890 3605 τις
1936 3543 2043 3614 πρὸ

460 3625 636 3698 ἡμῶν.
667 3627 732 3680 Ει
762 3627 960 3696 passim
990 3627 1042 3680 in
1073 3626 1477 3684 Commentariis
1505 3632 1561 3684 in
1590 3631 1851 3692 Joannem
1879 3634 2043 3691 Hera-

461 3720 709 3774 cleonetn
739 3721 1076 3783 baereticum,
1111 3721 1267 3787 hujus
1295 3722 1640 3792 evangelista:
1687 3725 2037 3794 interpretem

465 3813 786 3868 insectatur.
819 3813 920 3878 Qui
960 3827 1088 3882 ergo
1136 3814 1258 3867 aliis
1309 3814 1374 3867 ad
1423 3813 1733 3885 Scripturas
1778 3818 2042 3886 interpre-

464 3904 654 3960 tandas
692 3904 952 3974 Origenes
985 3906 1126 3958 viam
1158 3907 1437 3975 praeit-isse
1469 3909 1577 3963 dici
1613 3909 1826 3978 potest?
1853 3911 1924 3965 At
1947 3925 2042 3966 ex-

463 3998 643 4052 cusari
706 4007 883 4066 potest
936 3999 1079 4068 quod
1130 3999 1207 4053 ait
1256 3998 1442 4055 Sixtus
1495 3999 1754 4056 Senensis
1807 4001 1930 4057 libr.
1987 4016 2041 4056 tv

461 4089 713 4144 Biblioth.
736 4103 755 4142 :
780 4108 799 4142 ι
845 4089 940 4144 His
973 4090 1241 4145 similibus
1269 4091 1708 4146 excitatiunculis
1735 4091 1935 4160 ubique
1962 4093 2037 4144 uti

463 4183 666 4247 voluit,
726 4192 887 4254 prout
949 4183 1174 4238 decebat
1233 4183 1506 4238 hominem
1569 4198 1706 4254 pene
1761 4181 2039 4236 αὐτοδίδα-

463 4291 616 4339 κτον,
643 4284 698 4329 et
731 4276 821 4344 qui
851 4274 1058 4346 primus
1087 4290 1375 4346 aggressus
1421 4286 1570 4332 esset
1598 4275 2036 4346 explanationem

463 4367 701 4422 omnium
729 4367 1035 4422 divinarum
1070 4367 1521 4436 Scripturarum,
1563 4370 1798 4422 nondum
1844 4370 1913 4423 ob
1957 4369 2036 4422 in-

463 4469 676 4530 gentem
705 4475 894 4514 earum
926 4458 1298 4515 dillicultatem
1325 4460 1394 4515 ab
1426 4461 1609 4529 aliquo
1635 4470 1976 4514 attentatam.
2012 4476 2032 4512 ι

2139 2001 2250 2042 ειη»
2276 1988 2794 2044 Commentariorum
2825 1987 3074 2060 Origenis
3121 1988 3178 2042 in
3222 1984 3491 2040 Numeros
3514 2028 3529 2051 ,
3561 1999 3721 2055 quem

2141 2081 2274 2136 mibi
2349 2081 2475 2136 olim
2539 2081 2817 2152 Blgotiana
2897 2079 3223 2136 bibliotheca
3294 2078 3717 2149 suppeditavit:

2146 2193 2166 2227 ι
2203 2175 2544 2244 Qumcnnqne
2570 2177 2624 2228 in
2660 2174 3016 2228 Numerorum
3056 2171 3216 2236 libro,
3241 2173 3361 2226 sive
3387 2170 3718 2226 homiliatico

2141 2261 2316 2339 stilo,
2353 2267 2466 2322 sive
2494 2268 2658 2322 etiam
2689 2283 2757 2322 ex
2791 2267 2874 2321 his
2900 2279 3019 2334 qua:
3059 2274 3316 2334 excerpta
3361 2262 3718 2332 appellantur,

2141 2361 2340 2431 scripta
2370 2361 2689 2430 reperimus,
2727 2362 2842 2416 haec
2891 2369 3220 2430 perurgente
3259 2367 3335 2424 te,
3373 2356 3617 2410 Romana
3665 2364 3722 2410 ut

2140 2453 2578 2524 potuimusvoce
2606 2468 2673 2507 ex
2704 2451 2934 2508 diversis
2973 2452 3026 2507 in
3059 2465 3222 2505 unum
3267 2449 3518 2502 ordinem
3567 2447 3721 2501 colle-

2141 2550 2226 2598 cta
2273 2541 2611 2610 digessimus.
2649 2561 2668 2595 ι
2701 2540 2768 2596 Ει
2807 2541 2966 2610 paulo
2994 2551 3152 2609 post:
3191 2557 3211 2592 ‹
3253 2538 3414 2593 Scire
3458 2549 3635 2591 tamen
3673 2547 3721 2592 te

2142 2633 2282 2700 volo,
2328 2633 2516 2700 frater,
2563 2633 2704 2702 quod
2754 2633 2869 2688 haec
2899 2631 3071 2701 {lectio
3096 2631 3210 2685 vias
3244 2631 3469 2700 quidem
3520 2628 3721 2696 aperiat

2142 2724 2534 2794 intelligentiae,
2559 2740 2664 2780 non
2693 2736 2871 2779 tamen
2901 2723 3176 2790 sigillatim
3208 2729 3405 2777 cuncta
3441 2735 3567 2790 qua:
3592 2720 3722 2774 scri-

2145 2824 2233 2886 pta
2261 2825 2386 2869 sunt
2416 2815 2660 2876 disserat,
2695 2824 2757 2868 ut
2787 2814 2838 2866 in
2869 2811 3292 2882 explicationum
3326 2810 3483 2864 libris
3513 2809 3718 2879 legisti:

2143 2923 2250 2979 quo
2283 2907 2491 2962 scilicet
2515 2907 2681 2960 etiam
2728 2905 2894 2959 lector
2938 2919 3043 2958 non
3080 2902 3338 2956 reddatur
3365 2901 3596 2959 otiosus,
3630 2901 3720 2954 sed

2141 3006 2458 3069 pung‘atcor
2483 3011 2639 3050 suum
2670 2994 2740 3060 ³⁸,
2768 2996 2903 3050 sicut
2933 2995 3188 3062 scriptum
3220 3001 3340 3055 est,
3366 3002 3421 3045 et
3464 2992 3723 3061 producat

2143 3107 2381 3155 sensum,
2416 3101 2470 3146 et
2517 3091 2702 3146 audito
2750 3089 2915 3144 verbo
2945 3089 3108 3153 bono,
3142 3095 3203 3140 ut
3254 3087 3475 3156 sapiens
3512 3086 3725 3156 adjiciat

2149 3181 2215 3236 ad
2245 3181 2371 3235 illud
2401 3181 2464 3234 ’9.
2506 3200 2526 3234 ι
3531 3177 3538 3182 ’

2219 3271 2304 3326 lli.
2336 3271 2548 3326 Scholia
2587 3272 2780 3325 breves
2808 3279 2963 3323 erant
2994 3278 3134 3324 nota:
3159 3269 3465 3324 enodandis
3496 3268 3623 3322 locis
3654 3268 3725 3321 in-

2149 3363 2540 3426 tricatioribns,
2575 3371 2629 3416 et
2679 3359 3104 3415 abstrusioribus
3148 3361 3405 3414 sensibus
3451 3359 3718 3421 eruendis,

2145 3454 2332 3524 quales
2356 3454 2616 3508 habemus
2639 3453 2690 3508 in
2711 3467 2904 3506 omnes
2931 3453 3045 3506 fere
3070 3452 3290 3507 (ἕτερος
3320 3463 3530 3522 poetas.
3595 3453 3722 3506 Era-

2144 3560 2294 3599 smus
2342 3545 2418 3598 De
2454 3543 2622 3598 doetr.
2660 3553 2709 3597 et
2757 3543 2851 3598 lib.
2907 3543 3120 3614 Origen.
3155 3543 3335 3599 Otiola
3385 3546 3534 3600 reddi
3556 3545 3722 3615 jubet.

2145 3636 2331 3690 Sixtus
2354 3635 2611 3688 Senensis
2652 3633 2743 3688 lib.
2781 3648 2835 3688 tv
2861 3632 3001 3687 Bibl.
3035 3637 3291 3704 exponit:
3331 3654 3351 3686 ι
3385 3636 3722 3702 Vacationes,

2143 3728 2256 3782 sive
2280 3727 2410 3789 Otia,
2444 3727 2560 3781 sive
2608 3741 2703 3795 Per
2741 3728 2913 3780 otium
2945 3739 3202 3796 excerpta
3229 3768 3244 3792 ,
3285 3729 3488 3798 quibus
3521 3731 3722 3798 quoties

2143 3819 2209 3873 ad
2241 3819 2451 3889 plenam
2481 3817 2995 3873 connuentatimtem
3031 3819 3200 3873 otium
3239 3821 3480 3885 deesset,
3511 3837 3573 3875 ea
3607 3833 3723 3875 tan-

2143 3919 2255 3966 tum
2281 3927 2400 3981 qua:
2441 3909 2545 3964 sibi
2577 3910 2899 3965 videbantur
2927 3912 3185 3975 obscura,
3219 3912 3481 3968 brevibus
3514 3915 3723 3982 quibus-

2142 4002 2263 4055 dam
2291 4001 2729 4056 adnotationibus
2763 4004 3073 4057 summatim
3105 4004 3529 4073 perstringebat.
3557 4024 3576 4057 ι
3611 4006 3722 4058 inea

2142 4105 2233 4164 pte
2267 4104 2510 4161 uterque.
2545 4093 2812 4164 [Scholion
2861 4094 3248 4148 diminutivum
3301 4106 3390 4150 est
3436 4112 3466 4150 a
3507 4097 3717 4152 schola:

2142 4185 2338 4242 Schola
2373 4185 2560 4240 Griece
2595 4196 2649 4240 et
2681 4185 2896 4251 Latine,
2929 4199 3126 4256 prmter
3167 4188 3422 4257 volgatas
3457 4189 3723 4260 signiﬁca-

2142 4279 2338 4344 tiones,
2401 4277 2818 4331 lucubrationem
2869 4279 3033 4333 etiam
3063 4291 3240 4343 sonat,
3288 4297 3411 4350 qua:
3444 4282 3511 4336 de
3547 4296 3602 4335 re
3629 4282 3722 4335 ali-

2140 4384 2243 4438 qua
2297 4383 2392 4438 per
2438 4369 2608 4423 otium
2660 4369 2990 4423 elaboratur.
3043 4369 3302 4424 Scholion
3337 4387 3471 4442 ergo
3503 4387 3716 4442 parvam

2140 4461 2383 4515 scholam
2422 4461 2718 4524 signiﬁcat,
2751 4460 2853 4513 hoc
2906 4469 2991 4513 est
3039 4461 3575 4514 lucubratiunculam.
3603 4460 3724 4530 Spe.

467 4551 602 4606 Nam
633 4551 768 4606 alios
801 4552 1020 4622 quidem
1059 4565 1165 4606 non
1195 4563 1356 4623 negat
1384 4561 1591 4622 partem
1629 4552 1863 4620 aliquam
1895 4551 2036 4606 Scri-
2065 4560 2112 4622 ι)
2138 4552 2324 4607 ciatim
2371 4566 2503 4605 vero
2533 4551 2740 4606 scholia
2783 4550 3122 4620 appellantur
3151 4553 3603 4615 commentarioli,
3639 4550 3722 4604 vel

468 4655 752 4716 pturarum
805 4645 1182 4712 exposuisse;
1248 4645 1490 4698 onmium
1584 4658 1714 4697 vero
1792 4643 2041 4712 Scriptu-

467 4754 648 4794 rarum
722 4737 1156 4806 explanationem
1235 4751 1541 4806 aggressum
1613 4749 1736 4790 esse
1804 4735 2039 4804 aliquem

465 4835 592 4879 ante
645 4824 968 4894 Origenem,
1009 4823 1061 4878 id
1119 4839 1250 4879 vero
1309 4833 1515 4894 negat,
1552 4834 1608 4878 et
1667 4825 1865 4880 merito
1915 4824 2039 4894 qui-

464 4921 606 4972 dem.
635 4936 648 4948 ο

539 5009 596 5062 ΙΙ.
616 5006 1002 5063 Verumtamen
1033 5009 1277 5078 quamvis
1298 5009 1528 5063 aliorum
1551 5011 1860 5080 exemplum
1894 5010 2038 5080 quod

465 5115 783 5172 sequeretur
812 5101 1020 5169 habuit,
1048 5101 1324 5156 fatentium
1358 5101 1710 5156 nihilominus
1740 5104 1881 5158 hanc
1912 5118 2034 5158 eum

467 5195 800 5264 explicandae
847 5194 1140 5264 Scriptura:
1186 5204 1357 5250 artem
1408 5195 1636 5250 multum
1682 5195 2034 5265 provexisse:

469 5302 568 5342 nec
593 5287 736 5342 enim
760 5287 1061 5358 simplicem
1091 5288 1377 5358 quemdam
1403 5288 1786 5358 interpretandi
1820 5289 2035 5342 modum

467 5381 750 5449 adhibuit;
786 5382 880 5435 sed
915 5381 1063 5434 varia
1109 5379 1549 5450 explanationum
1586 5395 1784 5449 genera
1829 5380 2036 5449 primus

467 5473 764 5542 Scriptura:
820 5473 1266 5528 accommodavit.
1315 5471 1450 5526 Nam
1493 5472 1573 5527 vel
1629 5471 1838 5528 diil'usis
1885 5485 2039 5526 com-

467 5564 772 5631 mentariis,
800 5564 1059 5634 quidquid
1094 5566 1510 5635 suppeditabant
1547 5567 1819 5636 ingenium
1853 5575 1908 5620 et
1937 5564 2037 5619 do‘

467 5657 662 5720 etrina,
685 5657 892 5728 prolixe
918 5659 1224 5727 congessit;
1250 5659 1330 5712 vel
1358 5658 1608 5713 brevibus
1631 5667 1834 5713 tantum
1863 5656 2030 5712 scito-

474 5852 516 5886 "‘
544 5854 708 5910 Eccli.
739 5871 874 5923 χχιι,
897 5857 988 5912 Ἃ.
1066 5858 1109 5889 ³³
1140 5856 1284 5912 Ecrli
1347 5869 1456 5921 xxi,
1495 5854 1580 5910 18.

2147 4645 2656 4701 dissertatiuncube.
2698 4641 2966 4698 Pratterea
2991 4645 3232 4713 excerpti
3268 4659 3334 4698 ex
3378 4657 3596 4699 auctore
3624 4643 3719 4696 ab-

2147 4751 2254 4808 quo
2278 4736 2378 4790 loci
2406 4735 2662 4790 dicuntur
2703 4733 2909 4789 scholia
2931 4770 2946 4800 ,
2978 4733 3280 4802 cuiusmodi
3311 4749 3376 4790 ex
3416 4735 3718 4804 Evangelia,

2147 4842 2256 4898 quo
2277 4825 2530 4881 utebatur
2554 4825 2790 4882 Marcion
2823 4827 3082 4880 nonnulla
3116 4827 3464 4898 deprompsit
3496 4828 3722 4897 Epipha-

2149 4919 2271 4973 nius
2286 4919 2420 4971 bazr.
2440 4931 2573 4983 χιιι,
2596 4925 2648 4970 et
2671 4918 2873 4972 scholia
2902 4917 3209 4988 appellavit.
3233 4919 3417 4988 Atque
3444 4920 3550 4973 haec
3573 4919 3723 4971 scho-

2147 5009 2218 5064 lia
2255 5007 2441 5062 Latine
2480 5018 2736 5077 excerpta
2785 5010 3002 5078 proprie
3047 5010 3326 5064 dicuntur.
3376 5008 3512 5062 Male
3543 5017 3719 5061 autem

2144 5101 2247 5155 hoc
2277 5099 2496 5154 nomine
2539 5099 2746 5155 allicias
2792 5101 2985 5155 breves
3040 5101 3413 5172 expositiones
3437 5109 3486 5152 et
3517 5099 3719 5152 dissero

2146 5193 2418 5247 lationes:
2452 5193 2595 5260 quod
2625 5201 2807 5248 tamen
2855 5192 3107 5248 fecerunt
3144 5192 3504 5262 Hieronymus
3533 5198 3586 5243 et
3614 5188 3722 5242 Ru-

2144 5285 2304 5352 linus,
2333 5298 2456 5338 cum
2487 5283 2739 5356 Origenis
2775 5285 3271 5340 Commentariolos
3299 5285 3354 5339 in
3383 5283 3718 5353 Scripturam

2144 5389 2396 5447 excerpta
2445 5379 2742 5444 dixerunt;
2775 5392 2939 5432 omne
2992 5379 3324 5433 scholiorum
3373 5392 3537 5449 genus
3562 5392 3717 5430 com-

2147 5471 2293 5525 muni
2343 5478 2724 5540 excerptorum
2776 5468 3041 5524 vocabulo
3114 5470 3413 5533 donantes,
3465 5466 3606 5536 quod
3654 5466 3719 5517 sd

2145 5573 2348 5618 certam
2396 5565 2686 5632 quamdam
2732 5562 2968 5630 speciem
3001 5571 3118 5617 erat
3172 5561 3625 5631 restringendnm.
3654 5559 3718 5610 At

2147 5655 2402 5724 quoniam
2439 5655 2692 5711 brevibus
2723 5654 3007 5710 sententiis
3043 5655 3160 5710 bazc
3200 5655 3404 5710 scholia
3446 5649 3716 5720 Origenis,
