3952 6530
224 496 363 551 1195

1097 498 1665 569 ΟΒΙΩΕΜᾹΝΟΗΗΜ
1705 501 1830 555 LIB.
1877 501 1963 567 lli,
1998 501 2151 557 CAP.
2191 501 2257 565 ll,
2303 502 2474 558 SECT
2517 505 2557 561 l.

3331 513 3472 571 HM

220 615 343 669 sive
394 613 835 670 Commentarioli
890 614 1388 679 concludebantur,
1420 619 1624 674 idcirco
1661 635 1804 675 com-
1830 624 1879 683 Α
1909 619 2109 687 posuit,
2156 618 2387 675 lideliter
2426 620 2599 687 magis
2646 635 2808 689 quam
2854 633 3043 679 ornate
3091 624 3476 694 interpretatus

214 709 483 763 maticum
513 708 978 778 interpretationis
1017 727 1186 780 genus
1211 726 1275 766 ea
1315 710 1674 781 Hieronymus
1700 728 1793 782 ap-

212 801 405 871 pellat.
438 801 673 857 Prooem.
705 802 1012 857 Comment.
1048 804 1101 857 in
1149 802 1339 857 Matth.
1380 821 1399 855 ‹
1448 803 1664 874 Legisse
1710 819 1796 860 me

216 895 412 960 fateor,
449 897 649 964 inquit,
688 906 811 950 ante
860 910 1027 950 annos
1083 894 1340 964 plurimos
1389 896 1439 949 in
1489 895 1791 950 Matthteum

210 986 470 1059 Origenis
501 988 691 1059 viginti
748 989 988 1059 quinque
1016 989 1281 1044 volumina
1302 1029 1318 1055 ,
1346 1000 1401 1045 et
1429 991 1650 1045 totidem
1678 991 1794 1060 ejus

211 1080 492 1141 homilias,
539 1084 1031 1151 commaticumque
1061 1084 1520 1153 interpretationis
1552 1100 1740 1153 genus.
1766 1104 1785 1139 ι

215 1170 285 1224 Et
324 1170 557 1225 Proem.
575 1170 876 1227 Comment.
902 1175 957 1227 in
989 1174 1157 1242 Epist.
1183 1175 1253 1227 ad
1278 1173 1453 1228 Calat.
1475 1190 1495 1227 :
1517 1192 1536 1225 ι
1564 1173 1795 1245 Scripsit

206 1266 359 1319 enim
389 1264 476 1319 ille
517 1266 601 1318 vir
639 1263 939 1336 (Origenes)
973 1266 1022 1320 in
1076 1268 1366 1338 Epistolam
1400 1268 1547 1323 Pauli
1596 1270 1662 1323 ad
1690 1269 1793 1323 Ca-

208 1355 355 1410 latas
387 1357 625 1425 quinque
668 1359 885 1427 propria
921 1362 1190 1415 volumina
1213 1401 1228 1423 ,
1257 1371 1313 1415 et
1344 1362 1609 1415 decimum
1642 1362 1793 1417 Stro-

206 1456 414 1498 matum
468 1461 687 1500 suorum
742 1447 939 1502 librmn
996 1452 1317 1504 commatico
1348 1466 1509 1521 super
1537 1452 1791 1521 explana.

206 1536 359 1589 tione
390 1535 503 1606 ejus
535 1553 783 1592 sermone
824 1540 1131 1608 complevit.
1183 1541 1335 1608 Quod
1390 1542 1462 1597 ita
1512 1543 1784 1612 intelligo,

202 1630 415 1685 scholia
459 1632 512 1685 in
536 1631 827 1700 Epistulam
864 1631 930 1685 ad
962 1632 1179 1687 Galatas
1213 1635 1423 1690 decimo
1465 1634 1791 1689 Stromatttm

202 1737 429 1777 suorum
478 1722 615 1777 libro
660 1722 831 1792 ipsum
874 1723 1189 1782 inseruisse.
1246 1746 1264 1780 ι
1310 1726 1527 1781 Scholia
1561 1743 1689 1782 vero
1723 1728 1786 1781 ad

200 1830 492 1870 Sacrorum
568 1814 828 1871 librorum
900 1834 1053 1873 oram
1130 1820 1429 1874 attexuisse
1493 1818 1787 1901 Origenem

200 1908 445 1961 ostendit
483 1906 620 1962 liber
670 1908 1080 1965 vetustissimus
1128 1909 1317 1964 Renati
1366 1909 1644 1971 Marchali.
1679 1926 1785 1978 quo

202 1997 561 2051 continentur
589 2000 869 2067 prophetae
897 2014 1108 2063 omnes,
1140 2001 1342 2071 quique
1372 2004 1425 2055 in
1450 2001 1656 2071 collegii
1678 2000 1781 2055 Pa-

201 2088 453 2142 risiensis
486 2087 775 2143 Societatis
800 2087 929 2143 Jesu
968 2090 1290 2145 bibliotheca
1319 2101 1589 2153 servatur,
1609 2102 1664 2145 et
1689 2106 1784 2146 cu-

194 2180 291 2247 jus
309 2194 530 2234 usuram
555 2180 943 2235 humanissime
966 2182 1093 2235 mihi
1119 2186 1391 2237 conccsslt
1420 2182 1637 2237 Gabriel
1652 2183 1785 2239 Cos-

200 2274 410 2327 sartius
428 2274 773 2341 amplissimas
790 2274 916 2328 huic
934 2274 1273 2329 bibliotheca
1292 2274 1575 2345 praefectus
1592 2273 1784 2345 βιϐλιο-

200 2363 350 2434 οήκη
375 2364 487 2434 ipse
515 2364 775 2435 ἔμψυχος,
799 2375 854 2420 et
879 2366 1136 2420 doctrina:
1164 2367 1344 2421 omnis
1370 2366 1781 2421 refertissimum

202 2471 370 2525 penu.
424 2454 727 2524 Prophetim
773 2456 1071 2512 Ezechielis
1132 2457 1411 2526 praefixum
1469 2460 1572 2514 hoc
1620 2459 1783 2514 habet

203 2548 300 2602 ille
339 2548 475 2602 liber
514 2548 882 2620 εΜετελήφθη
930 2549 1038 2603 ἀπὸ
1078 2548 1187 2603 τῶν
1236 2549 1377 2603 κατὰ
1418 2550 1515 2613 τὰς
1545 2551 1783 2614 ἐκδόσεις

212 2632 552 2698 Ἔξαπλῶν,
591 2637 686 2687 καὶ
723 2634 1006 2707 διωρθώθη
1039 2635 1148 2689 ἀπὸ
1196 2636 1306 2688 τῶν
1346 2636 1653 2707 Ὠριγένους
1686 2638 1784 2690 αὺ-

198 2727 300 2781 τοῦ
330 2727 695 2797 Τετραπλῶν,
720 2726 877 2781 ἅτινα
892 2729 984 2781 καὶ
1012 2728 1179 2781 αὑτοῦ
1204 2730 1350 2801 χειρὶ
1373 2730 1667 2802 διώρθωτο,
1688 2731 1783 2785 καὶ

198 2822 692 2893 ὲςχολιογράφητοο
723 2822 845 2875 ὅθεν
884 2821 1157 2885 Ἐυσὲδιος
1200 2822 1311 2891 ἐγὼ
1342 2822 1411 2876 τὰ
1445 2824 1629 2893 σχόλια
1646 2842 1785 2896 παρ-

198 2915 399 2984 έθηκα.
434 2932 452 2964 ε
481 2915 827 2983 Desumptum
862 2922 945 2967 est
983 2913 1050 2965 ab
1091 2912 1369 2983 Hexaplis,
1394 2913 1549 2982 juxta
1590 2916 1783 2971 editio-

204 3024 328 3071 ncs,
384 3014 437 3059 et
479 3005 819 3060 emendatum
865 3020 931 3060 ex
983 3005 1149 3074 ipsius
1198 3006 1450 3076 Origenis
1498 3005 1781 3075 Tetraplis,

198 3114 327 3166 qua:
355 3108 411 3152 et
440 3114 603 3151 manu
635 3097 803 3166 ipsius
835 3098 1144 3161 emendata,
1165 3107 1219 3150 et
1249 3097 1473 3153 scholiis
1501 3099 1781 3152 succincta

198 3200 384 3246 erant.
420 3189 575 3247 Unde
610 3203 713 3259 ego
759 3190 1021 3245 Eusebius
1055 3189 1258 3244 scholia
1303 3191 1550 3259 apposui.
1590 3208 1609 3241 ι
1650 3189 1786 3245 Hinc

196 3277 465 3332 discimus
506 3274 879 3347 Tetraplorum
929 3277 1123 3332 Iimbos
1167 3277 1386 3333 scholiis
1436 3280 1506 3334 ab
1550 3278 1850 3367 Origenec

200 3373 374 3427 fuisse
403 3373 730 3428 succinctos.
761 3371 816 3425 Si
851 3372 975 3440 quis
1019 3380 1199 3426 autem
1248 3372 1526 3427 existimet
1577 3389 1695 3443 quae
1728 3374 1781 3428 in

198 3464 310 3519 huc
336 3462 592 3518 Marchali
623 3462 809 3518 codice
833 3464 900 3516 ad
924 3476 1075 3517 oram
1104 3462 1429 3528 Ezechielis,
1448 3462 1785 3530 aliorumque

198 3556 585 3626 prophetarum
620 3563 840 3609 attextaa
862 3562 989 3608 sunt
1016 3554 1412 3616 adnotationes,
1434 3568 1496 3607 ea
1527 3555 1639 3621 ipsa
1664 3568 1785 3607 esse

197 3646 457 3713 Origeuis
484 3645 715 3709 scholia,
745 3644 973 3698 multum
1026 3647 1069 3699 is
1105 3661 1238 3700 sane
1266 3646 1492 3700 errabit.
1520 3644 1784 3700 Constant

194 3737 349 3790 enim
374 3736 477 3790 illa:
506 3737 699 3805 partim
723 3736 885 3789 variis
911 3736 1446 3804 interpretationibus
1473 3752 1539 3792 ex
1566 3737 1782 3806 Aquila,

196 3824 577 3882 Theodotione
626 3836 681 3881 et
734 3826 1063 3898 Symmacho
1133 3828 1470 3897 depromptis
1513 3845 1529 3895 ;
1589 3830 1781 3898 partim

198 3918 527 3973 lectionibus
559 3919 726 3973 variis
751 3960 765 3982 ,
803 3919 885 3973 vel
933 3920 1080 3974 circa
1132 3920 1421 3975 lectionum
1461 3920 1782 3974 varietatem

196 4014 691 4068 observationibus.
726 4012 942 4070 Neutra:
972 4030 1101 4071 vero
1149 4030 1245 4085 pro
1275 4014 1500 4070 scholiis
1534 4012 1784 4082 Origenis

200 4105 390 4160 haberi
442 4116 667 4173 possunt
709 4125 722 4161 :
777 4123 882 4163 non
923 4109 1132 4177 priores
1177 4124 1193 4172 ;
1244 4108 1368 4176 quis
1407 4108 1551 4161 enim
1596 4116 1784 4176 putare

198 4195 374 4266 possit
424 4195 476 4249 in
510 4194 774 4264 Tetrapla,
806 4212 928 4267 qua:
972 4197 1220 4263 scholiis,
1246 4209 1308 4253 ut
1336 4198 1471 4261 dixi,
1507 4197 1781 4251 succincta

195 4296 401 4353 erant,
438 4291 576 4344 unde
607 4299 660 4345 et
692 4291 793 4345 ista
842 4302 1116 4361 assumpta
1163 4300 1323 4356 sunt,
1360 4290 1705 4361 depromptas
1751 4306 1782 4345 e

195 4382 436 4436 diversis
481 4381 834 4451 interpretum
864 4383 1286 4452 expositionibus
1320 4383 1614 4452 particulas
1649 4397 1781 4435 con-

198 4472 403 4527 "ecisse
431 4472 745 4542 Origenem,
778 4490 900 4529 cum
936 4477 987 4529 in
1017 4476 1084 4531 iis
1113 4475 1284 4545 plenae
1315 4476 1444 4545 ipsa:
1467 4490 1531 4530 ac
1561 4474 1781 4544 integrae

196 4563 686 4631 interpretationes
740 4566 1109 4620 haberentur?
1157 4581 1261 4621 non
1292 4566 1660 4636 posteriores;
1695 4576 1781 4620 ut-

1900 727 2063 766 sum:
2112 728 2131 762 ι
2171 720 2229 765 et
2272 712 2325 764 in
2373 711 2644 765 Procemio
2685 712 3040 768 Cantmentar.
3080 716 3133 769 in
3192 717 3360 784 Epist.
3407 720 3474 772 ad

1898 800 2080 857 Galat.
2119 819 2140 857 :
2176 820 2196 853 α
2232 801 2461 871 Scripsit
2493 803 2635 857 enim
2676 803 2765 857 ille
2808 805 2894 858 vir
2936 805 3235 876 (Origenes)
3269 810 3321 862 in
3350 810 3474 876 Epi-

1897 892 2093 949 stulam
2124 891 2273 946 Pauli
2298 894 2364 945 ad
2392 892 2613 947 Galatas
2646 895 2885 963 quinque
2916 897 3128 965 propria
3184 897 3475 961 volumina,

1894 996 1946 1041 et
1974 984 2240 1040 decimum
2282 982 2607 1039 Slromatum
2660 1001 2881 1042 suorum
2923 989 3117 1043 librum
3153 991 3480 1044 commaticu

1893 1093 2057 1146 super
2088 1078 2474 1148 explanatione
2520 1079 2639 1146 ejus
2704 1095 2952 1135 sermone
3005 1082 3332 1151 complevit:
3369 1092 3477 1136 tra-

1892 1178 2070 1225 ctatus
2116 1184 2337 1240 quoque
2394 1172 2605 1235 varios,
2656 1181 2710 1226 et
2750 1183 3035 1241 excerpta,
3084 1188 3202 1242 qua:
3244 1174 3329 1229 vel
3365 1175 3476 1229 sola

1893 1261 2103 1333 possint
2134 1261 2382 1317 sufﬁcere
2406 1301 2421 1326 ,
2458 1262 2782 1330 composuit.
2826 1281 2845 1315 ι
2894 1262 3098 1332 Nempe
3140 1272 3349 1328 tomos,
3380 1267 3479 1319 ho-

1894 1352 2069 1407 milias
2124 1360 2180 1406 et
2210 1352 2420 1407 scholia
2461 1354 2734 1422 signiﬁcat
2778 1366 2876 1422 per
2913 1354 3153 1422 quinque
3195 1352 3284 1407 illa
3327 1354 3478 1408 volu-

1892 1443 2060 1505 mina,
2090 1450 2145 1497 et
2195 1451 2483 1505 tractatus,
2517 1451 2571 1497 et
2616 1442 3001 1496 commaticum
3044 1456 3383 1506 sermonem,
3412 1456 3477 1497 ac

1890 1544 2165 1601 excerpta.
2212 1532 2516 1588 Cuncludat
2544 1549 2673 1588 vero
2718 1534 2943 1588 forsitan
2976 1549 3045 1588 ex
3075 1536 3175 1589 hoc
3229 1536 3349 1589 loco
3377 1535 3473 1588 ali-

1890 1628 2035 1695 quis,
2080 1637 2335 1696 excerpta
2380 1636 2435 1679 et
2478 1629 2860 1682 commaticum
2893 1642 3199 1682 sermonem
3234 1643 3319 1683 res
3350 1644 3473 1684 esse

1890 1718 2131 1771 diversas
2171 1736 2185 1771 :
2219 1719 2316 1771 sed
2364 1717 2606 1784 frustm;
2646 1719 2698 1773 id
2750 1720 2892 1773 enim
2951 1719 3053 1775 sibi
3107 1720 3220 1774 vult
3285 1720 3473 1777 Hiero-

1892 1824 2111 1881 nymus,
2142 1809 2245 1863 alia
2284 1811 2337 1864 in
2372 1812 2640 1865 decimum
2681 1810 3010 1865 Stromutum
3043 1811 3239 1867 librum
3268 1813 3472 1869 inserta

1888 1918 2009 1958 esse
2053 1905 2281 1970 scholia,
2327 1904 2430 1957 alia
2484 1918 2732 1958 seorsum
2772 1904 3048 1957 elaborata
3093 1914 3148 1958 et
3175 1906 3470 1975 descripta.

1881 1995 2107 2051 Fallitur
2137 1996 2392 2050 Erasmus
2421 2012 2542 2050 cum
2575 1996 2825 2050 homilias
2852 1995 2970 2050 illas
3001 2004 3151 2050 recte
3184 1998 3289 2051 dici
3320 2006 3472 2063 putat

1884 2088 2165 2158 colloquia,
2205 2105 2313 2144 non
2349 2090 2493 2144 enim
2529 2087 2792 2159 Origenes
2834 2104 2957 2144 cum
2994 2087 3331 2144 auditoribus
3360 2092 3471 2143 col-

1884 2180 2222 2251 loquebatur,
2262 2182 2354 2237 sed
2387 2182 2667 2236 auditores
2706 2179 3101 2252 alloquebatur;
3138 2196 3202 2236 ac
3243 2181 3468 2251 proinde

1884 2274 2078 2328 melius
2128 2274 2437 2328 dicerentur
2482 2273 2735 2344 alloquio.
2773 2274 2830 2329 lu
2872 2271 2938 2328 iis
2985 2273 3232 2343 phaleras
3274 2283 3330 2327 et
3355 2288 3472 2328 ora-

1885 2365 2021 2417 toria
2053 2368 2322 2434 pigmenta
2370 2364 2606 2433 neglexit
2644 2366 3037 2431 Adamantius;
3068 2367 3283 2436 planum
3315 2381 3464 2431 vero,

1884 2454 2149 2509 familiare
2206 2470 2271 2509 ac
2323 2456 2590 2525 simplex,
2638 2473 2737 2510 nec
2766 2456 2922 2511 valde
2970 2458 3263 2527 prolixum,
3308 2458 3469 2528 quale

1884 2543 2099 2600 facilius
2152 2546 2429 2615 patiuntur
2486 2547 2759 2613 humilia},
2814 2548 3025 2603 dicendi
3062 2564 3233 2619 genus
3286 2566 3469 2621 perse-

1882 2650 2039 2691 0111118
2081 2647 2185 2691 881..

1952 2728 2107 2785 Tomi
2143 2731 2286 2785 idem
2319 2740 2449 2786 sunt
2480 2746 2598 2801 qua:
2623 2740 2680 2785 et
2712 2731 3013 2804 ἐξηγητικὰ
3042 2734 3264 2805 proprie
3286 2736 3463 2798 dicta;

1884 2839 2008 2877 nam
2039 2823 2290 2892 quamvis
2324 2824 2427 2878 hoc
2450 2825 2667 2879 nomine
2694 2825 2832 2881 allici
2870 2829 3104 2896 possint,
3129 2844 3466 2900 qumcunque

1885 2916 2343 2986 interpretationis
2380 2919 2499 2971 vice
2535 2919 2829 2988 funguntur
2869 2937 2885 2985 ;
2942 2930 3108 2990 atque
3158 2922 3227 2975 ita
3260 2936 3367 2975 non
3399 2923 3466 2976 ad

1883 3017 2058 3061 tomos
2092 3008 2290 3072 solum,
2323 3008 2419 3063 sed
2448 3018 2504 3063 et
2548 3010 2613 3061 ad
2644 3010 2897 3064 homilias
2928 3012 3117 3075 etiam,
3154 3021 3211 3066 et
3260 3012 3463 3067 scholia

1885 3095 2077 3150 referri
2112 3097 2286 3166 possit
2313 3111 2374 3150 ea
2405 3112 2533 3162 vox,
2570 3098 2827 3169 illamque
2851 3099 3075 3156 editioni
3109 3110 3325 3169 noslrte,
3349 3118 3466 3173 qua:

1887 3186 2046 3240 tomis
2078 3195 2129 3242 et
2178 3188 2417 3243 homiliis
2464 3200 2675 3245 consult
2713 3191 3103 3261 prmflxerimus
3141 3210 3154 3257 ;
3188 3193 3466 3248 nihilomi-

1887 3294 1986 3335 nus
2018 3289 2197 3335 tamen
2229 3282 2296 3334 ad
2329 3291 2503 3336 tomos
2540 3281 2818 3350 speciatim
2869 3291 2923 3337 et
2967 3284 3183 3353 proprie
3212 3286 3465 3354 pertinet,

1889 3371 2062 3439 iisque
2093 3386 2475 3439 nunquamnon
2527 3372 2578 3425 in
2627 3372 2865 3440 antiquis
2888 3372 3160 3428 codicibus
3188 3375 3464 3432 tribuitur.

1886 3461 2317 3532 Explicationum
2370 3462 2537 3517 libros
2580 3465 2816 3533 appellat
2872 3463 3099 3519 Ruﬁnus
3142 3465 3194 3519 iu
3238 3463 3467 3535 Prologo

1885 3554 2350 3624 interpretationis
2376 3555 2909 3611 Commentariorum
2953 3556 3201 3625 Origenis
3244 3557 3299 3611 in
3344 3555 3465 3610 Nu-

1885 3661 2073 3699 meros.
2109 3643 2166 3700 ln
2218 3646 2282 3700 iis
2327 3644 2593 3717 Origenes
2641 3646 2906 3702 llebraica
2936 3648 3172 3702 veritate
3214 3648 3464 3718 stipatus,

1885 3745 1939 3791 et
1988 3752 2210 3791 suorum
2253 3737 2625 3793 circumdatus
2653 3739 3000 3809 agminibus,
3034 3740 3331 3810 peregrina:
3380 3739 3465 3794 in-

1887 3829 2097 3883 terdum
2130 3829 2324 3898 lingua
2355 3832 2632 3898 qtzterebat
2658 3830 2881 3895 auxilia,
2908 3841 2965 3885 ut
2998 3831 3165 3886 tradit
3199 3830 3468 3901 Hierony-

1885 3936 2005 3975 mus
2042 3920 2096 3974 in
2131 3920 2371 3976 Procem.
2408 3921 2610 3987 Quwsl.
2649 3921 3034 3976 llebraicarum
3059 3936 3079 3974 .'
3131 3924 3183 3977 in
3230 3924 3468 3979 homiliis

1883 4024 2064 4067 autem
2094 4028 2437 4068 communem
2468 4012 2759 4068 editionem
2810 4016 3164 4087 sequebatur,
3209 4024 3267 4069 ut
3303 4030 3466 4087 supe-

1886 4104 2031 4158 riore
2069 4105 2313 4159 sectione
2345 4114 2591 4160 notatum
2621 4116 2723 4161 est.

1955 4195 2044 4250 IV.
2079 4197 2559 4268 lnterpretationes
2598 4208 2860 4269 praeterea
2903 4199 3153 4271 Origenis
3183 4202 3467 4269 quasdam,
3534 4217 3548 4233 -

1885 4288 2214 4360 σημειώσεις
2255 4290 2555 4360 appellatas
2601 4292 2835 4361 reperio.
2890 4290 3087 4348 Utrum
3141 4294 3360 4349 scholiis
3398 4312 3467 4349 an

1881 4384 2179 4454 exegeticis
2211 4384 2429 4455 preprle
2477 4384 2641 4439 dictis
2682 4399 2786 4439 vox
2831 4400 2894 4440 ea
2943 4386 3143 4441 tributa
3180 4386 3291 4453 sit,
3322 4402 3471 4457 quae-

1885 4476 2111 4531 rendum
2143 4484 2247 4530 est.
2293 4475 2657 4547 Hieronymus
2696 4477 2920 4533 scholiis
2952 4478 3243 4535 manifeste
3281 4480 3472 4535 tribuit

1884 4583 2109 4637 prooem.
2150 4569 2205 4623 iu
2249 4584 2265 4623 ι
2298 4567 2603 4625 Comment.
2658 4571 2861 4625 lsaiar:
2897 4570 3224 4638 «Feruntur,
3274 4573 3466 4643 inquit,

195 4665 329 4723 pote
361 4656 415 4709 in
446 4656 639 4724 quibus
673 4671 817 4726 sape
845 4655 1112 4726 Origenis,
1132 4666 1188 4711 et
1219 4657 1415 4713 alicubi
1444 4656 1607 4713 etiam
1633 4657 1776 4713 Con-
1808 4660 1851 4717 D
1878 4671 1931 4716 ct
1958 4661 2046 4715 alii
2080 4661 2183 4717 sub
2226 4662 2446 4718 nomine
2499 4664 2615 4734 ejus
2667 4665 2961 4736 (Origenis)
3006 4665 3073 4720 de
3122 4666 3328 4722 visione
3378 4684 3469 4721 τε-

194 4747 424 4804 slantini
452 4747 791 4817 imperatoris
828 4750 1028 4804 mentio
1059 4750 1168 4802 liat.

273 4839 522 4895 Homilite
549 4856 577 4893 a
613 4839 805 4895 Rufino
828 4848 883 4895 et
915 4840 1246 4912 Hieronymo
1275 4842 1563 4897 Tractatus
1593 4842 1782 4912 appel-

192 4932 405 4986 lantur.
450 4931 707 5002 Apologia
765 4931 1033 5003 Pamphili
1108 4949 1137 4987 a
1200 4932 1398 4988 llulluo
1458 4948 1777 4990 conversa:

199 5042 224 5073 α
262 5019 545 5091 Praecipue
573 5036 701 5076 vero
737 5035 832 5092 per
870 5036 964 5076 eos
995 5031 1293 5088 tractatus,
1323 5038 1459 5093 quos
1490 5038 1623 5094 pene
1647 5039 1782 5094 quo-

194 5114 332 5168 tidie
376 5113 431 5168 in
477 5114 716 5170 Ecclesia
754 5115 985 5170 habebat
1031 5130 1099 5169 ex
1138 5127 1411 5185 tempore,
1438 5132 1574 5185 quos
1603 5128 1658 5171 et
1687 5118 1780 5172 de-

190 5204 504 5261 scribentes
538 5207 731 5262 notarii
773 5207 841 5261 ad
877 5206 1269 5261 monimentum
1300 5208 1638 5276 posteritatis
1669 5219 1781 5262 tra-

188 5299 424 5353 ciebant.
454 5318 474 5350 ι
512 5298 868 5370 Hieronymus
905 5300 1152 5353 adversus
1192 5298 1533 5369 Vigilantiam
1558 5340 1572 5364 ,
1621 5301 1780 5371 epist.

194 5390 292 5449 75,
327 5389 395 5443 de
423 5389 656 5444 homiliis
683 5392 734 5445 in
769 5390 869 5444 Job
899 5392 1123 5462 loquens
1150 5432 1164 5456 ,
1192 5407 1327 5463 quas
1375 5390 1612 5447 Hilarius
1652 5408 1775 5447 ver-

190 5490 380 5534 terat:
419 5496 438 5531 t
470 5479 579 5534 Cur
611 5478 900 5537 Tractatus
928 5482 1044 5548 ejus
1073 5482 1125 5536 iu
1152 5480 1283 5547 Job,
1329 5481 1526 5553 inquit,
1569 5486 1774 5541 descri-

188 5582 321 5640 ptos
356 5571 566 5626 habes?
595 5590 613 5623 ι
648 5584 700 5627 et
727 5574 779 5627 in
807 5572 1127 5630 Praefatione
1148 5577 1216 5630 ad
1248 5576 1498 5631 homilias
1523 5576 1774 5648 Origenis

187 5666 247 5717 in
278 5661 561 5718 Canticum
585 5680 603 5717 :
638 5683 656 5715 ε
687 5664 795 5719 Hos
822 5666 958 5720 duos
991 5676 1274 5731 tractatus,
1314 5683 1453 5737 quos
1482 5670 1533 5722 in
1569 5685 1773 5725 morem

187 5753 502 5825 quotidiani
529 5754 727 5826 eloquii
752 5755 990 5826 parvulis
1036 5759 1212 5812 adhuc
1256 5757 1579 5815 lactantibus
1624 5778 1773 5818 com-

267 5907 407 6024 (57‘)
438 5950 571 6008 Vide
593 5952 842 6007 editionis
875 5961 1074 6008 nostrae
1097 5964 1225 6011 tom.
1266 5955 1326 6025 ll,
1360 5973 1477 6029 pag.
1521 5958 1633 6017 ll8.

525 6049 793 6109 Parant.
827 6054 946 6110 (in.
977 6051 1175 6115 XVII.

1886 4753 2167 4824 τραπόδων
2201 4754 2305 4809 duo
2336 4754 2401 4809 ad
2448 4755 2670 4815 Graiam
2714 4757 2872 4820 libri,
2923 4758 3016 4828 qui
3067 4760 3467 4830 pseudographi

1884 4855 2174 4914 putantur,
2211 4854 2265 4900 et
2307 4846 2495 4918 viginti
2546 4849 2787 4918 quinque
2827 4850 3093 4916 homilite,
3120 4861 3177 4904 et
3222 4849 3467 4922 σημειώ-

1884 4954 2018 5004 σεις,
2077 4954 2213 5007 quas
2273 4954 2372 4994 nos
2434 4949 2685 5010 excerpta
2740 4956 3028 5011 possumus
3116 4943 3406 5012 appellare.
3441 4963 3461 4996 ι

1881 5030 2149 5102 Excerpta
2210 5033 2396 5103 igitur,
2464 5050 2561 5089 seu
2625 5034 2836 5105 σχόλια,
2901 5050 2964 5090 ea
3037 5045 3166 5092 sunt
3222 5035 3467 5109 σημειώ-

1889 5144 2024 5190 σεις.
2054 5127 2123 5179 Δι
2158 5123 2469 5181 Philucalia:
2513 5142 2631 5196 cap.
2685 5127 2793 5191 27,
2851 5136 3135 5197 postquam
3196 5130 3465 5199 prolixum

1888 5218 2138 5288 Origenis
2168 5217 2531 5288 fragmentum
2562 5221 2617 5272 in
2649 5217 2829 5272 Exod.
2856 5234 2910 5286 x,
2936 5219 3028 5283 27,
3058 5220 3327 5291 prolatum
3357 5234 3465 5288 est,

1889 5310 2054 5363 verba
2106 5310 2219 5364 haac
2266 5312 2618 5379 sequentibus
2662 5310 2867 5382 aliquot
2920 5312 3240 5381 fragmentis
3288 5314 3468 5383 praeli-

1890 5411 2087 5466 guntur
2128 5421 2140 5457 :
2184 5403 2279 5456 καὶ
2324 5403 2485 5458 πάλιν
2526 5405 2584 5457 ὲν
2621 5403 2766 5475 ἄλλῳ
2806 5403 2957 5475 τόμῳ
2998 5406 3055 5458 ὲν
3105 5407 3225 5470 ταῖς
3274 5405 3464 5470 αὐταῖς

1879 5494 1960 5557 εἰς
2004 5492 2104 5564 τὴν
2151 5494 2370 5559 Ἐξοδον
2419 5494 2783 5567 σημειώσεων
2824 5495 2982 5570 (57⁶).
3015 5496 3182 5567 Igitur
3227 5493 3466 5569 σημειώ-

1874 5606 1988 5653 σεις
2017 5593 2338 5647 coustabant
2377 5594 2575 5659 tomis;
2606 5594 2770 5665 igitur
2813 5609 3148 5665 quaecunque
3196 5597 3296 5651 hoc
3330 5591 3463 5649 Phi-

1877 5681 2087 5737 localia:
2134 5683 2312 5755 capite
2344 5685 2649 5756 fragmenta
2697 5686 2751 5740 in
2778 5686 3020 5743 Exodum
3066 5698 3461 5757 repraesentan-

1880 5782 1990 5838 tur,
2024 5770 2195 5842 petita
2229 5786 2355 5831 sunt
2380 5776 2448 5830 ὲκ
2474 5775 2583 5831 τῶν
2610 5774 2984 5849 σημειώσεων.
3013 5777 3089 5837 Ea
3113 5793 3245 5835 vero
3287 5776 3462 5836 neuti-

3101 6064 3182 6121 33
