3952 6522
494 475 638 533 Ηθῦ

1746 473 1808 530 P.
1850 471 2164 528 DANIELIS
2203 470 2433 526 HUETll

3600 468 3747 523 “95

492 615 652 669 quam
701 613 798 669 pro
844 597 1062 654 scholiis
1108 597 1294 653 haberi
1341 603 1598 666 possunt,
1645 596 1738 649 sed
1780 594 2047 662 justorum
2077 601 2123 658 Α
2152 594 2556 649 benedictiones
2581 600 2789 647 tantum
2816 602 3031 661 ,neqae
3078 590 3384 646 futurorum
3434 584 3557 645 sola
3608 603 3746 657 pra-

493 688 1007 744 commeutariorum
1040 688 1211 742 vicem
1253 687 1514 757 explent;
1543 699 1606 740 ea
1648 693 1734 739 est
1780 696 1958 740 rerum
1991 701 2056 741 ac

495 779 782 833 verborum
808 778 1026 833 ubertas
1052 788 1106 833 et
1130 779 1308 847 copia.

563 870 675 941 Ego
716 869 928 940 quidem
956 869 1279 941 σημειώσεις
1308 875 1557 941 generale
1579 875 1895 932 vocabulum
1933 885 2057 927 esse

493 972 642 1031 puto,
685 978 794 1033 quo
840 964 969 1019 tomi
1015 973 1066 1017 et
1102 964 1304 1018 scholia
1363 967 1726 1021 continentur.
1791 962 2058 1036 Σημειοῦ-

496 1054 618 1107 σθαι
641 1065 745 1118 est,
778 1073 797 1106 ι
836 1056 1112 1120 adnotare,
1139 1058 1583 1112 commentarium
1628 1058 1887 1119 scribere,
1919 1056 2056 1109 scri—

495 1155 642 1212 ptum
673 1144 888 1213 aliquod
921 1146 989 1199 ad
1018 1145 1163 1200 aliud
1192 1146 1445 1215 adjicere,
1478 1147 1788 1211 ascribere;
1820 1144 2058 1216 σημείω-

495 1250 598 1297 σις,
637 1234 931 1302 adnotalio,
987 1236 1407 1291 commentarius
1435 1276 1451 1301 ,
1502 1238 1760 1306 quidquid
1808 1237 1875 1289 ad
1914 1234 2058 1288 aliud

495 1325 784 1380 scribendo
837 1325 1110 1394 adjicitur,
1151 1346 1169 1380 ι
1222 1328 1519 1395 cujusmodi
1556 1338 1682 1383 sunt
1744 1328 1950 1384 scholia
2005 1334 2055 1381 et

494 1416 860 1471 commentarii
886 1417 976 1486 qui
1009 1418 1075 1470 ad
1100 1433 1253 1472 oram
1282 1419 1540 1474 librorum
1567 1420 1731 1474 attexi
1766 1420 1960 1476 solent.
1980 1419 2057 1472 lta

492 1505 868 1576 intelligendus
901 1506 1166 1562 Eusebius
1188 1507 1282 1564 lib.
1311 1524 1342 1556 ν
1373 1508 1599 1571 Ηὶειον..
1623 1524 1674 1567 c.
1701 1510 1791 1575 20,
1820 1525 1942 1565 cum
1970 1525 2066 1579 χα-

497 1599 783 1667 ριεστάτην
810 1596 1109 1666 σημείωσιν
1152 1596 1383 1666 appellat
1421 1598 1839 1653 obtestationem
1872 1612 2062 1667 qualn-

493 1682 615 1736 dam
638 1684 843 1754 qumjad
872 1685 1031 1738 linem
1068 1685 1188 1739 libri
1219 1684 1401 1741 lrcnaci
1432 1687 1574 1754 Περὶ
1609 1684 1894 1757 ὀγδοάδος
1926 1701 2064 1754 prae-

497 1782 578 1826 ter
604 1782 913 1828 contextum
952 1773 1158 1842 adjecta
1205 1787 1341 1830 erat.
1373 1774 1500 1831 Inde
1547 1779 1637 1831 lux
1664 1792 1876 1848 quoque
1905 1776 2061 1832 alteri

490 1863 731 1933 ejusdem
759 1865 973 1920 Eusebii
1001 1866 1118 1921 loco
1153 1867 1248 1922 lib.
1277 1883 1350 1932 vr,
1382 1883 1501 1937 cap.
1540 1867 1629 1928 16,
1663 1868 1749 1922 ubi
1786 1869 1852 1922 de
1879 1867 2061 1922 Hexa-

2160 685 2447 753 nuntiatio,
2476 692 2736 754 quantum
2787 696 2966 737 mores
3006 682 3092 736 vel
3147 680 3481 752 propositum
3518 693 3744 740 eorum,

2068 824 2073 831 .
2159 778 2243 832 vel
2271 777 2434 830 etiam
2461 775 2705 846 quaedam
2734 773 2801 828 ab
2822 774 2902 827 eis
2955 782 3104 843 gesta
3147 771 3461 829 notabiliter
3488 784 3745 839 arguuno

2162 879 2273 925 tur.
2306 869 2434 936 Quae
2465 882 2553 923 res
2579 867 2737 921 nobis
2766 866 3088 934 tripartitam
3130 863 3215 937 (ut
3249 864 3301 918 in
3331 863 3456 916 aliis
3498 860 3741 915 fecimus

2163 958 2563 1029 explanationis
2598 955 2883 1011 materiam
2919 953 3160 1022 subjicit,
3188 953 3262 1007 ita
3303 962 3363 1007 ut
3389 949 3742 1006 benedictio—

2164 1069 2260 1109 nes
2282 1054 2520 1108 historiae
2538 1052 2713 1108 locum
2750 1058 3005 1112 servent;
3034 1045 3317 1116 prophetia
3350 1057 3483 1098 vero
3538 1040 3744 1110 mysti-

2164 1161 2287 1200 cum
2333 1154 2492 1213 atque
2547 1143 2937 1213 dogmaticum;
2986 1154 3199 1194 morum
3256 1134 3532 1204 correptio
3571 1141 3745 1199 ξιιμ

2164 1236 2469 1305 objurgatio
2497 1234 2753 1289 moralem
2788 1232 2985 1301 dirigat
3012 1230 3234 1300 stylum.
3267 1225 3467 1293 rQuod
3500 1224 3655 1279 idem
3690 1222 3745 1276 in

2166 1330 2272 1383 line
2302 1329 2537 1397 ejusdem
2595 1325 2827 1381 humilia:
2858 1322 3076 1394 repetit.
3126 1322 3205 1376 Ab
3246 1318 3517 1375 historico
3554 1326 3744 1370 autem

2166 1433 2325 1475 sensu
2357 1420 2424 1472 ad
2469 1417 2782 1489 mysticum,
2833 1429 2864 1468 a
2915 1415 3145 1484 mystico
3192 1412 3259 1465 ad
3313 1407 3584 1465 moralem
3630 1405 3749 1460 fere

2166 1510 2507 1581 progreditur
2530 1527 2544 1575 ;
2572 1507 2818 1578 quamvis
2841 1506 2984 1560 hunc
3006 1503 3251 1559 ordinem
3292 1509 3580 1571 pervertat
3608 1514 3747 1554 non-

2167 1618 2464 1673 nunquam,
2512 1601 2744 1655 litteram
2805 1597 3098 1664 aliquando
3149 1595 3423 1665 negligat,
3475 1605 3511 1645 a
3546 1588 3745 1644 morali

2166 1693 2502 1762 expositione
2534 1694 2602 1744 ad
2631 1690 2914 1760 mysticam
2943 1688 3266 1758 quandoque
3307 1688 3581 1738 transeat.
3610 1677 3745 1746 Qu:

2167 1786 2416 1855 quoniam
2459 1799 2622 1852 supra
2681 1783 2981 1838 luculenter
3010 1778 3385 1841 tractavimus,
3408 1775 3535 1830 hau:
3560 1773 3744 1828 obiter

2169 1868 2409 1948 tetigisse
2431 1876 2678 1931 sulliciat.

494 1954 595 2020 ptis
629 1955 879 2025 Origenis
904 1972 1089 2026 agens,
1125 1958 1298 2027 deque
1332 1960 1498 2014 variis
1553 1959 1751 2028 quibus
1797 1959 1885 2013 illa
1934 1974 2063 2014 con-

2232 1971 2343 2026 Vll.
2370 1969 2554 2025 Finem
2583 1967 2708 2023 huic
2740 1967 3078 2037 imponemus
3102 1960 3352 2026 sectioni,
3402 1956 3740 2013 adducentes

495 2047 717 2101 stabant
772 2047 1328 2117 interpretationibus,
1359 2049 1433 2103 ita
1485 2051 1671 2105 scribit
1707 2095 1718 2107 .
1768 2051 1980 2115 Ταύτας
2005 2051 2063 2103 δὲ

497 2138 710 2202 ἁπάσας
738 2138 832 2191 ἐπὶ
864 2137 1059 2191 ταύτὸν
1090 2136 1431 2208 συναῖγαγὼν,
1461 2140 1647 2195 διελών
1676 2159 1735 2195 τε
1780 2143 1914 2215 πρὸς
1956 2142 2065 2197 κῶ-

494 2223 605 2286 λον,
667 2225 763 2278 καὶ
811 2225 1199 2297 ἀντιπαραθεὶς
1255 2227 1529 2299 ἀλλήλαις,
1584 2231 1722 2301 μετὰ
1763 2233 1858 2285 καὶ¹
1894 2233 2064 2303 αὐτῆς

493 2316 591 2386 τῆς
632 2316 896 2387 Ἐϐραίων
928 2317 1276 2389 σημειώσεως
1296 2360 1312 2385 ,
1336 2322 1407 2375 τὰ
1440 2322 1545 2374 τῶν
1569 2322 1872 2393 λεγομένων
1904 2324 2065 2388 Ἐξα-

494 2405 666 2459 πλῶν
695 2408 824 2478 ἡμῖν
851 2409 1157 2479 ἀντίγραφα
1180 2409 1596 2466 καταλέλοιπεν.
1649 2431 1670 2464 α
1692 2413 1786 2469 His
1814 2415 2064 2469 omnibus

496 2497 548 2549 in
573 2512 738 2550 unum
772 2499 840 2552 ab
862 2512 926 2552 eo
953 2500 1216 2564 collectis,
1244 2509 1299 2554 et
1336 2516 1432 2569 per
1483 2502 1599 2555 cola
1642 2502 1849 2566 divisis,
1885 2518 1948 2556 ac
1979 2503 2063 2557 in-

494 2589 665 2643 vicem
698 2604 729 2643 e
755 2590 974 2659 regione
1001 2593 1262 2658 oppositis
1288 2632 1305 2656 ,
1333 2607 1454 2645 cum
1489 2592 1807 2646 llebraicum
1845 2606 2066 2661 przeter-

497 2694 561 2740 ea
621 2689 934 2735 contextum
953 2675 1331 2751 ascripsisset,
1348 2680 1676 2761 exemplaria
1701 2682 1857 2737 nobis
1885 2680 2067 2736 Hexa-

496 2772 722 2840 plorum,
753 2772 826 2827 uti
851 2773 1105 2842 appellari
1130 2774 1328 2835 solent,
1364 2773 1603 2843 reliquit.
1637 2793 1656 2826 ι
1716 2774 1868 2842 Quod
1901 2774 2064 2830 Euse-

498 2865 616 2919 bius
647 2864 944 2935 σημείωσιν
982 2866 1247 2937 Ἐϐραίων
1276 2866 1430 2932 dixit,
1465 2869 1802 2922 commodius
1828 2867 2069 2938 παραθέ-

498 2972 611 3020 σεις
641 2956 738 3027 τῆς
793 2955 1085 3028 Ἐϐραῐκῆς
1116 2958 1412 3030 ἑρμηνείας
1471 2959 1807 3029 Epiphanius
1860 2975 2067 3014 nuncu-

499 3051 666 3116 pavit,
702 3049 859 3118 quasi
917 3050 1088 3115 dicas,
1142 3068 1161 3101 ι
1199 3051 1596 3121 adjunctioues,
1645 3051 2000 3120 adjectioncs.
2040 3071 2060 3104 ι

497 3143 708 3211 Optime
737 3157 951 3213 quoque
974 3142 1307 3212 Nicephorus
1333 3144 1784 3216 παρασημείωσιν
1813 3144 2065 3209 reddidit,

2165 2064 2293 2118 illud
2354 2062 2625 2116 Ambrosii
2674 2075 2704 2115 e
2748 2058 2843 2112 lib.
2873 2075 2929 2123 v,
2985 2057 3144 2126 epist.
3178 2055 3249 2110 45
3281 2071 3296 2107 :
3342 2072 3363 2105 ι
3399 2050 3470 2106 Et
3496 2050 3544 2105 si
3570 2049 3742 2104 sciam

2165 2156 2307 2226 quod
2345 2153 2475 2208 nihil
2505 2152 2776 2209 dilIicilius
2797 2151 2892 2213 sit,
2918 2165 3080 2219 quam
3107 2147 3175 2201 de
3224 2143 3461 2214 apostoli
3509 2140 3741 2195 lectione

2165 2248 2453 2309 disserere,
2508 2259 2630 2299 cum
2687 2243 2804 2313 ipse
2849 2242 3112 2310 Origenes
3162 2237 3324 2308 longe
3365 2234 3554 2288 minor
3588 2232 3666 2286 sit
3684 2230 3740 2283 in

2165 2339 2332 2403 Novo,
2365 2352 2524 2406 quam
2548 2337 2602 2389 in
2635 2334 2810 2390 Veteri
2844 2332 3212 2388 Testamento.
3250 2345 3272 2375 ι
3302 2326 3474 2394 Cujus
3499 2323 3580 2378 rei
3615 2338 3743 2377 cau-

2165 2440 2251 2480 sas
2278 2425 2535 2494 quan-euti
2570 2423 2700 2478 mihi
2748 2424 2800 2478 id
2842 2420 3134 2484 succurrit,
3155 2428 3311 2495 actate
3334 2414 3598 2484 Origenis
3632 2412 3743 2482 plu-

2167 2517 2317 2571 ribus
2356 2516 2781 2581 commentariis,
2806 2511 3361 2581 interpretationibus,
3388 2508 3742 2564 dissertatio-

2166 2610 2344 2674 nibus,
2365 2609 2746 2665 traditionibus
2772 2608 3099 2663 illustratum
3130 2603 3300 2659 fuisse
3325 2600 3739 2671 Testamentum

2166 2702 2356 2765 Vetus,
2382 2716 2542 2771 quam
2573 2700 2803 2766 Novum,
2839 2699 2994 2769 cujus
3036 2697 3427 2755 recouditiores
3451 2692 3745 2749 sententi:

2166 2809 2553 2865 perpaucorum
2586 2794 2847 2849 industria
2878 2791 3092 2847 fuerant
3123 2790 3193 2845 ad
3240 2790 3344 2843 hoc
3392 2794 3616 2854 tempus
3665 2784 3745 2836 io-

2165 2887 2483 2958 vestigataa;
2537 2885 2874 2957 proindeque
2926 2884 3345 2939 instrumentum
3415 2877 3588 2932 Vetus
3637 2885 3745 2929 trao

2167 2988 2406 3033 ctantem
2439 2976 2821 3032 Adamantium
2864 2972 3054 3042 majori
3093 2973 3256 3027 fuisse
3288 2970 3342 3025 in
3392 2968 3518 3023 luco
3564 2982 3744 3021 versa-

2169 3078 2301 3133 tum,
2329 3082 2635 3137 quamcum
2673 3063 2822 3121 Novo
2862 3064 3179 3135 explicando
3199 3075 3425 3131 operam
3449 3075 3609 3115 suam
3650 3076 3741 3112 na—

2168 3168 2337 3214 varet.
2358 3157 2473 3215 Huc
2497 3158 2707 3215 accedit
2733 3157 2968 3228 antiqua:
2993 3155 3127 3229 legis
3155 3154 3447 3225 abrogatas
3480 3167 3746 3209 caeremo-

498 3235 599 3290 hoc
626 3246 771 3300 est,c
802 3236 1214 3306 descriptionem
1243 3237 1309 3291 ad
1347 3237 1489 3290 aliud
1545 3238 1818 3301 additam;
1857 3255 1875 3287 ι
1912 3234 2065 3290 addi-
2096 3299 2137 3320 η
2171 3252 2289 3309 nias
2338 3262 2392 3308 ει
2434 3253 2637 3320 judicia
2687 3262 3058 3314 cnam-amem,
3115 3250 3323 3304 ηιίηοη
3390 3247 3642 3316 pel-icqu
3692 3247 3743 3299 ξι,

499 3336 550 3379 ta
582 3327 725 3380 enim
759 3328 1063 3397 praepositio
1112 3336 1262 3382 notat
1312 3342 1435 3382 esse
1468 3327 1575 3380 τῶν
1616 3327 1751 3398 πρός
1798 3344 1871 3381 τι.
1931 3327 2064 3382 Cum
2094 3301 2140 3359 Ο

497 3431 628 3487 ergo
654 3418 857 3472 scholia
904 3428 961 3472 et
1009 3419 1429 3483 commentaria,
1481 3419 1706 3473 alterius
1755 3418 2069 3489 scriptionis

496 3508 831 3577 explicanda:
860 3508 1031 3576 gratia
1061 3509 1222 3564 scribi
1243 3511 1472 3573 soleant,
1501 3511 1659 3579 eique
1680 3526 1821 3579 saepe
1849 3510 2070 3581 adjungi

496 3606 559 3652 et‘
608 3599 675 3651 ad
717 3612 870 3652 oram
936 3600 1144 3663 attexi,
1204 3610 1490 3669 pr0pterea
1545 3598 1872 3670 σημειώσεις
1925 3609 2073 3655 recte

499 3691 642 3744 dicta
686 3698 815 3744 sunt
857 3704 872 3742 :
935 3704 1110 3759 neque
1165 3690 1439 3746 immerito
1491 3690 1801 3746 Philocalia:
1833 3700 2071 3746 textores

501 3779 602 3833 hoc
634 3777 953 3832 vocabulum
981 3778 1424 3845 Commentariis,
1454 3779 1815 3860 Hieronymus
1837 3779 2072 3836 Scholiis

502 3867 756 3926 tribuere.

569 3958 635 4014 ν.
664 3959 950 4014 Communi
990 3974 1202 4030 quoque
1236 3958 1576 4032 ἐξηγητικῶν
1607 3958 1762 4016 titulo
1805 3959 2070 4031 Tetrapla,

501 4052 741 4123 Hexapla
781 4063 836 4108 et
880 4051 1100 4113 Octapla
1145 4050 1394 4119 Origenis
1457 4051 1903 4123 complectimur,
1951 4068 2073 4123 qua:

499 4145 715 4214 proprio
748 4142 1002 4198 vocabulo
1032 4141 1400 4214 ἑρμηνευτικὰ
1429 4144 1697 4212 appellare
1728 4144 1918 4212 possis.
1938 4144 2071 4199 (lum

499 4240 641 4292 enim
671 4253 733 4291 cx
765 4237 927 4292 variis
963 4235 1261 4305 Scriptum
1312 4234 1542 4291 conﬂata
1577 4239 1688 4291 sint
1746 4239 2072 4308 interpreta-

502 4329 758 4393 tionibus,
789 4332 842 4382 in
900 4342 1022 4381 eum
1086 4328 1271 4383 venire
1322 4327 1626 4382 debuerunt
1680 4344 1928 4394 censum,
1962 4344 2071 4399 quo

499 4434 831 4490 quaecunque
870 4421 943 4472 ad
992 4418 1450 4489 interpretandam
1500 4418 1836 4488 Scripturam
1889 4420 2072 4475 elabo-

505 4513 643 4564 ravit
667 4510 1045 4573 Adamantius,
1076 4511 1446 4565 continentur.
1483 4509 1598 4565 lluc
1632 4512 1816 4578 adjicit
1869 4513 2073 4578 episto-

2169 3343 2452 3415 allegorias
2481 3346 2790 3401 excurrisse
2817 3354 2873 3401 et
2923 3343 3261 3398 destruxisse
3298 3341 3569 3403 litteram,
3587 3352 3747 3408 quam

2170 3449 2293 3488 cum
2349 3432 2551 3488 Christi
2608 3435 2822 3489 decreta
2886 3443 2940 3487 et
2991 3433 3302 3486 sanctiones
3349 3428 3742 3500 apostolorum.

2170 3525 2472 3595 dogmatum
2490 3538 2710 3579 suorum
2742 3523 2980 3578 novitate
3011 3522 3350 3592 depravaret.

2773 3682 3018 3740 SECTIO
3052 3681 3123 3737 ll.

2171 3794 2392 3835 SINGULA
2432 3794 2680 3836 ORIGBNIS
2716 3793 3038 3842 EXEGETICA,
3078 3791 3293 3841 QUORU!
3333 3790 3405 3829 AD
3457 3790 3563 3831 50$
3623 3790 3748 3830 ηι-

2514 3866 2673 3905 νεκιτ
2702 3867 2921 3905 ΝΟΤΙΊἹΑ
2941 3890 2956 3914 ,
2986 3861 3403 3904 ESllIERARTCR.

2171 3961 2212 4015 Ι.
2244 3961 2636 4032 Enumerantur
2655 3961 2894 4032 Origenis
2919 3962 3181 4032 exegetiga
3215 3962 3267 4014 in
3292 3959 3744 4032 Pentateucum;

2243 4031 2305 4085 ll.
2345 4032 2410 4085 In
2441 4031 2627 4099 Josue,
2659 4029 2893 4098 Iudices,
2927 4029 3084 4085 libros
3124 4029 3343 4097 Regum.
3371 4029 3739 4099 Paralipome-

2243 4119 2394 4157 ncon.
2437 4095 2626 4155 Esdrre
2661 4114 2708 4156 et
2740 4095 2998 4164 Jabflll.
3047 4104 3100 4153 in
3136 4095 3501 4161 Psalterium;
3569 4095 3655 4149 ιν.
3690 4097 3744 4148 in

2247 4170 2550 4235 Proverbia,
2584 4173 2932 4226 Ecclesiasten
2959 4184 3005 4224 et
3031 4171 3338 4233 Canticum;
3384 4167 3452 4223 ν.
3509 4169 3569 4221 in
3630 4181 3743 4217 ιιι-

2236 4242 2379 4309 jores
2410 4244 2684 4309 prophetas
2714 4253 2978 4308 quatuor;
3021 4238 3107 4292 Vl.
3129 4252 3176 4292 et
3201 4241 3253 4309 in
3288 4240 3524 4309 minores
3548 4238 3743 4289 deodeo

2242 4307 2379 4374 rim,
2414 4307 2522 4366 Vll.
2557 4313 2676 4365 item
2722 4307 2775 4364 in
2824 4309 3128 4364 Matthwum
3151 4348 3165 4370 ,
3200 4308 3397 4361 Lucam
3421 4347 3440 4370 ,
3483 4307 3744 4361 Joannes

2243 4392 2293 4433 et
2331 4382 2461 4433 Acta
2525 4382 2911 4445 apostatarum;
2982 4377 3113 4434 Vlll.
3156 4377 3426 4447 Epistolas
3484 4375 3645 4430 Paeti
3697 4381 3745 4427 et

2237 4452 2627 4519 Apocalypstm.

503 4603 582 4657 ⁸³5
637 4601 828 4656 δίκαιε
887 4599 1163 4665 Senensis.
1216 4601 1359 4668 (μιοά
1408 4603 1716 4669 βτοροδῖιαε
1763 4604 1864 4657 Sibi
1924 4603 2070 4658 Circa
2104 4636 2149 4691 ι)
2247 4609 2286 4666 l.
2355 4610 2638 4681 Postquam
2692 4610 2839 4664 varia
2890 4607 3337 4680 Origemanorum
3404 4605 3742 4675 Exegeticuu

503 4694 793 4763 Scriptura:
849 4692 1262 4748 illustratiouem
1329 4696 1657 4761 quiestiones
1726 4695 2071 4750 rescribendo

501 4784 759 4855 Origenes
788 4782 1115 4837 dissolverit.
1146 4782 1216 4836 At
1265 4796 1387 4836 cum
1446 4782 1550 4836 alia
1585 4797 1801 4853 quoque
1835 4798 1931 4852 per
1961 4784 2074 4853 epi-

500 4876 666 4930 stolas
690 4883 1007 4944 argumenta
1036 4883 1299 4930 tractasse
1329 4875 1503 4945 ipsum
1532 4886 1761 4940 constet,
1779 4875 1925 4930 velut
1950 4891 2072 4930 cum

501 4969 567 5021 ad
589 4967 891 5038 Philippum
916 4967 1324 5037 imperatorem,
1356 4969 1439 5023 vel
1480 4972 1547 5023 ad
1584 4968 1866 5038 coajugem
1900 4968 2074 5038 ipsius

503 5063 781 5129 Severam,
809 5062 894 5117 vel
914 5064 982 5117 ad
1014 5060 1315 5116 Fabianum
1350 5076 1542 5132 papam
1579 5061 1700 5115 lidei
1755 5076 1866 5114 sua:
1912 5059 2074 5130 proli-

505 5157 676 5211 tendze
732 5170 895 5210 causa
945 5156 1225 5220 scriberet,
1278 5154 1474 5209 merito
1532 5155 1674 5207 inter
1733 5162 2072 5223 syntagmata

461 5238 465 5242 ’
502 5248 757 5316 epistolas
782 5249 951 5317 ipsius
981 5247 1349 5317 conjiciendas
1375 5262 1681 5301 censemus.

572 5340 662 5396 Vl.
683 5340 784 5408 Qui
811 5340 1230 5411 interpretandis
1259 5338 1553 5409 Scripturis
1598 5340 1790 5410 triplex
1815 5339 2069 5413 ἐξηγητι-

501 5432 615 5486 κῶν
641 5447 810 5500 genus
837 5431 1085 5485 adhibuit
1141 5431 1429 5503 Origenes,
1465 5432 1511 5485 is
1569 5430 1834 5498 triplicem
1868 5449 1933 5487 ex
1968 5433 2073 5489 illis

502 5539 718 5576 sensum
760 5535 949 5577 eruere
993 5537 1056 5576 ac
1085 5522 1418 5589 investigare
1474 5522 1794 5585 consuevit;
1851 5522 2072 5577 histori-

503 5630 649 5679 tum,
683 5629 841 5683 quem
869 5623 922 5667 et
950 5613 1143 5667 litterae
1172 5628 1393 5667 sensum
1443 5611 1736 5681 appellant,
1786 5614 2070 5681 mysticum

505 5715 559 5756 et
607 5704 882 5759 moralem.
920 5703 1010 5758 Sic
1061 5705 1147 5757 ille
1175 5704 1359 5758 homil.
1392 5702 1458 5755 17
1490 5705 1543 5754 in
1589 5700 1802 5766 Genes.,
1836 5720 1985 5759 num.
2015 5707 2068 5770 l,

506 5792 699 5863 p.106,
732 5794 817 5847 ubi
853 5796 964 5864 agit
992 5795 1060 5848 de
1088 5775 1564 5848 benedictionibus.
1585 5791 2012 5860 patriarcharum
2052 5811 2067 5847 :

509 5910 528 5939 ι
568 5884 621 5937 lu
653 5885 767 5951 ipso
792 5894 969 5937 autem
1002 5898 1232 5953 corpore
1261 5893 1315 5939 et
1356 5882 1497 5938 serie
1537 5882 1845 5948 verborum,
1893 5901 2070 5957 neque

2176 4718 2374 4773 genera
2441 4704 2897 4771 percensuimus;
2942 4701 3183 4770 singulas
3234 4714 3380 4754 nunc
3436 4700 3743 4767 esegeticas

2174 4794 2579 4850 lucubrationes
2627 4806 2950 4849 enumerare
3004 4793 3183 4855 decet,
3243 4805 3477 4857 quarum
3532 4790 3602 4842 ad
3655 4805 3743 4840 no-

2173 4895 2341 4942 stram
2368 4894 2577 4940 aetatem
2611 4885 2798 4941 notitia
2832 4886 3095 4953 pervenit.
3127 4881 3261 4935 Nam
3285 4895 3351 4935 ex
3388 4878 3601 4951 ingenti
3626 4878 3742 4939 hac,

2172 4992 2337 5048 quam
2400 4976 2656 5042 diximus,
2703 4973 3060 5044 scriptionum
3105 4973 3382 5039 congerie,
3418 4985 3530 5022 non
3594 4967 3742 5020 modo

2173 5083 2299 5139 pars
2348 5067 2621 5123 intercidit
2651 5067 2908 5129 maxima,
2944 5063 3038 5118 sed
3081 5061 3379 5114 multarum
3398 5060 3570 5113 etiam
3610 5054 3743 5111 tituli

2173 5176 2237 5214 ac
2266 5158 2484 5214 nomina
2539 5157 2940 5214 obsoleverunt.
2973 5151 3429 5220 Quarumcunque
3456 5163 3593 5217 ergo
3640 5162 3741 5200 me-

2174 5251 2344 5305 moria
2383 5249 2561 5320 aliqua
2608 5250 2660 5303 in
2688 5258 2937 5303 veterum
2985 5242 3206 5312 scriptis
3231 5252 3448 5295 servata
3480 5253 3591 5303 est,
3657 5249 3743 5290 eas

2174 5342 2578 5397 recensebimus
2607 5340 2903 5410 sigillatim,
2938 5347 2993 5393 et
3020 5337 3177 5406 juxta
3202 5332 3469 5388 librorum
3501 5327 3740 5399 Scriptu—

2172 5449 2246 5488 ra:
2275 5449 2443 5488 sacrae
2468 5434 2712 5487 ordinem
2746 5430 3073 5499 digeremus.

2246 5525 2445 5581 Scribit
2468 5524 2821 5594 Epiphanius,
2847 5538 2910 5577 ex
2945 5534 3114 5588 eoque
3157 5516 3470 5578 Cedrenus,
3529 5523 3588 5568 et
3630 5510 3738 5567 Sui.

2172 5617 2288 5683 das,
2315 5615 2554 5686 singulos
2578 5615 2879 5683 Scriptura:
2908 5625 3076 5666 sacra:
3100 5607 3269 5663 libros
3289 5603 3546 5673 Origenis
3568 5602 3736 5656 studio

2173 5707 2339 5762 fuisse
2367 5709 2773 5782 interpretatos.
2804 5697 3207 5769 Auspicandum
3247 5710 3275 5748 a
3306 5692 3506 5749 Genesi
3528 5732 3543 5756 ,
3583 5702 3732 5762 quam

2174 5798 2434 5854 tredecim
2494 5794 3011 5851 commentariorum
3063 5788 3214 5841 libris
3276 5793 3331 5838 et
3388 5782 3731 5853 mysticorum

2174 5888 2514 5961 bouiiliarum
2547 5886 2701 5941 libris
2726 5884 2932 5940 duobus
2966 5879 3269 5950 explicasse
3298 5877 3472 5946 ipsum
3517 5882 3729 5929 testatur
