3952 6558
300 416 442 473 1197

1144 414 1712 471 ORlGE‘NlANORUM
1755 415 1881 469 LIB.
1924 416 2012 477 111,
2053 414 2203 471 CAP.
2232 416 2312 478 Jl,
2356 414 2551 471 SECT.
2587 416 2649 470 ll.

3396 425 3534 482 “98

295 535 658 606 Hieronymus
683 534 823 605 apud
854 534 1110 590 Rufinum
1135 538 1334 591 Invect.
1367 535 1459 589 lib.
1494 551 1555 589 ιι.
1587 532 1698 605 (58)
1724 533 1865 588 Idem
1900 543 1938 595 Α
1970 536 2025 588 in
2050 531 2336 587 Leviticum
2364 532 2724 605 fragmentum
2760 535 2986 590 habetur
3016 534 3324 595 Philocaliar
3360 543 3537 613 primo

290 637 490 697 qurest.
532 628 559 681 1
608 628 673 681 ad
704 627 915 682 Damas.
957 636 1139 682 narrat
1171 627 1549 681 Adamantium
1612 626 1869 681 duodeci-

293 737 445 776 mum
475 731 528 776 et
553 720 817 776 decimum
853 723 1067 775 tertium
1111 719 1303 773 librqu
1334 719 1855 773 Commentariorum

289 828 520 869 suorum
583 815 638 867 in
692 813 935 869 Genesim
988 813 1115 869 huic
1167 813 1285 866 loco
1336 811 1651 882 exponendo
1675 826 1866 865 cense-

288 917 479 957 crasse
513 919 527 956 :
556 920 576 954 r
616 903 807 960 Omnis
830 904 919 972 qui
945 903 1205 957 occiderit
1248 902 1401 965 Cain,
1431 901 1730 970 septuplum
1771 916 1865 968 pu-

289 992 478 1047 nietur
501 993 606 1045 “.i
640 992 774 1047 Hinc
792 993 1164 1046 emendandus
1193 992 1456 1045 Eusebius
1485 990 1635 1059 cujus
1658 990 1794 1044 libro
1810 1006 1863 1044 vi

290 1080 462 1146 Εἰσί..
518 1098 635 1151 cap.
684 1083 755 1138 24
782 1123 796 1148 ,
841 1083 955 1138 haec
976 1082 1227 1152 leguntur
1254 1098 1270 1136 :
1296 1080 1451 1135 Κατὰ
1481 1081 1538 1135 δὲ
1564 1081 1624 1134 τὸ
1652 1082 1865 1135 ἔννατον

286 1172 403 1226 τῶν
426 1176 512 1240 εὶς
527 1173 642 1242 τὴν
666 1174 920 1229 Γένεσιν
943 1176 1167 1245 (δώδεκα
1181 1174 1239 1227 δέ.
1266 1177 1381 1228 ἐστι
1404 1174 1597 1243 πάντα)
1625 1174 1683 1225 οὺ
1710 1174 1865 1243 μόνον

285 1266 419 1330 τοὺς
473 1266 579 1337 πρὸ
631 1266 721 1320 τοῦ
758 1267 976 1321 ἐννάτου
1009 1267 1157 1339 δηλοῖ
1192 1267 1285 1321 ἐπὶ
1317 1267 1416 1337 τῆς
1461 1265 1866 1337 Ἀλεξανδρείας

286 1358 789 1429 ὑπεμνηματίσθαι.
825 1377 843 1409 ι
891 1359 945 1412 In
970 1375 1109 1413 nono
1131 1369 1309 1413 autem
1342 1357 1863 1412 Commentariorum

286 1450 349 1502 in
388 1449 625 1504 Genesim
659 1449 805 1521 (sunt
850 1458 1027 1504 autem
1060 1451 1280 1505 omnino
1314 1449 1613 1517 duodecim)
1648 1462 1750 1503 non
1778 1462 1865 1502 so-

286 1541 402 1595 lum
430 1557 523 1598 eos
549 1544 642 1613 qui
678 1558 876 1598 nouum
903 1543 1232 1614 praecedunt,
1253 1542 1491 1597 ostendit
1526 1540 1865 1595 Alexandria:

286 1633 462 1688 fuisse
514 1634 889 1703 compositos.»
926 1632 1217 1687 Eusebium
1276 1639 1496 1687 secutus
1528 1640 1611 1685 est
1641 1631 1857 1685 Suidas.

284 1726 447 1795 Saepe
478 1736 655 1781 autem
689 1726 741 1780 in
773 1740 1116 1781 numerorum
1151 1725 1294 1778 notis
1328 1722 1583 1781 labuntur
1611 1722 1857 1786 librarii;

285 1815 415 1871 inde
447 1815 673 1871 fortasse
704 1831 893 1881 error,
929 1815 1162 1883 ascripto
1196 1814 1261 1867 ιδ’
1313 1828 1410 1884 pro
1452 1820 1552 1881 ιγ’·
1592 1812 1674 1867 vel
1712 1823 1861 1867 certe

286 1923 346 1960 ιιι
370 1923 434 1963 eo
464 1908 649 1964 codice
678 1923 786 1978 quo
808 1908 1054 1963 utebatur
1081 1906 1362 1971 Eusebius,
1385 1906 1436 1959 in
1459 1922 1620 1959 unum
1646 1906 1863 1960 coalne-
1892 1891 1933 1945 Β

294 2008 426 2052 rnnt
477 2001 807 2070 posteriores
853 2000 970 2054 libri
1028 2000 1161 2065 duo,
1193 2006 1377 2068 utpote
1433 1998 1525 2067 qui
1550 1998 1695 2052 circa
1723 1996 1859 2051 idem

283 2104 665 2162 argumentum
698 2102 1061 2148 versarentur.
1540 2082 1561 2101 ¹

362 2182 754 2250 Septemdecim
816 2183 1069 2240 homilias
1100 2186 1155 2238 in
1193 2183 1431 2238 Genesim
1460 2183 1729 2252 hodieque
1771 2198 1862 2235 su-

286 2275 544 2342 perstites
571 2273 796 2329 Rufinus
825 2274 1021 2329 Latino
1046 2290 1297 2331 sermone
1318 2276 1539 2329 donavit
1572 2294 1585 2330 :
1614 2276 1860 2331 diversas

285 2364 412 2419 illas
438 2380 556 2421 esse
578 2382 606 2419 a
632 2368 870 2437 mysticis
896 2369 1129 2423 homiliis
1156 2369 1295 2423 infra
1322 2369 1687 2423 ostendemus.
1716 2367 1858 2421 Idem

284 2465 438 2509 certe
483 2455 841 2527 Hieronymus
892 2458 945 2511 in
998 2458 1223 2526 epistola
1258 2458 1382 2521 126,
1427 2458 1493 2512 ad
1544 2457 1856 2526 Evagrium,

283 2547 482 2601 scribit
530 2547 820 2618 Origenem
851 2548 904 2602 in
939 2550 1110 2619 prima
1140 2551 1486 2603 bomiliarnm
1539 2552 1591 2603 in
1620 2549 1859 2603 Genesim

284 2638 359 2691 de
392 2636 781 2693 Melchisedech
813 2640 1173 2695 disseruisse:
1209 2640 1319 2710 (59)
1356 2641 1506 2710 cujus
1534 2656 1654 2694 cum
1717 2641 1858 2693 nulla

284 2728 552 2782 habeatur
578 2730 857 2784 mentioin
904 2732 1076 2798 prima
1134 2731 1472 2785 homiliarmu
1507 2745 1626 2798 qua:
1674 2744 1861 2800 super-

284 2829 434 2883 sunt,
483 2820 822 2875 concluditur
859 2820 940 2875 vel
1006 2821 1308 2890 respexisse
1364 2820 1745 2890 Hieronymum
1792 2821 1858 2872 ad

284 2911 525 2977 priorem
566 2912 912 2982 mysticarum
960 2911 1303 2966 homiliarum
1329 2950 1345 2975 ,
1380 2911 1463 2964 vel
1499 2910 1678 2978 plures
1720 2910 1857 2964 alias

284 3003 634 3057 homiliarum
667 3005 720 3056 in
747 3001 990 3057 Cenesim
1022 3002 1364 3057 collectiones
1392 3002 1686 3056 exstitisse.

363 3094 683 3164 Fragmenta
716 3095 920 3164 aliquot
958 3110 990 3150 e
1039 3096 1199 3149 tomis
1232 3094 1483 3164 Origenis
1521 3094 1575 3146 in
1617 3092 1857 3146 Exedunt

281 3183 550 3238 vicesimo
600 3195 753 3239 sexto
796 3182 1107 3237 Pliilocaliw
1171 3184 1347 3251 capite
1402 3183 1768 3236 continentur.
1798 3180 1855 3233 In

284 3277 537 3329 eumdem
575 3284 833 3344 praeterea
869 3275 1088 3339 librum,
1122 3285 1175 3329 et
1200 3274 1253 3327 in
1291 3274 1574 3328 Leviticum
1610 3283 1859 3342 excerpta

285 3381 390 3418 seu
436 3366 640 3421 scholia
668 3367 955 3436 scripsisse
986 3382 1107 3421 eum
1142 3366 1304 3419 tradit
1332 3365 1688 3435 Hieronymus
1722 3365 1859 3434 apud

284 3457 545 3513 Ruﬁnum
567 3461 634 3515 δι.
659 3460 770 3531 (60)
803 3460 1089 3516 Duodecim
1106 3474 1233 3513 vero
1256 3458 1506 3513 homilias
1540 3458 1592 3511 in
1626 3455 1860 3524 priorem

286 3551 437 3606 hunc
486 3552 782 3619 Scripturaa
839 3552 1060 3615 librum,
1105 3552 1380 3607 sexdecim
1431 3550 1483 3604 in
1528 3559 1861 3619 postremum

285 3642 519 3700 Ruﬁnus
565 3643 757 3700 Latine
788 3643 1009 3700 refudit.
1042 3643 1197 3698 Aliud
1245 3656 1311 3696 ex
1369 3641 1591 3697 homilia
1621 3642 1862 3695 secunda

361 3756 409 3788 “
437 3755 636 3811 Cenes.
675 3770 746 3816 tv,
778 3754 864 3808 14.
940 3753 982 3785 ⁸¹
1020 3752 1201 3808 Rufin.
1245 3752 1444 3807 Invect.
1479 3752 1571 3806 lib.
1606 3766 1665 3804 ιι.

364 3852 478 3922 (58)
510 3852 657 3922 lden_t
694 3850 948 3922 qu¢st._i
988 3855 1055 3903 ad
1110 3849 1355 3922 Damas._
1382 3857 1562 3922 narrat
1591 3847 1863 3922 Adaman-

288 3915 583 3989 tiuin,'etc.
617 3915 716 3974 Ex'
756 3921 840 3974 his
892 3919 1200 3990 Hieronymi
1248 3918 1448 3990 verbis
1476 3917 1642 3990 liquet
1698 3915 1861 3969 hosce

288 3985 719 4048 commentarios
760 4006 866 4044 non
898 3985 1210 4059 progreSsos
1242 4004 1362 4043 esse
1394 3986 1538 4059 ultra
1589 3985 1861 4059 Qeiieseos

286 4073 456 4133 caput
484 4070 761 4133 quartum:
794 4054 944 4133 Quod
968 4054 1181 4133 quidem
1236 4059 1361 4133 ipse
1393 4057 1562 4133 innuit
1603 4054 1860 4133 Origenes

290 4126 389 4187 lili.
421 4148 470 4185 v1
502 4126 691 4204 contra
721 4128 883 4194 σοι...
907 4126 1056 4204 num.
1083 4129 1174 4192 49,
1202 4128 1289 4204 ubi
1314 4128 1423 4181 ait:
1458 4127 1637 4204 r_(_)uod
1667 4126 1710 4178 si
1740 4126 1859 4204 quis

292 4204 479 4256 videre
499 4202 768 4255 desiderat
795 4193 912 4273 quae
935 4199 1087 4254 nobis
1121 4198 1383 4273 proditam
1414 4212 1442 4248 a
1465 4195 1643 4265 Moyse
1675 4193 1856 4273 mundi

292 4273 625 4327 creationem
652 4263 1039 4343 persuadeant;
1065 4263 1135 4323 et'
1158 4267 1353 4337 quibus
1390 4263 1721 4343 argumentis
1767 4263 1855 4343 illa

290 4332 667 4406 confirmetur,
693 4348 871 4395 sumat
903 4340 954 4394 in
1005 4332 1195 4392 manus
1229 4352 1347 4405 quae
1393 4332 1747 4406 in'Genesim
1780 4332 1857 4406 ab

292 4413 450 4467 initio
476 4403 736 4478 usquead
759 4411 873 4465 haec
909 4428 924 4463 :
964 4407 1060 4461 Hic
1091 4419 1163 4461 est
1202 4403 1358 4478 Liber
1399 4403 1857 4478 generationis/io-

293 4485 499 4536 mitium
530 4473 741 4553 (Cenes.
767 4479 933 4553 v.1),
965 4476 1315 4553 comment-ali
1355 4473 1586 4553 stinius;_
1608 4491 1626 4523 ι
1658 4473 1857 4542 quibus

295 4554 495 4622 capitis
522 4544 695 4621 quinti
730 4544 939 4622 initium
992 4544 1680 4622 continetur.__Notandoin
1720 4556 1855 4622 prae-

294 4609 443 4693 terea
487 4609 683 4693 τᾶμους
744 4622 797 4674 in
849 4619 1099 4693 Genesim
1154 4632 1260 4670 non
1316 4617 1559 4693 diversos
1594 4609 1856 4693 viderinab

293 4692 439 4762 illius
489 4681 650 4762 opere
700 4693 841 4761 quod
887 4687 1432 4762 Hieronymusepist.
1462 4683 1551 4749 4|,
1603 4681 1851 4762 alias‘65,

298 4755 664 4816 Hexaemeron
696 4755 873 4823 vocat,
904 4775 1021 4812 cum
1053 4755 1158 4830 ait:
1197 4776 1214 4808 ι
1244 4755 1856 4830 NupersauctusnAm-

292 4833 512 4887 brosius
548 4835 627 4886 sic
659 4822 1023 4884 Hexaemeron
1050 4829 1191 4882 illius
1213 4822 1500 4897 (Origenis)
1525 4822 1853 4889 compilavit,

294 4912 354 4955 nt
401 4904 572 4971 magis
616 4901 884 4971 Hippolyti
928 4896 1231 4953 sententias
1278 4896 1568 4964 Basiliique
1599 4906 1855 4961 sequere-

294 4983 478 5113 ω’ξὲεῖ)
514 5041 678 5111 Cujus
712 5057 829 5094 cum
876 5039 1017 5092 nulla
1062 5036 1324 5113 habeatur.
1351 5033 1544 5113 mentio
1582 5031 1636 5082 in
1690 5030 1856 5113 primo

290 5100 632 5166 [lautitiarum
682 5127 798 5181 quae
841 5116 1135 5181 supersunt,
1164 5105 1526 5181 rant-luditur,
1554 5113 1693 5181 etc.“
1716 5100 1858 5152 Nihil

291 5186 510 5250 quidem
536 5169 799 5251 ejusniodi
844 5169 1111 5251 reperitur
1163 5175 1217 5227 in
1272 5176 1448 5251 prima
1514 5169 1855 5251 homiliartnn

290 5242 415 5321 quia:
454 5242 764 5320 supersunt,
793 5242 920 5322 imo:
941 5263 1040 5302 nec
1072 5247 1123 5322 in
1163 5244 1393 5322 caeteris.
1421 5242 1492 5294 At
1538 5242 1857 5322 verkoai-ia:

290 5311 420 5375 olim
456 5311 674 5376 fuerunt
723 5311 1063 5374 h—omiliarnm
1096 5311 1430 5387 in-_Genesim
1488 5311 1853 5387 collectiones,

296 5396 371 5445 uti
404 5393 571 5461 liquet
591 5408 660 5445 ex
688 5390 1013 5446 Cassiodoro
1039 5389 1137 5461 qui
1156 5383 1228 5436 De
1250 5380 1667 5461 irratitut._t1ivirt.
1696 5379 1855 5433 litter.

292 5479 415 5531 cap.
448 5451 499 5527 1’,
525 5461 798 5517 sexdecim
828 5451 1301 5531 tantumOrigenis
1332 5451 1583 5529 homilias
1620 5464 1858 5531 lenoni-e-

296 5518 401 5586 rai.
443 5518 597 5587 U'nde
625 5549 729 5586 non
754 5531 981 5584 absurde
1014 5528 1119 5581 dici
1150 5518 1336 5593 potest
1362 5535 1481 5597 eam
1509 5520 1561 5571 in
1616 5518 1855 5597 Genesi»:

295 5602 574 5656 bomiliam
618 5618 737 5669 qua:
784 5600 849 5652 ad
898 5613 993 5651 nos
1021 5613 1128 5669 non
1162 5591 1441 5662 pervenit,
1473 5604 1594 5669 esse
1629 5591 1854 5655 primam

292 5687 484 5725 earum
518 5668 746 5741 quarum
789 5668 1168 5741 septemdecim
1208 5668 1528 5741 supersunt,
1561 5671 1786 5741 quaeque
1826 5672 1856 5710 a

295 5733 665 5811 niysticis‘nou
699 5750 823 5794 sunt
851 5733 1092 5798 diversae,
1125 5733 1353 5811 n_t__inl'ra
1385 5733 1749 5811 ostendemus:

365 5798 481 5883 '(60)
512 5811 798 5883 Duodecim
861 5823 976 5860 vero
1026 5804 1267 5883 frontibus
1322 5804 1399 5880 in_
1428 5800 1665 5883 priorem

294 5867 585 5953 Scriptura:
632 5881 842 5944 librum,
884 5887 985 5932 etc.
1037 5877 1111 5929 Ex
1172 5875 1256 5928 his
1314 5873 1527 5940 quidem
1576 5867 1855 5923 duodecim

1968 626 2173 693 capite.
2204 624 2357 693 cujus
2382 640 2450 680 ne
2471 626 2678 694 apicem
2702 628 2919 695 quidem
2963 628 3015 684 in
3063 630 3284 686 homilia
3332 631 3537 690 Latina

1967 717 2221 772 editionis
2248 718 2505 782 secunda,
2548 717 2739 773 aliisve
2780 720 3035 788 reperias.
3074 721 3151 776 Ex
3213 738 3323 792 quo
3376 723 3537 780 facile

1970 808 2244 862 intellectu
2278 820 2360 863 est
2392 809 2573 878 plures
2599 826 2811 879 quoque
2853 813 2905 865 in
2940 812 3227 867 Leviticum
3282 816 3547 871 homilia-v

1970 915 2088 953 rum
2118 900 2464 957 collectiones
2494 901 2680 957 fuisse.
2705 904 2815 973 (61)
2836 903 2890 957 ld
2924 906 3086 958 etiam
3117 920 3183 960 ex
3229 921 3296 963 eo
3338 910 3539 977 proba-

1969 1002 2075 1059 tur,
2107 995 2250 1064 quod
2281 1008 2402 1048 cum
2433 994 2649 1048 homilia
2678 995 2730 1059 4,
2751 1010 2900 1049 num.
2929 996 2981 1061 6,
3015 998 3158 1050 dicat
3194 997 3456 1068 Origenes
3477 1016 3541 1055 se

1961 1086 2073 1157 jam
2102 1104 2263 1157 supra
2298 1090 2364 1143 de
2397 1088 2555 1143 lineis
2602 1090 2842 1145 vestibus
2875 1105 3017 1160 saepe
3044 1091 3238 1161 egisse,
3262 1102 3319 1147 et
3359 1084 3538 1150 homi-

1966 1179 2034 1234 lia
2057 1178 2110 1244 6,
2139 1195 2287 1235 num.
2319 1179 2374 1242 5,
2412 1180 2643 1250 sparsim
2692 1195 2749 1235 se
2780 1191 2835 1234 et
2862 1194 3005 1249 saepe
3028 1180 3095 1237 de
3126 1184 3536 1243 consecratione

1966 1270 2263 1325 sacerdotis
2312 1280 2363 1324 et
2435 1272 2688 1326 unctione
2734 1271 3052 1328 disseruisse
3084 1317 3099 1341 ,
3157 1276 3292 1330 nihil
3350 1286 3532 1333 tamen

1964 1362 2225 1429 ejusmodi
2258 1363 2312 1416 in
2342 1362 2715 1432 superioribus
2748 1364 2964 1433 penitus
2991 1374 3188 1421 exstet.
3220 1368 3299 1420 An
3334 1383 3399 1422 ex
3430 1369 3531 1423 bo-

1966 1453 2127 1508 miliis
2154 1464 2332 1508 autem
2362 1454 2821 1524 extemporalibns
2881 1456 3251 1527 depromptum
3307 1460 3378 1515 sit
3420 1458 3532 1514 fra-

1963 1555 2239 1614 gmentum
2275 1545 2415 1600 istud
2458 1547 2622 1615 primi
2666 1546 2977 1602 Philocaliw
3009 1550 3206 1620 capitis
3240 1566 3307 1606 ex
3358 1552 3537 1608 homi-

1963 1634 2029 1688 lia
2078 1635 2114 1688 2
2162 1636 2218 1689 in
2270 1634 2575 1700 Leviticum,
2624 1652 2693 1691 an
2741 1650 2807 1691 ex
2860 1640 3151 1696 elaboratis
3205 1658 3302 1712 per
3360 1647 3532 1699 otium

1962 1726 2269 1795 (utriusque
2300 1728 2442 1782 enim
2472 1728 2687 1798 generis
2724 1729 2970 1785 homilias
2998 1732 3299 1801 profudisse
3348 1732 3535 1806 Orige-

1962 1833 2082 1871 nem
2115 1818 2604 1874 demonstrabimus
2646 1819 2809 1891 infra)
2848 1821 3109 1877 incertum
3148 1834 3249 1879 est.

2032 1907 2144 1977 (62)
2175 1908 2382 1964 Praeter
2403 1909 2655 1963 homilias
2689 1920 2812 1964 octo
2850 1920 2905 1965 et
2927 1913 3110 1982 viginti
3144 1913 3196 1967 in
3236 1912 3528 1976 Numeros.

1962 1999 2162 2054 scholia
2205 2014 2418 2070 quoque
2437 2001 2671 2055 edidisse
2696 2016 2818 2055 eum
2862 2004 3024 2057 tradit
3065 2002 3290 2059 Rufinus
3314 2003 3527 2075 Prolog.

1961 2092 2387 2161 homil.0rigen.
2417 2093 2469 2145 in
2503 2090 2692 2156 Num.,
2716 2093 2810 2148 sed
2839 2094 2889 2148 in
2933 2111 3097 2148 unum
3135 2096 3210 2149 ita
3262 2112 3386 2149 cum
3437 2098 3532 2151 ho-

1963 2184 2126 2238 miliis
2175 2184 2430 2251 permista
2461 2192 2583 2238 sunt
2632 2183 2699 2239 ab
2739 2184 2839 2239 hoc
2898 2185 3130 2251 Rufino,
3176 2201 3297 2240 cum
3328 2186 3499 2252 Latin.

1962 2285 2187 2343 utraque
2228 2285 2544 2344 exponeret,
2574 2286 2633 2330 ut
2679 2292 2778 2346 pro
2802 2274 2988 2330 eodem
3041 2276 3225 2331 haberi
3265 2287 3526 2344 possent:

1967 2383 1986 2417 ι
2018 2364 2379 2433 Quaecunque,
2416 2365 2607 2435 inquit,
2660 2367 2712 2421 iu
2772 2366 3130 2421 Numerorum
3185 2366 3347 2433 libro,
3416 2369 3530 2423 sive

1963 2456 2291 2510 bomiliatico
2316 2457 2455 2526 stylo
2482 2500 2496 2522 ,
2532 2458 2644 2512 sive
2672 2460 2835 2511 etiam
2862 2473 2927 2511 ex
2982 2458 3066 2512 his
3103 2474 3223 2527 qua:
3262 2458 3528 2529 Excerpta

1961 2544 2317 2613 appellantur,
2348 2546 2548 2613 scripta
2599 2547 2915 2616 reperimus,
2943 2549 3056 2601 haec
3113 2560 3438 2616 perurgente
3479 2560 3532 2605 te

1964 2638 2226 2701 liomana,
2256 2646 2314 2690 ut
2359 2639 2649 2706 potuimus,
2689 2654 2816 2693 voce
2867 2655 2932 2692 ex
2965 2640 3196 2694 diversis
3254 2641 3309 2695 in
3364 2640 3529 2694 unum

1959 2730 2203 2783 ordinem
2239 2729 2461 2784 collecta
2506 2731 2846 2799 digessimus.
2886 2750 2904 2783 ι
2966 2730 3321 2803 Hieronymus
3352 2733 3404 2788 in
3442 2734 3529 2787 in-

1963 2822 2346 2888 terpretatione
2381 2822 2711 2875 duodecimae
2750 2822 2998 2891 Origenis
3024 2824 3078 2876 in
3116 2824 3402 2877 leremiam
3434 2825 3533 2879 bo-

1961 2910 2122 2964 milite
2149 2920 2299 2966 notat
2328 2913 2395 2965 de
2428 2911 2856 2967 sacerdotalibus
2884 2913 3354 2968 benedictionibus
3384 2916 3530 2969 Ada-

1962 3004 2219 3056 mantinm
2280 3003 2620 3057 disseruisse.
2676 3002 2821 3057 Nihil
2866 3013 3045 3058 autem
3109 3004 3411 3074 huiusmodi
3476 3008 3529 3061 in

1964 3091 2255 3145 Rufiniaua
2286 3090 2605 3145 collectione
2639 3100 2936 3160 comparet.
2961 3089 3128 3161 Igitur
3155 3091 3239 3145 vel
3282 3091 3532 3146 homilias

1963 3185 2093 3239 istas
2124 3199 2222 3252 pro
2258 3184 2650 3237 consuetudine
2679 3199 2773 3238 sua
2810 3184 3111 3237 decurtavit
3141 3193 3195 3237 et
3241 3183 3534 3251 interpola-

1964 3275 2039 3327 vit
2072 3273 2333 3337 Rufinus;
2368 3272 2480 3343 (65)
2510 3272 2593 3327 vel
2633 3272 2826 3343 aliquae
2857 3273 2969 3344 jam
3001 3273 3171 3343 ipsius
3196 3282 3357 3328 aetate
3380 3273 3532 3329 excio

1964 3370 2174 3423 derant.

2036 3458 2167 3513 Sese
2234 3459 2522 3528 aliquando
2571 3458 2625 3511 in
2672 3456 3153 3515 Denteronomium
3210 3458 3535 3514 disseruisse

1964 3548 2222 3618 Origenes
2254 3551 2494 3604 declarat
2522 3551 2669 3606 hom.
2704 3552 2737 3604 8
2764 3551 2818 3603 in
2848 3549 2977 3603 Luc.
3006 3550 3264 3604 Eumdem
3306 3564 3436 3604 vero
3469 3550 3535 3603 li-

1967 3643 2121 3696 brum
2150 3643 2563 3712 explanaturum
2588 3657 2649 3699 se
2672 3643 2902 3698 aflirmat
2940 3652 3073 3700 tom.
3101 3658 3252 3697 xxxii
3277 3644 3328 3696 in
3345 3641 3533 3709 Joan.,

1973 3853 2177 3897 tantum
2212 3853 2601 3896 commemorat
2654 3842 3009 3897 Cassiodorus
3046 3842 3121 3894 De
3168 3840 3334 3896 instit.
3364 3842 3531 3898 divin.

1969 3918 2127 3966 titter.
2168 3928 2286 3979 cap.
2314 3913 2366 3971 1.
2398 3916 2489 3966 sed
2520 3912 2781 3965 tredecim
2811 3912 2968 3965 hodie
3002 3921 3291 3979 supersunt
3311 3952 3326 3972 ,
3358 3929 3476 3979 quia:
3501 3929 3533 3968 a

1970 3984 2203 4046 nemine,
2245 3982 2386 4049 quod
2429 3982 2619 4043 sciam,
2652 3984 2702 4034 in
2756 3981 2973 4034 dubium
3018 3991 3362 4035 revocantur.
3397 3982 3535 4037 llinc

1967 4063 2191 4121 apparet
2223 4053 2401 4121 varias
2430 4066 2617 4103 earum
2652 4050 2779 4121 olim
2831 4050 2997 4104 fuisse
3035 4050 3398 4121 collectiones.
3425 4051 3535 4107 Du-

1968 4118 2086 4191 plex
2135 4135 2201 4174 ex
2246 4120 2478 4191 homilia
2509 4119 3113 4191 octaval'ragrnentum
3168 4118 3535 4191 affert_.louas

1966 4187 2371 4244 Aurelianensis
2398 4188 2683 4258 episcopus
2709 4189 2801 4241 lib.
2836 4204 2850 4241 l
2874 4187 2947 4240 De
2967 4190 3295 4242 institutione
3328 4189 3532 4252 laicali,

1965 4278 2084 4328 (κιρ.
2111 4261 2196 4322 l9,
2227 4271 2283 4314 et
2323 4260 2565 4328 ejusdem
2622 4260 2745 4312 libri
2775 4273 2894 4324 cap.
2929 4259 3020 4319 15,
3060 4258 3288 4311 alterum
3315 4260 3536 4313 exhibet.

1964 4348 2027 4384 ex
2059 4329 2275 4384 homilia
2320 4330 2552 4383 decima.
2587 4330 2660 4382 De
2718 4328 2937 4382 scboliis
2967 4344 3095 4382 vero
3127 4328 3182 4380 in
3211 4329 3454 4381 I'Ixodum
3478 4340 3534 4381 et

1965 4402 2017 4453 in
2043 4399 2329 4454 Leviticum
2369 4398 2500 4452 nihil
2543 4398 2698 4452 hodie
2729 4408 2993 4467 superest,
3034 4398 3136 4451 nisi
3163 4397 3303 4451 forte
3328 4398 3531 4467 aliquid

1966 4416 2017 4453 ιιι
2043 4414 2329 4454 Levmcum
2369 4414 2500 4452 mnu
2543 4414 2698 4452 nouie
2729 4414 2993 4519 superem,
3034 4414 3136 4451 nlSl
3163 4414 3303 4451 torte
3328 4414 3531 4467 anquru

1966 4472 2089 4525 inde
2113 4479 2427 4536 excerptum
2469 4471 2702 4523 habeant
2736 4469 2760 4519 ὲ
2832 4468 2955 4534 ovat
3001 4484 3121 4535 qua:
3160 4467 3259 4520 sub
3279 4466 3533 4537 Origenis

1964 4542 2182 4594 nomine
2223 4540 2276 4593 in
2323 4539 2532 4594 catenis
2576 4537 2781 4592 Graecis
2817 4538 3197 4607 tnannscriptis
3246 4538 3533 4592 circumfe-

1966 4623 2194 4673 runtur,
2259 4624 2503 4680 quasque
2545 4610 2599 4661 in
2644 4618 2830 4662 nostra
2880 4608 3121 4664 editione
3179 4619 3532 4678 repraesenta-

1958 4696 2095 4734 IDUS.

2028 4750 2138 4820 (61)
2172 4749 2238 4801 Id
2262 4750 2420 4803 etiam
2453 4765 2518 4802 ea:
2539 4764 2597 4802 eo
2623 4749 2893 4820 probatur,
2927 4747 3078 4820 quod
3095 4744 3262 4820 Jonas
3290 4746 3531 4820 Aurelia-

1959 4816 2143 4874 nensis
2163 4820 2451 4888 episcopus
2494 4820 2588 4873 lib.
2618 4834 2656 4882 ι,
2686 4818 2762 4871 De
2813 4821 3039 4871 iustitut.
3063 4817 3211 4888 laic..
3231 4816 3433 4888 cap.g5,
3459 4830 3530 4870 ex

1961 4890 2177 4943 homilia
2199 4885 2376 4957 prima
2408 4886 2767 4957 fragmentum
2796 4888 3039 4948 exhibet.
3069 4886 3211 4953 quod
3252 4885 3531 4940 hodierna:

1955 4960 2223 5011 editiones
2252 4960 2301 5011 in
2332 4961 2565 5010 secunda
2594 4967 2797 5010 tantum
2829 4963 3237 5025 repraesentant.

2030 5029 2139 5097 (62)
2172 5027 2371 5097 Prteter
2390 5026 2636 5079 homilias
2671 5039 2784 5097 octo
2810 5037 2855 5077 et
2884 5021 3088 5093 uiginti,
3117 5032 3224 5076 etc.
3279 5021 3525 5097 Triginta

1957 5092 2207 5164 Origenis
2235 5113 2288 5147 ιη
2321 5096 2583 5148 Numeros
2614 5095 2864 5150 homilias
2890 5092 3284 5148 eOmmemorat
3308 5092 3524 5164 Cassio-

1959 5160 2121 5220 dorus
2175 5168 2268 5221 lib.
2296 5164 2376 5217 De
2418 5168 2644 5217 iustitut.
2684 5165 2845 5217 divin.
2881 5164 3041 5217 litter.
3095 5178 3214 5233 cap.
3244 5164 3297 5218 1.
3330 5160 3525 5216 Verum

1957 5248 2081 5292 octo
2116 5248 2321 5304 tantum
2354 5244 2408 5287 et
2434 5235 2618 5304 viginti
2644 5233 2803 5287 hodie
2826 5240 3136 5301 supersunt.

2029 5306 2138 5375 (65)
2168 5303 2258 5358 γει
2287 5299 2833 5375 aliquw'jamipsius
2859 5299 3021 5375 uitale
3042 5301 3366 5375 exciderant.
3375 5368 3384 5375 λ
3406 5299 3528 5375 vel,

1958 5368 2099 5445 quod
2120 5368 2478 5429 verisimilius
2500 5368 2603 5435 est,
2628 5368 2699 5427 de
2716 5372 3150 5445 sacerdotalibus
3178 5368 3528 5445 benedictio-

1961 5440 2116 5499 nibus
2148 5446 2403 5498 disseruit
2426 5444 2690 5512 Origenes
2714 5443 2767 5496 in
2797 5442 3061 5495 alterutra
3097 5455 3128 5512 e
3159 5440 3370 5512 duabus
3418 5442 3526 5512 bo-

1960 5518 2121 5568 nnliis
2151 5516 2467 5580 deperditis,
2499 5509 2619 5580 qua:
2670 5527 2953 5566 numerum
2989 5511 3282 5581 explebant
3306 5509 3525 5581 triginta

1959 5577 2302 5640 bomiliarnm
2341 5599 2476 5650 quas
2515 5577 2646 5635 vidit
2686 5577 3075 5636 Cassiodorus:
3108 5578 3339 5650 Homilja
3372 5577 3444 5631 25
3472 5580 3527 5630 in

1958 5655 2143 5717 Josue,
2174 5670 2320 5708 num.
2348 5647 2400 5714 1,
2434 5655 2565 5706 citat
2590 5651 2852 5721 Origenes
2880 5653 3127 5705 homilias
3156 5647 3526 5721 iuiNumerog,

1959 5737 2011 5778 et
2033 5724 2264 5779 bomiliis
2293 5724 2349 5776 in
2376 5722 2638 5776 Numeros
2679 5717 2746 5777 f2
2771 5762 2786 5785 ,
2815 5738 2961 5774 ιιιιιιι.
2990 5722 3040 5783 1,
3098 5736 3150 5787 p.
3178 5718 3304 5781 3H,
3331 5727 3389 5773 et
3433 5717 3527 5779 27.

1962 5811 2109 5847 tllllll.
2135 5795 2187 5857 9,
2226 5794 2357 5846 citat
2412 5794 2687 5847 bomiliam
2721 5794 2806 5858 15,
2841 5795 2891 5845 in
2924 5789 3187 5856 Genesim,
3213 5799 3269 5844 et
3302 5787 3527 5845 alteram

1959 5868 2243 5932 quamdam
2267 5863 2320 5915 in
2348 5862 2609 5916 Exedunt.
