3952 6558
427 403 572 460 “99

1660 412 1663 415 '
1694 400 1752 458 Β.
1789 398 2102 453 DANIELIS
2139 397 2372 454 HUETH

3526 399 3677 453 £200

426 539 654 580 num.n.
696 522 828 577 Octo
864 522 914 574 in
946 537 1066 574 eum
1101 520 1350 575 homilias
1375 519 1627 590 Origenis
1657 536 1987 575 commemo-
2014 527 2056 582 Α
2087 523 2238 584 tium,
2295 519 2384 573 ubi
2430 529 2483 572 et
2534 519 2585 573 id
2633 520 2849 589 apponit
2894 538 2910 574 :
2974 538 2995 571 ι
3027 519 3136 574 Cur
3190 519 3481 577 Tractatus
3547 522 3673 588 eius

426 627 511 669 rat
532 614 877 670 Cassiodorus
916 613 1009 665 lib.
1038 611 1113 665 De
1129 613 1292 665 instit.
1324 612 1489 666 divin.
1528 610 1815 679 Scriptum,
1849 626 1899 664 c.
1931 613 1983 667 l.

433 725 451 758 ι
487 706 697 773 Reliqui
725 704 882 757 etiam
908 703 1063 756 vobis
1092 703 1143 755 in
1197 702 1672 757 Deuteronomium
1709 717 1987 757 sermones

426 808 548 852 octo
586 793 874 862 (Origenis)
942 794 993 845 in
1038 792 1233 862 quibus
1259 804 1341 846 est
1369 795 1571 847 minuta
1602 792 1762 845 nimis
1778 803 1831 846 et
1859 794 1988 847 sub-

432 888 538 941 tilis
566 884 881 953 expositio.»
920 882 1146 937 Ruﬁnus
1178 884 1229 936 in
1274 884 1503 954 Prologo
1540 886 1606 937 ad
1657 882 1938 938 Ursacium
1968 900 1983 939 :

434 998 451 1029 ι
479 978 593 1031 Jam
612 976 755 1029 enim
785 991 850 1029 ex
881 976 1154 1039 omnibus,
1181 990 1299 1043 quae
1327 976 1378 1028 in
1412 974 1525 1044 lege
1559 975 1761 1043 scripta
1790 974 1985 1042 reperi,

427 1067 552 1121 sola:
574 1075 629 1119 ut
654 1076 781 1133 puto
817 1066 870 1118 in
909 1064 1321 1119 Deuteronomio
1347 1067 1541 1118 desunt
1596 1063 1983 1127 oratiunculae,

423 1174 557 1226 quas
585 1158 629 1212 si
660 1154 1157 1222 Dominusjuverit,
1181 1165 1237 1208 et
1257 1156 1542 1210 sanitatem
1564 1155 1770 1209 dederit
1793 1154 1984 1219 oculis,

423 1249 668 1317 cupimus
692 1247 895 1314 reliquo
914 1245 1127 1313 corpori
1151 1246 1382 1301 sociare.
1419 1264 1436 1297 »
1470 1245 1634 1300 Porro
1663 1254 1987 1298 memoratos

424 1341 476 1393 in
532 1338 957 1394 Pentateuchum
1020 1346 1196 1392 tomos
1262 1336 1585 1405 signiﬁcavit
1628 1334 1985 1405 Hieronymus

423 1428 578 1497 epist.
617 1427 707 1491 65,
738 1442 856 1495 cap.
896 1427 952 1492 2,
993 1440 1115 1479 cum
1166 1426 1509 1480 Ambrosium
1565 1424 1701 1479 dixit
1743 1423 1987 1495 Origenis

424 1520 789 1575 Hexaemeron
818 1519 1163 1587 compllasse.

491 1610 554 1664 ll.
581 1610 692 1681 (64)
726 1609 922 1680 Viginti
963 1624 1056 1664 sex
1085 1608 1337 1664 homilias
1370 1609 1422 1661 in
1455 1606 1616 1661 Josue
1642 1622 1707 1662 ex
1752 1618 1989 1675 tempore

423 1702 490 1755 ab
521 1700 840 1753 Adamantio
868 1713 996 1753 sene
1021 1700 1274 1753 recitatas
1292 1737 1306 1764 ,
1333 1705 1389 1749 et
1413 1697 1674 1751 indusuia
1738 1705 1987 1765 excepto-

425 1808 541 1845 rum
573 1801 816 1845 servatas
836 1790 1061 1844 Rufinus
1089 1789 1279 1845 Latine
1316 1788 1568 1843 reddidit.
1611 1788 1983 1857 Fragmentum

424 1899 489 1937 ex
513 1883 733 1938 humilia
763 1882 835 1937 20
864 1880 1234 1937 duodecimum
1268 1878 1576 1932 Philocaliw
1598 1889 1761 1944 caput
1789 1894 1985 1947 reprte-
2015 1862 2057 1916 Β

424 1983 621 2028 sentat.
668 1974 931 2028 Homilias
972 1987 1160 2027 novem
1210 1971 1261 2024 iu
1306 1970 1525 2025 Iudices
1554 1970 1760 2024 Latinis
1802 1970 1984 2025 itidem

423 2067 602 2120 verbis
641 2065 822 2119 retulit
867 2063 1114 2117 Ruﬁnus.
1160 2062 1417 2132 Origenes
1464 2062 1515 2114 in
1562 2060 1792 2128 Prologo
1834 2059 1989 2115 Com-

426 2154 812 2209 mentariorum
863 2154 919 2205 in
970 2150 1241 2205 Canticum
1296 2151 1651 2215 canticorum,
1704 2163 1869 2217 agens
1921 2149 1987 2202 de

422 2248 634 2301 cantico
657 2245 877 2300 Deborte
926 2243 998 2297 ita
1041 2243 1251 2307 scribit,
1287 2241 1429 2311 p.54
1459 2260 1473 2296 :
1511 2260 1530 2293 t
1568 2241 1763 2296 Verum
1828 2250 1882 2295 et
1919 2241 1986 2295 de

424 2340 507 2392 his
537 2336 746 2405 plenius
780 2335 832 2387 in
866 2332 973 2387 illis
1004 2329 1360 2386 oratiunculis
1386 2344 1520 2398 quas
1540 2329 1605 2382 de
1626 2328 1808 2383 libello
1836 2326 1987 2381 ludi-

421 2446 543 2483 cum
573 2428 863 2492 edidimus,
891 2426 1118 2480 disserta
1148 2425 1436 2494 reperies.»
1466 2424 1628 2491 Atqui
1652 2437 1721 2478 ex
1742 2423 1987 2476 oratiun-

422 2522 557 2576 culis
582 2521 632 2574 in
663 2519 881 2574 Judices
907 2532 1025 2588 quze
1057 2524 1369 2586 supersunt,
1402 2526 1551 2571 sexta
1590 2516 1858 2571 canticum
1896 2513 1989 2568 De-

422 2614 564 2666 horae
586 2612 859 2677 explanat.
894 2608 1192 2663 Verisimile
1218 2622 1346 2677 ergo
1378 2616 1462 2660 est
1492 2609 1589 2662 has
1638 2610 1786 2676 ipsas
1814 2605 1989 2660 homi-

421 2703 523 2756 lias
549 2700 819 2769 designari
868 2698 935 2753 ab
968 2697 1203 2768 Origene
1229 2738 1244 2762 ,
1279 2697 1611 2767 proindeque
1662 2698 1729 2751 ab
1772 2711 1836 2751 eo
1872 2696 1988 2765 ipso

427 2793 593 2847 fuisse
620 2791 815 2855 editas,
836 2805 941 2844 non
977 2804 1044 2844 ex
1079 2799 1317 2858 tempore
1346 2796 1637 2857 conceptas
1691 2796 1745 2841 et
1792 2786 1988 2841 recita—

422 2894 524 2938 tas.
554 2883 609 2937 lu
649 2882 813 2937 libros
838 2881 1041 2949 Regum
1085 2880 1203 2937 duae
1259 2880 1480 2936 omnino
1522 2877 1755 2934 humilia:
1800 2893 1988 2946 super-

420 2984 543 3028 sunt
574 2989 588 3025 :
620 2974 770 3042 prior
800 2973 851 3027 in
880 2973 894 3025 I
926 2972 1060 3041 Heg.
1109 2986 1231 3040 cap.
1269 2986 1286 3026 ι
1327 2981 1381 3025 et
1410 2986 1447 3025 ll
1477 2988 1493 3037 ;
1521 2970 1689 3024 altera
1718 2969 1769 3023 in
1802 2970 1819 3023 l
1855 2969 1984 3038 Heg.

421 3083 611 3132 xxvnt,
648 3067 701 3123 in
728 3081 833 3135 qua
861 3065 927 3120 de
952 3064 1382 3133 engastrimytho
1404 3063 1726 3132 disputatur.
1744 3060 1987 3115 Priorem

423 3161 607 3214 Latina
637 3159 799 3213 habet
833 3156 1083 3225 Origenis
1122 3155 1325 3221 editio;
1369 3155 1596 3209 alteram
1632 3168 1663 3208 e
1713 3152 1989 3207 Vaticanis

422 3249 750 3305 membranis
782 3247 1020 3302 ,Allatius
1069 3247 1231 3301 eruit.
1279 3246 1509 3300 Humilia
1575 3246 1793 3312 insuper
1829 3242 1987 3297 tertia

419 3343 471 3393 in
498 3340 612 3394 Jos.
648 3356 793 3393 num.
820 3340 874 3402 4,
901 3339 977 3393 ait
1001 3337 1262 3409 Origenes
1300 3352 1359 3393 se
1383 3338 1670 3408 aliquando
1693 3338 1758 3390 de
1785 3336 1991 3391 duabus

422 3432 819 3497 meretricibus,
862 3446 1092 3500 quarum
1130 3430 1278 3485 litem
1331 3428 1586 3483 Salomon
1645 3428 1987 3496 disceptavit,

419 3524 472 3577 iu
518 3523 757 3578 Ecclesia
806 3524 871 3577 ad
918 3523 1173 3591 populum
1222 3520 1570 3575 disseruisse.
1634 3517 1991 3574 Cassiodorus

420 3623 680 3684 praeterea
711 3615 762 3667 in
791 3614 929 3668 libro
955 3612 1032 3667 De
1057 3614 1385 3666 institutione
1415 3611 1713 3664 divinarum
1750 3609 1991 3679 Scriptu-

420 3725 621 3773 rarum,
655 3723 775 3776 cap.
805 3707 864 3772 ‘2,
905 3706 1135 3761 allirmat
1165 3721 1224 3759 se
1252 3714 1481 3773 quatuor
1514 3704 1761 3774 Origenis
1813 3704 1988 3758 homi-

420 3801 519 3854 lias
566 3802 618 3854 in
670 3800 903 3867 primum
946 3798 1143 3853 librum
1173 3797 1378 3867 Regum
1404 3798 1716 3859 invenisse;
1750 3811 1909 3849 unam
1936 3795 1987 3849 in

419 3891 615 3947 librum
648 3890 985 3957 secundum;
1041 3898 1096 3943 et
1124 3906 1307 3950 unam.
1358 3902 1589 3957 eamque
1626 3885 1893 3957 prolixam
1934 3886 1987 3940 in

418 3983 613 4036 librum
639 3982 929 4035 secundum
957 3979 1435 4050 Paralipomenwn.
1454 3979 1597 4033 idem
1618 3994 1737 4048 cap.
1775 3978 1827 4045 6,
1860 3994 1986 4032 nar-

418 4083 502 4127 rat
525 4074 664 4128 visas
691 4074 789 4128 sibi
824 4074 876 4126 in
900 4073 1033 4127 duos
1062 4072 1244 4127 Esdra:
1276 4072 1442 4126 libros
1476 4071 1722 4141 singulas
1742 4069 1989 4141 Origenis

419 4166 695 4229 homilias,
727 4180 847 4234 quae
876 4180 905 4218 a
933 4164 1200 4219 Bellatore
1227 4164 1549 4233 presbytero
1586 4163 1831 4217 Romana
1867 4177 1991 4217 ora-

420 4260 565 4312 tione
588 4257 868 4325 explicataz
893 4265 1033 4309 sunt.
1067 4253 1261 4310 Jobum
1304 4255 1485 4309 multis
1545 4254 1780 4309 homiliis
1802 4254 1989 4322 Orige-

419 4364 514 4402 nes
535 4349 801 4416 exposuit.
852 4347 943 4399 Sic
978 4346 1290 4400 Eustathius
1341 4346 1708 4399 Antiochenus
1748 4347 1802 4400 in
1855 4346 1988 4399 Dia-

418 4437 651 4505 gnostico
701 4436 765 4488 de
807 4432 1213 4503 engastrimytlto
1242 4451 1259 4488 :
1293 4435 1428 4505 Περὶ
1455 4434 1510 4487 δέ
1540 4451 1603 4502 γε
1629 4434 1723 4488 τοῦ
1755 4435 1989 4489 πολύτλα

2087 613 2374 683 (Origenis)
2422 612 2476 665 in
2517 611 2615 665 Job
2666 612 2956 680 descriptos
2998 613 3181 675 habes,
3232 613 3285 666 in
3310 616 3512 679 quibus
3538 628 3675 666 ωη-

2088 715 2167 758 tra
2201 703 2491 767 diabolum,
2529 713 2582 757 et
2608 703 2672 755 de
2702 702 2889 766 stellis,
2919 702 3167 771 cmloque
3190 704 3499 771 disputans,
3521 719 3676 771 qua-

2085 792 2206 845 dam
2237 792 2447 846 locutus
2475 801 2557 845 est
2584 806 2701 860 qua:
2730 791 2964 846 Ecclesia
3004 808 3108 845 non
3146 793 3375 861 recipit?
3416 812 3436 844 »

2152 882 2237 934 ΙΙΙ.
2282 882 2629 957 _Psalterium
2679 872 2937 950 Origenes
3007 881 3204 949 triplici
3252 882 3671 950 expositionum

2086 986 2282 1041 genere
2310 971 2621 1034 illustravit,
2653 971 3081 1034 commentariis,
3116 972 3352 1026 homiliis
3396 981 3452 1025 et
3494 972 3672 1025 sebu-

2085 1063 2191 1116 liis.
2225 1062 2463 1116 Primum
2502 1064 2653 1116 illum
2691 1064 2833 1117 inter
2870 1062 3088 1117 Graecos
3118 1065 3379 1133 integrum
3426 1064 3677 1132 psalmo-

2085 1171 2200 1209 rum
2232 1169 2427 1222 corpus
2455 1155 2638 1209 multis
2667 1154 3031 1209 voluminibus
3050 1155 3348 1224 explicasse
3378 1155 3671 1222 proditum

2084 1256 2164 1301 est
2224 1246 2293 1300 ab
2339 1246 2661 1313 Hieronymo
2691 1246 2847 1311 epist.
2883 1245 2973 1309 89,
3011 1246 3077 1298 ad
3129 1246 3381 1314 August.,
3416 1245 3565 1314 quod
3606 1244 3676 1298 de

2084 1338 2490 1393 commentariis
2531 1336 2789 1406 intelligo.
2828 1336 2904 1390 Ex
2933 1336 3015 1391 his
3049 1337 3213 1389 multa
3243 1336 3329 1390 vel
3359 1338 3672 1399 imitatum,

2085 1429 2168 1483 vel
2196 1430 2607 1497 interpretatum
2650 1426 2816 1481 fuisse
2842 1425 3104 1480 Hilarium
3137 1427 3273 1480 idem
3311 1436 3507 1481 auctor
3544 1437 3671 1490 est;

2086 1520 2175 1589 qui
2198 1529 2252 1573 et
2286 1529 2489 1585 septem
2517 1532 2547 1571 e
2579 1517 2735 1572 tomis
2768 1518 2871 1571 illis
2903 1533 2961 1573 se
2988 1517 3195 1572 Latinis
3222 1520 3402 1571 verbis
3436 1533 3673 1586 expres-

2086 1611 2217 1665 sisse
2245 1610 2429 1675 refert,
2463 1626 2491 1664 a
2520 1609 2725 1680 psalmo
2775 1610 3029 1663 nimirum
3062 1609 3272 1664 decimo
3296 1611 3362 1663 ad
3388 1612 3673 1664 decimum

2087 1714 2319 1756 sextum.
2350 1703 2491 1757 Idem
2524 1703 2687 1757 etiam
2712 1702 2835 1754 libr.
2864 1716 2879 1754 l
2907 1700 3125 1768 Apolog.
3179 1703 3428 1755 adversus
3452 1699 3672 1763 Ruﬁn.,

2087 1809 2206 1863 cap.
2239 1794 2271 1847 5
2302 1811 2315 1846 :
2360 1811 2378 1844 ι
2406 1792 2799 1861 Oetogesimum
2842 1806 3052 1861 quoque
3097 1806 3292 1845 nonum
3323 1791 3621 1859 psalmum,
3646 1809 3668 1840 »

2088 1885 2279 1953 inquit,
2322 1886 2411 1953 qui
2441 1885 2728 1947 scribitur,
2766 1883 2950 1938 Oratio
2990 1881 3161 1952 Moysi
3198 1882 3429 1935 hominis
3463 1881 3582 1944 Dei,
3614 1890 3674 1935 et

2088 1977 2321 2045 reliquos
2366 1976 2635 2040 undecim,
2669 1976 2758 2042 qui
2799 1990 2906 2029 non
2958 1974 3158 2028 habent
3207 1972 3411 2036 titulos,
3462 1986 3672 2025 secun-

2088 2066 2430 2139 dutnlluilli
2484 2067 2920 2134 expositionem,
2975 2063 3212 2131 ejusdem
3276 2061 3446 2133 Moysi
3516 2071 3673 2129 putat

2088 2154 2415 2224 (Origenes)
2462 2167 2563 2207 nec
2608 2154 2928 2221 dedignatur
2994 2152 3271 2207 llebrieam
3321 2152 3671 2219 Scripturam

2087 2244 2470 2312 interpretans,
2506 2258 2602 2312 per
2635 2243 2841 2312 singula
2876 2243 2993 2296 loca
3021 2242 3152 2310 quid
3198 2240 3441 2296 Hebrteis
3477 2242 3675 2294 videa-

2088 2344 2173 2389 tur
2228 2335 2530 2391 inserere.»
2592 2334 2665 2388 Ea
2722 2350 2884 2403 porro
2926 2334 3309 2389 conmieutaria
3372 2332 3679 2400 instigante

2088 2427 2371 2483 Ambrosio
2427 2436 2698 2496 suscepta,
2752 2426 3031 2493 eidemque
3078 2425 3337 2492 inscripta
3372 2424 3549 2478 fuisse
3600 2439 3673 2477 ex

2090 2518 2393 2587 fragmento
2454 2517 2842 2586 intelligimus,
2910 2516 3053 2586 quod
3111 2513 3269 2570 habet
3324 2512 3673 2584 Epiphanius

2089 2612 2220 2667 hter.
2248 2625 2390 2677 LXIV,
2424 2625 2542 2678 cap.
2574 2610 2626 2675 7,
2660 2617 2923 2668 tractatus
2963 2608 3214 2678 Origenis
3254 2608 3305 2661 in
3344 2607 3676 2661 Psalterium

2087 2714 2302 2760 centum
2328 2713 2382 2758 et
2408 2702 2799 2771 quinquaginta
2826 2702 3023 2755 vidisse
3061 2716 3119 2754 se
3159 2708 3435 2753 asseverat
3464 2698 3675 2752 Tritte-

2091 2797 2231 2852 mius
2270 2798 2322 2850 in
2361 2794 2485 2849 libr.
2518 2794 2594 2849 De
2626 2795 2807 2862 script.
2864 2792 3043 2846 eccles.
3083 2790 3281 2844 Novem
3337 2789 3592 2843 homilias
3622 2789 3678 2841 in

2090 2890 2324 2959 psalmos
2380 2901 2562 2949 xxxvi,
2609 2900 2816 2949 xxxvu,
2871 2898 3100 2945 xxxviii,
3145 2881 3392 2935 Romano
3423 2894 3679 2933 sermone

2091 2979 2267 3033 Rullni
2287 2992 2447 3046 opera
2470 2977 2695 3030 donatas
2710 2974 2897 3029 Latina
2916 2972 3162 3042 Origenis
3194 2970 3359 3024 habet
3388 2970 3579 3023 editio.
3600 2970 3679 3023 De

2090 3072 2414 3141 psalmorum
2450 3067 2665 3129 illorum
2708 3064 3040 3133 expositione
3087 3066 3157 3116 ita
3194 3062 3426 3118 Ruﬁnus
3459 3066 3517 3116 in
3546 3062 3681 3116 Pro-

2090 3164 2211 3233 logo
2243 3182 2259 3217 :
2296 3180 2315 3212 ι
2336 3160 2545 3215 Idcirco
2579 3159 2672 3212 tibi
2703 3174 2845 3223 eam,
2876 3157 3184 3225 Aproniane
3224 3156 3297 3209 iili
3322 3156 3673 3217 charissima,

2092 3256 2145 3309 iu
2172 3269 2363 3308 novem
2385 3250 2778 3315 oratiunculas,
2810 3264 2943 3317 quas
2967 3247 3139 3303 Graeci
3171 3247 3427 3303 homilias
3446 3257 3679 3309 vocant,

2089 3346 2235 3401 velut
2278 3346 2328 3398 in
2382 3359 2488 3398 uno
2538 3358 2767 3412 corpore
2802 3343 3065 3409 digestam
3101 3341 3151 3394 in
3200 3341 3452 3393 Latinum
3487 3349 3676 3393 trans-

2092 3437 2210 3491 tuli.
2237 3456 2256 3489 »
2290 3436 2419 3490 Eam
2468 3435 2521 3488 in
2554 3449 2747 3489 novem
2780 3434 3032 3489 homilias
3060 3433 3319 3502 digestam
3355 3448 3417 3487 se
3440 3442 3679 3487 transtu-

2090 3530 2215 3584 lisse
2254 3528 2407 3592 dicit,
2438 3542 2544 3581 non
2590 3526 2640 3580 in
2681 3542 2873 3581 novem
2906 3524 3152 3579 homilias
3183 3525 3507 3592 digessisse;
3541 3540 3677 3579 con-

2092 3630 2175 3672 tra
2206 3634 2363 3688 quam
2398 3618 2625 3671 Erasmo
2654 3616 2699 3649 ¹⁶²
2737 3626 2792 3670 et
2822 3616 2977 3670 Sixto
3011 3613 3236 3670 Senensi
3270 3614 3316 3647 “
3345 3616 3523 3670 visum
3569 3624 3672 3669 est.

2089 3710 2166 3762 Ex
2193 3708 2409 3763 humilia
2435 3718 2690 3777 praeterea
2724 3709 2780 3761 in
2816 3710 3001 3776 psalm.
3047 3722 3262 3771 xxxx",
3310 3707 3677 3777 fragmentum

2093 3800 2345 3855 Historia:
2380 3814 2491 3854 sure
2523 3800 2751 3854 inseruit
2782 3800 3045 3853 Eusebius
3067 3800 3190 3854 libr.
3225 3815 3300 3860 vt,
3345 3816 3466 3869 cap.
3509 3799 3582 3853 58
3620 3810 3679 3851 et

2094 3890 2371 3945 humilium
2416 3892 2472 3943 in
2500 3891 2692 3959 psalm.
2722 3905 2773 3951 c,
2802 3891 2979 3945 laudat
3022 3892 3135 3959 ipse
3164 3890 3427 3960 Origenes
3483 3891 3675 3946 ltomil.

2091 3983 2159 4038 15
2188 3983 2240 4035 in
2268 3981 2384 4035 Jos.
2414 3998 2561 4036 num.
2581 3982 2635 4035 6.
2674 3981 2913 4051 Denique
2937 3982 3188 4036 brevibus
3212 3982 3435 4036 scholiis
3466 3982 3668 4036 Psalte-

2090 4076 2229 4129 rium
2281 4074 2446 4129 luisse
2480 4074 2547 4127 ab
2581 4073 2813 4142 Origene
2859 4073 3173 4127 adnotatum
3217 4075 3450 4128 allirmat
3486 4073 3669 4127 Hiero-

2090 4184 2280 4240 nymus
2310 4169 2424 4222 sive
2452 4166 2694 4235 quisquis
2722 4179 2804 4220 est
2825 4175 3015 4221 auctor
3042 4164 3338 4219 Comment.
3369 4166 3427 4219 in
3462 4164 3667 4219 Protin.

2091 4259 2144 4312 in
2210 4258 2421 4313 Promm
2453 4258 2518 4310 “.
2565 4277 2585 4309 ε
2647 4256 2914 4320 Proxime,
2978 4256 3172 4327 inquit,
3247 4271 3370 4311 cum
3427 4258 3676 4327 Origenis

2091 4348 2429 4411 Psalterium,
2451 4349 2590 4418 quod
2614 4349 2965 4404 Enchiridion
2998 4349 3087 4405 ille
3119 4351 3363 4415 vocabat,
3389 4351 3595 4405 strictis
3624 4360 3678 4404 et

2093 4442 2414 4496 necessariis
2456 4443 2994 4510 interpretationibus
3033 4444 3351 4503 adamatum
3410 4444 3466 4497 in
3530 4459 3676 4498 com-

418 4526 823 4598 προσομιλήσας
875 4525 1093 4578 Ίὼὸ....
1128 4526 1399 4595 μετέωρος
1426 4528 1504 4589 εἰς
1530 4526 1600 4578 τὰ
1628 4528 1737 4580 τῶν
1766 4528 1989 4596 Θυγατέ-

2095 4546 2255 4585 mune
2310 4532 2639 4600 legeremus,
2701 4534 2858 4586 simul
2915 4544 3140 4603 uterque
3212 4535 3676 4603 deprehendimus

423 4636 527 4691 ρων
556 4620 800 4691 ὁρμήσας
847 4619 1084 4687 ὀνόματα
1134 4618 1425 4687 κατετρίϐη
1452 4618 1732 4688 γραωδῶς.
1790 4638 1807 4672 t
1858 4618 1990 4673 Cum

419 4716 486 4767 de
511 4713 708 4765 misero
731 4709 833 4763 Job
888 4710 1136 4763 homilias
1172 4710 1468 4771 habuisset,
1497 4711 1548 4761 in
1602 4708 1855 4762 Filiarum
1889 4726 1988 4763 no-

420 4803 564 4856 mina
594 4801 810 4856 sublimi
837 4802 1084 4854 oratione
1120 4814 1439 4863 excurrens,
1465 4801 1683 4854 aniliter
1716 4816 1781 4856 eo
1809 4802 1861 4855 in
1902 4818 1990 4855 ar-

419 4900 671 4961 gumento
734 4901 984 4945 versatus
1043 4900 1143 4945 est.
1176 4909 1196 4942 »
1246 4888 1352 4943 Has
1398 4892 1643 4945 homilias
1668 4893 1734 4945 ad
1772 4906 1990 4947 sensum

419 4986 586 5040 fuisse
613 4985 680 5038 ab
732 4983 940 5038 Hilario
989 4997 1281 5038 conversas
1329 4985 1493 5038 tradit
1534 4982 1893 5055 Hieronymus
1939 4987 1990 5040 in

2099 4620 2353 4674 nonnulla
2380 4636 2501 4675 eum
2532 4622 2613 4675 vel
2662 4625 3047 4692 perstrinxisse
3087 4625 3297 4690 leviter,
3340 4626 3428 4680 vel
3475 4627 3675 4681 intacta

2099 4712 2313 4780 penitus
2347 4712 2663 4781 reliquisse;
2699 4716 2764 4769 de
2788 4716 2981 4784 quibus
3011 4716 3061 4769 in
3095 4716 3200 4770 alio
3226 4732 3391 4786 opere
3411 4716 3677 4774 latissime

2099 4805 2409 4872 disputavit,
2434 4807 2573 4873 quod
2610 4806 2815 4861 scilicet
2866 4824 2972 4861 non
3004 4818 3216 4877 putaret
3261 4824 3375 4862 rem
3423 4826 3677 4878 magnam

2089 4894 2238 4950 brevi
2270 4911 2520 4952 sermone
2552 4899 2900 4953 concludere.
2931 4919 2950 4952 »
2983 4900 3048 4953 Et
3077 4899 3269 4954 deinde
3296 4917 3311 4954 :
3346 4918 3365 4951 ι
3396 4898 3513 4954 Non
3534 4904 3676 4969 quod

2091 4998 2272 5056 putem
2303 5005 2331 5042 a
2364 5004 2448 5043 me
2471 5005 2628 5059 posse
2655 4992 2762 5045 dici
2795 5006 2916 5061 quae
2945 4991 3032 5045 ille
3068 4991 3369 5060 prateriit;
3401 4991 3497 5045 sed
3533 4992 3676 5061 quod

420 5076 670 5146 Catalogo
714 5076 955 5140 scriptor.
1009 5077 1192 5129 βοείας.
1239 5084 1295 5128 et
1341 5077 1495 5144 epist.
1523 5076 1595 5130 75
1638 5078 1706 5129 ad
1758 5074 1994 5146 Vigilare-
2089 5092 2151 5133 ea
2180 5093 2297 5147 quae
2325 5080 2377 5133 in
2417 5081 2576 5135 tomis
2594 5081 2679 5135 vel
2702 5083 2940 5138 homiliis
2982 5084 3096 5152 ipse
3126 5082 3406 5147 disseruit,
3454 5083 3539 5137 vel
3582 5098 3678 5152 ego

490 5185 1111 5269 “_E[‘il$lll..lllC€nsm'_.I.
1158 5188 1223 5269 de
1257 5187 1732 5269 Commentarh‘i‘n
1784 5207 1844 5245 ιιι
1905 5194 2094 5263 psalm.
2169 5194 2217 5227 ’⁸³
2246 5194 2385 5254 Sixt.
2418 5196 2674 5252 Biblioth.
2720 5197 2845 5253 libr.
2877 5214 2950 5253 tv.
3024 5197 3313 5253 “Hieron.
3347 5196 3514 5269 Oper.
3565 5199 3676 5254 edi-

422 5259 580 5312 tionis
609 5257 857 5311 lllartian.
891 5267 1021 5313 tom.
1059 5256 1119 5320 ll,
1165 5260 1215 5311 in
1258 5260 1486 5325 append.
1523 5276 1575 5328 p.
1606 5260 1723 5314 l2“).

490 5350 600 5418 (66)
643 5347 837 5417 Viginti
881 5366 971 5402 sex
1000 5350 1242 5403 homilias
1284 5351 1337 5402 in
1364 5350 1531 5405 Josue
1563 5368 1627 5405 ex
1668 5363 1896 5418 tempore
1924 5357 1988 5408 ob

424 5421 746 5472 .kdanmntio
770 5436 887 5472 sene
919 5420 1181 5475 recitatos.
1207 5421 1559 5476 Cassiodorus
1586 5423 1680 5477 lib.
1727 5424 1799 5475 De
1839 5427 1992 5478 iusti—

423 5498 523 5542 tia.
571 5490 736 5541 divin.
775 5487 1005 5553 Script.,
1042 5506 1158 5557 cui».
1220 5492 1270 5554 l,
1315 5493 1530 5557 triginta
1579 5506 1989 5548 commemorat.

423 5561 477 5609 In
516 5560 741 5626 septima
784 5573 931 5629 num.
977 5561 1033 5619 ti,
1066 5574 1125 5613 se
1172 5561 1543 5629 presbyterum
1573 5574 1627 5617 et
1681 5564 1829 5616 verbi
1892 5565 1990 5619 Dei

420 5643 720 5694 praeconem
781 5628 955 5683 dicit:
1016 5630 1067 5679 in
1110 5630 1266 5682 tertia
1303 5628 1453 5682 aunt.
1492 5631 1547 5690 1».
1595 5634 1778 5687 laudat
1817 5634 1991 5688 humi-

423 5699 547 5750 lium
582 5697 892 5766 quamdam,
950 5714 1106 5765 quam
1161 5700 1210 5750 in
1262 5700 1363 5752 alia
1396 5703 1626 5767 quadam
1655 5706 1879 5757 ecclesia
1926 5706 1991 5757 de

421 5770 631 5837 duabus
673 5766 1075 5837 meretricibus.
1126 5769 1191 5821 de
1234 5766 1431 5837 quibus
1484 5773 1747 5837 scriptum
1805 5785 1887 5827 est
1938 5777 1988 5826 in

423 5837 581 5891 tertio
604 5836 738 5890 libro
766 5836 994 5905 lii-gum,
1021 5852 1140 5906 qum
1184 5836 1261 5891 ad
1286 5838 1551 5907 judicium
1580 5836 1841 5896 venerant
1888 5844 1991 5896 Sa-

2092 5355 2341 5420 lomonis,
2389 5355 2595 5409 habuit.
2650 5357 2851 5410 Deinde
2907 5356 3074 5423 liquet
3126 5370 3192 5407 ex
3251 5354 3466 5408 decima
3516 5353 3672 5406 tertia

2096 5443 2246 5479 num.
2273 5427 2325 5490 5,
2364 5427 2449 5487 l5,
2492 5442 2637 5481 nuru.
2676 5433 2799 5490 ti,et
2828 5426 2897 5479 25
2946 5441 3095 5479 ιιιιιιι.
3132 5426 3181 5484 1,
3209 5426 3547 5492 posteriores
3581 5437 3676 5475 cas

2093 5512 2212 5548 esse
2262 5497 2600 5564 expositione
2658 5498 2712 5549 in
2770 5497 3025 5563 psalmum
3089 5510 3139 5554 c,
3212 5512 3275 5547 ac
3326 5495 3563 5547 homiliis
3610 5494 3674 5564 in

2091 5562 2400 5628 Jeremiam,
2433 5577 2487 5619 et
2511 5568 2562 5618 in
2600 5562 2908 5619 Numeros:
2954 5566 3314 5630 videnturque
3361 5562 3678 5631 pronuntia-

2096 5644 2163 5688 ιω
2200 5637 2342 5688 circa
2380 5637 2539 5689 linem
2571 5638 2696 5689 anni
2726 5636 2866 5700 249,
2904 5634 2986 5689 vel
3024 5633 3122 5689 sub
3152 5633 3367 5686 initium
3394 5633 3521 5685 auiti
3548 5632 3673 5691 2'50,

2093 5707 2524 5772 quandoquidem
2549 5707 2763 5759 humilia
2789 5723 2953 5765 nona,
2990 5719 3143 5756 num.
3174 5704 3262 5765 10,
3289 5704 3673 5772 gravissiman

2098 5771 2364 5828 memorat
2401 5777 2829 5844 persecutionem
2859 5791 2977 5845 qua:
3031 5785 3155 5827 tunc
3204 5773 3513 5827 Ecclesium
3543 5771 3671 5829 allii-

2097 5847 2283 5914 gebat.
