3926 6512
230 459 344 513 1201

227 662 460 716 tariolum
492 661 742 716 rel'eram.
774 681 794 715 ι
819 663 1024 730 Quibus
1064 663 1192 716 tnmi
1219 662 1468 731 Origenis
1490 704 1506 727 .
1545 664 1778 719 bomilias

224 763 273 807 et
295 752 489 806 scholia
520 753 571 806 in
601 752 916 808 Psalterium
952 754 1264 823 singulatim
1297 764 1574 810 notantur.

287 840 370 895 IV.
393 841 469 896 Ex
488 841 605 908 ejus
631 842 1047 898 Commentariis
1068 846 1123 897 in
1154 843 1440 900 Proverbia
1470 844 1779 902 Salomonis

225 934 505 1004 particulas
527 935 664 990 duas
702 937 1033 1004 deprompsit
1067 936 1380 1005 Pamphilus
1414 938 1466 991 in
1506 937 1778 1008 Apologia.

221 1026 406 1082 Catena
443 1041 660 1095 quoque
692 1028 1054 1096 manuscripta
1085 1027 1433 1084 Bibliotheca
1455 1027 1780 1083 Mazarinia-

229 1133 301 1170 na:
339 1122 391 1168 in
419 1114 646 1179 Lucam,
679 1117 744 1170 ad
789 1132 908 1188 cap.
945 1130 1062 1181 vm,
1105 1133 1251 1172 vers.
1302 1118 1356 1184 4,
1409 1118 1620 1188 insigne
1667 1118 1780 1172 fra-

223 1217 484 1277 gmentum
530 1207 765 1261 indidem
795 1207 1081 1280 expromit.
1122 1207 1294 1277 Ipsius
1353 1208 1781 1278 Explicalionum

220 1299 270 1352 in
304 1297 650 1352 Ecclesiasten
680 1299 868 1353 scribit
907 1298 1090 1354 Sixtus
1115 1300 1425 1355 meminisse
1460 1301 1781 1356 Methodium

224 1391 270 1444 in
317 1389 449 1444 libro
489 1387 567 1441 De
613 1390 1018 1445 resurrectione.
1083 1391 1235 1458 Quod
1285 1393 1536 1460 equidem
1583 1393 1638 1446 in
1683 1392 1785 1447 fra-

220 1481 456 1551 gmentis,
483 1495 607 1548 quae
632 1480 770 1549 apud
800 1479 1150 1550 Epiphanium
1179 1489 1236 1536 et
1285 1481 1528 1536 PhOtium
1547 1494 1782 1548 exstant,

222 1585 476 1640 nusquam
499 1572 733 1640 reperio.
772 1569 839 1624 In
876 1570 1150 1626 Canticum
1191 1573 1514 1627 canticorum
1555 1575 1782 1630 multum

221 1662 409 1717 laboris
437 1672 494 1716 et
519 1662 684 1716 studii
713 1661 1009 1717 contulisse
1038 1663 1211 1730 ipsum
1239 1671 1464 1718 testatur
1494 1663 1785 1735 Gregorius

223 1753 477 1825 Nyssenus
510 1754 565 1807 in
592 1752 829 1808 Prutnm.
858 1753 1164 1809 Comment.
1203 1755 1257 1808 in
1283 1755 1492 1812 Cautio.
1526 1760 1780 1812 canticor.

221 1844 649 1900 Commentarios
685 1847 900 1916 quidem
943 1857 997 1901 et
1037 1848 1288 1904 bomilias
1324 1850 1376 1904 in
1421 1848 1563 1903 hunc
1591 1850 1783 1904 librum

1051 457 1630 516 OHIGENIANOHUM
1671 460 1799 514 ΜΒ.
1843 459 1934 524 Ill,
1975 459 2128 517 CAP.
2172 460 2237 523 ll,
2273 458 2460 515 SECT.
2509 457 2565 515 ll.

1731 6 1742 10 ν
1765 6 1774 8 -
1795 6 1840 10 ιη
1863 0 2615 16 ,ἡαπ-’Μωιπιὼ-
2553 3 2574 6 ~~
2599 1 2610 8 δ
2626 0 2739 19 ,,’,,,,ι,,,-τίι
2695 0 2796 18 --‘-~_~-_
2838 11 2845 20 ,
2873 4 2890 19 κ
3151 8 3156 10 -
3241 8 3334 10 -η--
3357 8 3394 14 Ὗ
3417 6 3522 14 τξ-νρ
3535 6 3562 12 η.-
3583 6 3612 11 ~-v
3687 7 3692 10 -
3707 7 3722 12 ν
3743 9 3750 12 -

3321 464 3459 520 12θῖ

229 573 373 641 digna
406 568 638 624 arbitror
662 570 912 636 lectione,
942 570 994 626 in
1021 572 1163 625 hunc
1187 581 1471 640 angustum
1507 572 1784 627 Commen—
1812 580 1856 635 Δ
1887 573 2072 644 viginti
2115 573 2352 644 quinque
2401 573 2678 638 bomilias;
2720 581 2774 629 et
2823 578 3151 647 σημειώσεις
3188 597 3320 650 quas
3360 595 3464 642 nos

1877 677 2129 735 excerpta
2175 680 2466 735 possumus
2515 664 2806 733 appellare.
2837 687 2856 719 ι
2901 667 3057 724 Plura
3105 681 3280 728 autem
3328 674 3466 730 scri-

1879 757 2059 826 psisse
2100 756 2247 809 illum
2287 756 2617 825 persuadere
2650 768 2873 824 possunt
2901 758 3015 812 haec
3046 761 3260 816 Eusebii
3300 763 3461 817 verba

1879 849 1973 903 lib.
1998 863 2050 901 vt
2103 846 2332 910 Πεδίον..
2367 861 2488 914 cap.
2519 846 2611 912 32,
2640 848 2780 902 unde
2819 864 2916 904 sua
2959 851 3310 923 Hieronymus
3346 871 3462 908 ntu-

1881 945 2062 992 tuatus
2089 945 2173 991 est
2205 955 2218 990 :
2250 937 2360 988 Καὶ
2389 937 2652 1006 Ὠριγένει
2681 937 2736 990 δὲ
2765 940 2906 993 κατὰ
2934 940 3121 995 τοῦτον
3153 941 3246 997 τὸν
3269 944 3460 1015 χρόνον

1880 1029 1948 1082 τὰ
1980 1029 2058 1092 εἰς
2081 1028 2172 1082 τὸν
2211 1027 2437 1082 Ἡσαΐαν
2462 1028 2835 1096 συνετάττετο,
2866 1026 2940 1087 ὧν
2966 1033 3044 1096 εἰς
3071 1034 3168 1104 μὲν
3188 1033 3249 1087 τὸ
3280 1034 3462 1106 τρίτον

1885 1119 2052 1192 μέρος
2077 1119 2172 1172 τοῦ
2218 1119 2441 1172 Ἡσαΐου
2471 1120 2633 1191 μέχρι
2666 1121 2764 1190 τῆς
2791 1121 3038 1192 ὁράσεως
3065 1124 3172 1178 τῶν
3197 1126 3461 1195 τετραπό-

1880 1210 1986 1263 δων
2018 1209 2124 1263 τῶν
2151 1211 2208 1262 ὲν
2237 1213 2301 1280 τῇ
2327 1210 2539 1282 ἐρήμῳ,
2582 1209 2877 1280 τριάκοντα.
2906 1215 2985 1278 εἰς
3017 1215 3162 1285 ἡμᾶς
3194 1215 3461 1287 προῆλθον

1880 1300 2058 1372 τόμοι.
2097 1301 2208 1371 (65)
2231 1321 2249 1353 ι
2277 1301 2384 1356 llac
2407 1311 2727 1370 tempestate
2747 1301 3007 1374 Origenes
3031 1307 3462 1364 Commentarios

1883 1406 2010 1446 suos
2035 1394 2088 1446 in
2123 1391 2328 1447 Isaiam
2353 1393 2678 1463 composuit,
2712 1409 2742 1449 e
2775 1395 2970 1463 quibus
3006 1397 3057 1450 in
3101 1400 3312 1453 tertiam
3340 1399 3463 1468 qui.

1883 1483 2003 1536 dem
2034 1494 2241 1552 partem
2265 1484 2437 1550 Isaiae,
2481 1497 2650 1555 usque
2675 1488 2740 1543 ad
2768 1489 3025 1543 visionem
3055 1489 3459 1559 quadrupedum

1884 1573 1938 1628 in
1978 1574 2214 1640 deserto,
2241 1576 2464 1646 triginta
2505 1577 2571 1631 ad
2610 1594 2708 1634 nos
2749 1581 2879 1635 tomi
2911 1591 3288 1649 pervenerunt.
3323 1598 3344 1634 ι
3395 1581 3464 1638 Et

1885 1666 2141 1722 continuo
2186 1668 2251 1724 de
2279 1668 2692 1726 Commentariis
2732 1671 2976 1739 ejusdem
3027 1673 3083 1727 in
3133 1673 3462 1728 Eaechielem

1885 1769 2088 1825 agens,
2142 1757 2330 1827 viginti
2379 1760 2618 1830 quinque
2671 1776 2766 1816 sua
2795 1771 2976 1832 ,gaatate
3018 1764 3295 1819 exstitisse
3349 1764 3461 1827 ait,

1886 1860 2064 1913 neque
2110 1845 2289 1914 plures
2329 1846 2616 1917 Origenem
2672 1849 2723 1904 in
2775 1851 2917 1905 hunc
2962 1850 3277 1920 prophetam
3326 1852 3464 1905 scri-

221 1933 372 1987 dedit.
444 1932 833 1989 Commentarii
919 1937 1156 2006 duplices
1241 1937 1456 1993 fuerunt
1493 1954 1506 1991 :
1564 1953 1784 2007 parvum
1815 1932 1859 1987 Β
1887 1938 2057 2006 psisse
2081 1955 2094 1991 :
2119 1938 2270 2006 quasi
2305 1937 2636 1996 subinnuens
2667 1940 2874 2009 aliquos
2909 1955 2940 1994 e
2966 1941 3385 1994 Commentariis
3408 1941 3462 1994 in

225 2036 411 2080 tomum
442 2027 664 2095 juvenis
693 2027 946 2094 scripsit,
985 2044 1016 2082 e
1055 2044 1160 2097 quo
1198 2028 1449 2084 laciniam
1495 2032 1658 2101 capiti
1706 2045 1790 2084 se-

219 2115 373 2182 ptimo
449 2111 771 2168 Philocalia:
830 2115 1089 2170 intextam
1162 2117 1537 2187 deprehendas
1579 2137 1592 2171 :
1634 2119 1791 2174 annis

220 2221 336 2259 vero
364 2208 681 2274 provectior
720 2206 906 2260 decem
939 2210 1242 2278 composuit
1272 2218 1475 2276 tomos,
1509 2225 1646 2280 quos
1688 2225 1794 2265 me-

219 2296 449 2350 morabili
468 2297 652 2363 elogio
682 2295 1047 2368 Hieronymus
1092 2301 1402 2368 exornavit,
1457 2301 1510 2356 in
1563 2301 1792 2373 Prologo

215 2388 278 2441 ad
304 2387 610 2452 Damasum,
645 2405 756 2444 sua:
801 2391 1240 2460 interpretationi
1270 2392 1502 2447 duarum
1538 2393 1792 2461 Origenis

219 2479 546 2534 bomiliarutn
578 2481 634 2534 in
668 2481 890 2536 Cantico
920 2482 1144 2552 praeﬁxo
1175 2501 1190 2538 :
1228 2501 1247 2535 ι
1274 2483 1560 2552 Origenes,
1594 2487 1789 2556 inquit,

219 2585 328 2623 cum
376 2569 426 2624 in
484 2570 710 2626 caeteris
743 2571 897 2626 libris
950 2588 1140 2628 omnes
1187 2573 1402 2640 vicerit,
1460 2575 1512 2629 in
1567 2575 1793 2632 Cantico

218 2660 540 2714 canticorum
591 2660 706 2730 ipse
749 2675 808 2716 se
841 2662 1011 2716 vicit:
1047 2678 1168 2716 nam
1199 2665 1385 2718 decem
1427 2664 1792 2722 voluminibus

217 2749 492 2822 explicitis,
548 2767 673 2822 quae
713 2753 778 2808 ad
837 2754 1027 2825 viginti
1078 2770 1250 2825 usque
1307 2749 1560 2812 versuum
1623 2759 1790 2813 millia

219 2859 339 2913 pene
367 2846 718 2916 perveniunt,
761 2847 993 2915 primum
1044 2845 1394 2918 Septuaginta
1442 2848 1788 2918 lnterpretes,

217 2935 394 2991 deinde
430 2936 713 3006 Aquilam,
739 2945 791 2990 et
821 2934 1229 3007 Symmachum,
1261 2946 1316 2990 et
1341 2935 1789 3003 Theodotionem,

218 3037 267 3080 et
293 3027 356 3081 ad
380 3036 694 3082 extremum
718 3027 960 3097 quintam
982 3027 1276 3086 editionem
1301 3068 1314 3091 ,
1352 3045 1514 3098 quam
1556 3030 1609 3083 in
1639 3031 1791 3085 Actio

221 3118 386 3172 littore
421 3118 705 3173 invenisse
738 3133 796 3172 se
824 3119 1034 3181 scribit,
1069 3119 1139 3171 ita
1164 3117 1469 3186 ntagnilice,
1494 3129 1785 3189 aperteque

221 3209 496 3275 disseruit,
531 3217 595 3263 ut
639 3210 764 3262 inde
793 3209 925 3263 mihi
954 3210 1201 3264 videatur
1248 3209 1302 3262 in
1347 3224 1413 3264 eo
1465 3211 1787 3278 completum

217 3313 326 3353 esse
353 3301 494 3369 quod
518 3299 725 3354 dicitur
757 3320 770 3355 :
800 3297 1106 3357 Introduxit
1141 3319 1220 3356 me
1256 3299 1369 3356 Rex
1406 3303 1460 3356 in
1487 3303 1789 3357 cubiculum
1817 3283 1864 3345 ο

215 3404 356 3442 suum
395 3388 461 3444 “.
488 3409 508 3442 ι
549 3389 756 3444 Horum
798 3389 1324 3448 Commentariorum
1355 3408 1482 3464 pars
1512 3409 1617 3449 non
1657 3393 1788 3448 con-

221 3483 494 3537 temnenda
525 3484 585 3536 in
622 3481 863 3537 editione
887 3481 1081 3538 Latina
1110 3485 1376 3553 hodieque
1406 3495 1668 3554 superest,
1697 3486 1791 3541 sed

219 3571 346 3626 male
372 3573 423 3627 in
454 3571 714 3627 bomilias
748 3573 1055 3638 distributa,
1087 3586 1144 3628 ut
1172 3576 1522 3630 ostendemus
1545 3575 1788 3641 inferius,

218 3677 328 3716 cum
351 3665 413 3718 de
441 3663 828 3732 superstitibus
872 3663 1117 3734 Origenis
1147 3668 1400 3736 operibus
1449 3668 1553 3721 erit
1597 3669 1789 3738 agendi

219 3752 373 3808 locus.
410 3753 685 3809 Homilies
725 3767 904 3810 autem
938 3757 993 3810 in
1025 3755 1300 3811 Canticum
1342 3758 1474 3811 duas
1523 3755 1790 3824 Hierony-

221 3860 326 3900 mus
391 3845 588 3900 Latine
663 3844 968 3914 explicavit,
1023 3863 1240 3919 «quas,
1299 3859 1356 3901 ut
1409 3849 1524 3918 ipse
1577 3851 1684 3914 ait,
1740 3849 1792 3902 in

219 3951 410 3990 morem
430 3937 742 4006 quotidiani
769 3937 968 4008 eloquii
1002 3941 1238 4008 parvulis
1263 3940 1440 3994 adhuc
1467 3940 1794 3994 lactentibus

218 4023 534 4098 (Origenes)
577 4027 896 4096 composuit.
930 4046 948 4078 ι

288 4114 346 4170 ν.
388 4117 587 4171 Isaiam
641 4115 1001 4171 Adamantius
1057 4117 1507 4184 commentariis,
1562 4117 1796 4172 homiliis

217 4216 268 4260 et
297 4208 524 4262 scholiis
584 4206 974 4275 interpretatus
1009 4218 1120 4272 est;
1170 4217 1224 4260 et
1280 4208 1793 4262 commentariorum

217 4301 423 4368 quidem
487 4298 719 4369 triginta
779 4298 954 4361 libris,
1014 4299 1250 4353 homiliis
1295 4299 1480 4368 viginti
1533 4299 1793 4368 quinque.

219 4389 576 4464 Hieronymus
611 4389 738 4444 libr.
782 4405 798 4443 ι
844 4389 1065 4460 Apolog.
1096 4389 1300 4444 advers.
1334 4388 1538 4458 Rnﬁn.,
1577 4407 1696 4460 cap.
1739 4391 1792 4455 3,

223 4503 242 4535 ‹
276 4483 430 4541 Certe
479 4484 650 4541 etiam
681 4482 942 4552 Origenes
987 4484 1333 4552 patriarchen
1369 4481 1604 4536 Huillum
1632 4523 1647 4547 ,
1706 4483 1796 4550 qui

1891 2027 2092 2082 Isaiam
2156 2029 2512 2086 intercidisse.
2563 2031 2619 2086 ln
2672 2033 2896 2101 antiquo
2941 2032 3127 2086 codice
3183 2030 3460 2094 Marchali,

1891 2123 2032 2177 unde
2101 2121 2250 2178 Isaia:
2294 2131 2606 2178 contextum
2664 2124 2994 2194 deprompsit
3053 2122 3366 2184 Curterius.
3409 2132 3464 2176 et

1891 2229 2012 2268 eum
2057 2213 2302 2282 Proc0pii
2337 2215 2756 2270 Commentariis
2785 2215 2974 2280 edidit,
3034 2223 3299 2268 tomorum
3347 2212 3463 2265 illo-

1891 2321 2007 2358 rum
2040 2303 2288 2375 Origenis
2321 2306 2527 2361 numeri
2566 2307 2630 2360 ad
2660 2306 2880 2360 linibum
2910 2304 3130 2373 ascripti
3163 2313 3310 2370 sunt,
3332 2312 3385 2356 et
3408 2304 3460 2356 in

1891 2395 2166 2449 tricesimo
2195 2394 2468 2460 desinunt,
2500 2397 2589 2464 qui
2634 2404 2853 2448 notatus
2881 2403 2965 2447 est
2993 2393 3058 2446 ad
3083 2408 3232 2447 oram
3269 2391 3462 2458 capitis

1891 2501 2042 2551 xxtx,
2078 2500 2220 2540 vers.
2255 2487 2306 2551 l,
2337 2495 2499 2556 atque
2523 2487 2647 2540 hinc
2681 2485 2902 2556 proinde
2929 2482 3187 2552 pertinuit
3215 2484 3282 2537 ad
3328 2497 3450 2551 cap.

1891 2594 2024 2640 xxx,
2065 2591 2209 2632 vers.
2257 2575 2333 2640 6;
2398 2576 2540 2632 unde
2585 2575 2795 2629 initium
2846 2574 2992 2628 ducit
3046 2574 3182 2628 visio
3227 2574 3465 2642 quadru-

1890 2670 2112 2742 pedum.

1958 2757 2210 2813 Jeremiaa
2245 2757 2582 2828 pr0phetiam
2641 2772 2738 2827 per
2792 2755 3046 2810 bomilias
3104 2755 3466 2811 Adamantius

1889 2851 2198 2920 explicavit.
2227 2849 2646 2915 Quatuordecim
2669 2863 2736 2904 ex
2767 2847 3004 2902 homiliis
3033 2847 3257 2902 confuso
3279 2848 3466 2902 ordine

1890 2939 2247 3010 Hieronymus
2279 2941 2331 2993 in
2378 2938 2630 2992 Latinum
2667 2952 2967 2993 sermonem
3015 2936 3307 2992 transtulit.
3359 2936 3463 2990 No-

1889 3030 2181 3084 vemdecim
2235 3029 2421 3084 habuit
2448 3027 2808 3083 Scorialensis
2851 3028 3040 3091 codex,
3082 3042 3188 3096 quo
3219 3042 3347 3082 usus
3385 3038 3466 3080 est
3503 3031 3509 3038 '

1889 3120 2198 3184 Corderius,
2250 3119 2351 3173 sub
2400 3118 2616 3172 nomine
2670 3116 2888 3188 Cyrilli;
2927 3131 3155 3186 quarum
3184 3115 3463 3169 duodecim

1892 3214 2034 3267 inter
2090 3211 2548 3281 Hieronymianas
2589 3209 2701 3276 jam
2754 3217 2876 3262 ante
2923 3207 3280 3262 habebantur.
3331 3207 3465 3260 Fra-

1891 3311 2165 3374 gmentum
2194 3317 2257 3356 ex
2287 3301 2506 3356 homilia
2541 3300 2815 3355 tricesima
2848 3313 2986 3353 nona
3014 3299 3284 3353 decimum
3311 3295 3468 3352 oﬂ'crt

1894 3395 2202 3448 Philocalice
2226 3405 2386 3464 caput
2415 3394 2546 3466 (66).
2575 3393 2927 3449 Cassiodorus
2954 3394 3004 3446 in
3036 3391 3172 3446 libro
3200 3391 3273 3445 De
3315 3392 3470 3445 insti-

1891 3497 1992 3540 tut.
2039 3487 2205 3539 divin.
2254 3483 2608 3554 Scripturar.,
2664 3500 2781 3555 cap.
2832 3485 2887 3548 3,
2929 3483 3124 3538 asserit
3177 3481 3466 3554 Origenem

1891 3577 1961 3632 45
2013 3577 2247 3632 homiliis
2291 3575 2582 3631 Jeremiam
2629 3577 2963 3645 exposuisse,
3012 3590 3078 3630 ex
3120 3576 3291 3644 iisque
3333 3591 3470 3644 qua-

1896 3670 2191 3724 tuordecim
2238 3669 2337 3724 sibi
2393 3669 2558 3724 fuisse
2589 3668 2859 3732 inventas,
2911 3684 3004 3723 eas
3047 3668 3301 3721 nimirum
3333 3682 3468 3736 quas

1895 3763 2254 3832 Hieronymus
2286 3760 2578 3816 Latinitate
2602 3761 2912 3815 donaverat.
2951 3760 3192 3829 Denique
3216 3759 3470 3814 [tabanus

1896 3853 2111 3907 Maurus
2145 3850 2360 3906 Praelat.
2395 3853 2448 3905 in
2478 3851 2676 3906 λιι-ειη.
2705 3853 2944 3921 quinque
2985 3853 3103 3906 illas
3137 3867 3297 3920 supra
3331 3867 3470 3920 qua-

1896 3946 2142 4016 draginta
2182 3944 2431 4012 Origenis
2469 3945 2720 4000 bomilias
2764 3947 2816 3997 iu
2849 3944 3132 3999 Jeremiam
3176 3945 3374 3998 vidisse
3412 3959 3472 4000 se

1895 4045 2190 4090 asseverat.
2229 4039 2297 4090 At
2323 4037 2378 4088 in
2418 4034 2650 4088 Threnos
2681 4034 2932 4089 Jeremim
2971 4049 3161 4088 novem
3209 4032 3470 4102 Origenes

1896 4127 2193 4181 dictaverat
2219 4135 2416 4193 tomos,
2461 4140 2526 4181 ex
2563 4125 2758 4195 quibus
2800 4127 3039 4195 quinque
3093 4125 3356 4178 duntaxat
3401 4126 3470 4179 ad

1896 4232 2048 4272 suam
2071 4227 2284 4272 aetatem
2321 4233 2701 4287 perseverasse
2734 4217 2996 4274 Eusebius
3039 4217 3312 4272 memoriae
3345 4232 3470 4286 pro-

1897 4308 2033 4362 didit
2062 4307 2184 4361 libr.
2211 4323 2284 4372 vt,
2323 4323 2442 4378 cap.
2475 4307 2564 4361 24.

1973 4399 2310 4454 Ezechielem
2361 4400 2553 4470 viginti
2612 4413 2849 4470 quinque
2900 4399 3058 4453 tomis
3113 4399 3180 4454 ab
3234 4396 3471 4470 Origene

1900 4490 2065 4546 fuisse
2087 4492 2414 4548 illustratum
2448 4493 2752 4547 docetidem
2776 4490 3037 4546 Eusebius
3075 4491 3198 4546 libr.
3225 4509 3272 4546 vt
3301 4491 3472 4558 ωσι..

219 4579 547 4648 temporibus
570 4576 690 4646 ejus
710 4577 830 4642 fuit,
851 4579 1122 4641 nominat;
1147 4581 1198 4627 ει
1224 4575 1559 4631 tricesimum
1595 4584 1794 4629 tomum
1831 4619 1878 4678 υ
1905 4599 2024 4652 cap.
2055 4583 2144 4638 52,
2173 4583 2337 4639 Docet
2371 4595 2425 4639 ει
2466 4597 2619 4639 vems
2659 4583 2915 4639 Mal-cliuli
2967 4584 3104 4639 liber
3133 4599 3320 4639 omnes
3349 4600 3474 4653 pro-

220 4666 268 4721 lu
307 4668 528 4733 Isaiam,
579 4672 634 4723 in
674 4670 826 4737 cujus
860 4671 964 4723 line
997 4670 1267 4732 edisserit,
1353 4667 1442 4723 Va:
1482 4669 1574 4721 tibi
1623 4669 1800 4722 civitas

219 4759 375 4826 Ariel,
403 4776 571 4832 quam
602 4761 912 4827 expugnavit
957 4757 1122 4812 David
1145 4758 1188 4790 “
1217 4759 1230 4812 ε
1267 4759 1408 4813 illius
1469 4758 1803 4829 expositione

219 4855 524 4917 concludit;
579 4861 640 4904 ut
683 4866 804 4904 cum
853 4850 1011 4904 aliter
1053 4851 1202 4919 prius
1239 4852 1478 4906 sensisse
1523 4865 1582 4905 se
1635 4850 1800 4914 dicat,

1906 4678 2099 4746 phetas
2131 4677 2444 4747 complexus
2470 4696 2484 4732 :
2522 4694 2642 4731 nam
2672 4679 2738 4732 ad
2780 4676 3080 4732 Ezechielis
3104 4691 3254 4731 oram
3287 4676 3476 4745 Orige-

1906 4767 2490 4822 nianorum-tomoruin
2529 4767 2742 4821 numeri
2782 4769 2894 4821 suis
2937 4776 3062 4820 sunt
3100 4766 3270 4820 notati
3317 4765 3472 4828 locis,

1904 4872 2006 4912 nec
2031 4858 2212 4926 plures
2251 4866 2560 4925 suntquam
2585 4860 2821 4926 quinque
2849 4867 2904 4910 et
2943 4856 3152 4923 viginti.
3184 4855 3262 4908 Ex
3296 4855 3470 4908 homi-

219 4948 432 4999 doctum
470 4947 542 5000 ab
581 4945 695 5007 illo.
725 4944 776 4997 id
810 4944 950 5012 quod
976 4953 1058 4998 est
1093 4945 1300 5008 verius,
1338 4942 1648 4998 conﬁtetur.
1681 4960 1700 4993 ι
1737 4939 1803 4994 Et
1901 4946 1989 5001 liis
2028 4962 2156 5000 vero
2187 4948 2237 5000 in
2281 4954 2552 5016 propheta:
2601 4948 2761 5015 hujus
2810 4948 3191 4998 enodationem
3231 4959 3473 5014 pronun-

222 5035 269 5091 in
308 5037 589 5093 Prommio
633 5038 700 5091 ad
743 5037 975 5106 primum
1027 5037 1559 5092 Commentariorum
1580 5048 1799 5088 suorum

220 5132 269 5182 in
308 5130 519 5184 Isaiam
571 5129 770 5182 librum
812 5146 825 5181 :
868 5145 886 5178 ι
921 5126 1149 5198 Scripsit
1181 5129 1234 5182 in
1293 5127 1440 5180 hunc
1480 5123 1798 5193 prophetam

214 5220 360 5289 juxta
391 5223 666 5278 editiones
695 5231 946 5288 quatuor,
974 5236 1141 5290 usque
1170 5220 1236 5273 ad
1273 5219 1536 5273 visionem
1567 5215 1802 5285 quadru-

218 5313 410 5378 pedum
452 5313 510 5367 in
565 5311 783 5366 deserto
843 5309 1105 5380 Origenes
1168 5310 1390 5380 triginta
1439 5305 1733 5372 volumina,
1770 5321 1800 5359 e

217 5404 410 5471 quibus
449 5405 746 5458 vicesimus
766 5413 950 5458 sextus
980 5403 1113 5458 liber
1145 5418 1250 5457 non
1280 5399 1572 5455 invenitur.
1599 5397 1802 5452 Ferun-

221 5502 304 5546 tur
323 5504 380 5549 et
414 5493 510 5549 alii
554 5495 654 5550 sub
685 5494 900 5550 nomine
945 5494 1061 5561 ejus
1103 5494 1169 5548 de
1206 5493 1414 5547 visione
1457 5491 1802 5564 τετραπόδων

219 5584 324 5639 duo
346 5588 412 5639 ad
445 5586 676 5641 Cratam
712 5585 853 5651 libri,
881 5585 972 5653 qui
1009 5585 1402 5655 pseudographi
1431 5593 1724 5653 putantur;
1748 5591 1800 5638 et

288 5721 334 5754 "
367 5721 588 5778 Cantic.
634 5737 674 5786 ι,
712 5721 766 5777 3.
843 5723 888 5754 “
918 5723 1041 5777 lsai.
1072 5739 1222 5786 xxtx,
1256 5723 1308 5776 l.

288 5858 403 5930 (65)
440 5857 688 5916 Valesius
722 5860 878 5930 legit,
921 5859 1210 5930 περιῆλθον
1233 5875 1406 5931 τομοι.

1905 5039 2073 5102 tiatis,
2104 5038 2511 5106 quatuordecim
2548 5037 2617 5091 ab
2658 5037 2984 5108 Hieronymo
3032 5036 3293 5090 Romanis
3343 5047 3475 5088 con-

1907 5143 2076 5181 versae
2106 5129 2285 5183 verbis
2319 5128 2371 5180 in
2403 5127 2649 5180 Latinam
2689 5127 2980 5180 editionem
3023 5125 3282 5194 conjecta:
3325 5136 3473 5180 sunt.

1908 5219 1984 5273 Ex
2014 5219 2115 5274 hoc
2157 5218 2406 5290 Origenis
2445 5219 2562 5274 loco
2601 5228 2756 5272 tract.
2791 5219 2886 5284 29,
2936 5235 3083 5273 num.
3125 5219 3218 5284 40,
3257 5233 3312 5287 p.
3346 5217 3474 5284 860,

1909 5313 1963 5364 in
1997 5309 2186 5364 Matth.
2208 5325 2227 5363 :
2251 5329 2270 5362 r
2295 5311 2424 5378 Qua:
2447 5321 2622 5365 autem
2650 5325 2946 5378 sequuntur
2963 5309 3017 5362 in
3048 5319 3192 5364 textu
3221 5309 3475 5368 Danielis.

1909 5403 2049 5456 sicut
2072 5404 2360 5471 potuimus,
2387 5402 2752 5470 exposuimus,
2780 5419 2799 5452 ›
2848 5402 2899 5454 in
2953 5401 3227 5455 Danielem
3273 5399 3476 5468 aliquid

1909 5495 1976 5547 ab
2005 5495 2120 5562 ipso
2157 5495 2514 5562 compositum
2542 5493 2705 5547 fuisse
2749 5493 3028 5559 discimus,
3059 5501 3114 5546 et
3139 5507 3170 5546 e
3201 5490 3477 5546 Prommio

1908 5598 2119 5653 quoque
2149 5582 2458 5653 Hieronymi
2481 5584 2547 5638 ad
2575 5581 2918 5636 undecimum
2945 5581 3476 5636 Commentariorum

1979 5854 2090 5926 (66)
2121 5851 2253 5910 Vide
2267 5854 2519 5911 editionis
2547 5862 2744 5909 nostra:
2773 5859 2904 5908 tom.
2939 5847 3027 5913 Ill,
3058 5865 3112 5920 p.
3149 5847 3278 5906 285.
