3952 6534
339 351 484 411 ιεθε

1118 359 1693 418 ORIGENIANORUM
1731 360 1862 416 LIB.
1908 359 1993 425 lll,
2029 360 2181 414 CAP.
2225 359 2286 425 ll,
2331 359 2526 416 SECT.
2569 360 2632 413 ll.

3433 357 3576 412 1206

332 475 480 528 duos
513 474 861 529 Adamantius
905 475 1090 530 edidit.
1138 475 1214 530 Ita
1255 477 1484 532 Ruﬁnus
1522 477 1720 533 Irwect.
1754 495 1791 533 ιι
1849 479 1902 532 in
1935 483 1978 540 Α
2007 479 2250 534 omnium
2299 488 2354 532 et
2402 475 2771 531 admirabilior
2820 475 3082 530 destinata
3116 473 3456 543 c0gnoscitur
3502 475 3567 527 ad

337 565 545 621 Hieron
573 584 585 619 :
617 584 636 616 ‹
661 566 875 620 Interim
905 566 1150 636 Origenis
1175 568 1362 633 libros,
1390 578 1447 622 ut
1471 585 1631 640 supra
1651 571 1900 634 diximus,

335 657 398 711 in
424 673 632 712 omnem
653 658 1056 712 admirationem
1089 659 1313 721 extollit,
1340 671 1392 712 et
1411 660 1718 729 dicit,quod
1747 663 1790 716 si
1809 678 1902 717 eos

331 749 724 818 interpretetur
769 747 1005 802 Romana
1057 747 1254 817 lingua,
1308 760 1594 820 cognoscet
1643 761 1901 819 quantum

330 841 466 894 boui
501 852 553 893 et
579 849 704 894 ante
733 839 1005 901 nescierit,
1039 849 1093 894 et
1116 841 1253 894 scire
1287 857 1426 895 nunc
1452 842 1697 910 coeperit,
1740 842 1792 895 id
1821 850 1904 896 est

330 932 396 984 in
424 927 771 996 Hatthieum,
829 930 1047 999 inquit,
1103 931 1287 1000 viginti
1346 947 1439 986 sex
1499 934 1665 988 libros
1720 933 1899 1002 (lege,

332 1022 524 1091 viginti
561 1021 837 1092 quinque),
873 1031 928 1076 et
957 1022 1010 1075 in
1042 1019 1238 1076 Lucam
1275 1023 1532 1093 quinque,
1567 1033 1621 1077 et
1652 1026 1706 1077 in
1731 1024 1903 1077 Joan-

327 1130 452 1167 nem
487 1114 696 1183 triginta
728 1114 882 1168 duos.
916 1133 934 1165 ι
962 1112 1089 1168 Inde
1117 1124 1200 1169 est
1227 1115 1367 1185 quod
1414 1115 1468 1167 in
1512 1116 1696 1170 codice
1738 1116 1901 1170 Com-

330 1212 568 1256 mentar.
609 1203 662 1254 in
717 1200 973 1256 Joannem
997 1218 1103 1271 quo
1137 1218 1265 1257 usus
1301 1214 1383 1258 est
1421 1205 1734 1260 Ambrosius
1772 1206 1902 1260 Fer-

327 1295 511 1349 rarius
532 1309 719 1348 novem
767 1295 1075 1364 interruptze
1135 1297 1291 1351 seriei
1343 1298 1471 1351 tomi
1511 1296 1563 1351 in
1608 1297 1679 1351 52
1731 1309 1900 1353 tomos

325 1389 551 1441 fuerant
577 1385 874 1441 distributi.
906 1385 1233 1441 Emendetur
1272 1403 1400 1458 ergo
1442 1389 1592 1444 locus
1632 1390 1720 1445 ille
1768 1389 1899 1445 Pro-

328 1477 441 1548 logi
477 1477 788 1547 Hieronymi
827 1479 892 1531 ad
932 1477 1182 1532 homilias
1205 1478 1451 1548 Origenis
1477 1481 1530 1533 in
1560 1478 1751 1534 Lucam
1786 1496 1814 1534 a
1841 1497 1899 1536 se

321 1584 624 1624 conversas
677 1587 691 1622 :
742 1587 760 1620 ι
810 1569 1086 1638 Siquidem
1145 1569 1273 1623 illud
1331 1571 1472 1640 quod
1523 1569 1649 1624 olim
1714 1570 1899 1627 Romae

321 1667 519 1713 sancta
573 1657 799 1713 Blesilla
853 1657 1200 1727 ﬂagitaverat,
1273 1667 1329 1712 ut
1369 1657 1438 1713 56
1487 1668 1659 1714 tomos
1713 1659 1894 1730 (lege,

321 1749 400 1805 25
431 1749 640 1820 tomos)
678 1749 821 1805 illius
843 1749 897 1802 in
929 1748 1234 1802 Mantineam
1259 1789 1272 1814 ,
1319 1759 1374 1804 et
1412 1751 1649 1819 quinque
1679 1750 1815 1806 alios
1843 1753 1894 1804 in

2005 571 2318 636 Romanos,
2367 586 2530 640 quam
2587 569 2849 638 Origenes
2912 567 3102 636 viginti
3167 566 3318 620 libris
3378 565 3568 620 Graeca

2005 679 2257 719 sermone
2291 662 2626 716 declaravit:
2677 676 2810 729 quos
2859 669 3037 714 tamen
3094 657 3429 728 supradictus
3458 655 3568 709 Ru-

2004 753 2145 808 ﬁnus
2173 754 2224 806 in
2253 753 2435 807 decem
2463 752 2629 806 libros
2660 751 2927 820 redigens,
2949 749 3125 802 adhuc
3152 748 3368 815 copiose
3393 757 3568 800 trans-

2004 843 2126 897 tulit
2169 843 2222 896 in
2271 843 2538 897 Latinum.
2569 862 2586 895 ι
2618 842 2984 896 Conﬁrmatur
3015 840 3141 894 illud
3171 855 3234 894 ex
3270 839 3353 893 his
3385 837 3564 893 Ruﬁni

2002 935 2180 989 verbis
2216 935 2268 986 in
2313 933 2634 988 Prazfatione
2672 949 2791 986 mox
2845 932 3058 986 laudata
3091 949 3106 985 ;
3145 949 3164 981 ι
3190 931 3353 984 Addis
3385 939 3564 984 autem

2003 1039 2070 1079 ne
2095 1025 2224 1093 quid
2263 1023 2538 1078 laboribus
2568 1024 2702 1077 meis
2740 1023 2898 1086 desit,
2925 1031 2982 1074 ut
3010 1035 3170 1075 omne
3209 1023 3310 1074 hoc
3339 1020 3566 1089 quinde-

2002 1116 2106 1171 cim
2155 1115 2492 1170 voluminum
2541 1129 2773 1183 corpus,
2814 1114 2955 1181 quod
3007 1111 3226 1166 Graecus
3265 1126 3445 1165 sermo
3496 1109 3562 1164 ad

2002 1207 2356 1276 quadraginta
2407 1205 2541 1269 fere,
2592 1216 2686 1258 aut
2725 1219 2789 1258 eo
2823 1203 3054 1274 amplius
3102 1202 3270 1257 millia
3312 1215 3562 1255 versuum

2000 1301 2272 1369 produxit,
2317 1298 2626 1353 abbreviem
2686 1307 2739 1351 et
2785 1297 2850 1349 ad
2883 1296 3081 1357 media,
3116 1295 3158 1348 si
3205 1295 3318 1348 ﬁeri
3366 1301 3562 1362 potest,

1999 1391 2169 1459 spatia
2198 1399 2488 1445 coarctem.
2516 1409 2535 1440 ι
2573 1389 2740 1458 Igitur
2768 1389 2943 1442 ltuﬁui
2985 1387 3363 1457 interpretatio
3389 1387 3562 1440 media

2000 1480 2219 1534 circiter
2259 1496 2384 1550 pars
2411 1490 2494 1535 est
2523 1479 2832 1550 Origeniani
2873 1480 3088 1548 operis;
3133 1479 3280 1547 atqui
3320 1479 3433 1532 haec
3475 1478 3560 1531 in-

2003 1573 2320 1640 terpretatio
2352 1573 2536 1626 decem
2569 1571 2946 1640 complectitur
2983 1569 3186 1635 libros;
3218 1569 3404 1638 viginti
3433 1582 3562 1638 ergo

1998 1676 2133 1730 opus
2167 1661 2551 1731 Origenianum
2585 1663 3064 1732 complectebatur.
3090 1661 3255 1731 Igitur
3283 1676 3382 1729 pro
3401 1661 3560 1729 quin-

2001 1750 2166 1803 decim
2199 1750 2482 1818 legendum
2514 1753 2653 1819 apud
2677 1753 2927 1805 Ruﬁnum
2953 1753 3154 1820 viginti.
3185 1752 3348 1805 Addit
3374 1751 3564 1805 deinde

325 1839 547 1902 Lucam.
577 1849 630 1895 et
653 1839 722 1895 39
761 1840 817 1895 in
851 1837 1109 1894 Joannem
1157 1846 1354 1894 nostra:
1396 1839 1590 1910 lingua:
1632 1839 1895 1894 traderem
1930 1844 1972 1898 B
2000 1841 2226 1897 Ruﬁnus
2281 1842 2600 1912 interpolata
2649 1845 2816 1899 fuisse
2857 1846 3246 1898 commentaria
3291 1844 3558 1914 Origenis,

321 1931 488 2001 (lege
525 1931 594 1985 32
623 1932 676 1984 in
697 1929 1052 2001 Joannem),r
1093 1939 1281 1986 nonut
1325 1931 1515 2002 legisse
1549 1932 1760 1986 videtur
1810 1933 1893 1986 vir

321 2022 593 2087 eruditus,
645 2022 864 2091 triginta
921 2033 1172 2093 quatuor.
1229 2021 1431 2078 Scribit
1474 2022 1734 2078 Eusebius
1767 2023 1888 2079 libr.

321 2125 376 2165 vr
410 2109 636 2176 Ηίθεοι,
671 2125 792 2181 cap.
826 2111 921 2176 24,
949 2126 1013 2166 ex
1054 2113 1303 2168 universa
1343 2114 1445 2170 hac
1474 2116 1894 2170 commentario-

321 2217 448 2256 rum
479 2202 619 2258 mole
649 2202 779 2257 duos
805 2211 859 2257 et
895 2205 1080 2273 viginti
1129 2206 1389 2259 duntaxat
1425 2205 1592 2262 libros
1632 2221 1732 2260 suo
1776 2222 1890 2262 τενο

313 2295 622 2349 exstitisse.
655 2293 746 2349 His
780 2310 908 2350 vero
937 2299 1268 2364 temporibus
1314 2299 1403 2352 vix
1449 2309 1736 2368 supersunt
1794 2315 1888 2353 no-

317 2400 468 2438 vem.
501 2383 628 2439 Duae
659 2395 922 2456 praeterea
964 2389 1017 2439 in
1042 2385 1306 2441 Joannem
1344 2389 1684 2457 reperientur
1720 2389 1890 2444 homi-

318 2478 410 2532 liae
456 2477 596 2532 inter
640 2493 732 2533 eas
791 2494 908 2548 quae
956 2481 1010 2534 in
1063 2482 1290 2536 diversos
1343 2481 1744 2549 inscribuntur;
1793 2483 1886 2538 sed

315 2571 576 2641 quoniam
606 2572 672 2626 de
707 2573 942 2643 ipsarum
971 2585 1192 2630 auctore
1219 2590 1325 2630 non
1353 2586 1598 2640 constat,
1646 2577 1712 2630 de
1757 2577 1887 2646 ipsis

316 2665 460 2719 alias
481 2666 828 2733 quazstionem
869 2666 1202 2721 habebimus.
1240 2666 1313 2720 De
1354 2667 1792 2736 Expositionibus
1833 2669 1887 2721 i2:

315 2752 453 2806 Acta
484 2753 841 2822 apostolorum
881 2769 1046 2808 unum
1084 2755 1212 2808 illud
1248 2756 1391 2825 quod
1433 2757 1665 2810 scribam
1693 2757 1882 2824 habeo,

315 2842 526 2912 aliquot
555 2843 804 2899 homilias
835 2845 885 2899 in
922 2845 1009 2898 illa
1060 2845 1226 2902 fuisse
1269 2848 1335 2901 ab
1371 2844 1600 2917 Origene
1639 2850 1889 2904 lucubra-

318 2945 403 2988 tas
436 2953 450 2988 :
481 2934 594 3008 (68)
620 2939 1053 3008 caputsiquidem
1088 2937 1395 2994 Philocalt’w
1427 2943 1710 3009 septimum
1735 2945 1886 2997 clau-

317 3028 402 3082 dit
434 3029 686 3100 exiguum
723 3030 1076 3102 fragmentum
1117 3048 1146 3087 e
1176 3044 1366 3103 quarta
1401 3034 1616 3087 homilia
1657 3034 1708 3088 in
1744 3036 1884 3089 hunc

317 3121 536 3177 librum.

389 3209 521 3267 Vlll.
550 3211 628 3267 Ad
659 3213 966 3268 enodandas
991 3213 1140 3269 Pauli
1169 3214 1425 3284 epistolas
1453 3217 1722 3289 ingentem
1755 3233 1879 3286 ope-

315 3317 435 3358 ram
482 3311 538 3358 et
593 3304 833 3360 laborem
859 3305 1121 3374 Origenes
1148 3307 1416 3363 contulit:
1452 3311 1718 3378 praecipue
1755 3325 1884 3364 vero

313 3393 462 3448 circa
507 3393 659 3448 Pauli
692 3394 985 3464 Epistulam
1033 3398 1096 3450 ad
1130 3399 1400 3454 Romanos
1430 3416 1694 3454 summam
1729 3402 1878 3455 adhi-

312 3487 435 3542 buit
467 3485 836 3556 diligentiam;
893 3505 1019 3543 nam
1072 3506 1189 3560 qua:
1235 3491 1286 3544 in
1327 3491 1512 3545 Latina
1563 3493 1796 3548 editione
1853 3509 1882 3546 a

313 3579 511 3634 Ruﬁno
550 3594 810 3635 conversa
859 3591 1110 3647 exstant,
1149 3584 1234 3637 vix
1280 3585 1507 3638 mediam
1537 3583 1886 3638 Commenta-

313 3671 519 3724 riorum
561 3681 848 3742 exaequant
888 3687 1114 3744 partem,
1171 3691 1306 3744 quos
1345 3676 1397 3728 in
1441 3691 1559 3730 eam
1603 3676 1882 3744 epistolam

311 3762 580 3818 ediderat.
615 3762 842 3818 Ruﬁnus
868 3765 918 3818 in
958 3765 1270 3834 praefatione
1296 3766 1360 3819 ad
1386 3766 1686 3820 Heracliam
1720 3768 1885 3821 inter.-

312 3855 600 3923 pretationi
629 3870 737 3908 sua:
761 3855 976 3926 praeﬁxa
999 3898 1012 3922 ,
1049 3873 1069 3909 ε
1106 3857 1345 3921 Suades,
1376 3857 1580 3926 inquit,
1611 3870 1666 3912 ut
1697 3871 1881 3912 nostra

311 3961 448 4000 voce
493 3947 796 4014 quindecim
849 3947 966 4016 ejus
1019 3949 1306 4020 (Origenis)
1350 3951 1639 4013 volumina,
1689 3953 1884 4020 quibus

311 4035 608 4106 Epistolam
638 4035 786 4091 Pauli
815 4039 880 4091 ad
908 4037 1177 4096 Romanus
1210 4043 1466 4096 disseruit
1493 4043 1876 4111 explicemus.»

312 4127 390 4183 Ita
439 4128 685 4197 legerunt
740 4141 792 4186 et
842 4133 1126 4187 ediderunt
1163 4132 1417 4187 Merlinus
1449 4133 1584 4205 (09),
1630 4134 1882 4190 Erasmus

307 4226 368 4272 et
405 4219 782 4276 Genebrardus
827 4240 842 4276 :
894 4222 1016 4276 inde
1062 4223 1245 4276 Sixtus
1297 4222 1554 4280 Senensis
1601 4227 1883 4294 scripsisse

310 4303 600 4374 Origeuem
631 4305 765 4360 dixit
796 4306 847 4360 in
877 4306 1170 4376 Epistolam
1201 4307 1266 4360 ad
1301 4307 1571 4364 Romanos
1595 4309 1882 4365 Commen-

312 4395 576 4449 tariorum
618 4396 786 4452 libros
825 4397 1157 4466 quindecim.
1209 4400 1277 4451 At
1314 4414 1409 4454 eos
1443 4402 1626 4470 viginti
1657 4419 1880 4458 numero

313 4485 480 4540 fuisse
525 4488 721 4540 asserit
749 4487 1106 4544 Cassiodorus
1137 4489 1260 4544 libr.
1301 4489 1376 4545 De
1433 4493 1660 4547 institut.
1711 4497 1874 4550 divin.

313 4574 677 4645 Scripturar.,
737 4577 812 4632 ita
872 4577 1096 4647 loquens
1143 4593 1159 4631 :

307 4784 596 4849 Joannem,
633 4783 843 4852 inquit,
886 4784 1026 4839 sicut
1063 4785 1372 4853 potuimus.
1423 4786 1772 4851 exposuimus
1817 4785 1882 4837 de

309 4855 523 4908 duobus
546 4853 868 4917 latronibus,
901 4854 991 4922 qui
1026 4854 1245 4908 luerunt
1285 4855 1530 4908 cruciﬁxi
1575 4871 1696 4907 cum
1728 4855 1879 4909 Chri-

310 4935 418 4989 sto,
451 4924 542 4991 ιιιιῖ
585 4925 880 4978 secundum
914 4925 1220 4977 blatthatum
1277 4925 1490 4994 quidem
1543 4935 1597 4976 et
1633 4923 1879 4994 Marcum
1909 4990 1911 4992 η

311 4996 818 5064 improperaverunt
849 4996 899 5047 ei
940 4995 1174 5046 amboin
1209 4992 1405 5049 cruce.
1440 4993 1738 5064 secundum
1773 4992 1880 5046 Lu-

308 5062 431 5118 cam
464 5075 639 5117 autem
664 5062 933 5116 dicentem
977 5064 1228 5130 quoniam
1263 5080 1403 5116 unus
1426 5064 1490 5116 de
1525 5063 1881 5130 pendentibus

312 5134 611 5188 latronibus
650 5132 1147 5201 blasphemabat....
1181 5131 1520 5185 Conveniens
1553 5147 1681 5200 ergo
1711 5142 1792 5184 cst
1825 5140 1881 5182 ut

311 5203 583 5272 inprimis
614 5203 828 5270 quidem
875 5204 1036 5255 ambo
1085 5201 1319 5254 latrones
1367 5203 1731 5269 intelligantur
1770 5202 1877 5272 lio-

313 5271 519 5343 lninum
549 5274 948 5343 blasphemasse
979 5311 1018 5325 ..
1055 5275 1163 5343 Aut
1213 5287 1279 5324 ne
1325 5272 1484 5343 forte.
1520 5273 1655 5323 sicut
1680 5281 1737 5343 et
1767 5271 1879 5343 illic

313 5342 550 5396 diximus
574 5340 1016 5408 (commentariis
1043 5341 1252 5394 scilicet
1307 5343 1359 5393 in
1399 5340 1720 5410 Joannem),
1785 5341 1875 5410 alii

310 5422 439 5466 sunt
464 5410 520 5465 hi
547 5413 651 5465 duo
684 5411 918 5465 latrones
949 5427 1013 5463 ex
1041 5411 1236 5478 quibus
1283 5424 1421 5462 unus
1469 5408 1880 5476 blasphemabat

309 5497 458 5542 cum,
487 5491 542 5535 et
563 5480 649 5534 alii
673 5480 890 5535 fuerunt
915 5482 986 5534 illi
1018 5481 1124 5534 duo
1153 5479 1395 5532 latrones
1422 5481 1512 5542 qui
1567 5480 1727 5532 ambo
1762 5478 1876 5530 bla-

309 5552 732 5620 sphemaverunt
760 5567 814 5604 ε»
847 5552 954 5616 (sic
974 5551 1116 5604 enim
1139 5549 1419 5616 legendum
1442 5548 1695 5614 cstjuxta
1718 5549 1876 5620 mss.)

312 5618 439 5675 Haec
475 5628 655 5673 autem
685 5621 871 5675 nullibi
901 5621 1244 5690 reperiuntur
1271 5620 1322 5672 in
1368 5633 1558 5673 novem
1603 5618 1758 5671 tomis
1783 5620 1873 5684 qui

307 5693 876 5764 etiamnumcxstant
933 5689 1310 5764 influannem,
1371 5699 1648 5764 atquecx
1696 5690 1875 5764 verbis

311 5763 471 5816 tuodo
492 5758 676 5816 citatis
705 5768 757 5815 et
781 5761 894 5816 loco
922 5763 1008 5815 ubi
1047 5775 1108 5816 ea
1149 5759 1312 5814 citata
1344 5753 1488 5825 sunt,
1522 5759 1731 5814 videtur
1754 5753 1873 5811 Ori-

1993 1944 2048 1990 et
2073 1935 2126 1990 in
2152 1922 2401 1990 omnibus
2426 1936 2536 1990 fere
2578 1936 2917 1991 bibliothecis
2948 1937 3182 1991 defuisse
3209 1938 3478 2004 aliquanta
3497 1952 3564 1989 ea:

1992 2027 2103 2095 ipso
2125 2043 2339 2092 corpore
2361 2027 2645 2080 uolumina.
2669 2028 2959 2098 Epistulam
2981 2029 3045 2082 ad
3070 2027 3380 2082 Corinthios
3407 2029 3560 2094 prio-

1992 2135 2106 2174 rem
2156 2119 2426 2176 latissime
2471 2121 2884 2190 interpretatum
2914 2135 3036 2174 esse
3063 2121 3236 2188 ipsum
3275 2121 3346 2173 ait
3373 2119 3562 2190 Hiero:

1991 2225 2183 2280 nymus
2214 2211 2374 2280 epist.
2407 2210 2477 2266 52
2499 2251 2514 2275 ,
2551 2212 2617 2265 ad
2664 2211 2975 2266 Pammach.
3028 2211 3080 2266 ld
3114 2213 3463 2265 conﬁrmatur
3491 2227 3558 2265 ex

1989 2301 2159 2370 ipsius
2196 2302 2444 2372 Origenis
2486 2303 2703 2356 humilia
2733 2303 2800 2356 l7
2831 2304 2884 2356 in
2911 2301 3038 2356 an.
3059 2343 3073 2367 ,
3119 2305 3170 2356 in
3213 2319 3318 2372 qua
3349 2317 3408 2356 se
3444 2302 3558 2356 dis-

1991 2393 2231 2448 seruisse
2292 2394 2369 2447 ait
2424 2395 2478 2447 in
2544 2394 2705 2462 hujus
2742 2394 2992 2461 Epistola!
3039 2407 3272 2464 caputr,
3328 2409 3472 2448 vers.
3499 2393 3556 2447 2.

1988 2481 2285 2550 Epistolam
2320 2498 2533 2551 quoque
2560 2482 2625 2536 ad
2652 2480 2869 2537 Galatas
2894 2493 3200 2538 commenta
3213 2485 3306 2538 riis
3330 2525 3344 2549 ,
3384 2483 3560 2537 homi-

1987 2572 2097 2638 liis,
2142 2584 2196 2626 et
2247 2573 2468 2628 scholiis
2527 2575 2842 2642 explicavit.
2878 2574 3053 2628 Testis
3085 2575 3444 2644 Hieronymus
3502 2575 3553 2628 in

1986 2664 2254 2721 Promtnio
2270 2665 2636 2722 Commentar.
2657 2669 2708 2720 in
2730 2666 2900 2734 Epist.
2923 2668 2991 2719 ad
3021 2664 3237 2720 Galatas
3257 2684 3275 2721 :
3298 2685 3317 2719 ι
3332 2667 3558 2737 Scripsit

1987 2757 2076 2812 ille
2120 2761 2202 2812 vir
2275 2758 2578 2829 (Origenes)
2625 2760 2674 2812 in
2721 2745 3006 2828 Epistolam
3047 2758 3197 2813 Pauli
3236 2760 3300 2812 ad
3336 2759 3556 2814 Galatas

1986 2847 2225 2914 quinque
2253 2847 2471 2914 propria
2503 2848 2793 2912 volumina,
2823 2857 2876 2900 et
2911 2847 3178 2900 decimum
3218 2848 3556 2902 Stromatum

1989 2952 2208 2992 suorum
2249 2938 2443 2992 librum
2482 2941 2804 2993 commatico
2841 2955 3002 3009 super
3030 2941 3410 3009 explanatione
3439 2941 3558 3010 ejus

1988 3041 2244 3081 sermone
2291 3027 2624 3096 complevit;
2685 3037 2946 3082 tractatus
2994 3044 3207 3098 quoque
3248 3029 3452 3092 varios.
3501 3041 3556 3084 et

1987 3129 2264 3187 excerpta,
2313 3133 2432 3188 quae
2466 3118 2549 3172 vel
2598 3119 2714 3173 sola
2763 3120 2971 3188 possint
3015 3119 3278 3184 suﬁicere,
3333 3135 3553 3189 compo-

1989 3213 2115 3265 suit.
2142 3230 2160 3262 ι
2208 3209 2333 3265 Haec
2368 3211 2530 3263 verba
2568 3211 2763 3279 repetit
2795 3211 3025 3264 subinde
3053 3212 3210 3281 epist.
3236 3210 3324 3277 89,
3356 3213 3423 3265 ad
3444 3214 3553 3264 Au-

1987 3301 2293 3372 gustinum;
2322 3309 2430 3353 tum
2457 3299 2731 3369 subjungit
2760 3301 2917 3369 paulo
2947 3310 3068 3369 post
3093 3319 3105 3353 :
3142 3319 3160 3352 ι
3191 3300 3340 3356 Hanc
3373 3310 3551 3354 autem

1987 3391 2436 3459 explanationem,
2480 3406 2642 3460 quam
2693 3393 2900 3460 primus
2937 3391 3195 3461 Origenes
3247 3393 3298 3446 in
3342 3393 3553 3447 decimo

1988 3484 2318 3536 Stromateon
2371 3483 2534 3547 libro,
2597 3483 2685 3536 ubi
2729 3483 3027 3550 Epistulam
3061 3483 3205 3537 Pauli
3241 3485 3305 3537 ad
3329 3482 3552 3538 Galatas

1987 3574 2389 3642 interpretatur,
2438 3583 2494 3628 et
2533 3575 2714 3628 caeteri
2763 3575 3018 3644 deinceps
3060 3576 3385 3644 interpretes
3427 3585 3554 3629 sunt

1987 3667 2179 3732 secuti,
2215 3685 2232 3718 ι
2259 3679 2367 3720 etc.
2428 3667 2595 3720 Docet
2638 3681 2733 3720 nos
2777 3667 2938 3720 etiam
2973 3665 3333 3737 Hieronymus
3382 3667 3552 3720 tribus

1987 3759 2353 3813 voluminibus
2383 3759 2677 3828 Epistulam
2721 3759 2785 3810 ad
2833 3758 3092 3828 Ephesios
3136 3760 3382 3814 eumdem
3432 3759 3556 3812 illu-

1985 3861 2208 3914 strasse,
2265 3853 2546 3920 ipsumque
2594 3866 2650 3904 se
2697 3850 2864 3904 fuisse
2903 3861 3181 3915 secutum;
3220 3852 3358 3918 quod
3395 3853 3553 3904 iterat

1985 3941 2108 3995 libr.
2139 3959 2154 3995 ι
2187 3943 2408 4012 Apolog.
2433 3948 2638 3996 advers.
2673 3942 2870 4010 Ruﬁn.,
2908 3959 3026 4012 cap.
3054 3943 3086 3996 4
3111 3955 3161 3996 et
3184 3944 3239 4006 5,
3270 3943 3553 4012 Fragmen-

1988 4045 2097 4086 tum
2131 4048 2160 4087 e
2200 4034 2340 4087 libro
2395 4035 2554 4088 tertio
2589 4037 2639 4087 in
2674 4035 2965 4102 Epistolam
2997 4039 3067 4088 ad
3093 4035 3418 4090 Colossemes
3457 4035 3551 4086 ad-

1985 4124 2132 4178 ducit
2163 4124 2473 4192 Pamphilus
2507 4125 2560 4177 in
2607 4125 2880 4194 Apologia.
2917 4126 2969 4177 In
3008 4126 3238 4192 priorem
3284 4131 3351 4178 ad
3393 4124 3552 4179 Thea-

1983 4217 2332 4270 aalonicenses
2359 4201 2649 4283 Epistolam
2677 4214 2973 4288 ὲξηγητικὰ
3003 4217 3234 4271 edidisse
3263 4216 3548 4286 Origenetu

1985 4308 2239 4362 discimus
2294 4307 2362 4360 ab
2398 4307 2764 4378 Hieronymo,
2829 4309 2980 4373 cujus
3040 4310 3152 4363 haec
3202 4310 3364 4362 verba
3425 4318 3552 4361 sunt

1984 4401 2142 4467 epist.
2172 4399 2306 4461 152,
2341 4400 2406 4452 ad
2445 4399 2765 4453 Minervium
2795 4410 2848 4454 et
2870 4400 3235 4454 Alexandrum
3266 4419 3278 4453 :
3316 4419 3334 4449 ε
3359 4399 3548 4467 Orige-

1987 4505 2082 4542 nes
2116 4490 2167 4542 iu
2199 4490 2356 4541 tertio
2390 4490 2660 4543 volumine
2682 4489 3099 4559 ἐξηγηματικῶν
3128 4488 3375 4557 Epistolze
3400 4487 3548 4542 Pauli

1215 4598 1233 4631 ι
1265 4579 1449 4634 Sancti
1507 4581 1656 4635 Pauli
1709 4584 1877 4650 prima
1913 4593 1958 4646 1)
1989 4582 2056 4635 ad
2088 4580 2596 4637 Thessalonicenses
2642 4584 2850 4650 primae,
2897 4592 3017 4652 post
3051 4583 3216 4636 multa
3247 4597 3366 4650 quae
3400 4580 3551 4636 vario

1993 4799 2154 4848 genes
2181 4799 2282 4835 non
2318 4799 2413 4850 per
2445 4792 2810 4847 transennam,
2861 4782 2950 4836 sed
2989 4798 3051 4835 ex
3087 4783 3327 4852 professo
3361 4793 3409 4836 et
3450 4799 3547 4836 suo

1987 4853 2102 4906 luco
2145 4862 2406 4906 tractasse
2444 4853 2509 4903 de
2555 4855 2759 4905 duobus
2817 4854 3131 4905 latronibus.
3205 4852 3374 4904 Porro
3425 4868 3546 4906 cum

1989 4923 2290 4975 tricesimus
2344 4922 2609 4973 secundus
2661 4931 2834 4973 turnus
2887 4923 3097 4974 desinat
3148 4923 3213 4972 ad
3253 4931 3412 4988 caput
3464 4923 3546 4984 15.

1983 5006 2125 5045 vers.
2157 4993 2226 5044 55
2274 4989 2544 5058 Evangelii
2589 4990 2834 5051 Joannis,
2885 5001 2940 5041 ut
2971 4991 3080 5058 jam
3107 4989 3376 5055 diximus,
3423 5007 3549 5058 aga-

1984 5069 2073 5112 tur
2135 5075 2260 5112 vcro
2327 5060 2390 5112 de
2451 5059 2752 5110 latronibus
2813 5061 2862 5112 in
2905 5059 3077 5126 capite
3122 5074 3236 5122 xix,
3288 5075 3428 5115 vers.
3480 5061 3578 5124 l8.

1980 5129 2215 5194 ejusdem
2249 5129 2544 5197 Evangelii,
2578 5127 2757 5197 plures
2791 5143 2950 5195 quam
2977 5128 3046 5181 52
3085 5137 3256 5182 tomos
3285 5130 3339 5180 in
3377 5129 3546 5182 Joan—

1981 5215 2093 5251 nem
2113 5195 2422 5251 elaborasse
2441 5199 2648 5250 videtur
2674 5195 2954 5264 Origenes,
2983 5214 3044 5250 ac
3068 5198 3286 5265 proinde
3314 5199 3542 5262 germina

1980 5267 2190 5320 videtur
2221 5267 2524 5336 Hieronymi
2561 5267 2719 5319 lectio
2750 5283 2867 5334 qua:
2891 5267 2960 5320 59
2996 5276 3166 5321 tomos
3201 5267 3257 5319 in
3283 5266 3544 5320 Joannem

1980 5346 2384 5390 COIIIIIICINOI‘III.

2050 5405 2160 5474 (68)
2196 5407 2324 5474 Vide
2349 5405 2599 5458 editionis
2637 5415 2830 5458 nostrw
2863 5415 2991 5474 tom.
3015 5404 3105 5466 ιν,
3134 5419 3253 5472 pag.
3277 5405 3399 5458 457.

2051 5474 2159 5545 (69)
2190 5473 2274 5526 Ita
2306 5475 2534 5545 legerunt
2565 5485 2609 5545 et
2635 5474 2905 5545 ediderunt
2933 5473 3209 5534 Merlinus,
3241 5486 3348 5530 etc.
3388 5475 3541 5545 ᾼιιει-

1979 5543 2099 5597 ιιιρίι
2142 5543 2507 5612 ίιιιῃιιιιεοιίριί
2562 5544 2666 5597 duo
2722 5544 2940 5595 codices
2984 5545 3047 5595 ad
3101 5557 3327 5609 quorum
3381 5543 3538 5612 ﬁdem

1981 5613 2154 5666 ltuﬁui
2187 5620 2501 5665 contextum
2538 5613 2931 5681 revocavimus.
2973 5628 3068 5681 pro
3098 5613 3411 5680 quindecim,
3462 5611 3541 5666 le-

1977 5693 2109 5753 gunt
2138 5683 2273 5738 alius
2301 5684 2473 5736 decem
2503 5722 2517 5746 ,
2551 5682 2687 5736 alius
2718 5680 3008 5736 duodecim.
