3952 6520
374 346 509 402 1207

1634 340 1695 394 Ρ.
1739 340 2054 395 DAMELIS
2090 341 2319 397 HUETII

3490 340 3625 393 ἔξω

374 463 735 535 prudentique
785 474 1037 518 sermone
1095 459 1372 525 disseruit,
1429 461 1545 515 haec
1590 460 1775 515 intulit
1820 479 1835 515 :
1876 464 1944 517 de
1970 466 2015 522 Α
2115 463 2425 535 ticuni_,_lV.
2447 475 2494 515 et
2527 462 2827 535 Numeros;
2857 463 3002 519 νάει
3025 462 3489 535 Ιοειε,]ιᾴξιιδ,
3528 461 3627 512 ﬂe-

370 553 571 622 quibus
601 551 730 607 nulli
759 550 978 605 dubium
1007 550 1373 604 estAcacium
1400 550 1659 620 pleraque
1688 551 1940 607 libasse.»

369 645 545 714 Atque
575 643 691 698 hate
719 640 1022 712 ὲξηγητικὰ
1051 640 1173 695 libr.
1199 657 1236 697 tt
1270 652 1457 695 contra
1480 640 1619 697 Cels.
1652 642 1945 698 laudantur

370 750 523 789 num.
553 733 641 797 65,
682 748 736 803 p.
764 732 889 785 457.
913 733 1190 800 Decerptis
1218 746 1249 786 e
1275 731 1411 785 libro
1438 730 1689 802 Origenis
1721 731 1778 785 in
1814 731 1945 800 Epi-

369 828 561 883 stulam
606 823 675 878 ad
737 823 911 878 Titum
968 824 1181 879 laciniis
1238 823 1585 894 locupletavit
1638 824 1944 894 Apologiam

368 936 524 974 suam
561 919 897 988 Pamphilus,
930 933 1134 989 easque
1174 918 1249 973 ita
1284 918 1725 975 commendavit:
1765 935 1784 969 ι
1814 917 1944 984 Quae

368 1009 591 1077 quidam
624 1024 733 1062 non
770 1009 821 1062 in
852 1008 1071 1077 publico
1097 1007 1241 1063 dicta
1285 1017 1409 1063 sunt
1464 1008 1534 1062 ab
1560 1021 1646 1072 eo,
1688 1008 1738 1061 id
1767 1017 1850 1062 est
1890 1008 1941 1061 in

368 1097 646 1150 communi
674 1095 930 1150 Ecclesia:
952 1097 1248 1163 auditorio,
1284 1112 1351 1151 ne
1387 1097 1529 1152 forte
1568 1106 1783 1163 putetur
1821 1114 1945 1167 pro-

368 1195 491 1255 pter
516 1184 802 1241 audientes
836 1184 1186 1241 favorabilem
1222 1196 1438 1260 aptasse
1470 1202 1776 1243 sermonem
1803 1208 1818 1243 :
1848 1189 1941 1241 sed

369 1292 437 1330 es
469 1274 573 1330 illis
607 1276 724 1331 hate
754 1275 905 1331 libris
934 1277 1289 1345 protulimus,
1319 1292 1456 1347 quos
1485 1279 1541 1332 in
1569 1289 1784 1333 secreto
1803 1278 1942 1347 apud

369 1364 721 1435 semetipsum
753 1364 905 1419 nullo
938 1365 1165 1420 arbitrio
1218 1366 1591 1422 intercedente
1628 1366 1885 1421 dictabat.
1918 1385 1937 1417 ι

371 1456 493 1527 (70)
524 1457 765 1525 Denique
789 1457 843 1510 in
867 1456 1161 1527 Epistulam
1184 1459 1247 1510 ad
1274 1457 1532 1512 Hebrmos
1558 1455 1941 1512 commentaria

368 1558 425 1600 ct
460 1547 709 1601 homilias
736 1546 936 1602 emisit.
974 1546 1502 1601 Commentariorum
1541 1544 1855 1615 fragmentis
1890 1546 1943 1599 in

368 1636 625 1707 Apologia
664 1652 792 1691 usus
816 1646 899 1691 est
924 1635 1260 1707 Pamphilus.
1298 1637 1429 1705 Quae
1451 1637 1496 1691 si
1532 1638 1653 1706 quis
1677 1652 1742 1690 ex
1770 1636 1945 1690 homi-

370 1729 460 1785 iiis
488 1728 727 1799 profecta
760 1744 881 1785 esse
908 1730 1069 1789 velit;
1103 1730 1239 1785 sciat
1268 1729 1378 1796 ille,
1419 1728 1562 1784 nulla
1604 1742 1670 1782 ex
1710 1728 1943 1782 homiliis

2110 550 2218 602 ges,
2274 533 2359 590 Vl.
2392 533 2658 598 Psalmos,
2698 544 2747 587 et
2794 533 3119 597 Proverbia;
3172 533 3279 589 VII.
3331 531 3625 602 Clinllflll

2111 598 2457 666 canticorum,
2499 602 2610 657 VIII
2653 602 2870 659 Isaiam.
2908 602 2998 656 IX.
3039 602 3351 663 Jeremiam,
3379 599 3452 653 Χ.
3488 598 3625 651 Εκ-

2113 674 2346 740 chielem,
2388 672 2476 726 XI.
2515 683 2565 727 et
2594 672 2818 737 Oseam;
2846 671 2961 729 XII.
3006 674 3059 727 in
3098 672 3435 731 Hattlttzum,
3486 668 3623 740 ξω.

2115 739 2337 803 Lucam,
2372 741 2508 796 XIV.
2535 741 2793 797 Joannem
2835 753 2883 795 et
2911 744 3040 795 Acta
3066 742 3422 808 apostolorum
3451 757 3473 808 ξ
3504 739 3622 792 XV.

2112 825 2159 866 et
2203 813 2256 865 in
2297 812 2559 879 Epistolas
2597 813 2666 867 ad
2708 812 2991 878 Romanos,
3029 812 3385 874 Colossenses,
3438 807 3627 863 Titum

2112 894 2160 934 et
2191 880 2458 934 Hebrwos.

2112 894 2160 937 et
2191 885 2458 937 Hebrwos.

2112 972 2150 1026 i.
2168 974 2241 1028 Ex
2264 974 2525 1027 immenso
2542 970 2988 1041 Origenianorum
3001 971 3342 1045 ἐξηγητικῶν
3365 984 3626 1031 numero,

2043 1080 2111 1121 ne
2154 1064 2336 1120 brevis
2378 1063 2494 1117 haec
2536 1063 2779 1132 quidem,
2820 1078 2980 1133 quam
3011 1065 3408 1129 recensuimus,
3444 1062 3626 1116 series

2043 1156 2110 1210 ab
2136 1155 2332 1225 injuria
2368 1162 2669 1221 temporum
2712 1150 2811 1206 fuit
2845 1152 3139 1217 immunis;
3171 1154 3406 1207 maxima
3442 1151 3625 1220 siqui—

2042 1248 2160 1301 dem
2189 1243 2544 1316 scriptionum
2592 1242 2806 1298 illarum
2854 1258 2980 1313 pars
3026 1244 3320 1308 intercidit,
3374 1244 3520 1297 adeo
3572 1253 3629 1296 ut

2042 1350 2325 1407 perpaucae
2366 1335 2657 1390 admodum
2705 1335 2988 1391 vetustatis
3016 1333 3441 1403 subterfugerint
3480 1333 3627 1387 invi-

2043 1428 2210 1493 diam,
2248 1434 2303 1482 et
2345 1425 2493 1481 velut
2540 1425 2734 1480 lacera:
2784 1440 2815 1481 e
2856 1425 3140 1496 naufragio
3184 1424 3379 1479 tabulae
3411 1424 3483 1477 ad
3529 1439 3632 1477 nos

2042 1520 2374 1574 transmissa:
2395 1517 2521 1573 sint.
2571 1514 2807 1572 Laceras
2830 1516 2965 1581 disi,
2994 1532 3116 1570 nam
3145 1516 3226 1571 vel
3250 1524 3546 1579 truncata,
3575 1525 3629 1566 et

2042 1622 2236 1680 magna
2270 1610 2353 1663 sui
2388 1616 2548 1677 parte
2587 1605 2849 1661 mutilata
2877 1644 2892 1669 ,
2924 1612 2981 1659 et
3014 1604 3157 1659 male
3189 1603 3437 1657 multata
3465 1612 3626 1661 sunt,

2042 1698 2127 1753 vel
2169 1698 2438 1768 perversis
2483 1694 3019 1765 interpretationibus
3071 1692 3411 1747 deformata.
3466 1693 3631 1744 Atta-

372 1784 679 1873 testimonia
734 1784 1068 1887 Pamphilum
1114 1784 1241 1873 hoc
1296 1784 1460 1885 opere
1505 1816 1795 1886 protulisse
1840 1816 1943 1871 :id
1974 1803 2016 1857 Β
2046 1803 2165 1843 me"
2212 1799 2273 1844 ut
2424 1787 2707 1887 Wi‘iﬁf'm
2741 1785 2970 1840 omcms
3014 1786 3245 1887 pretio?“
3294 1784 3413 1854 ipsa
3460 1784 3631 1836 Smbs

372 1910 489 1979 ipse
514 1917 792 1963 asseverat
826 1925 841 1962 :
877 1928 897 1959 ι
923 1905 1249 1977 Incipientes
1273 1906 1437 1977 igitur
1468 1906 1682 1961 indiciis
1714 1904 1942 1974 scripto-

372 2016 494 2055 rum
523 2015 744 2055 suorum
769 2000 1061 2054 ostendere
1084 2000 1212 2067 quid
1250 2000 1317 2054 de
1341 1998 1570 2067 singulis
1599 1997 1850 2058 senserit.
1875 2010 1942 2051 ex

374 2090 460 2145 his
479 2089 753 2161 pracipes
780 2087 931 2143 libris
958 2088 1266 2143 testimonia
1299 2088 1776 2158 congregabimus,
1809 2100 1975 2156 quos.

373 2190 715 2238 accusatores
744 2180 859 2249 ejus
894 2195 1056 2250 quam
1093 2180 1325 2234 maxime
1364 2180 1751 2244 criminantur,
1779 2179 1832 2233 id
1863 2190 1946 2234 est

372 2288 507 2341 quos
530 2287 628 2343 per
655 2273 888 2341 spatium
911 2284 964 2326 et
992 2272 1229 2342 quietem
1264 2271 1317 2325 in
1341 2281 1553 2326 secreto
1582 2270 1942 2339 conscripsit;

374 2363 473 2417 hos
505 2364 649 2417 enim
688 2373 947 2417 asserunt
979 2364 1213 2416 maxime
1261 2377 1292 2416 a
1342 2360 1726 2430 pradicatione
1776 2360 1946 2415 eccle-

373 2454 590 2508 siastica
622 2454 950 2522 discrepare.
976 2472 994 2506 ι
1045 2452 1302 2519 Quamvis
1347 2463 1527 2506 autem
1575 2452 1829 2507 homilias
1853 2453 1945 2506 ali-

374 2555 506 2614 quot
535 2559 632 2614 per
656 2545 847 2607 otium,
877 2554 935 2597 ut
962 2544 1093 2609 dixi,
1118 2542 1503 2608 lucubraverit,
1528 2544 1583 2597 in
1610 2555 1825 2598 secreto
1866 2543 1948 2596 ln-

375 2648 497 2689 tnen
534 2634 852 2703 conscripta
895 2632 1002 2687 dici
1044 2647 1148 2686 non
1182 2642 1427 2701 possunt,
1465 2649 1587 2701 quae
1633 2633 1702 2687 ad
1733 2633 1785 2687 id
1821 2650 1950 2687 con-

374 2721 776 2786 scribebantur,
797 2731 857 2777 ut
878 2722 1075 2792 populo
1110 2721 1361 2776 universo
1389 2722 1638 2777 audiente
1657 2723 1949 2777 recitaren-

375 2824 486 2869 tur.
539 2812 802 2869 Homilias
847 2824 1026 2868 autem
1060 2814 1310 2884 Origenis
1338 2814 1390 2868 in
1421 2815 1567 2868 illam
1604 2816 1669 2869 ad
1700 2814 1949 2869 ilebrt'eos

378 2902 675 2975 Epistulam
706 2904 903 2974 allegat
936 2904 1199 2959 Eusebius
1229 2904 1353 2960 libr.
1383 2920 1431 2958 νι
1471 2903 1613 2959 Hist.
1635 2945 1650 2969 ,
1704 2921 1821 2974 cap.
1854 2906 1947 2961 25.

454 2994 649 3051 Utrum
677 2995 1085 3065 Apoealypseos
1130 2997 1386 3064 mysteria
1425 2998 1721 3068 scriptione
1766 2998 1943 3067 aliqua

376 3087 735 3143 Adamantius
764 3088 1060 3157 aperuerit,
1102 3088 1372 3144 incertum
1421 3099 1539 3155 est;
1577 3099 1791 3145 constat
1817 3090 1945 3144 illud

379 3179 561 3245 modo,
589 3188 769 3235 mente
814 3180 867 3234 id
908 3180 1212 3236 destinasse
1254 3181 1455 3251 ipsum.
1482 3197 1602 3236 cum
1635 3180 1944 3236 Mattheum

379 3270 852 3339 interpretaretur.
898 3271 951 3326 in
997 3282 1214 3328 senecta
1256 3287 1449 3343 nempe
1478 3281 1672 3339 aetate;
1715 3283 1946 3329 tractatu

378 3363 597 3432 quippe.
620 3362 693 3418 30
713 3364 769 3416 in
790 3361 1018 3431 Matth,
1055 3380 1209 3418 num.
1238 3364 1306 3419 t9
1338 3404 1354 3427 ,
1400 3377 1523 3433 pag.
1555 3362 1683 3427 867,
1710 3362 1946 3419 futurum

378 3456 682 3524 pollicetur,
731 3464 795 3510 ut
835 3456 903 3509 ad
935 3454 1059 3509 libri
1107 3453 1266 3522 hujus
1296 3454 1675 3509 enodationem
1706 3455 1947 3509 animum

380 3546 669 3615 aiiqnando
703 3546 954 3616 appellat.
996 3546 1149 3612 Quod
1196 3546 1240 3599 si
1280 3560 1433 3613 spem
1476 3544 1663 3599 fefellit
1705 3556 1949 3609 eventus,

381 3639 666 3693 consilium
729 3646 901 3692 morte
966 3646 1301 3705 peremptum
1360 3636 1705 3691 crediderim.
1767 3637 1957 3691 Tradit

381 3739 529 3785 certe
544 3729 877 3798 Epiphanius
905 3729 1039 3784 hier.
1060 3743 1213 3789 mm.
1244 3744 1363 3797 cap.
1385 3728 1441 3792 3,
1473 3737 1530 3783 ut
1559 3745 1718 3800 supra
1751 3730 1951 3785 dictum

383 3827 487 3881 est,
517 3818 850 3888 propositum
895 3817 1067 3875 fuisse
1091 3819 1309 3887 Origeni
1356 3818 1690 3889 Scripturam
1734 3821 1953 3874 univer-

380 3924 499 3964 sam
526 3924 809 3966 enarrare.

976 4000 1221 4057 SECTIO
1272 4000 1357 4057 Ill.

426 4108 494 4147 DE
543 4106 795 4147 ORIGBMS
842 4108 1159 4148 HBGETICIS
1208 4110 1326 4158 ρυιε
1375 4110 1702 4157 ευρεῐιευκτ.
1752 4112 1925 4161 θεουε

586 4179 843 4218 γετυδτιε
876 4179 1099 4218 11³508οΜ
1132 4181 1743 4221 ιμ’τειιῐδιιετιςτιοκιιιυς.

383 4250 433 4305 I.
463 4252 536 4307 De
577 4256 849 4325 exegeticis
880 4256 932 4309 in
962 4255 1225 4323 Genesim,
1273 4258 1334 4310 ll.
1378 4256 1652 4323 Exortum,
1680 4257 1764 4311 lll.
1806 4258 1956 4312 Levi-

1972 3132 2016 3189 C

2044 1892 2147 1946 cst,
2179 1891 2233 1935 et
2257 1880 2496 1936 studiose
2519 1878 2845 1948 colliguntur
2875 1886 3156 1944 ramenta;
3189 1877 3263 1930 ita
3295 1891 3400 1930 nos
3427 1891 3631 1929 aureas

2045 1972 2224 2040 magni
2249 1971 2497 2041 Origenis
2528 1970 2809 2040 reliquias,
2843 1969 3019 2037 quoad
3054 1968 3172 2035 ejus
3204 1968 3319 2022 fieri
3337 1967 3567 2038 poterit,
3602 1982 3633 2019 c

2049 2064 2284 2120 tenebris
2313 2078 2377 2119 ac
2418 2062 2643 2132 pulvere
2669 2062 3021 2116 vindicemus.
3060 2060 3275 2115 Initium
3320 2060 3430 2114 erit
3460 2075 3487 2111 a
3520 2060 3631 2115 Ge-

2047 2159 2186 2213 nesi.
2233 2156 2385 2213 Hanc
2444 2155 2681 2210 diximus
2733 2153 3013 2224 superiore
3066 2153 3305 2208 sectione
3358 2152 3630 2206 tredecim

2046 2248 2571 2306 Commentariorum
2628 2247 2779 2301 libris
2836 2246 3006 2301 fuisse
3048 2244 3115 2299 ab
3144 2244 3375 2314 Origene
3409 2245 3634 2313 exposi-

2050 2350 2179 2394 tam.
2209 2338 2319 2410 (7i)
2352 2337 2427 2392 Ex
2451 2338 2536 2393 his
2570 2337 2868 2406 fragmenta
2897 2337 3002 2393 duo
3036 2336 3191 2392 libris
3220 2336 3333 2391 suis
3360 2335 3438 2389 De
3491 2352 3633 2403 prie-

2047 2432 2324 2503 paratione
2373 2430 2670 2499 evangelica
2706 2429 2972 2484 Eusebius
3019 2428 3285 2485 inseruit:
3334 2429 3490 2497 prius
3530 2443 3634 2481 ex-

2049 2533 2157 2578 stat
2203 2524 2326 2580 libr.
2360 2538 2458 2588 vn,
2489 2537 2609 2592 cap.
2636 2521 2729 2586 20,
2779 2531 2834 2577 et
2886 2521 3078 2590 capitis
3123 2521 3319 2590 prioris
3347 2519 3633 2575 Geneseos

2048 2629 2265 2670 versum
2334 2613 2706 2670 duodecimum
2758 2613 3027 2682 explicat;
3094 2611 3629 2668 Commentariorum

2048 2715 2226 2758 autem
2261 2714 2470 2774 partem
2515 2719 2639 2761 esse
2697 2718 2765 2759 ex
2809 2704 2949 2773 stylo
2987 2704 3231 2775 arguitur
3275 2718 3292 2758 :
3347 2704 3634 2773 posterius

2050 2795 2286 2849 illustrat
2310 2793 2506 2864 capitis
2532 2793 2775 2863 ejusdem
2810 2808 3024 2847 versum
3051 2794 3320 2848 decimum
3342 2803 3635 2862 quartum,

2044 2886 2192 2954 jacet
2216 2897 2395 2940 autem
2424 2888 2477 2941 in
2502 2885 2643 2941 libro
2672 2897 2825 2942 sexto
2855 2887 3068 2942 Eusebii
3102 2902 3219 2953 cap.
3254 2887 3342 2940 ll.
3379 2886 3497 2952 (72)
3526 2885 3634 2938 ila-

2050 2978 2208 3032 betur
2244 2978 2411 3033 etiam
2447 2978 2498 3032 in
2531 2976 2843 3033 Philocalite
2878 2980 3055 3049 capite
3076 2978 3149 3032 22
3187 2977 3481 3047 fragtneuti
3530 2978 3634 3031 Iin-

2048 3069 2138 3137 jns
2165 3086 2290 3139 pars
2319 3070 2498 3140 aliqua
2523 3110 2539 3132 ,
2569 3070 2710 3124 unde
2756 3072 3013 3127 discimus
3037 3086 3066 3126 e
3092 3071 3253 3125 tertio
3288 3082 3432 3123 tomo
3464 3068 3633 3123 Com-

2050 3162 2429 3217 mentariorum
2493 3161 2747 3233 Origenis
2827 3163 3200 3232 depromptum
3278 3162 3411 3215 illud
3485 3178 3630 3217 esse.

2048 3251 2207 3307 Aliud
2257 3262 2518 3323 prazterea
2561 3252 2831 3324 reperitur
2864 3249 3176 3307 Philocalia:
3234 3267 3356 3321 cap.
3389 3251 3483 3316 14,
3539 3254 3633 3305 ubi

2050 3360 2117 3399 ex
2152 3348 2339 3401 eodem
2395 3357 2540 3400 tomo
2594 3344 2820 3414 petitum
2862 3344 2914 3398 id
2965 3358 3088 3400 esse
3132 3344 3496 3413 signiﬁcatur.
3540 3344 3633 3396 'L'x

2051 3435 2314 3491 horumce
2344 3435 2605 3491 librorum
2627 3435 2942 3506 prmfatione
2972 3434 3219 3505 exiguum
3241 3434 3633 3504 fragmentum,

2054 3537 2109 3583 et
2133 3528 2277 3581 aliud
2305 3542 2520 3597 quoque
2564 3543 2594 3580 e
2633 3528 2768 3582 libro
2796 3527 2971 3598 primo
3001 3527 3194 3581 recitat
3222 3523 3541 3595 Pamphilus
3577 3527 3633 3579 in

2056 3618 2419 3689 Apologetico.
2472 3616 2779 3685 Scripserat
2806 3616 3070 3686 Origenes
3112 3615 3455 3669 homiliarum
3516 3631 3634 3685 my-

2056 3710 2317 3765 sticarum
2360 3709 2415 3762 in
2438 3705 2683 3762 Genesim
2716 3708 2889 3761 libros
2928 3705 3106 3761 duos:
3147 3706 3359 3759 illarum
3416 3717 3631 3773 partem

2056 3813 2179 3855 esse
2217 3800 2603 3868 septemdecim
2633 3814 2726 3854 cas
2754 3814 2875 3868 quae
2908 3806 3197 3866 supersunt
3228 3794 3533 3849 arbitratus
3550 3806 3635 3849 est

2059 3888 2245 3945 Sixtus
2276 3890 2552 3945 Senensis.
2594 3888 2707 3962 (73)
2738 3889 2873 3944 IIuic
2896 3904 2996 3958 ego
3019 3888 3330 3956 neutiquam
3374 3887 3631 3941 assentiri

2057 3998 2275 4054 possum
2314 4005 2331 4040 :
2363 3983 2597 4038 humilia:
2624 3984 2765 4038 enim
2796 3998 2929 4053 quas
2958 3982 3237 4043 habemus,
3283 3995 3350 4035 ex
3386 3991 3637 4049 tempore

2060 4076 2312 4129 videntur
2355 4074 2521 4130 fuisse
2560 4073 2945 4143 pronuntiata,
2984 4083 3037 4126 et
3074 4071 3140 4126 ab
3170 4071 3427 4126 actuariis
3461 4071 3516 4123 in
3550 4070 3635 4121 Iit-

2060 4176 2202 4221 teras
2253 4167 2471 4231 relata};
2526 4166 2770 4237 mystica:
2822 4180 2950 4220 vero
3003 4164 3261 4219 meditate
3310 4176 3407 4230 per
3460 4163 3632 4214 otium

2058 4257 2372 4323 elaboratas,
2423 4266 2478 4312 et
2521 4258 2588 4311 ab
2611 4254 2846 4326 Origene
2896 4256 3012 4325 ipso
3055 4253 3212 4309 editae
3258 4262 3405 4307 sunt.
3454 4250 3641 4306 Editio

456 4432 571 4502 (70)
599 4433 831 4505 Deuique
875 4433 1249 4505 ianpistolam
1275 4438 1343 4491 ad
1367 4437 1637 4500 Hebra'os,
1685 4447 1790 4493 etc.
1824 4435 1956 4490 Fra-
1990 4446 2036 4503 ι)
2064 4437 2338 4492 duximus.
2380 4436 2483 4493 Sed
2513 4445 2872 4505 praeterquam
2912 4434 3054 4504 quod
3107 4433 3241 4488 Icvis
3269 4441 3353 4487 est
3381 4447 3636 4486 nonnun-

385 4512 659 4570 gmentum
675 4502 919 4575 Origenis
935 4504 987 4557 in
1004 4503 1295 4568 Epistolam
1326 4510 1393 4559 ad
1412 4506 1786 4571 Philemonem,
1814 4510 1951 4575 qttntl

386 4575 661 4639 hucusque
702 4588 768 4626 ex
818 4573 955 4645 libro
1001 4584 1196 4641 quarto
1226 4576 1364 4643 Περὶ
1394 4575 1597 4645 ἀρχῶν
1639 4573 1952 4644 decerptum

384 4654 669 4765 perperam
724 4642 988 4695 creditum
1045 4653 1160 4708 est,
1216 4642 1437 4698 exhibet
1472 4642 1646 4698 Veliam
1691 4642 1952 4712 Apologia

430 4710 656 4765 amnhili
703 4725 771 4765 ex
806 4712 1297 4765 manuscrintorum
1347 4713 1597 4765 codicum
1632 4716 1952 4765 auctoritate

470 4710 656 4832 ιιεριιιίιί
703 4725 771 4765 ex
806 4712 1297 4781 manuscriptorum
1347 4713 1597 4768 codicum
1632 4710 1955 4769 auctoritate

470 4790 575 4832 ιιιω
605 4795 656 4832 a.

387 4792 631 4835 γεειιωιθ
642 4820 656 4835 .

458 4850 570 4921 (7i)
614 4846 698 4903 Ea:
735 4852 816 4903 his
841 4849 1151 4922 fragmenta
1182 4852 1287 4905 duo
1315 4852 1463 4906 libris
1493 4854 1607 4907 suis
1632 4854 1707 4907 De
1748 4867 1954 4922 prtepa—

388 4920 601 4973 ratione
633 4920 1228 4989 evangelica’Eusebius
1250 4924 1488 4976 inseruit.
1516 4920 1779 4978 Eusebius
1807 4920 1951 4977 Hist.

386 4992 572 5061 eccles.
600 4989 693 5045 lib.
740 5006 823 5055 ιη,
864 5005 983 5061 cap.
1015 4994 1067 5055 ί,
1115 4992 1259 5045 aliud
1310 4992 1667 5060 fragmentum
1736 4994 1955 5048 exhibet

387 5059 530 5130 quod
560 5058 832 5130 in_nostra
885 5058 1122 5116 editione
1156 5058 1514 5116 omittendum
1553 5077 1674 5117 esse
1721 5078 1826 5116 non
1862 5066 1954 5117 dn-

391 5127 587 5202 ximus.
620 5127 882 5184 Praeterea
905 5131 1277 5186 Theodoretus
1310 5132 1364 5185 in
1405 5130 1646 5186 Cenesim
1674 5144 1862 5202 quatst.
1883 5134 1954 5187 20

386 5214 452 5252 ex
478 5196 735 5271 Origene_
737 5202 867 5253 citat
893 5202 1281 5271 expositionem
1308 5217 1496 5255 versus
1515 5203 1607 5261 26.
1635 5196 1753 5269 ca'p.
1798 5218 1814 5256 ι
1850 5203 1955 5257 Ge-

392 5282 640 5341 neseos;
684 5267 977 5327 Faciamus
1033 5272 1293 5341 hominem
1336 5273 1407 5325 ad
1436 5267 1719 5341 imaginem
1765 5282 1813 5325 et
1870 5274 1955 5325 si-

391 5336 738 5391 militudinem
776 5354 1037 5403 nostram;
1098 5350 1154 5394 et
1213 5336 1636 5396 Eustathius'in
1696 5342 1953 5396 disserta-

352 5454 355 5459 ,
396 5407 643 5485 tipnepe
688 5413 1099 5485 engasirimgtlto
1149 5411 1727 5485 adversusﬂrigeuem
1778 5412 1950 5485 locum

398 5477 515 5542 ejus
539 5477 606 5531 de
638 5482 891 5550 paradiso
916 5477 1131 5535 exhibet
1168 5495 1328 5550 quem
1352 5481 1503 5535 valde
1530 5477 1818 5549 vituperat.
1853 5481 1954 5534 Ve-

393 5558 511 5597 rmn
561 5561 628 5601 an
653 5548 766 5619 duo
798 5550 911 5605 haec
958 5548 1256 5619 fragmenta
1285 5558 1550 5603 tomorum
1584 5566 1706 5619 pars
1730 5550 1948 5615 fuerint,

393 5622 585 5687 neuter
620 5616 963 5687 significavit.
999 5616 1116 5673 Alia
1154 5621 1371 5687 insuper
1400 5621 1451 5674 in
1481 5616 1613 5673 mss.
1639 5621 1953 5674 Graecorum

394 5680 609 5759 Patrum
645 5680 700 5737 ίῆ
745 5686 985 5743 Genesim
1034 5688 1251 5744 Catenis
1277 5680 1538 5759 'Origenis
1594 5692 1809 5744 nomine
1841 5692 1951 5744 cir-

394 5752 785 5826 cumferuntur,
822 5773 941 5828 quae
984 5759 1203 5815 editioni
1252 5752 1463 5829 quoque
1500 5759 1785 5817 inserenda
1832 5774 1952 5815 esse

2101 4523 2221 4560 nam
2254 4507 2582 4563 Catenarnm
2613 4506 2769 4570 fides,
2803 4507 3070 4561 incertum
3098 4514 3355 4571 prieterea
3386 4513 3471 4555 est
3494 4505 3640 4555 unde

2101 4523 2221 4560 nam
2254 4522 2582 4563 Latenarnm
2613 4522 2769 4570 nues,
2803 4522 3070 4561 Incertum
3098 4522 3355 4571 prieterea
3386 4522 3471 4555 est
3494 4522 3640 4555 lllitle

2058 4522 2400 4646 grigenianae
2449 4575 2714 4643 ejusmodi
2768 4575 3025 4647 symbols:
3067 4578 3116 4627 in
3152 4572 3643 4647 Gettesint___petit:c

2056 4642 2184 4707 sint:
2226 4664 2291 4700 an
2335 4666 2365 4703 e
2398 4642 2578 4711 tomis,
2610 4661 2675 4697 an
2723 4661 2753 4699 e
2786 4642 3028 4707 sclioliis,
3065 4660 3132 4698 an
3160 4660 3224 4696 ex
3268 4642 3530 4704 IlOlliIIlIS,
3564 4660 3633 4693 an

2057 4717 2287 4786 denique
2311 4734 2375 4772 ex
2424 4717 2545 4770 aliis
2583 4717 2701 4781 ejus
2753 4717 2803 4768 in
2853 4717 3097 4770 diversos
3137 4712 3638 4786 scriptor-aesacne

2058 4782 2225 4840 libros
2254 4786 2690 4841 Commentariis.
2732 4786 2891 4840 Certe
2924 4801 2990 4839 ex
3039 4793 3115 4838 tot
3163 4782 3480 4850 fragmentis
3512 4797 3637 4846 qua!

2056 4856 2272 4910 Catena:
2321 4857 2596 4916 exhibent,
2656 4857 2742 4908 vix
2799 4856 2903 4907 dno
2951 4865 3045 4908 aut
3104 4856 3205 4907 tria
3263 4852 3639 4919 comperimus

2055 4926 2119 4977 ad
2159 4927 2405 4981 homilias
2440 4927 2493 4978 in
2525 4924 2765 4979 Genesim
2802 4926 3094 4988 pertinere.

2128 4996 2237 5064 (79.)
2267 4996 2501 5050 [labetur
2519 4996 2748 5048 etiamin
2780 4994 3086 5064 Pltilocolite
3103 5006 3222 5060 cap.
3243 4989 3317 5044 εἳ
3348 4988 3635 5064 Ῑιςαςγιεγιιε

2056 5058 2229 5134 hujus
2259 5083 2382 5135 pars
2417 5067 2619 5133 aliqua.
2664 5064 2893 5118 Fallitur
2934 5058 3319 5135 Huctins'cum‘
3349 5059 3425 5135 ait
3453 5058 3632 5135 _h_n_j.us

2056 5126 2334 5203 fragmenti
2378 5126 2583 5203 partem
2619 5142 2824 5187 tantum
2863 5136 3095 5203 aliquam
3137 5130 3321 5203 haberi
3360 5126 3633 5203 in_PIt_ilo-

2053 5196 2207 5259 ralia!
2253 5196 2643 5277 cap.'2‘2_,_cum
2673 5205 2845 5277 longe
2889 5196 3151 5277 prolixius
3194 5200 3263 5277 sit
3305 5197 3447 5277 istud
3519 5196 3632 5277 ira:

2054 5266 2335 5342 gmentum'
2364 5276 2414 5329 in
2442 5273 2739 5327 Philocalia
2760 5266 2967 5341 ,vquant
3010 5272 3150 5340 apud
3197 5267 3494 5342 Eusebium
3507 5266 3631 5342 _ubi

2054 5336 2427 5399 desiderantur
2456 5359 2577 5413 qua:
2607 5345 2661 5399 in
2689 5336 2873 5397 nostra
2909 5336 3148 5397 editione
3180 5353 3331 5394 num.
3352 5336 3438 5401 12,
3474 5336 3541 5390 I5
3570 5347 3632 5389 et

2055 5413 2120 5466 Η
2151 5416 2515 5481 reperiuntur.

2122 5475 2232 5604 $73)
2272 5483 2412 5537 Huic
2455 5500 2547 5551 ego
2593 5482 2893 5548 neutiquam
2942 5479 3185 5534 assentiri
3219 5494 3431 5544 possum
3461 5493 3481 5530 :
3515 5475 3631 5529 Ho-

2147 5555 2211 5604 iaz
2238 5557 2371 5604 enim
2396 5570 2527 5604 uuas
2555 5554 2826 5604 habemus.
2853 5562 2960 5604 etc.
2995 5551 3107 5603 Non
3135 5549 3385 5604 eonidem
3412 5547 3631 5599 inlicias

2053 5547 2371 5607 miliaz'enim
2396 5547 2527 5622 quas
2555 5547 2826 5611 habemus,
2853 5562 2960 5605 etc.
2995 5551 3107 5603 Non
3128 5549 3385 5622 equidem
3412 5547 3632 5622 inlicitis

2052 5624 2206 5677 ierim
2258 5615 2530 5692 alias'pcr
2572 5623 2740 5675 otium
2790 5622 3048 5694 meditate
3073 5615 3401 5694 _clahorass_c
3435 5615 3630 5694 Orig?-

2052 5707 2199 5757 nem,
2235 5694 2369 5746 alias
2397 5688 2459 5746 ei
2490 5702 2728 5757 tempore
2761 5691 3039 5745 recitasse.
3069 5688 3173 5744 Sed
3197 5689 3338 5742 unde
3369 5688 3624 5757 habuerit

2052 5755 2278 5818 Huctius
2311 5762 2567 5832 mysticas
2592 5755 2757 5815 fuisse
2795 5761 3050 5815 meditate
3094 5773 3191 5828 per
3225 5759 3397 5813 etiam
3441 5755 3623 5809 elabo-
