3952 6576
166 445 187 497 1
204 444 316 498 209

983 442 1556 500 ORIGENIANORUM
1593 443 1725 499 LIB.
1767 440 1857 508 ιιι,
1895 443 2048 501 CAP.
2090 444 2154 513 ll,
2191 443 2384 500 bECT.
2426 444 2508 501 ΙΙΙ.

3290 443 3449 504 ΕΗΓ

160 561 378 616 Merlini
413 559 743 631 llierouymo
782 563 1054 619 tribuebat
1106 580 1293 620 earum
1344 567 1739 637 interpretatio-
1766 565 2095 636 Asupplere
2144 568 2391 638 cupimus
2418 581 2481 621 ea
2519 580 2641 637 quae
2696 566 2764 622 ah
2810 566 3044 637 Origene
3103 568 3153 622 iu
3200 571 3415 623 audito-

159 668 291 706 nem
325 668 448 723 qua:
501 665 829 723 supersunt;
871 657 1011 712 hanc
1053 657 1245 714 Rufino
1292 660 1475 715 deberi
1507 674 1743 730 agnove-

159 752 295 797 runt
330 742 589 799 Erasmus
626 754 681 799 et
707 744 1113 803 Genebrardus.
1164 747 1222 804 ω
1273 750 1533 821 probatur
1565 766 1632 807 ex
1665 752 1745 820 ip-

160 835 284 890 sius
314 833 540 904 Prologo
566 836 634 890 ad
668 834 955 892 Ursacium
983 856 997 892 :
1032 858 1051 890 ι
1076 838 1208 893 Nam
1240 850 1294 894 et
1315 842 1629 911 promisisse
1654 860 1743 898 me

161 927 415 992 memini,
446 937 504 980 ιιι
548 929 593 982 si
631 943 751 997 qua:
782 928 893 982 sint
936 931 1242 985 Adamantii
1290 933 1434 987 senis
1474 934 1525 988 in
1571 935 1739 1004 legem

161 1016 340 1089 Moysi
372 1019 514 1072 dicta
544 1018 878 1090 colligerem,
924 1030 1087 1091 atque
1138 1037 1201 1077 ea
1251 1022 1446 1079 Latino
1492 1040 1743 1083 sermone

162 1108 374 1163 nostris
395 1107 615 1178 legenda
641 1108 1025 1176 transferrem;
1057 1133 1077 1165 ι
1114 1123 1171 1167 et
1193 1113 1421 1170 deinde:
1445 1132 1464 1166 ι
1491 1116 1659 1187 Igitur
1686 1127 1743 1172 ut

164 1214 390 1269 possunt
442 1214 561 1269 qua:
616 1200 890 1269 injunxisti
947 1204 1226 1273 explicare
1283 1207 1570 1261 contendo.
1621 1206 1740 1262 Jam

160 1290 318 1345 enim
348 1304 411 1345 ex
440 1290 691 1346 omnibus
716 1307 837 1362 qua:
880 1293 932 1347 in
979 1293 1099 1364 lege
1124 1296 1326 1365 scripta
1357 1297 1554 1367 reperi,
1591 1299 1739 1366 solm,

163 1388 227 1434 ut
255 1390 405 1450 puto,
436 1381 489 1435 in
520 1381 930 1438 Denteronomio
954 1383 1150 1439 desunt
1173 1387 1547 1441 oratiunculae.
1581 1407 1601 1440 ι
1648 1390 1737 1441 At-

162 1473 261 1542 qui
299 1472 489 1528 i.atiue
536 1474 779 1530 redditas
815 1475 1079 1531 habemus
1129 1476 1378 1533 bomilias
1417 1479 1470 1532 iit
1511 1491 1745 1549 quatuor

161 1566 384 1634 priores
409 1565 577 1622 libros
609 1565 1001 1632 Pentateuchi;
1048 1570 1169 1637 quis
1203 1585 1335 1640 ergo
1380 1570 1631 1626 Ruﬁnum
1664 1574 1741 1627 iu-

163 1666 464 1726 terprctem
513 1660 655 1714 ausit
719 1659 985 1714 inficiari?
1025 1662 1223 1716 Probat
1265 1664 1436 1733 ipsum
1484 1665 1586 1720 hoc
1623 1680 1740 1735 per-

159 1747 349 1801 oratio
364 1747 603 1817 subjecta
624 1748 1049 1819 interpretationi
1075 1752 1597 1810 Commentariorum
1624 1756 1746 1811 Ori-

161 1838 325 1907 genis
385 1839 441 1893 in
487 1838 783 1909 Epistolam
846 1840 915 1894 ad
960 1840 1266 1908 Romanos,
1335 1861 1496 1915 quam
1546 1846 1742 1902 Rufino

1844 658 1927 712 rio
1977 658 2236 716 Ecclesiae
2294 675 2361 714 ex
2421 668 2685 731 tempore,
2740 676 2846 715 non
2916 671 3024 717 tam
3081 662 3418 733 explanatio-

1844 749 1949 812 nis,
1982 765 2143 820 quam
2171 750 2543 807 aedificationis
2600 752 2900 808 intentione
2950 765 3197 822 perorata
3245 767 3417 810 sunt:

1842 841 1983 895 sicut
2016 842 2067 894 in
2095 841 2353 906 homiliis,
2390 843 2504 897 sive
2531 843 2584 897 in
2627 842 2994 897 Oratiunculis
3020 845 3073 897 in
3105 839 3341 899 Genesim
3366 858 3421 901 et

1842 930 1897 985 in
1932 931 2179 985 Exedunt
2212 932 2457 998 fecimus.
2485 943 2538 988 et
2565 935 2837 1005 prmeipue
2884 936 2937 989 in
2978 936 3064 989 his
3104 952 3225 1004 quin
3256 937 3308 991 in
3352 938 3417 991 li-

1844 1023 2005 1078 brum
2018 1024 2244 1080 Levitici
2275 1025 2343 1081 ab
2369 1026 2460 1081 illo
2476 1027 2692 1096 quidem
2718 1027 3001 1096 perorandi
3027 1028 3167 1098 stylo
3186 1029 3413 1095 dictata,

1844 1131 1874 1169 a
1937 1116 2096 1172 nobis
2151 1132 2283 1172 vero
2333 1118 2660 1188 explanandi
2709 1120 2889 1188 specie
2948 1121 3208 1175 translata
3267 1132 3416 1178 stntt.

1843 1206 2015 1274 Quem
2074 1208 2315 1266 laborem
2380 1211 2709 1282 aditnplendi
2762 1228 2883 1282 quae
2938 1213 3161 1268 deerant
3217 1213 3456 1269 idcirco-

1844 1298 2204 1367 suscepimus,
2236 1314 2305 1355 ne
2339 1300 2566 1370 pulsaue
2597 1302 2923 1370 quaestiones
2944 1310 2999 1356 et
3031 1304 3253 1371 relictae,
3276 1305 3418 1373 quod

1850 1388 1903 1442 in
1947 1388 2279 1444 homiliatico
2309 1390 2518 1445 dicendi
2556 1405 2755 1461 genere
2784 1391 2973 1445 abillo
3001 1406 3143 1460 szepe
3176 1392 3295 1446 ﬂeri
3332 1409 3420 1445 so-
3449 1408 3453 1414 '

1845 1479 1939 1545 let,
1973 1478 2166 1536 Latino
2197 1480 2382 1536 lectori
2412 1480 2688 1537 fastidium
2718 1493 3059 1552 generarent.
3090 1504 3107 1535 ι
3135 1483 3417 1553 Egregium

1844 1572 2054 1626 scilicet
2084 1573 2455 1640 interpretem,
2497 1574 2564 1628 de
2608 1587 2709 1627 suo
2754 1575 3012 1645 quidquid
3066 1576 3273 1630 libitum
3326 1585 3418 1629 est

1844 1663 2181 1733 largientem.
2230 1663 2345 1733 (74)
2394 1662 2506 1719 Hoc
2566 1663 2645 1718 illi
2690 1665 2947 1721 debemus
2998 1676 3219 1728 tamen.
3277 1667 3420 1734 quod

1847 1754 2089 1825 legitimo
2125 1769 2228 1809 suo
2262 1755 2475 1809 auctori
2513 1756 2776 1812 restitutae
2804 1769 2962 1822 sunt;
2999 1774 3119 1828 qua:
3147 1759 3289 1811 inter
3316 1757 3425 1828 Cy-

1852 1847 1958 1900 rilli
1983 1845 2159 1914 Opera
2187 1846 2325 1901 falso
2354 1847 2795 1902 venditabantur.
2828 1847 3017 1919 Itaque
3039 1849 3421 1915 Bellarminus,

161 1930 548 1986 ascribendant
576 1947 696 1989 esse
726 1950 825 1990 suo
860 1935 976 1990 loco
1005 1937 1321 1991 docebimus
1352 1954 1367 1991 :
1404 1940 1448 1993 is
1489 1939 1542 1993 in
1582 1954 1645 1993 ea
1686 1956 1746 1995 se
1778 1927 1821 1982 Β
1849 1936 1936 2004 qui
1966 1936 2061 1991 lib.
2094 1950 2146 1990 IV
2184 1936 2258 1990 De
2287 1934 2450 1990 Verbo
2475 1936 2591 2000 Dei.
2626 1952 2740 2006 cap.
2770 1938 2856 2001 Η,
2886 1949 3141 1993 essentne
3169 1938 3422 2008 Origenis

162 2018 422 2091 Origenis
474 2023 727 2081 bomilias
775 2028 829 2081 in
863 2023 1139 2096 ϐοηθοίη,
1178 2028 1423 2083 Exedunt
1459 2041 1515 2086 et
1547 2030 1745 2086 Leviti-

161 2128 290 2167 cum
324 2113 512 2171 Latine
538 2118 874 2174 convertisse
904 2121 1119 2175 scribit.
1180 2120 1333 2175 Nulla
1373 2123 1554 2192 itaque
1586 2125 1746 2180 adhi-

163 2204 349 2260 benda
382 2216 467 2261 est
507 2207 642 2262 fides
694 2209 916 2278 antiquo
954 2212 1129 2267 codici
1166 2212 1508 2268 bibliothecae
1541 2214 1747 2285 Regina,

168 2299 229 2352 in
262 2314 369 2367 quo
406 2298 491 2352 illa
528 2299 639 2368 ipsa
680 2301 748 2355 de
777 2316 883 2369 qua
918 2303 1130 2371 agimus
1174 2304 1522 2359 homiliarum
1554 2306 1747 2376 Orige—

165 2387 261 2443 nis
294 2389 347 2442 in
374 2387 616 2444 Geuesim
662 2390 1038 2461 interpretatio
1069 2392 1395 2466 Hieronymo
1434 2397 1745 2452 ascribitur.

165 2479 445 2538 Observet
471 2483 687 2539 interim
716 2484 906 2549 lector,
935 2497 1267 2556 postremam
1298 2491 1570 2545 homiliam
1604 2494 1745 2548 bona

165 2575 256 2629 sui
306 2586 459 2645 parte
491 2590 612 2631 esse
649 2579 983 2644 mutilatatn;
1019 2594 1144 2633 nam
1185 2597 1375 2639 omnes
1414 2586 1751 2653 patriarcha-

170 2683 301 2720 rum
335 2669 742 2724 benedictiones
784 2686 885 2738 pro
936 2673 1187 2729 instituto
1226 2691 1330 2729 non
1382 2680 1747 2749 persequitur,

166 2771 231 2814 et
252 2759 482 2814 solemni
509 2772 659 2816 caret
688 2763 953 2831 clausula,
987 2780 1146 2834 quam
1178 2767 1413 2823 houtiliis
1432 2772 1548 2825 suis
1568 2771 1749 2825 omni-

168 2852 279 2907 bus
317 2852 581 2924 Origenes
610 2855 890 2923 imponere
923 2858 1228 2912 consuevit.

242 2945 310 3001 ll.
341 2946 868 3002 Commentariorum
908 2950 965 3002 in
987 2948 1233 3006 Exodnm
1268 2953 1493 3011 lacinias
1542 2957 1753 3025 aliquot

166 3038 437 3092 vicesimo
479 3051 634 3095 sexto
664 3038 974 3096 Philacaliaz
1012 3045 1172 3114 capiti
1206 3044 1436 3102 Basilius
1467 3058 1521 3102 et
1548 3048 1753 3119 Grego-

168 3131 296 3187 rius
334 3131 697 3187 intexuerunt.
748 3133 994 3189 Humilia:
1019 3150 1148 3190 vero
1184 3140 1444 3193 tredecim
1475 3141 1529 3195 in
1560 3142 1749 3197 Latina

165 3224 417 3279 editione
453 3228 817 3282 continentur.
856 3228 1061 3284 Nomen
1104 3229 1417 3299 interpretis
1456 3234 1748 3303 ascriptqu

168 3331 287 3369 non
341 3325 443 3382 est,
499 3318 593 3371 sed
643 3333 707 3372 ex
758 3318 987 3387 l‘rologo
1032 3318 1212 3373 Rufini
1262 3320 1328 3373 ad
1363 3320 1670 3385 Ursacium.
1699 3334 1754 3379 et

165 3406 416 3478 ejusdem
445 3410 792 3477 peroratione
831 3410 897 3464 ad
927 3412 1428 3478 interpretationem
1458 3412 1754 3469 Commen-

170 3497 444 3553 tariorum
480 3496 729 3568 Origenis
764 3503 818 3554 in
852 3498 1146 3570 Epistolam
1188 3503 1258 3555 ad
1296 3502 1581 3569 Romanos,
1634 3520 1755 3576 qua:

166 3604 304 3643 mox
338 3588 677 3642 laudavimus
703 3628 719 3651 ,
750 3588 1093 3642 manifestum
1124 3599 1207 3643 est
1247 3604 1351 3643 non
1384 3590 1548 3643 alium
1582 3591 1755 3645 inter-

166 3690 387 3751 pretem
411 3696 571 3749 quam
607 3680 858 3734 Buiinum
900 3681 1073 3750 quaeri
1105 3682 1303 3736 debere
1344 3700 1357 3737 :
1410 3683 1459 3737 id
1503 3684 1644 3752 quod
1674 3684 1756 3738 vel

169 3790 243 3828 ex
270 3775 386 3843 ipsa
420 3774 547 3844 styli
581 3774 938 3830 similitudine
967 3774 1153 3828 statim
1196 3775 1594 3845 deprehendas.
1634 3776 1757 3831 Fal-

170 3866 313 3920 litur
351 3883 482 3936 ergo
512 3865 699 3921 Sixtns
744 3865 1006 3922 Senensis
1048 3866 1378 3939 Hieronymo
1430 3869 1758 3939 interpreta-

172 3960 385 4015 tionem
419 3960 560 4013 hanc
588 3958 855 4016 tribuens.

246 4048 336 4104 111.
364 4051 443 4103 Ad
469 4049 970 4118 interpretationem
995 4048 1336 4103 homiliarum
1360 4048 1611 4118 Origenis
1633 4064 1758 4103 sex-

170 4142 354 4198 decim
384 4143 439 4195 in
468 4139 760 4195 Leviticum
793 4140 989 4194 Ruﬁno
1021 4141 1207 4194 itidem
1234 4139 1672 4207 adjudicandam,
1704 4150 1761 4195 et

172 4232 517 4301 arguendum
570 4229 785 4285 Sixtum
837 4229 928 4301 qui
978 4244 1098 4285 eam
1136 4228 1468 4301 Hieronymo
1514 4233 1755 4296 ascribit,

172 4325 367 4380 valere
397 4325 596 4379 debent
626 4325 813 4378 eadem
838 4332 1181 4393 argumenta.
1219 4321 1467 4389 Qualiter
1488 4334 1668 4377 autem
1702 4326 1755 4377 in

173 4418 606 4488 interpretandis
638 4416 876 4470 homiliis
910 4414 1041 4481 illis,
1083 4423 1138 4468 et
1171 4429 1292 4484 quae
1320 4414 1379 4467 in
1401 4412 1666 4479 Genesim,
1704 4425 1765 4469 et

174 4525 303 4581 quze
357 4510 411 4562 in
438 4506 681 4562 Exodum
728 4505 924 4562 habita:
957 4513 1083 4560 sunt
1128 4519 1189 4560 se
1233 4504 1459 4575 gesserit
1508 4502 1759 4569 Rufinus,

1850 2028 2076 2083 delinire
2098 2042 2203 2082 non
2226 2044 2392 2083 ausus
2416 2029 2613 2093 fuerat,
2640 2030 2857 2084 easdem
2884 2030 2937 2085 in
2964 2030 3099 2085 libro
3132 2031 3206 2085 De
3241 2032 3419 2099 script.

1848 2123 2033 2176 eccles.
2068 2123 2274 2191 absque
2304 2121 2649 2177 haesitatione
2691 2123 2818 2177 huic
2840 2123 3109 2180 attribuit.
3144 2124 3294 2179 Unde
3323 2141 3421 2179 ex-

1850 2211 2155 2280 plodendus
2177 2212 2542 2267 helerodoxus
2572 2213 2816 2282 quidam,
2847 2215 2937 2283 qui
2967 2229 3063 2269 eas
3107 2215 3285 2284 posuit
3324 2233 3422 2270 nu-

1851 2317 1946 2372 per
1989 2302 2131 2356 inter
2155 2318 2319 2372 opera
2347 2303 2599 2371 Origenis
2622 2305 2982 2375 supposititia.
3016 2306 3280 2360 Caeterum
3311 2308 3423 2375 pri-

1851 2408 1996 2447 mum
2024 2390 2335 2448 Philocolia:
2372 2405 2532 2463 caput
2578 2398 2935 2465 fragmentum
2967 2398 3189 2452 exhibet
3216 2414 3281 2452 ex
3316 2399 3424 2452 llo-

1851 2484 1999 2539 milia
2028 2487 2261 2541 secunda
2287 2487 2342 2539 in
2368 2486 2678 2550 Leviticum,
2714 2504 2835 2557 qua:
2858 2490 3079 2559 quidem
3104 2489 3172 2543 ah
3195 2488 3424 2544 Humilia

1849 2579 2087 2634 secunda
2136 2578 2441 2633 Rufinianus
2487 2581 2827 2636 collectionis
2879 2583 3037 2651 plane
3066 2582 3280 2636 diversa
3320 2592 3424 2637 est.

1852 2669 2199 2726 Decurtatam
2230 2684 2295 2725 ea
2324 2671 2591 2740 particula
2630 2683 2685 2725 et
2717 2672 3018 2727 mutilatam
3044 2688 3072 2726 a
3102 2672 3301 2728 Rufino
3328 2676 3428 2728 ho-

1852 2761 2059 2817 miliam
2089 2764 2229 2817 hanc
2264 2764 2472 2833 opinati
2509 2773 2635 2818 sunt
2662 2764 2918 2831 quidam;
2952 2765 3048 2820 sed
3082 2766 3249 2820 multo
3282 2769 3427 2820 veri-

1852 2855 2080 2910 similius
2116 2864 2201 2909 est
2225 2855 2408 2923 plures
2437 2854 2604 2910 fuisse
2656 2855 2997 2910 botuiliarum
3045 2858 3268 2911 istarum
3322 2857 3431 2909 rol-

1852 2948 2132 3011 lectiones,
2161 2956 2216 3001 et
2266 2946 2321 3000 in
2348 2962 2454 3000 una
2487 2947 2706 3015 quicietn
2747 2949 3044 3002 secundum
3078 2949 3312 3002 tenuisse
3343 2948 3425 3002 lo.-

1854 3052 1974 3091 cum
2022 3036 2294 3091 homiliam
2328 3037 2494 3101 illam,
2545 3036 2687 3089 unde
2724 3037 2927 3105 prodiit
2953 3036 3261 3090 Pliilecalia:
3316 3035 3445 3090 fra-r

1854 3136 2153 3198 gmeutum,
2171 3144 2291 3197 qua:
2315 3144 2349 3182 a
2371 3128 2665 3183 Rufiniaua
2692 3128 3009 3183 collectione
3031 3128 3287 3184 abfuerit.
3318 3127 3429 3182 llo-

1859 3219 2034 3275 utilias
2071 3220 2285 3289 quidem
2328 3221 2385 3273 in
2425 3218 2710 3283 Numeros,
2758 3235 2878 3289 qua:
2935 3230 3257 3286 supersunt,
3304 3234 3335 3272 a
3370 3233 3430 3274 se

1857 3311 2110 3366 Collectas
2147 3319 2203 3364 et
2228 3311 2471 3377 digestas
2494 3310 2723 3365 Rufinus
2754 3312 2866 3380 ipse
2905 3311 3183 3380 praedicat,
3214 3321 3271 3365 ut
3305 3327 3426 3366 mox

1857 3404 2119 3459 dicemus.
2163 3402 2407 3459 llontilia:
2451 3405 2503 3457 in
2541 3403 2829 3458 Jerentiam
2875 3404 2944 3457 ab
2975 3401 3302 3472 Hieronymo
3328 3402 3430 3456 La-

1859 3496 1967 3550 tine
1997 3497 2241 3564 redditm,
2266 3497 2371 3550 alio
2410 3496 2602 3549 ordine
2655 3495 2709 3548 in
2744 3495 2983 3549 editione
3016 3494 3233 3557 Latina,
3262 3508 3428 3561 quam

1858 3589 1911 3642 in
1939 3588 2214 3643 codicibus
2253 3587 2459 3643 Griecis
2498 3586 2776 3642 collocatae
2811 3596 2938 3641 sunt
2968 3605 2983 3642 :
3018 3587 3162 3655 quod
3211 3597 3264 3641 et
3301 3588 3429 3643 alibi

1858 3679 2060 3735 factum
2082 3679 2517 3735 observabimus.
2552 3681 2694 3735 Idem
2729 3680 2909 3748 itaque
2940 3679 3178 3733 homiliis
3206 3681 3265 3733 in
3292 3679 3435 3735 Leni-

1857 3772 2016 3825 ticum
2040 3772 2350 3841 contigisse,
2378 3782 2434 3826 et
2478 3787 2576 3841 pro
2602 3773 2959 3841 interpretum
3001 3772 3435 3827 studiosorutnve

1858 3863 2010 3919 lihitu
2041 3865 2208 3921 variis
2244 3865 2414 3919 modis
2444 3864 2610 3920 fuisse
2641 3864 2871 3920 selectas
2907 3871 2962 3917 et
3007 3863 3281 3917 ordinatas
3320 3864 3435 3918 esi-

1857 3956 2079 4008 stimare
2108 3953 2347 4022 proclive
2374 3964 2479 4007 est.

1931 4045 2017 4102 IV.
2048 4045 2126 4100 Ex
2175 4045 2402 4115 Prnlogn
2433 4058 2594 4113 quem
2631 4042 2863 4111 praefixit
2892 4042 3121 4098 Rufinus
3170 4045 3434 4111 interpre-

1864 4137 2050 4190 tationi
2091 4152 2223 4202 suae,
2254 4145 2376 4190 octo
2397 4144 2451 4188 et
2484 4135 2673 4204 viginti
2719 4134 3065 4188 homiliarum
3099 4132 3347 4205 Origenis
3379 4135 3437 4187 in

1864 4227 2153 4294 Numeros,
2188 4243 2309 4294 qua:
2347 4228 2412 4280 ad
2443 4225 2581 4280 hanc
2627 4224 2767 4281 diem
2816 4235 3123 4292 supersunt,
3150 4236 3202 4278 et
3226 4239 3289 4279 ex
3322 4226 3441 4294 ipso

1858 4321 2024 4376 etiam
2055 4319 2195 4391 stylo
2251 4318 2563 4388 intelligitur
2614 4318 2962 4373 vehementer
3019 4332 3112 4372 eos
3159 4317 3292 4382 falli,
3319 4318 3443 4386 qui-

1860 4430 2075 4484 cunque
2102 4412 2263 4467 alium
2293 4413 2645 4481 interpretem
2661 4411 2941 4481 assignant
2973 4426 3134 4480 quam
3162 4409 3436 4464 Rufinum.

1866 4526 1885 4559 α
1926 4508 2291 4575 Quaecunque,
2341 4504 2535 4574 inquit,
2596 4504 2651 4559 in
2702 4502 3061 4560 Numerorum
3112 4502 3272 4569 libro,
3326 4503 3450 4557 sive

174 4603 297 4672 ipse
344 4598 583 4654 declarat
636 4598 686 4651 in
716 4597 1053 4667 peroratione
1084 4610 1207 4650 mox
1235 4594 1398 4648 citata
1431 4613 1444 4648 :
1510 4613 1530 4647 ι
1562 4592 1761 4650 Fateor
1794 4622 1839 4677 ο
1866 4596 2199 4652 ltomiliatico
2251 4594 2413 4666 stylo,
2451 4594 2565 4650 sive
2598 4594 2761 4648 etiam
2797 4609 2861 4649 ex
2903 4594 2986 4649 his
3017 4609 3137 4664 qua:
3174 4594 3447 4663 Excerpta

175 4705 439 4759 namque,
470 4689 683 4743 Heracli
716 4688 885 4742 frater
908 4686 1307 4751 amantissime,
1331 4687 1476 4756 quod
1498 4687 1623 4741 dum
1655 4688 1759 4741 tuis

179 4780 476 4839 desideriis
500 4779 817 4834 satisfacere
840 4780 1024 4848 cupio,
1051 4778 1255 4834 oblitus
1280 4794 1399 4833 sum
1433 4793 1569 4847 pene
1600 4794 1756 4833 inan-

176 4875 296 4931 ειειί
334 4888 442 4943 quo
483 4872 823 4942 pmcipitur:
846 4869 992 4925 Onus
1019 4887 1183 4940 supra
1216 4872 1348 4925 uires
1378 4882 1496 4924 tuas
1526 4887 1590 4924 ire
1617 4870 1759 4924 lera-

174 4967 325 5024 ueris
351 4966 398 4997 ³⁸
425 4982 445 5019 :
485 4964 730 5032 quamvis
774 4961 928 5017 nobis
966 4978 1065 5015 nec
1110 4963 1164 5015 in
1206 4962 1418 5016 caeteris
1446 4978 1566 5029 qua:
1594 4974 1644 5016 te
1677 4964 1756 5016 itt-

175 5060 437 5124 sistente,
472 5058 581 5112 imo
610 5054 788 5126 potius
819 5069 1044 5125 pensum
1071 5053 1248 5108 diurni
1282 5054 1459 5122 operis
1488 5054 1760 5124 exigente,

178 5153 242 5209 in
264 5150 518 5207 Latinum
543 5150 825 5216 vertimus,
868 5145 1100 5201 defuerit
1127 5143 1389 5213 plurimus
1432 5143 1601 5207 labor,
1635 5145 1761 5200 dum

256 5293 308 5327 '°
337 5292 504 5347 Eccli.
544 5307 663 5356 xm,
693 5290 748 5345 2.

182 5441 366 5494 ratas,
393 5438 448 5483 et
474 5429 540 5482 ab
575 5427 811 5497 Origene
855 5425 995 5497 ipso.
1042 5437 1150 5476 nun
1182 5423 1250 5476 ab
1296 5420 1556 5497 actuariis
1582 5418 1775 5497 editas,

185 5504 245 5558 id
311 5490 442 5555 sane
500 5490 702 5553 dubito'
741 5514 808 5550 an
877 5490 1199 5563 cujusquam
1248 5492 1446 5547 veteris
1497 5490 1778 5563 scriptoris

185 5571 524 5627 auctoritate
582 5568 815 5636 probare
876 5559 1165 5636 potuisset.
1225 5563 1384 5636 certe
1438 5559 1608 5636 major
1654 5574 1777 5628 pars

185 5632 596 5710 septemdecim
630 5632 981 5710 hom'tliarunt
1013 5635 1067 5688 in
1095 5632 1347 5710 Genesim
1380 5632 1623 5701 mysticis
1651 5644 1776 5710 sen-

188 5703 351 5767 sibus
380 5709 705 5763 enarrandis
749 5706 1104 5775 impenditur.
1147 5703 1285 5775 Quid
1326 5715 1456 5775 ergo
1504 5715 1598 5775 cas
1630 5709 1777 5754 vetat

189 5782 455 5853 mystiws
474 5779 591 5853 dici
641 5788 696 5833 et
743 5771 949 5853 partem
1001 5774 1352 5844 mysticarutn
1404 5771 1768 5853 lim-uiliaruui,

187 5841 841 5924 quarn_m__Hic_-ron_ymus
870 5846 1004 5899 duos
1036 5841 1618 5924 commemprat'libros
1639 5841 1680 5924 ?_
1754 5910 1765 5919 '

270 5920 388 5994 (74)
421 5919 534 5976 Hoc
554 5919 631 5973 illi
659 5911 903 5973 debemus
926 5924 1119 5981 tamen,
1147 5915 1281 5984 quod
1303 5911 1534 5982 legitimo
1559 5911 1771 5966 auctori

1869 4686 2232 4755 appellantur,
2268 4685 2471 4753 scripta
2513 4682 2836 4750 reperimus,
2882 4681 2996 4736 haec
3042 4689 3361 4750 perurgente
3389 4689 3455 4731 te

1868 4778 2175 4850 (Ursaeium
2216 4771 2527 4845 alloquitur)
2564 4774 2806 4828 Romana
2831 4782 2889 4826 ut
2923 4773 3196 4841 potuimus
3225 4785 3357 4823 voce
3376 4784 3451 4821 ex

1867 4869 2099 4924 diversis
2151 4870 2203 4921 in
2255 4882 2420 4920 unum
2469 4865 2715 4919 ordinem
2769 4866 2992 4920 collecta
3038 4862 3377 4932 digessimus.
3420 4875 3449 4909 ι

1868 4960 1983 5015 llas
2016 4972 2206 5027 nempe
2228 4972 2364 5027 quas
2393 4956 2661 5012 habemus
2692 4956 2942 5011 humilius
2959 4954 3312 5020 undecunque
3336 4947 3445 5002 col-

1868 5051 2040 5106 lectas
2066 5064 2164 5119 pro
2190 5048 2416 5103 arbitrio
2450 5063 2549 5103 suo
2585 5048 2636 5101 in
2665 5047 2908 5101 ordinem
2935 5042 3218 5113 disposuit,
3244 5039 3355 5109 (75)
3374 5040 3453 5093 si-

1881 5143 2102 5212 malque
2130 5140 2295 5196 etiam
2322 5141 2529 5197 scholia
2559 5140 2672 5210 ipsa
2703 5136 3048 5208 permiscuit;
3076 5134 3220 5204 quod
3254 5130 3459 5188 Ruﬁno

1878 5420 2136 5474 restituta:
2156 5425 2303 5478 sunt,
2330 5428 2447 5483 qua:
2472 5405 2844 5484 inte_r‘_Cyrilli_,
2883 5413 2991 5484 etc.
3022 5402 3172 5484 _Vid_e_
3190 5399 3453 5484 Admonu-

1874 5470 2362 5555 tioueutrnostratt't
2417 5482 2483 5555 ad
2537 5470 2839 5550 ὲξτίγῆτικά
2896 5478 2953 5555 in
3010 5473 3325 5555 Levitifnm,
3352 5470 3450 5555 “ubi

1878 5538 2155 5629 pluribus
2170 5538 2308 5609 aliis
2355 5538 2630 5629 rationum
2647 5538 2659 5547 ’
2675 5538 2963 5629 ingruentis
2989 5543 3327 5629 ostendimus
3348 5538 3456 5629 llius

1876 5613 2055 5683 iailias
2091 5627 2210 5681 illas
2233 5639 2353 5680 esse
2385 5621 2676 5694 genuinum
2724 5616 3001 5687 Origenis,
3049 5629 3152 5667 non
3190 5626 3319 5664 vero
3347 5613 3455 5679 (Ly—

1874 5699 1977 5754 rilli
2018 5699 2208 5751 fetum.
2452 5762 2457 5763 ν
2653 5759 2665 5763 _
2722 5756 2754 5763 ,η
2828 5755 2840 5763 _
3117 5752 3129 5763 ,
3231 5750 3264 5763 ,Α

1948 5747 2358 5836 'Simutque
2389 5756 2789 5836 etiam‘schplia
2822 5755 2934 5836 ipsa
2957 5747 3455 5836 ρετηιξξειιὶιηηιιιιε

1948 5771 2063 5836 (75)
2087 5771 2358 5834 Simulque
2389 5771 2550 5817 etiam
2588 5771 2789 5815 scholia
2822 5771 2934 5823 ipsa
2957 5771 3285 5878 permiscuit.
3316 5771 3457 5835 ιιιιιιι

1877 5838 2019 5894 hirto
2050 5838 2100 5891 in
2132 5851 2296 5891 causa
2324 5842 2408 5888 est
2441 5846 2538 5907 cur
2566 5831 2618 5884 in
2649 5826 2910 5896 ejusmodi
2925 5894 2955 5907 η
2996 5821 3176 5907 onnlis
3202 5818 3461 5907 quadam.

1874 5926 1939 5965 ex
1999 5918 2239 5977 tempore
2283 5894 2688 5975 pronuntiatap
2734 5894 2991 5954 nonnulla
3035 5906 3162 5950 vero
3210 5906 3276 5948 ex
3334 5894 3451 5945 otio‘
