3926 6520
508 419 643 478 12η

1750 425 1808 484 Ρ.
1849 428 2167 488 DANIELIS
2200 431 2430 490 HUETII

3633 441 3769 496 1219.

505 537 801 609 interprete
834 538 1054 609 dignum
1083 548 1221 596 erat.
1258 539 1443 597 lnanis
1480 542 1664 612 itaque
1714 554 1801 599 est
1851 547 2084 603 Andreae
2112 555 2160 612 Α
2186 550 2486 607 Gratianus
2508 550 2794 607 advertere
2816 551 3025 611 debuit.
3058 552 3301 608 Humilia:
3334 554 3611 612 vicesima:
3638 560 3768 614 insi-

507 629 683 687 Riveti
735 632 1079 696 observatio,
1128 642 1405 689 auctorem
1460 635 1804 690 ltomiliarum
1859 639 2083 696 istarum

505 721 757 779 Latinum
789 738 913 777 esse
965 739 1033 778 ex
1082 738 1147 778 eo
1204 727 1501 793 arguentis,
1555 729 1697 796 quod
1753 727 1939 784 ltontil.
1992 731 2082 797 {2,

504 827 655 867 num.
689 813 746 878 ἓ,
782 811 1085 867 differentia
1117 823 1330 868 notetur
1368 816 1507 871 inter
1539 818 1797 872 excudere
1843 830 1899 874 et
1943 823 2083 875 exci-

501 906 625 959 dere
656 919 676 958 :
700 921 820 976 quae
854 906 1030 960 Rufini
1082 908 1398 977 interpretis
1443 912 1828 967 muniﬁcentiae
1859 924 2083 984 accepta

503 996 781 1053 referenda
845 1009 994 1053 sunt.
1040 998 1423 1058 Oratiunculas
1458 1018 1587 1058 vero
1637 1005 1692 1059 in
1752 1005 2084 1062 Deuterono-

501 1090 662 1143 mium
697 1092 991 1160 quominus
1036 1091 1229 1148 Latine
1259 1096 1595 1163 exposuerit,
1625 1099 2082 1166 quemadmodum

500 1182 684 1239 animo
714 1186 1103 1249 destinaverat,
1132 1202 1279 1241 mors
1306 1187 1696 1257 impedimento
1720 1191 1838 1246 fuit.

570 1273 641 1329 γ.
673 1276 933 1333 Homilias
964 1279 1217 1347 Origenis
1240 1280 1291 1331 in
1334 1277 1502 1334 Iosue
1530 1295 1627 1335 sex
1677 1290 1732 1336 et
1768 1282 1956 1351 viginti
1988 1282 2086 1338 La-

501 1367 613 1422 tina
641 1366 798 1422 nobis
825 1369 1048 1423 exhibet
1091 1369 1282 1424 editio.
1313 1368 1641 1441 Hieronymo
1679 1371 2083 1442 interpretatio-

500 1475 626 1515 nem
659 1460 851 1516 tribuit
880 1460 1068 1516 titulus
1112 1460 1328 1530 Prologi
1362 1477 1375 1513 :
1413 1462 1507 1517 sed
1540 1472 1648 1516 tam
1684 1464 2083 1535 interpretatio,

498 1568 663 1623 quam
716 1554 1153 1623 interpretationi
1224 1554 1477 1623 praeﬁxos
1530 1554 1797 1627 Prologus
1859 1572 2085 1628 prorsus

499 1644 755 1701 Ruﬁnum
788 1655 1072 1700 auctorem
1105 1645 1327 1701 habent.
1375 1646 1455 1702 Ac
1482 1648 1655 1719 stylus
1685 1649 1904 1717 quidem
1942 1648 2085 1718 ston

495 1739 839 1809 superiorum
899 1737 1243 1793 homiliarunt
1304 1755 1428 1794 cum
1480 1740 1748 1795 orationis
1802 1750 2083 1807 contextu,

501 1841 614 1886 tum
670 1834 970 1887 dictionum
1006 1832 1219 1887 delectu
1259 1848 1521 1903 perquam
1578 1834 1776 1889 similis
1815 1844 1919 1889 est.
1970 1832 2083 1889 Nec

2188 645 2277 714 gtti
2310 653 2466 713 parte
2495 652 2709 697 constat
2732 643 3011 700 duodecim
3043 630 3356 701 Philocalia:
3384 658 3568 717 caput.
3618 651 3766 705 Hauc

2187 735 2231 789 si
2264 749 2386 788 cum
2416 733 2594 787 Ruﬁni
2621 734 3068 805 interpretatione
3093 737 3632 801 contuleris,verene
3656 743 3765 796 haec

2188 825 2241 878 in
2269 824 2483 878 laudata
2520 826 2682 879 toties
2732 828 3075 895 peroratione
3101 825 3477 884 Commentar.
3517 830 3767 900 Origenis

2186 918 2240 969 in
2259 914 2551 986 Epistulam
2569 918 2637 971 ad
2653 915 2937 982 Romanos,
2957 920 3021 975 de
3035 936 3093 975 se
3120 922 3493 991 praedicaverit
3517 925 3761 989 Ruﬁnus,

2188 1008 2563 1074 deprehendes
2604 1027 2618 1063 :
2649 1027 2668 1059 ‹
2704 1006 2838 1062 Nam
2871 1009 2959 1063 illa
2984 1026 3104 1081 qua:
3137 1014 3189 1066 in
3238 1013 3366 1069 Jesu
3404 1012 3573 1079 Nave,
3620 1025 3673 1070 et
3710 1018 3763 1070 in

2186 1097 2439 1153 Judicum
2497 1100 2713 1163 librum,
2748 1110 2801 1155 et
2858 1102 2909 1155 itt
2963 1103 3299 1163 tricesimum
3349 1117 3594 1172 sextum,
3627 1110 3763 1163 etin

2190 1192 2522 1246 tricesimum
2549 1193 2861 1263 septimum,
2884 1203 2941 1246 et
2971 1194 3303 1249 tricesimum
3332 1206 3589 1251 octavum
3622 1199 3763 1266 psal-

2189 1296 2336 1333 mum
2372 1281 2714 1351 scripsimus,
2752 1282 3082 1351 simpliciter
3106 1285 3481 1354 expressimus
3508 1296 3569 1340 ut
3619 1288 3768 1345 inve-

2188 1372 2393 1437 nimus,
2422 1382 2476 1427 et
2523 1389 2629 1428 non
2687 1375 2856 1429 multo
2902 1390 3024 1429 cum
3070 1374 3256 1431 labore
3292 1378 3713 1436 transtulimus.
3741 1400 3761 1434 ι

2188 1458 2446 1517 Ruﬁnum
2479 1464 2699 1533 quidem
2762 1466 3232 1537 interpretationis
3280 1467 3442 1537 hujus
3490 1481 3765 1526 auctorem

2188 1556 2439 1626 agnoscit
2471 1554 2730 1611 Erasmus
2770 1558 2822 1612 in
2864 1558 3085 1614 Censur.
3122 1560 3210 1613 lib.
3252 1560 3501 1631 0rigen.,
3536 1572 3595 1616 at
3627 1561 3769 1617 Prae-

2187 1647 2446 1703 fationem
2475 1648 2763 1705 conﬁctam
2798 1665 2827 1703 a
2865 1649 3179 1719 bibliopolis
3206 1661 3260 1707 et
3290 1655 3626 1722 suppositam
3652 1656 3769 1709 exi—

2188 1739 2396 1802 stimat,
2429 1738 2634 1794 idcirco
2656 1740 2799 1809 quod
2833 1741 3158 1796 solmcismis
3175 1752 3231 1796 et
3258 1746 3533 1799 sermonis
3556 1745 3769 1815 ineptiis

2190 1839 2420 1894 scateat.
2446 1839 2501 1885 et
2533 1831 2677 1901 quod
2705 1831 2957 1887 homilias
2991 1833 3124 1888 istas
3150 1833 3203 1887 in
3229 1832 3398 1887 Jorue
3421 1844 3769 1907 extempora-

499 1924 858 1996 intcrpretem
902 1940 961 1981 se
1004 1900 1313 1981 dissimulat
1351 1900 1465 1995 ipse
1514 1926 1741 1981 Ruﬁnus
1765 1926 1818 1981 iu
1847 1926 2083 1981 Perora-
2114 1900 2157 1956 Β
2186 1926 2265 1977 les
2320 1936 2442 1978 esse
2497 1900 2783 1993 significet,
2814 1940 2938 1978 cum
2986 1926 3189 1979 scribat
3224 1934 3405 1980 tamen
3444 1900 3769 1984 Athanasius

497 2016 643 2070 tione
680 2030 791 2070 sua:
831 2015 1301 2084 interpretationis
1328 2015 1861 2072 Commentariorum
1888 2016 2083 2087 Orige-

495 2107 654 2162 nisin
674 2104 970 2175 Epistulam
999 2107 1068 2160 ad
1091 2106 1377 2164 Romanos.
1404 2108 1667 2180 Prologus
1691 2122 1908 2180 quoque
1928 2110 2081 2166 Ruﬁ-

494 2200 693 2256 nianas
744 2217 953 2257 merces
981 2203 1113 2259 olet.
1164 2202 1275 2257 Cur
1326 2202 1660 2273 Hieronymo
1709 2203 1944 2257 tributus
1989 2205 2079 2269 sit,

492 2306 676 2348 ausa:
708 2293 760 2347 id
794 2292 963 2349 fuisse
988 2307 1139 2364 puto.
1169 2294 1476 2364 Scripserat
1515 2294 1568 2348 in
1600 2292 1831 2362 Prologo
1856 2294 2083 2351 Galeato

495 2380 865 2453 Hieronymus
913 2400 929 2437 :
973 2402 991 2435 r
1032 2384 1086 2438 lu
1118 2385 1319 2455 templo
1373 2384 1465 2438 Dei
1497 2384 1656 2439 offert
1706 2387 2081 2456 unusquisque

493 2472 636 2541 quod
674 2483 882 2543 potest;
924 2474 1013 2529 alii
1041 2490 1257 2537 aurum,
1290 2484 1572 2542 argentum
1611 2483 1666 2529 et
1718 2473 1925 2544 lapides
1954 2490 2078 2545 pre—

496 2563 665 2619 tiosos
696 2581 710 2617 :
746 2565 840 2619 alii
889 2565 1113 2635 hyssum
1159 2574 1215 2618 et
1246 2579 1568 2634 purpuram,
1599 2576 1653 2617 et
1691 2578 1914 2619 coccum
1947 2562 2078 2619 olfe-

495 2665 644 2720 runt,
675 2670 732 2711 et
787 2656 1197 2727 hyacintltutn:
1252 2655 1533 2710 nobiscum
1583 2657 1719 2711 bene
1778 2658 1981 2727 agitur,
2031 2661 2076 2713 si

493 2732 853 2803 obtuleriutus
905 2748 1072 2819 pelles
1124 2757 1180 2803 et
1236 2762 1525 2816 caprarum
1561 2749 1719 2819 pilos.
1770 2768 1789 2801 ι
1847 2748 1969 2805 Haec
2023 2750 2076 2804 in

494 2839 729 2911 Prologo
752 2856 852 2895 suo
886 2839 1161 2910 expressit
1210 2838 1462 2902 Rufinus,
1515 2850 1570 2894 et
1626 2839 1892 2895 dilatavit.
1934 2840 2076 2895 Idem

491 2931 874 2990 Chromatium
908 2932 1221 3002 alloquitur,
1241 2947 1401 3001 quem
1428 2931 1842 2987 meationibus
1875 2934 1989 2988 suis
2024 2934 2078 2987 in

495 3024 911 3094 f’arafipomena
942 3026 1077 3080 etin
1110 3024 1329 3078 Tobiam
1365 3023 1725 3095 Hieronymus
1767 3025 2073 3095 compellat.

492 3116 606 3172 Hos
647 3118 726 3172 illi
768 3118 955 3173 titulos
996 3118 1223 3187 largitur
1281 3116 1552 3173 Ruﬁnus:
1591 3137 1609 3169 ι
1650 3117 1693 3173 Ο
1742 3118 1813 3172 mi
1860 3134 2078 3188 semper

494 3212 827 3266 venerabilis
858 3222 1017 3282 pater
1044 3211 1358 3278 Chromati;
1392 3230 1411 3263 ι
1446 3212 1580 3266 istos
1628 3210 1990 3283 Hieronymus
2023 3214 2072 3267 iu
2102 3246 2144 3302 Ο

491 3302 723 3374 Prologo
744 3303 864 3358 libri
900 3320 940 3358 ιι
969 3304 1281 3359 Comment.
1321 3304 1376 3358 in
1412 3301 1664 3357 Ilabacuc
1692 3320 1710 3359 :
1739 3322 1758 3355 ι
1792 3304 1860 3358 Mi
1900 3304 2077 3359 Chro-

490 3397 796 3466 mati,papa
827 3396 1203 3453 venerabilisa
1224 3396 1336 3469 (76)
1363 3397 1441 3451 Ex
1476 3397 1561 3451 bis
1589 3406 1749 3450 natus
1768 3411 1945 3451 error.
1969 3397 2075 3452 Nec

493 3488 549 3542 id
583 3502 712 3544 casu
746 3498 949 3556 tamen,
984 3489 1079 3544 sed
1130 3489 1337 3544 dolosis
1378 3488 1559 3542 Ruﬁni
1608 3488 1820 3543 artibus
1870 3486 2072 3543 factum

493 3580 752 3649 conjicio,
787 3580 879 3649 qui
930 3594 1053 3634 cum
1089 3594 1148 3634 se
1193 3577 1523 3649 Origenismi
1570 3579 1732 3649 vulgo
1762 3592 2072 3651 suspectum

488 3687 635 3735 esse,
664 3681 1065 3742 proptereaque
1124 3673 1305 3725 minus
1331 3669 1632 3725 vendibiles
1677 3688 1888 3728 merces
1939 3690 2073 3731 suas

491 3760 840 3831 intelligeret,
895 3760 1076 3815 fucum
1136 3761 1373 3816 incautis
1422 3758 1720 3817 lectoribus
1766 3761 1948 3819 facere
1978 3781 2071 3819 vo-

488 3854 658 3910 luisse
697 3854 991 3909 vertsimile
1031 3864 1149 3919 est;
1203 3852 1517 3924 Hieronymi
1558 3864 1738 3909 autem
1770 3857 2069 3913 adversarii

489 3947 573 4002 sui
609 3962 807 4002 nomen
842 3946 1199 4016 pratscripsit,
1226 3960 1334 4014 quo
1365 3959 1489 3998 eum
1521 3958 1740 4014 quoque
1784 3946 1837 4001 in
1884 3946 2073 4019 Orige-

488 4041 648 4095 nistui
683 4040 1047 4110 suspicionem
1082 4049 1325 4104 vocaret,
1362 4054 1391 4091 a
1420 4053 1528 4106 quo
1556 4050 1661 4091 tam
1696 4055 1842 4110 smpe
1863 4041 2071 4097 doctri-

489 4148 573 4186 na:
624 4132 787 4202 hujus
838 4131 1016 4185 fuerat
1058 4131 1404 4185 criminatus.
1463 4132 1575 4201 (77)
1627 4131 1800 4186 Simili
1853 4133 2071 4189 vafritie

488 4224 749 4280 adversus
774 4240 898 4279 eum
931 4239 1058 4278 usus
1084 4233 1167 4278 est
1199 4226 1251 4277 in
1282 4228 1631 4294 peroratione
1662 4226 2071 4295 interpretatio-

488 4318 573 4371 nis
597 4316 1125 4371 Commentariorum
1155 4315 1403 4388 Origenis
1437 4318 1491 4370 in
1516 4315 1816 4386 Epistolam
1849 4318 1917 4370 ad
1962 4318 2068 4370 Ro-

484 4419 776 4471 manos,ut
806 4424 904 4463 suo
932 4408 1054 4461 loco
1100 4421 1131 4460 a
1191 4407 1349 4461 nobis
1394 4408 1629 4462 dicetur.
1666 4406 1846 4461 Ruﬁni
1885 4417 2067 4461 autem

487 4516 595 4556 non
638 4500 816 4554 minus
867 4500 1155 4554 familiaris
1204 4499 1374 4555 fuisse
1436 4500 1649 4555 videtur
1698 4498 2068 4561 Chromatius,

2185 2011 2659 2084 diligentissimum
2696 2014 2984 2084 Origenem
3015 2015 3200 2071 fuisse.
3224 2016 3419 2071 Futilia
3450 2032 3586 2073 sane
3616 2035 3770 2090 argu-

2185 2115 2388 2159 menta.
2443 2103 2608 2172 Quasi
2666 2122 2771 2159 non
2816 2110 3120 2161 orationem
3163 2122 3316 2162 suam
3372 2109 3770 2179 stribliginibus

2184 2210 2398 2267 quoque
2448 2198 2821 2269 iuquinaverit
2860 2198 3117 2263 Ruﬁnus;
3169 2201 3322 2269 quasi
3375 2217 3483 2257 non
3521 2202 3769 2258 homilias

2182 2298 2237 2343 et
2267 2304 2332 2343 ex
2358 2297 2596 2360 tempore
2621 2291 3049 2360 prouuntiaverit
3070 2290 3355 2362 Origenes,
3381 2303 3439 2348 et
3474 2308 3574 2361 per
3594 2295 3757 2348 otium

2184 2380 2575 2450 lucubraverit,
2611 2392 2671 2435 ut
2704 2382 2847 2437 infra
2890 2383 3411 2441 demonstrabimus.
3474 2386 3603 2441 Haec
3639 2386 3766 2439 Era-

2184 2474 2287 2528 suti
2323 2488 2555 2529 censura
2590 2476 2943 2545 quantumvis
2988 2476 3191 2547 inepta,
3238 2476 3567 2547 ineptiorem
3611 2480 3764 2533 etiam

2184 2568 2342 2622 istam
2374 2583 2403 2621 a
2443 2567 2998 2637 Magdeburgcnsibus
3033 2568 3302 2640 expressit
3334 2568 3494 2625 Cent.
3551 2571 3607 2634 5,
3645 2585 3760 2639 cap.

2183 2658 2271 2723 10,
2312 2679 2331 2711 r
2375 2658 2430 2713 lu
2468 2660 2664 2713 librum
2695 2658 2823 2713 Jestt
2870 2658 3015 2715 Nave
3062 2662 3299 2717 bomilia:
3320 2662 3394 2716 26
3438 2673 3753 2732 supersunt,

2181 2766 2302 2820 quae
2326 2767 2430 2806 non
2463 2766 2583 2807 esse
2603 2752 2856 2821 Origenis
2890 2754 3149 2809 Erasmus
3173 2756 3408 2825 judicat,
3435 2772 3505 2811 ex
3556 2756 3763 2811 soloeci-

2181 2845 2315 2899 smis
2364 2846 2688 2911 dictionum,
2741 2856 2794 2899 et
2841 2846 3170 2922 locutionum
3229 2850 3668 2919 improprietate,
3715 2858 3765 2903 et

2184 2936 2455 2990 sermonis
2490 2936 2743 3005 ineptiis;
2777 2937 2903 2992 item
2938 2953 3001 2992 ex
3038 2939 3264 3008 singulis
3304 2941 3617 3011 allegoriis;
3660 2952 3758 2996 tum

2179 3030 2324 3096 quod
2370 3028 2736 3099 Hieronymus
2793 3030 2845 3083 in
2896 3029 3149 3099 Catalogo
3188 3033 3511 3099 scriptorum
3570 3033 3754 3086 nullam

2180 3118 2344 3188 hujus
2379 3120 2561 3189 operis
2614 3121 2947 3175 mentionem
3003 3122 3187 3177 faciat.
3218 3142 3236 3175 ι
3273 3122 3429 3189 Quod
3464 3124 3534 3178 de
3568 3124 3755 3177 Praefa-

2182 3210 2330 3265 tioue
2385 3210 2523 3264 dixit
2574 3211 2849 3272 Erasmus,
2886 3213 2953 3267 de
3003 3213 3242 3268 homiliis
3276 3215 3487 3269 dictum
3517 3215 3753 3269 arbitrati

2186 3310 2312 3355 sunt
2365 3299 2877 3373 Magdeburgenses.
2915 3301 2973 3358 Id
3011 3305 3168 3375 longe
3224 3306 3381 3361 abest
3430 3307 3501 3360 ab
3559 3306 3751 3361 Erasuti

2184 3395 2449 3448 sententia
2484 3413 2498 3450 :
2542 3412 2666 3450 nam
2704 3396 2806 3451 hoc
2862 3408 3185 3467 argumento
3225 3399 3629 3467 supposititiam
3663 3414 3752 3467 pu-

2185 3494 2264 3539 tat
2296 3485 2697 3550 Prmfationem,
2738 3503 2842 3541 non
2884 3487 3025 3555 quod
3073 3488 3330 3543 homilias
3370 3491 3509 3544 istas
3544 3489 3746 3559 Origeni

2183 3576 2320 3630 falso
2349 3576 2463 3644 ipsa
2513 3575 2773 3639 ascribat,
2803 3576 2897 3630 sed
2941 3576 3082 3644 quod
3119 3592 3184 3632 ex
3232 3586 3483 3648 tempore
3536 3578 3604 3633 ab
3648 3581 3747 3646 ipso

2186 3669 2441 3723 recitatus
2471 3668 2637 3723 fuisse
2676 3668 2885 3739 doceat.
2927 3668 3061 3722 Tum
3092 3670 3242 3724 addit
3278 3688 3292 3723 :
3322 3690 3341 3721 ι
3390 3671 3488 3725 His
3516 3672 3745 3741 adjiciam

2181 3761 2324 3829 quod
2348 3771 2404 3813 ut
2436 3761 2800 3832 Hieronymus
2827 3761 2877 3814 in
2910 3760 3165 3831 Calalogo
3199 3767 3522 3831 scriptorum
3563 3765 3745 3818 nullam

2182 3852 2341 3920 hujus
2371 3852 2554 3922 operis
2585 3852 2715 3907 facit
2765 3853 3116 3919 mentionem,
3153 3854 3227 3908 ita
3264 3854 3502 3911 Rufinus
3533 3858 3585 3912 in
3633 3873 3743 3929 per-

2182 3946 2430 4000 oratione
2453 3961 2616 4015 quam
2670 3945 2832 4015 paulo
2856 3955 2984 3999 ante
3015 3947 3331 4014 citavimus,
3378 3951 3656 4019 proﬁtetur
3693 3966 3744 4004 se

2182 4038 2338 4107 hujus
2366 4038 2508 4103 libri,
2538 4047 2593 4093 et
2623 4038 2901 4107 sequentis
2923 4038 3173 4095 Judicum
3205 4041 3586 4111 interpretem.
3615 4064 3633 4096 ι
3660 4044 3739 4096 Ait

2180 4130 2443 4183 Erasmus
2476 4144 2640 4200 opera
2695 4146 2791 4184 sua
2854 4141 3229 4186 recensentem
3280 4131 3657 4205 Hieronymum
3695 4134 3740 4185 itt

2180 4221 2437 4292 Catalogo
2490 4223 2806 4290 scriptorum
2849 4222 3049 4275 nullam
3098 4224 3565 4294 interpretationis
3601 4224 3741 4294 hujus

2180 4314 2373 4369 fecisse
2424 4312 2788 4375 mentionem;
2845 4311 3102 4366 Ruﬁnum
3134 4329 3267 4367 vero
3303 4314 3359 4368 in
3416 4318 3739 4385 peroratione

2178 4405 2419 4475 subjecta
2446 4403 2869 4460 Commentariis
2901 4388 3153 4473 Orige’nis
3210 4406 3269 4460 in
3335 4407 3627 4476 Epistolum
3679 4406 3739 4457 ad

2180 4497 2448 4553 Romanos
2481 4512 2539 4551 se
2586 4496 2706 4567 ejus
2738 4505 3016 4550 auctorem
3058 4513 3180 4553 esse
3230 4498 3739 4568 professutn.Atque

487 4607 650 4660 quam
709 4590 1048 4662 Hieronymi,
1085 4603 1273 4662 utpote
1302 4592 1590 4662 episcopus
1633 4590 1914 4659 Aquileize,
1948 4606 2070 4659 qua:
2104 4615 2147 4669 ι)
2176 4592 2253 4643 ait
2284 4591 2334 4643 id
2369 4589 2610 4659 quidem,
2654 4598 2711 4642 ttt
2747 4587 3030 4655 Ruﬁnum,
3062 4604 3168 4643 non
3218 4589 3631 4663 Hieronymum,
3668 4592 3739 4643 in-

486 4685 667 4740 Ruﬁni
699 4685 872 4755 patria
903 4684 1022 4740 fuit.
1050 4684 1342 4740 Gratianus
1366 4698 1526 4738 causa
1552 4683 1644 4748 23,
1674 4693 1866 4752 qurest.
1897 4682 1952 4743 1.
1997 4698 2064 4736 ex

484 4773 705 4829 bomilla
751 4773 819 4827 15
860 4774 1109 4842 Origenis
1159 4774 1213 4827 in
1247 4773 1413 4827 Josue
1460 4773 1639 4828 locum
1689 4771 1866 4838 aﬂ’ert,
1899 4787 2061 4841 quem

482 4866 747 4937 Gregorio
790 4865 1036 4920 ascribit.
1092 4863 1297 4936 Nempe
1350 4866 1530 4921 locum
1570 4867 1715 4920 hunc
1754 4866 1859 4919 sibi
1902 4881 2065 4919 usur-

482 4969 710 5030 paverat
759 4957 1078 5029 Gregorius,
1135 4974 1298 5030 quem
1349 4958 1569 5014 aliunde
1618 4965 1900 5028 arreptum
1944 4971 2067 5013 esse

484 5138 694 5209 scripta
732 5149 787 5194 et
817 5137 991 5193 fusius
1022 5147 1353 5207 pertractata
1377 5137 1690 5192 videantur.
1730 5137 1868 5209 Hinc
1892 5138 2058 5209 etiam

488 5207 708 5273 accidit,
739 5219 795 5263 ut
845 5210 1091 5263 neutrius
1126 5210 1308 5279 operis
1340 5218 1551 5278 tempus
1601 5218 1751 5261 certo
1785 5208 1897 5276 jam
1929 5207 2061 5261 assi-

483 5281 633 5349 gnari
667 5290 847 5350 queat.

581 5350 668 5418 76)
686 5346 785 5404 Ἐκ
832 5351 912 5404 Itis
967 5361 1123 5403 nam:
1161 5365 1333 5403 error.
1368 5346 1481 5402 Nec
1510 5348 1565 5401 id
1588 5364 1716 5402 casu
1740 5359 1938 5412 tamen,
1972 5347 2063 5399 sed

555 5352 668 5474 $76)
702 5352 785 5404 Ex
832 5352 912 5404 Itis
967 5361 1123 5403 nam:
1161 5365 1333 5403 error.
1368 5352 1481 5402 Nec
1510 5352 1565 5401 id
1588 5364 1716 5402 casu
1740 5359 1938 5412 tamen,
1972 5352 2063 5399 sed

482 5425 551 5476 do
578 5422 684 5474 osis
740 5418 913 5488 Ruﬁni
963 5422 1187 5482 artibus,
1211 5433 1316 5473 etc.
1363 5418 1490 5473 Levi
1527 5419 1815 5472 admodum
1873 5419 2065 5470 funda-

483 5500 668 5546 tncnto
692 5490 882 5544 nititur
912 5490 1085 5546 Huetii
1111 5493 1446 5556 conjectura.
1477 5488 1618 5556 Quid
1654 5488 1836 5543 enim?
1875 5488 1951 5542 Ex
1996 5501 2061 5540 eo

482 5562 626 5633 quod
681 5558 1043 5633 Hieronymus
1081 5559 1294 5633 Prolog.
1350 5559 1455 5633 lil;._
1502 5576 1537 5615 ll
1593 5558 1968 5633 Commentar.
2005 5558 2060 5608 in

485 5630 763 5699 Habacuc,
812 5630 1287 5686 ad'Cbrotuatiuut
1351 5630 1633 5697 scripSerit
1665 5643 1683 5682 :
1721 5647 1751 5699 «γ
1783 5630 1847 5681 Mi
1893 5630 2062 5699 Chro-

485 5702 645 5763 tttati,
674 5698 809 5771 papa
839 5700 1187 5765 venerabilis,
1214 5720 1231 5751 ι
1264 5700 1490 5771 Rufinus
1518 5701 1694 5753 eidem
1720 5698 2055 5771 Chroutatio,

486 5771 641 5839 cujus
676 5766 783 5825 imit
819 5771 999 5825 minus
1034 5771 1318 5824 familiaris
1340 5769 1508 5824 fuisse
1532 5770 1825 5839 videtur;_
1855 5766 2056 5839 Huetio

487 5835 606 5907 ipso
626 5840 822 5903 iudice,
853 5856 1013 5907 quam
1062 5839 1444 5910 Hieronymus,
1499 5839 1704 5907 absque
1734 5836 1947 5910 vafritie
1973 5835 2056 5887 di-

487 5925 611 5964 cere
642 5926 746 5965 non
783 5912 950 5979 potuit
988 5924 1001 5958 :
1045 5927 1061 5960 ι
1100 5909 1143 5963 Ο
1200 5908 1280 5964 nd
1310 5923 1521 5979 semper
1552 5908 1875 5963 venerabilis
1902 5914 2056 5976 pater

2178 4680 2587 4750 terpretationis
2618 4678 2780 4749 hujus
2830 4692 3111 4735 auctorem
3144 4695 3269 4737 esse
3301 4686 3529 4752 probet;
3564 4698 3660 4736 non
3688 4688 3739 4732 ut

2175 4770 2312 4826 falso
2338 4770 2592 4825 homilias
2620 4771 2764 4840 ipsas
2812 4769 3144 4823 Adamantio
3171 4771 3376 4824 ascribi
3406 4771 3735 4827 demonstret,

2173 4863 2317 4934 quod
2343 4873 2675 4933 putaverunt
2705 4861 3217 4930 Magdcburgenses.
3267 4861 3362 4917 Sic
3394 4863 3601 4917 demum
3624 4874 3737 4913 cou-

2177 4954 2347 5010 cludit
2384 4971 2399 5008 :
2431 4972 2450 5007 r
2487 4954 2611 5009 Haec
2640 4953 2885 5025 pluribus
2915 4952 3192 5009 inculcare
3214 4954 3393 5008 visum
3413 4964 3517 5016 est,
3542 4952 3609 5006 ob
3634 4963 3737 5004 uto-

2164 5134 2486 5188 Chromati?
2524 5153 2542 5185 ι
2578 5133 2653 5187 Ex
2702 5147 2766 5186 eo
2812 5132 2957 5199 quod
3004 5130 3376 5201 Hieronymus
3435 5131 3487 5185 in
3528 5128 3737 5189 Prologo

2165 5204 2389 5259 Galeato
2421 5205 2663 5258 dixerit:
2704 5221 2721 5252 ι
2759 5202 2811 5254 tu
2853 5202 3052 5267 templo
3090 5201 3735 5269 lteioﬁertuuusqnisque

2166 5276 2308 5342 quod
2346 5284 2539 5341 potest,
2568 5294 2586 5326 ι
2626 5285 2758 5338 etc.,
2794 5272 3023 5326 Ruﬁnus
3056 5274 3108 5325 in
3139 5271 3377 5341 Prologn
3402 5287 3521 5325 suo.
3549 5270 3732 5342 absque

2169 5340 2374 5399 dolosis
2408 5346 2615 5399 artibus
2640 5345 2892 5397 eumdem
2923 5344 3224 5411 Scriptura:
3254 5340 3569 5411 contextum
3579 5340 3733 5411 diver-

2170 5416 2246 5468 sis
2281 5415 2459 5488 verbis
2508 5416 2597 5488 ad_
2630 5428 2759 5488 usus
2810 5428 2938 5488 suos
2967 5408 3484 5488 accomtttodarect
3522 5408 3730 5488 dilatare

2172 5500 2277 5539 non
2315 5486 2526 5553 potuit?
2559 5485 2755 5539 Credat
2802 5483 3021 5538 Judaeus
3066 5482 3277 5550 Apella.
3320 5482 3727 5553 Deintle,_si__ex

2170 5554 2254 5609 his
2289 5544 2447 5610 n'atus
2481 5570 2657 5615 error,
2696 5554 2841 5607 unde
2875 5554 3073 5606 factum
3089 5544 3173 5605 est
3204 5563 3264 5604 ttt
3289 5556 3471 5621 plures
3494 5548 3608 5621 aliae
3628 5544 3728 5599 Rue

2169 5627 2259 5678 fini
2304 5626 2812 5691 interpretationes,
2855 5625 2944 5677 ttbi
2969 5631 3148 5676 tamen
3181 5620 3315 5676 nihil
3352 5620 3725 5691 ejusmodi__re-

2166 5697 2400 5762 peritur,
2428 5686 2757 5763 Hieronymo
2784 5693 2970 5748 itidem
3015 5696 3067 5748 itt
3101 5686 3431 5761 quibusdam
3461 5686 3725 5746 codicibus

2164 5764 2365 5819 fuerint
2398 5763 2708 5819 attributae?

2235 5835 2350 5904 (77)
2389 5834 2565 5888 Simili
2618 5834 2829 5899 canitie
2857 5834 3105 5888 adversus
3153 5850 3276 5889 eum
3317 5850 3440 5890 usus
3492 5838 3581 5893 est,
3620 5833 3720 5879 eteo

2164 5906 2301 5963 Vide
2332 5920 2452 5976 qua:
2476 5904 2612 5961 infra
2637 5906 3042 5962 observavimus
3071 5920 3222 5961 num.
3259 5904 3339 5961 15.
