3926 6514
201 482 321 542 1313

983 474 1553 532 ORIGENIANORUM
1592 475 1721 533 LIB.
1763 477 1851 543 Ill,
1888 476 2040 533 CAP.
2084 475 2149 542 ll,
2194 472 2390 532 SECT.
2430 474 2520 532 Ill.

3296 476 3438 532 ωδ

200 614 309 658 rosa
346 594 699 665 quorumdam
750 609 1048 663 crassaque
1098 595 1322 665 judicia,
1372 597 1461 666 qni
1522 597 1745 650 nimium
1779 602 1822 658 Α
1854 613 1997 651 ιηιιιη
2028 596 2365 667 scripsimus,
2392 594 2712 665 simpliciter
2742 592 3108 663 expressimus
3138 602 3196 646 ttt
3221 592 3435 650 inveni-

202 685 766 755 tribuuntquibuslibet
796 686 966 741 titulis
989 701 1053 740 ac
1077 686 1526 755 praefatiunculis.
1563 706 1581 739 ι
1618 686 1747 753 Qui-

202 784 288 836 bus
318 779 496 833 verbis
518 778 653 833 satis
685 778 919 833 ostendit
964 793 1023 833 se
1055 779 1122 832 de
1157 777 1507 848 praefationis,
1546 796 1650 834 non
1685 780 1752 834 de

201 870 523 927 homiliarum
560 879 788 923 auctore
842 868 1167 938 disputasse.
1212 868 1280 924 Et
1317 878 1495 924 tamen
1534 869 1748 939 Magde-

201 961 531 1032 burgensium
573 960 896 1015 sententiam
930 959 1231 1030 amplexum
1287 975 1407 1015 esse
1457 961 1615 1015 video
1644 961 1756 1016 Gu-

201 1057 417 1112 lielmum
485 1052 837 1108 Perkensinm
889 1051 961 1117 ⁸¹,
1030 1052 1307 1121 aliumque
1368 1053 1543 1108 aetatis
1593 1053 1753 1123 hujus

203 1146 591 1209 heterodoxum,
642 1144 819 1198 virum
864 1143 1002 1199 bene
1058 1143 1300 1208 doctum,
1336 1142 1494 1213 cujus
1548 1144 1750 1199 nomini

201 1252 365 1309 parco.

260 1327 329 1382 Ex
362 1330 551 1383 eadem
604 1324 786 1380 Ruﬁni
837 1325 1185 1396 peroratione
1235 1326 1486 1394 proxime
1517 1340 1754 1381 comme-

202 1428 391 1475 morata
428 1417 781 1473 homiliarum
824 1431 1015 1471 novem
1064 1418 1121 1471 in
1159 1415 1377 1471 Iudices
1411 1424 1605 1471 auctor
1635 1433 1756 1473 esse

202 1511 464 1581 Origenes,
514 1509 745 1565 Ruﬁnus
800 1508 1091 1578 interpres,
1147 1518 1203 1562 et
1251 1508 1491 1577 quidem,
1542 1509 1586 1563 si
1627 1509 1755 1577 quid

207 1603 297 1675 ipsi
317 1601 668 1666 credendum,
695 1601 829 1657 satis
857 1610 1143 1657 accuratus
1177 1603 1623 1671 deprehenditur.
1644 1602 1755 1658 Nec

207 1696 407 1750 aliunde
440 1690 746 1763 profectam
770 1695 920 1748 dicas
948 1693 1225 1748 homiliam
1256 1695 1475 1749 unicam
1516 1694 1569 1748 in
1594 1693 1755 1764 Reges

206 1783 377 1841 Latine
398 1784 625 1849 editam,
660 1784 773 1839 sive
799 1798 933 1854 opus
960 1784 1156 1854 ipsum,
1186 1785 1300 1840 sive
1346 1784 1755 1854 interpretatio-

202 1889 307 1930 nem
331 1885 564 1943 spectes.
596 1873 733 1928 lllud
766 1873 820 1928 in
847 1888 907 1929 ea
927 1874 1163 1929 maxime
1189 1873 1547 1929 animadverti
1572 1874 1750 1937 velint,

201 1966 325 2035 quod
349 1966 584 2020 habetur
607 1982 757 2020 num.
794 1965 847 2028 l,
894 1963 1038 2020 circa
1068 1964 1283 2019 initium
1315 1982 1329 2019 :
1361 1982 1381 2017 ι
1403 1963 1598 2042 ,Νοιὶιθ
1626 1980 1753 2033 ergo

200 2059 245 2112 in
289 2058 437 2113 nobis
491 2058 625 2114 illud
657 2059 934 2129 requirere
983 2060 1126 2127 quod
1161 2058 1214 2112 in
1250 2073 1384 2129 papa
1444 2058 1754 2113 Alexandro

201 2148 409 2204 habetis.
442 2148 708 2204 Fatemur
733 2150 878 2204 enim
917 2149 1057 2219 quod
1090 2164 1281 2205 omnes
1318 2164 1416 2203 nos
1450 2160 1671 2220 superat
1699 2150 1752 2203 in

197 2240 353 2310 gratia
404 2239 673 2298 lenitatis.
728 2258 748 2292 ι
806 2240 1172 2297 Alexandrum
1246 2238 1753 2312 Jerosolymitanum

200 2329 459 2401 praesulem
493 2331 791 2401 signiﬁcat,
824 2347 854 2386 a
883 2347 991 2403 quo
1020 2333 1088 2385 ad
1130 2332 1450 2402 presbyterii
1508 2333 1752 2387 ordinem

200 2421 357 2477 fuerat
384 2434 695 2492 promotus.
729 2422 882 2490 Quod
908 2438 1029 2478 cum
1083 2423 1361 2493 ignoraret
1384 2425 1633 2479 Andreas
1663 2423 1758 2478 Ri-

200 2521 358 2580 vetus,
387 2512 598 2569 frustra
644 2530 710 2569 ex
759 2514 826 2568 iis
862 2515 1206 2570 occasionem
1248 2517 1478 2584 sumpsit
1522 2516 1756 2570 homilize

201 2601 342 2673 hujus
369 2604 597 2676 Origeni
645 2605 1035 2673 ahjudicandze,
1068 2623 1086 2657 ι
1137 2606 1207 2660 At
1246 2608 1367 2676 quis
1418 2606 1527 2672 illc,
1564 2606 1754 2675 inquit,

204 2695 492 2750 Alexander
552 2697 735 2767 papa?
779 2696 835 2751 Si
884 2699 1089 2765 primus
1142 2700 1427 2768 episcopus
1486 2699 1757 2752 Romanus

200 2784 301 2852 ejus
325 2788 581 2851 nominis,
618 2789 787 2843 multo
821 2788 1097 2858 antiquior
1131 2799 1213 2843 est
1250 2790 1370 2843 :sin
1395 2806 1527 2845 vero
1546 2790 1757 2859 episco-

201 2892 288 2946 prs
315 2878 739 2947 Alexandrinus,
766 2880 933 2933 multo
977 2881 1290 2946 recentior;
1329 2882 1590 2935 successit
1614 2882 1756 2935 enim

199 2968 402 3025 Achilla:
427 2987 576 3025 anno
612 2970 811 3026 Christi
840 2971 936 3026 3U
962 2989 977 3039 ;
1012 2988 1130 3025 cum
1166 2970 1427 3040 Origenes
1451 2981 1755 3025 extremum

200 3058 325 3114 diem
350 3062 583 3117 obiisset
605 3064 749 3117 circa
778 3079 977 3117 annum
1010 3063 1135 3117 256.
1170 3082 1186 3112 ι
1208 3064 1443 3117 Alteram
1486 3062 1755 3116 homiliam

199 3145 268 3202 De
306 3152 757 3222 engastrimytho,
808 3167 970 3221 quam
1025 3168 1055 3207 e
1123 3151 1377 3206 Vaticana
1435 3152 1755 3206 bibliotheca

206 3249 401 3295 emtam
440 3228 744 3314 publicavit
790 3244 1039 3309 Allatius,
1071 3252 1123 3298 et
1148 3244 1349 3299 codicis
1383 3244 1536 3309 ﬁdes,
1567 3253 1623 3297 et
1647 3254 1761 3314 sty-

199 3327 274 3387 lls
311 3332 447 3403 ipse,
490 3343 549 3389 et
604 3334 877 3390 Eustatbii
927 3334 1292 3408 diagnosﬁcus
1346 3335 1597 3405 Origenis
1643 3350 1762 3390 esse

200 3423 588 3481 demonstrant.

261 3513 341 3571 Vl.
384 3517 747 3586 Agnoscitnus
781 3518 942 3572 etiam
977 3532 1044 3573 ex
1101 3518 1349 3589 proxime
1392 3518 1555 3573 allato
1612 3518 1764 3573 Ruﬁ-

199 3606 359 3662 niana:
413 3610 791 3678 perorationis
849 3612 1160 3665 testimonio
1200 3611 1451 3666 homilias
1491 3626 1681 3666 novem
1710 3612 1766 3664 in

195 3697 412 3763 psalmos
452 3713 652 3760 xxxvt,
693 3714 879 3753 xxxvtt
910 3710 964 3753 et
1009 3715 1239 3765 xxxrm,
1294 3700 1515 3773 Origeui
1575 3700 1767 3756 merito

196 3789 402 3855 ascribi,
425 3790 630 3846 Ruﬁno
652 3806 781 3857 vero
811 3792 1310 3861 interpretationem
1337 3810 1354 3860 ;
1379 3808 1605 3864 eamque
1633 3793 1767 3847 sim-

198 3879 397 3949 pliciter
428 3885 605 3938 fuisse
632 3899 971 3955 expressam.
991 3886 1045 3939 In
1071 3888 1303 3957 gratiam
1332 3887 1629 3956 Aproniani
1663 3886 1765 3941 viri

195 3972 398 4040 nobilis,
422 3987 479 4031 et
514 3992 700 4032 causa:
735 3993 845 4032 sua:
882 3979 1113 4033 faventis
1138 3979 1376 4033 laborem
1412 3980 1553 4033 hunc
1586 3994 1768 4032 susce-

195 4072 331 4131 ptum
362 4082 391 4120 a
425 4082 488 4121 se
527 4066 774 4121 declarat
797 4068 848 4122 in
878 4068 1103 4137 Prologo
1131 4068 1215 4123 his
1248 4068 1487 4123 bomiliis
1522 4069 1765 4139 praeﬁxo.

193 4150 515 4226 Tangendus
552 4159 640 4213 hic
678 4161 857 4215 obiter
885 4160 1167 4223 Erasmus,
1192 4161 1283 4230 qui
1311 4160 1365 4214 in
1392 4161 1637 4215 Censura
1674 4177 1769 4216 sn-

194 4261 283 4314 per
327 4249 413 4304 his
467 4250 736 4316 homiliis,
786 4252 991 4306 critica:
1046 4267 1158 4306 suae
1216 4250 1440 4305 nimium
1485 4252 1768 4319 permittit,

194 4352 486 4411 earumque
518 4351 821 4405 auctorem,
862 4352 917 4397 et
949 4343 1325 4413 interpretem,
1360 4342 1554 4397 dubios
1585 4342 1713 4397 facit
1752 4356 1766 4392 :

199 4445 217 4480 ι
248 4428 352 4486 Nec
386 4434 530 4503 ipse,
584 4433 781 4502 inquit,
822 4435 912 4502 qui
965 4432 1246 4504 praefatur,
1276 4433 1560 4504 proﬁtetur
1584 4450 1644 4488 se
1676 4434 1772 4488 has

193 4520 436 4580 homilias
473 4525 804 4593 simpliciter
837 4528 1087 4593 vertisse,
1127 4538 1186 4581 ut
1242 4527 1586 4581 habebantur
1630 4527 1769 4595 apud

1854 704 1992 744 mus.
2026 706 2045 740 ι
2096 686 2277 743 Facile
2318 701 2450 741 sane
2493 684 2818 754 intelligitur
2853 685 2970 738 haec
2997 692 3218 753 quoque
3243 699 3439 752 opera,

1854 779 2041 834 itidem
2087 788 2146 832 nt
2194 778 2446 848 proxime
2498 784 2949 839 commemorata,
2984 772 3233 844 Origenis
3289 790 3435 840 esse,

1853 870 2006 938 cujus
2034 883 2231 923 nomen
2272 869 2340 921 ad
2367 866 2580 936 singula
2616 880 2889 934 apponere
2929 864 3261 932 superﬂuum
3292 864 3429 918 fuis-

1854 970 1938 1015 set
1959 970 2013 1015 et
2038 959 2351 1014 molestum.
2403 956 2557 1023 Quod
2606 957 2650 1010 si
2683 956 2800 1010 lucc
2848 952 3166 1024 Origeniani
3200 954 3444 1009 nominis

1855 1050 2244 1121 praetermissio
2267 1049 2488 1104 dubium
2512 1058 2792 1100 auctorem
2823 1045 2973 1109 facit,
2992 1060 3089 1100 cur
3116 1046 3183 1099 de
3214 1056 3441 1101 auctore

1856 1141 2198 1197 homiliarum
2222 1143 2275 1193 in
2302 1138 2551 1193 Psalmos
2575 1138 2845 1193 dubitavit
2868 1137 3146 1200 Erasmus,
3162 1137 3229 1190 de
3254 1146 3437 1190 aucto-

1857 1249 1914 1288 re
1943 1231 2288 1287 homiliarum
2319 1230 2373 1285 in
2402 1229 2600 1284 librum
2627 1228 2878 1284 Judicutn
2921 1229 3238 1298 neutiquam
3269 1228 3430 1282 dubi-

1859 1324 2033 1379 tavit?
2074 1338 2175 1393 par
2195 1322 2340 1377 enim
2363 1330 2484 1377 erat
2522 1320 2811 1390 utrobique
2843 1320 3006 1375 ratio.
3040 1320 3240 1375 Eodem
3268 1320 3437 1374 modo

1857 1416 1924 1470 de
1944 1424 2166 1471 auctore
2186 1412 2655 1482 interpretationis
2700 1410 3094 1467 ratiocinamur
3131 1427 3147 1465 :
3177 1425 3425 1480 quaenam

1856 1508 2001 1563 enim
2033 1507 2148 1560 haec
2174 1515 2259 1559 est
2280 1504 2688 1577 ἀποκλήρωσις,
2720 1504 3051 1575 reliquarum
3089 1503 3430 1557 homiliarutn

1856 1598 1911 1653 in
1940 1596 2295 1651 Peroratione
2328 1606 2749 1651 memoratarum
2805 1596 3305 1665 interpretationem
3337 1596 3437 1648 tri-

1856 1688 2024 1744 buere
2052 1687 2283 1754 Ruﬁno;
2313 1687 2457 1743 hanc
2482 1702 2612 1743 vero
2638 1689 2737 1756 illi,
2764 1704 2951 1743 earnm
2979 1688 3160 1742 itidem
3205 1697 3263 1741 ut
3300 1686 3435 1741 alia-

1856 1796 1976 1835 rum
2024 1781 2373 1852 interpretem
2429 1796 2490 1835 se
2552 1781 2827 1851 proﬁtenti
2873 1779 3222 1849 abjudicare?
3255 1778 3437 1847 Magni

1857 1871 2103 1940 profecto
2126 1881 2181 1927 et
2202 1870 2521 1925 excellentis
2552 1871 2755 1941 ingenii
2780 1871 2865 1925 vir
2900 1870 3000 1925 fuit
3021 1869 3298 1933 Erasmus,
3337 1868 3438 1922 sed

1860 1961 2153 2032 praecipitis
2178 1959 2390 2030 judicii.
2432 1960 2581 2016 Hanc
2625 1970 2803 2016 tamen
2835 1959 2951 2028 ejus
3004 1973 3289 2014 censuram
3343 1972 3432 2012 se-

1862 2052 2637 2124 quunturblagdeburgenses,
2678 2054 2925 2121 sequitur
2946 2062 2998 2108 ct
3031 2054 3297 2107 Robertus
3326 2052 3434 2106 Co-

1860 2160 1956 2201 cus
1975 2145 2203 2217 Anglus,
2233 2160 2463 2214 eamque
2500 2146 2600 2200 hoc
2634 2145 2787 2201 fulcit
2837 2156 3188 2217 argumento;
3226 2163 3245 2197 ι
3289 2147 3438 2215 quod

1860 2236 1915 2290 in
1956 2238 2185 2292 diversis
2232 2236 2469 2293 lenibus
2502 2237 2854 2307 explicandis,
2897 2239 3170 2307 quomodo
3222 2236 3434 2303 Latine,

1862 2329 2134 2398 quomodo
2163 2327 2353 2384 Graece
2380 2344 2437 2384 se
2466 2329 2669 2385 habent
2693 2342 2930 2385 enarrat.
2963 2330 3204 2399 Exempli
3260 2332 3437 2400 gratia

1864 2420 1916 2474 in
1951 2420 2214 2490 psalmum
2260 2436 2444 2487 xxth,
2519 2422 2609 2477 hic
2655 2422 2877 2493 (inquit,
2907 2424 3071 2477 verba
3117 2421 3323 2477 faciens
3368 2424 3436 2478 de

1866 2518 2013 2563 textu
2038 2513 2269 2580 quodam
2300 2512 2351 2565 in
2390 2512 2834 2581 Deuteronomio)
2871 2514 2959 2569 ttbi
2989 2512 3178 2568 Latine
3194 2514 3393 2568 dicitur
3416 2533 3436 2569 ι

1862 2605 1928 2658 In
1961 2604 2130 2658 zelum
2184 2604 2521 2659 adduxerunt
2573 2622 2673 2666 me.
2711 2617 2758 2660 et
2792 2623 2884 2677 ego
2938 2608 2992 2661 in
3042 2606 3212 2659 zelum
3263 2608 3436 2659 addu-

1864 2713 1977 2749 cam
2013 2697 2084 2762 η,
2137 2696 2188 2750 in
2219 2696 2409 2752 Graeco
2447 2697 2588 2753 idem
2625 2700 2740 2768 ipse
2790 2714 2971 2754 sermo
3022 2708 3125 2764 est,
3156 2700 3246 2768 qui
3296 2711 3349 2752 et
3381 2698 3437 2752 in

1865 2788 2053 2857 psalmi
2081 2788 2234 2843 initio
2272 2799 2355 2843 est
2387 2791 2561 2845 dictus
2597 2806 2611 2843 :
2647 2790 2915 2846 zﬁ'mulati
2957 2802 3077 2847 sunt
3120 2810 3221 2859 me,
3252 2802 3300 2847 et
3339 2809 3440 2862 ego

1868 2878 2158 2931 azmulabor
2183 2895 2293 2932 eos.
2340 2897 2358 2930 ι
2407 2878 2602 2935 Parum
2662 2882 2941 2937 enimvero
2992 2893 3270 2952 perspecta
3333 2883 3438 2939 fuit

1867 2969 1992 3023 huic
2037 2971 2249 3025 censori
2302 2969 2481 3027 Ruﬁni
2513 2972 2755 3037 licentia,
2788 2974 2872 3028 cui
2913 2974 3153 3031 solemne
3178 2985 3260 3030 est
3287 2976 3437 3043 ejus-

1870 3064 2014 3117 modi
2050 3065 2416 3117 additamenta
2443 3064 2508 3118 ad
2554 3066 2796 3119 auctoris
2824 3076 3136 3121 contextum
3172 3067 3435 3134 adjicere.

1873 3152 1986 3208 Hoc
2015 3154 2267 3224 amplius,
2292 3153 2548 3209 Erasmus
2564 3170 2629 3208 ex
2655 3155 2998 3225 Origenianis
3020 3159 3071 3212 in
3109 3158 3432 3213 Psalterium

1869 3247 2282 3301 Commentariis
2326 3248 2701 3317 depromptum
2771 3250 2915 3304 hunc
2968 3249 3313 3304 homiliarum
3374 3251 3439 3304 li-

1866 3338 2053 3403 brum,
2086 3338 2311 3393 liberius
2370 3354 2714 3407 conversum,
2769 3352 2825 3395 et
2863 3343 2916 3397 in
2967 3343 3219 3399 homilias
3263 3345 3438 3398 disse-

1866 3443 2035 3498 ctum,
2067 3432 2284 3486 immani
2313 3446 2539 3501 prorsus
2559 3434 2780 3487 audacia
2814 3434 3100 3503 conjectat.
3127 3433 3261 3488 Nam
3285 3434 3432 3503 ejus-

1867 3522 2010 3576 modi
2072 3520 2280 3575 feratur
2305 3523 2674 3592 conjectorum
2717 3523 2958 3587 licentia,
2992 3523 3102 3593 jam
3145 3538 3279 3578 vero
3309 3524 3437 3592 quid

1870 3613 1976 3668 erit
2004 3614 2375 3683 certum,quid
2406 3614 2729 3669 constansin
2758 3615 2989 3669 litteris?
3020 3615 3228 3685 antiqui
3256 3630 3437 3670 rerum

1869 3705 2272 3761 confundentur
2300 3705 2457 3773 ﬁnes,
2483 3717 2539 3761 et
2569 3707 2750 3761 omnia
2801 3723 2894 3762 sus
2925 3707 3099 3777 deque
3140 3716 3437 3762 vertentur.

1872 3797 2067 3853 Merito
2099 3798 2283 3868 itaque
2310 3797 2448 3853 hanc
2481 3798 2694 3853 Erasmi
2741 3813 3027 3855 censuram
3063 3799 3308 3853 confutet
3335 3798 3444 3854 Ge-

1868 3888 2167 3943 nebrardus
2204 3889 2254 3942 in
2289 3887 2653 3955 Collectaneis,
2697 3889 2984 3959 multisque
3026 3904 3091 3943 ac
3137 3889 3324 3943 solidis
3355 3906 3444 3943 ra-

1871 3980 2109 4035 tionibus
2138 3980 2237 4033 has
2282 3980 2532 4036 homilias
2563 3981 2770 4036 auctori
2811 3996 2911 4035 suo
2950 3978 3170 4049 Origeui
3220 3982 3440 4035 asserit.

1868 4070 2044 4139 Atque
2085 4084 2149 4123 ex
2193 4084 2258 4123 co
2288 4084 2502 4139 quoque
2547 4068 2811 4124 refellitur
2864 4067 3167 4123 Gulielmus
3210 4065 3442 4121 Perkin-

1867 4159 2022 4217 sus"
2046 4159 2373 4228 Anglus,qui
2402 4158 2651 4213 homilias
2671 4158 2804 4212 duas
2830 4157 2882 4210 in
2915 4157 3179 4226 psalmum
3210 4169 3440 4220 xxxvttt,

1871 4268 1936 4306 ex
1973 4252 2332 4322 gcttttinnrtttn
2368 4248 2617 4319 Origenis
2640 4265 2867 4320 operum
2899 4249 3042 4302 serie
3069 4248 3349 4317 expungit.

1940 4342 2202 4395 Antonius
2231 4338 2522 4395 Verderius
2569 4340 2941 4409 supplemento
2997 4335 3267 4404 Epitomes
3343 4336 3442 4390 Βὶο

1873 4432 2144 4486 bliotheca:
2169 4429 2549 4496 Gesnerianw,
2588 4428 2997 4494 Bibliothecam,
3040 4429 3154 4483 sive
3194 4427 3442 4496 Antiqui-

1876 4532 2016 4576 tates
2049 4517 2682 4589 Constantinopolitanas
2705 4518 3007 4588 snbjunxit,
3040 4517 3095 4571 in
3125 4518 3324 4588 quibus
3357 4518 3445 4572 in-

190 4611 419 4681 Grtecos,
447 4633 555 4672 nec
583 4617 691 4671 illic
713 4618 964 4685 exprimit
991 4634 1185 4671 nomen
1216 4616 1475 4672 auctoris.
1515 4636 1533 4669 ι
1568 4614 1768 4671 Verum
1800 4646 1845 4702 Ι)
1878 4625 1961 4669 ter
1991 4614 2159 4668 libros
2197 4613 2472 4668 illustriss.
2515 4610 2776 4682 principis
2819 4610 3023 4665 domini
3072 4610 3258 4667 Jacobi
3308 4609 3449 4664 Mar-

187 4706 436 4776 quidem;
465 4718 527 4762 at
558 4707 871 4763 meminisse
906 4709 1168 4763 debuerat
1198 4707 1459 4762 Erasmus
1487 4717 1769 4762 auctorum

193 4799 407 4852 nomina
447 4814 683 4870 operum
715 4799 883 4853 initiis
905 4799 1185 4868 prtescribi
1227 4799 1425 4861 solere,
1455 4812 1518 4852 ac
1550 4797 1772 4868 proinde

190 4888 512 4954 pmfantem
543 4888 793 4943 Rufinum
819 4903 1039 4944 necesse
1080 4905 1185 4944 non
1234 4890 1489 4945 habuisse
1534 4892 1771 4959 profiteri

193 4979 283 5035 has
306 4982 567 5037 homilias
592 4997 651 5037 se
678 4998 743 5037 ex
790 4982 1024 5052 Origene
1053 4983 1304 5049 vertisse,
1345 4999 1468 5038 cum
1502 4985 1553 5037 id
1587 4984 1774 5037 titulus

190 5064 469 5125 clamaret.
486 5070 721 5126 Futilius
750 5073 911 5125 etiam
936 5081 1021 5125 est
1043 5082 1421 5140 argumentum
1453 5072 1677 5141 petitum
1705 5088 1771 5126 ex

191 5164 562 5231 peroratione,
600 5165 653 5218 in
684 5179 789 5233 qua
822 5181 1022 5221 nomen
1063 5164 1301 5220 auctoris
1337 5180 1445 5219 non
1474 5168 1765 5233 expressit.

188 5248 395 5318 Agebat
420 5254 494 5309 de
521 5254 778 5322 operibus
799 5255 1048 5327 Origenis
1069 5271 1097 5311 a
1127 5272 1185 5312 se
1209 5257 1608 5327 interpretatis;
1646 5257 1770 5313 Ori-

191 5354 378 5405 genem
418 5345 603 5413 ipsum
652 5347 1061 5413 nominaverat;
1120 5348 1462 5403 homiliarum
1513 5351 1680 5417 ipsius
1714 5352 1769 5403 in

192 5428 453 5499 Genesim,
482 5435 729 5489 Exodum
771 5448 825 5492 et
852 5436 1143 5492 Leviticum
1173 5440 1499 5494 mentionem
1532 5442 1766 5496 fecerat:

190 5523 334 5577 addit
363 5526 611 5582 deinde:
650 5546 669 5579 ι
710 5527 840 5584 Nam
868 5531 960 5585 illa
992 5547 1114 5601 qua:
1144 5533 1196 5587 in
1243 5531 1369 5587 Jesu
1416 5531 1584 5598 Nave,
1614 5542 1669 5586 et
1716 5536 1767 5588 in

188 5611 440 5672 Judicnm
480 5619 708 5687 librum,
758 5634 812 5678 et
860 5625 917 5678 in
963 5626 1295 5681 tricesimum
1330 5636 1567 5690 sextum,
1624 5636 1679 5681 et
1716 5630 1768 5682 iu

188 5705 531 5765 tricesimum
559 5715 873 5782 septimum,
904 5724 961 5771 et
995 5718 1331 5775 tricesimum
1356 5728 1604 5774 octavum
1632 5718 1775 5789 psal-

261 5913 306 5946 ⁸⁸
348 5914 607 5973 Perkins.
646 5915 697 5971 in
718 5913 977 5973 Problem.
1007 5919 1071 5972 de
1112 5919 1353 5974 ementita
1386 5916 1535 5973 Rom.
1572 5916 1696 5988 ﬁdei
1723 5914 2116 5973 letoliriauw.
2192 5916 2236 5948 ³³
2279 5917 2432 5974 Deut.
2458 5930 2630 5987 xxxtt,
2654 5913 2745 5969 21.

1880 4712 2101 4758 moretae
2164 4704 2309 4757 hunc
2347 4708 2615 4767 recenset,
2646 4701 2732 4755 cui
2763 4699 2951 4755 titulus
2978 4708 3062 4757 est
3092 4714 3106 4752 :
3138 4718 3157 4752 ι
3194 4698 3447 4770 Origenis

1871 4794 2163 4862 explicatio
2205 4795 2259 4848 in
2295 4792 2618 4848 Psalterium
2644 4792 2831 4847 David.
2857 4811 2878 4845 ι
2931 4792 3067 4846 Tum
3112 4792 3397 4860 subjicitur
3426 4808 3443 4845 :

1881 4904 1899 4936 ι
1940 4887 2214 4940 Etrursus
2236 4886 2287 4938 in
2305 4885 2720 4954 explicationem
2742 4883 2991 4953 Origenis
3019 4883 3183 4939 habet
3220 4884 3446 4938 solutio-

1877 4992 1998 5031 nem
2039 4975 2414 5044 explicationis
2453 4972 2689 5029 Joanncs
2720 4973 3045 5042 Mabropoda
3074 4973 3445 5043 metropolita-

1876 5085 1979 5123 nus
2010 5066 2371 5123 sanctissima
2392 5065 2801 5135 metropolitica:
2849 5065 3101 5119 Ecclesia:
3150 5065 3445 5121 Euchaita-

1876 5175 1997 5213 rum
2032 5176 2047 5211 :
2084 5167 2246 5225 atque
2273 5158 2390 5225 ipse
2412 5155 2693 5222 Origenes,
2725 5155 2801 5209 ttti
2824 5155 2989 5210 habet
3014 5170 3169 5210 suam
3206 5155 3445 5225 explica-

1879 5254 2108 5315 tionem,
2145 5250 2287 5305 ﬁlius
2317 5258 2403 5303 est
2430 5249 2491 5305 S.
2541 5247 2812 5319 Hippolyti
2856 5248 3155 5318 philosophi
3206 5259 3260 5303 et
3300 5264 3445 5303 mar-

1872 5346 2026 5417 tyris.
2058 5362 2076 5394 ι
2109 5341 2234 5397 llaec
2281 5343 2395 5411 ipsa
2434 5340 2501 5394 ad
2542 5340 2750 5395 calcem
2796 5341 3091 5408 Apparatus
3125 5341 3208 5394 sui
3246 5338 3445 5407 adjecit

1874 5435 2221 5497 l’ossevinus,
2264 5449 2386 5487 cum
2414 5432 2685 5486 variarum
2742 5430 3192 5487 bibliothecarum
3242 5430 3446 5485 catalo-

1876 5543 1973 5599 gos
2008 5533 2336 5596 pertexeret.
2366 5525 2497 5591 Quae
2530 5538 2653 5577 cum
2703 5525 2838 5578 satis
2876 5524 3103 5577 obscura
3159 5524 3290 5586 sint,
3340 5539 3442 5592 ego

1874 5622 1955 5673 sic
1987 5616 2251 5686 intelligo,
2282 5615 2570 5685 Origenem
2607 5616 2659 5668 in
2690 5615 2791 5669 hac
2815 5613 3153 5685 expositione
3193 5612 3443 5668 Psalterii

1881 5712 2150 5766 imitatum
2179 5722 2301 5764 esse
2330 5706 2700 5778 Hippolytum,
2724 5723 2885 5778 quem
2916 5706 3352 5764 Commentarios
3387 5708 3447 5764 ita

2824 5912 2868 5945 ⁵³
2911 5909 3155 5969 Pcrkins.
3190 5909 3336 5980 ibidj.
