3952 6574
194 453 337 509 lii?

1010 449 1581 510 ORIGENIANORUM
1621 451 1750 508 LIB.
1793 452 1881 518 Ill,
1921 451 2074 507 CAP.
2117 449 2183 517 ll,
2224 450 2417 507 SECT.
2458 450 2547 506 ΙΙΙ.

3294 451 3432 507 1218

182 563 244 618 in
276 563 579 629 Canticum,
640 564 705 619 de
755 578 862 633 qua
906 578 995 618 res
1032 574 1136 619 est.
1185 564 1451 632 Quorsum
1499 575 1757 634 praeterea
1787 568 1833 625 Α
1862 564 2029 619 ﬁnum
2052 578 2171 619 esse
2204 563 2524 628 referenda;
2575 560 2891 631 neutiquam
2923 575 3052 634 ergo
3077 562 3330 620 dubitare
3361 565 3433 619 li-

184 655 457 725 Prologus
483 652 898 723 illel‘Prologos
924 653 1083 707 tomis
1107 668 1496 723 nunquamnon
1533 653 1761 723 praeﬁgit
1859 664 1947 708 cet
1970 656 2100 724 quin
2133 654 2513 723 interpretatio
2533 668 2595 708 ea
2627 652 2821 706 Ruﬁno
2845 652 3106 707 debeatur
3134 670 3147 705 :
3174 669 3294 713 nam
3326 670 3429 708 an—

185 751 493 819 Origenes;
522 762 793 815 nunquam
820 747 1076 801 homiliis.
1101 748 1384 802 Postremo
1410 747 1637 802 solemni
1661 748 1763 803 hac

1864 746 2068 815 tiqeam
2097 761 2243 810 esse,
2284 754 2339 801 et
2376 747 2634 815 aequalem
2674 744 3109 815 Hieronymiame
3150 747 3348 810 :etatis,
3381 755 3437 800 et

187 840 437 895 clausula
469 837 716 908 Origenis
757 839 994 893 homilia:
1025 838 1140 894 fere
1164 839 1449 893 terminari
1476 840 1672 905 solent,
1706 849 1765 895 ttt
1860 838 2142 895 Gennadio
2170 839 2533 908 antiquiorem
2568 838 2741 911 styltts
2788 838 2924 892 satis
2969 839 3191 909 arguit;
3223 841 3336 908 qui,
3376 850 3437 896 ut

187 932 285 985 vix
325 946 485 983 unam
517 929 813 983 alteramve
847 930 916 983 ali
940 931 1041 985 hoc
1071 945 1223 984 more
1251 930 1649 998 discrepantem
1678 947 1765 986 re-

190 1019 398 1085 perias,
434 1018 491 1071 ὲν
524 1017 745 1090 Χριστῷ
794 1019 993 1090 Ἰησοῦ,
1045 1012 1089 1086 ᾧ
1122 1021 1270 1073 ἐστιν
1320 1022 1352 1091 ή
1397 1020 1542 1087 δόξα,
1579 1022 1673 1074 καὶ
1703 1019 1765 1073 τὸ

190 1107 399 1178 κράτος
432 1111 510 1173 εἰς
532 1110 731 1173 αἰῶνας
760 1110 868 1163 τῶν
908 1110 1119 1165 αἰώνων
1148 1129 1161 1141 ·
1194 1113 1499 1181 cujustnodi
1548 1111 1680 1167 nihil
1711 1112 1761 1166 in

189 1197 570 1272 ψευδωνύμως
594 1202 701 1256 illis
731 1203 981 1273 Origenis
1002 1203 1241 1258 homiliis
1261 1205 1518 1258 occurrit.
1550 1204 1765 1257 Minime

190 1306 328 1360 ergo
371 1292 606 1349 homiliae
651 1302 799 1359 sunt,
845 1294 941 1349 sed
991 1296 1139 1349 tomi.
1194 1295 1406 1364 Optime
1448 1296 1766 1350 Vincentius

196 1380 598 1436 Bellovacensis
629 1381 842 1451 Speculi
870 1384 1177 1438 doctrinalis
1209 1385 1307 1440 lib.
1338 1400 1494 1450 xvut,
1529 1401 1647 1455 cap.
1673 1386 1762 1450 l3,

194 1472 641 1543 Origenianarum
694 1476 1053 1546 scriptionum
1114 1492 1397 1533 numerum
1450 1487 1763 1543 contexens,

194 1565 445 1620 emisisse
467 1567 579 1619 Ada
591 1568 847 1621 mantiutn
866 1568 943 1621 ait
969 1568 1023 1621 in
1054 1566 1327 1622 Canticum
1348 1568 1595 1624 homilias
1612 1569 1764 1629 duas;

196 1655 251 1709 in
279 1657 600 1726 principium
654 1672 781 1712 vero
830 1657 949 1711 libri
996 1657 1239 1724 ejusdem
1277 1659 1445 1715 libros
1482 1669 1614 1714 tres.
1655 1658 1765 1714 Nec

197 1749 403 1815 patitur
439 1750 618 1819 operis
647 1750 952 1820 granditas,
985 1760 1042 1803 ut
1076 1761 1281 1821 partem
1312 1768 1431 1807 eam
1461 1766 1581 1806 esse
1609 1762 1764 1821 pute-

198 1856 319 1895 mus
349 1843 499 1910 parvi
531 1843 683 1908 Iomi,
733 1859 893 1913 quem
935 1845 1153 1913 juvenis
1181 1844 1232 1899 in
1265 1844 1546 1899 Canticum
1578 1844 1765 1898 elabo-

1865 932 1968 986 alia
1992 932 2174 985 omnia
2200 932 2669 1002 praetermitterem
2711 938 3053 1000 argumenta,
3100 930 3247 983 solus
3290 931 3441 984 Ruﬁ-

1865 1039 1991 1077 nnm
2024 1025 2373 1093 interpretem
2401 1024 2622 1078 indicat.
2652 1021 2886 1076 Maxime
2925 1037 3056 1075 vero
3089 1022 3328 1075 indicant
3352 1037 3442 1077 se-

1866 1116 2018 1170 lectae
2041 1115 2309 1184 quaedam,
2351 1123 2406 1169 et
2459 1129 2652 1182 magna
2694 1129 2759 1168 ex
2807 1123 2962 1180 parte
2991 1112 3237 1167 barbarae
3278 1109 3440 1168 voces

1865 1207 2062 1262 Ruﬁno
2098 1206 2495 1270 usitatissimz,
2524 1205 2828 1274 cujusmodi
2875 1205 2979 1259 illa:
3008 1214 3154 1266 sunt,
3200 1221 3219 1254 ι
3249 1206 3442 1259 attitu-

1867 1298 2002 1362 lare,
2057 1306 2462 1366 competenter,
2520 1298 2804 1368 complecti
2850 1316 2868 1350 ι
2937 1298 2988 1351 in
3032 1298 3432 1367 signiﬁcatione

1866 1392 2101 1461 passiva,
2155 1408 2175 1442 t
2204 1406 2443 1456 cassare,
2502 1400 2776 1455 creatura,
2811 1410 2830 1442 ι
2889 1406 2986 1461 pro
3026 1390 3256 1454 creatio,
3293 1409 3313 1439 ι
3350 1392 3437 1445 in-

1866 1482 2164 1553 corruptio,
2196 1484 2579 1547 numerositas,
2628 1482 3009 1543 observantia},
3058 1482 3439 1545 observanter,

1868 1575 2236 1645 participium,
2288 1594 2309 1626 ι
2372 1591 2472 1643 pro
2519 1591 2585 1629 eo
2621 1576 2763 1645 quod
2819 1584 2922 1640 est,
2984 1575 3155 1644 partis
3199 1575 3443 1643 adeptio,

1873 1685 1893 1719 ι
1935 1667 2283 1738 pretiositas,
2334 1668 2759 1731 rationabiliter,
2817 1667 3078 1729 refutare,
3118 1685 3137 1718 ι
3192 1681 3290 1734 pro
3342 1665 3440 1720 ab-

1867 1776 2057 1826 nuere,
2094 1778 2113 1812 ι
2147 1761 2503 1829 sequestrari,
2537 1760 2937 1831 signiﬁcantius.
2985 1778 3003 1811 ι
3042 1758 3193 1824 Quod
3241 1759 3284 1812 si
3322 1759 3445 1827 quis

1868 1861 2105 1921 Opponat
2143 1851 2686 1923 interpretationibus
2733 1853 2847 1906 suis
2889 1851 3152 1919 Prologos
3183 1851 3442 1906 Ruﬁnum

197 1934 380 1987 ravit:
419 1948 539 1988 eum
580 1935 879 2001 prwsertim
926 1933 1289 2004 fragmentum
1344 1935 1472 1989 illud
1519 1951 1550 1990 e
1600 1950 1765 2004 parvo

1875 1944 2143 2015 prteﬁgere
2175 1921 2373 2011 solere,
2407 1953 2465 1998 ut
2493 1945 2656 1998 tradit
2700 1943 3013 1999 Gennadius
3064 1941 3318 2009 Calalogo
3367 1943 3447 1994 ai-

196 2034 363 2091 tomo,
395 2025 537 2093 quod
567 2022 881 2079 Philucaliw
906 2028 1088 2096 capite
1112 2027 1344 2096 septimo
1375 2027 1686 2090 adducitur,
1709 2027 1762 2080 in

196 2115 282 2169 his
310 2126 547 2185 quatuor
592 2116 831 2172 homiliis
871 2116 953 2171 vel
989 2118 1212 2187 PrOIOgo
1247 2133 1509 2187 nusquam
1549 2127 1763 2172 exstet:

191 2216 251 2260 at
274 2207 403 2261 illud
435 2206 665 2265 alterum
707 2209 851 2277 quod
883 2210 1060 2278 capite
1088 2210 1345 2264 vicesimo
1384 2217 1539 2263 sexto
1576 2207 1766 2262 Philo-

192 2299 347 2354 calia-
374 2314 439 2354 ex
469 2303 708 2354 secundo
746 2316 776 2356 e
817 2301 1001 2356 decem
1054 2302 1215 2356 tomis
1253 2303 1624 2370 depromptum
1660 2309 1766 2366 est,

194 2391 252 2445 in
299 2390 517 2444 homilia
569 2392 805 2446 secunda
851 2406 919 2445 ex
983 2391 1088 2447 illis
1142 2403 1381 2462 quatuor
1440 2393 1765 2461 reperiatur.

194 2479 535 2549 Quapropter
563 2481 860 2536 verisimile
881 2491 968 2536 est
998 2493 1107 2538 tres
1139 2484 1389 2537 homilias
1421 2486 1629 2553 priores
1676 2484 1760 2552 ip-

192 2586 288 2625 sos
307 2586 427 2626 esse
450 2572 656 2641 priores
684 2581 857 2627 tomos
887 2583 1001 2629 tres
1025 2591 1039 2639 ;
1062 2582 1389 2643 postremam
1411 2589 1557 2639 vero,
1587 2574 1766 2643 quarti

196 2670 437 2729 partem;
470 2662 612 2731 quod
636 2673 691 2716 et
719 2678 784 2717 ex
812 2679 1001 2721 eorum
1036 2664 1347 2734 prolixitate
1392 2665 1663 2719 aestimare
1704 2663 1770 2717 li-

195 2763 309 2809 cet.
334 2752 575 2823 Denique
614 2753 666 2807 in
705 2768 769 2809 eo
820 2769 983 2823 opere
1025 2754 1210 2810 laudat
1254 2754 1516 2824 Origenes
1537 2753 1767 2822 Exposi-

194 2845 374 2900 tiones
399 2860 525 2899 suas
566 2845 619 2899 in
654 2844 919 2910 Exortum,
948 2846 1003 2899 in
1038 2845 1350 2910 Leuiticum,
1386 2844 1441 2899 in
1486 2843 1767 2907 Numerus,

194 2944 252 2993 et
276 2936 333 2987 in
369 2933 554 3000 Iosue,
591 2951 728 3004 quas
754 2935 1035 3003 probabile
1061 2950 1167 2989 non
1201 2944 1288 2989 est
1309 2934 1425 3003 jam
1458 2943 1568 2989 tum
1602 2934 1771 2988 fuisse

194 3028 528 3089 elaboratas,
572 3041 694 3081 cum
720 3041 943 3093 parvum
975 3037 1175 3079 tomum
1198 3024 1252 3078 iu
1280 3023 1561 3078 Canticum
1607 3024 1769 3079 moli-

194 3127 371 3181 retur,
445 3127 629 3185 utpote
676 3133 839 3187 quem
874 3118 1049 3170 adhuc
1089 3115 1303 3182 juvenis
1338 3116 1678 3185 composuit;
1720 3125 1772 3171 at

195 3210 468 3261 maturior
491 3218 652 3262 atate
677 3210 742 3261 ad
764 3209 950 3262 decem
1005 3215 1177 3262 tomos
1223 3207 1630 3263 concinnandos
1670 3222 1766 3263 ac-

191 3300 383 3355 cessit.
411 3300 583 3370 Objici
612 3309 794 3369 potest
822 3300 1085 3371 scriptum
1119 3314 1241 3355 esse
1264 3299 1332 3354 ab
1364 3299 1696 3370 Hieronymo
1716 3301 1768 3355 in

193 3392 427 3457 Prulogo
484 3394 944 3463 interpretationis
1004 3393 1347 3447 ltomiliarum
1422 3392 1652 3449 duarum
1716 3393 1773 3447 in

192 3483 499 3552 Canticum,
548 3484 841 3555 Origenem
896 3484 948 3539 in
983 3485 1169 3539 decem
1220 3485 1378 3539 tomis
1416 3484 1772 3554 Septuaginta

192 3577 548 3645 lnterpretes,
580 3578 855 3647 Aquilam,
876 3576 1289 3649 Symmachum,
1319 3576 1771 3644 Theodotionem,

190 3677 254 3721 et
297 3668 539 3737 quintam
600 3669 894 3723 editionem
956 3668 1235 3738 magniﬁce
1286 3678 1581 3737 aperteque
1615 3668 1777 3723 disse-

192 3760 415 3825 ruisse;
446 3763 588 3829 quod
621 3776 742 3815 cum
794 3761 845 3813 in
886 3757 1261 3829 ψευδωνύμως
1305 3774 1440 3827 quas
1476 3768 1772 3814 tractamus

193 3851 439 3909 honiiliis
467 3867 571 3905 non
604 3862 881 3920 appareat,
920 3854 1047 3906 hinc
1087 3851 1347 3919 consequi
1398 3866 1534 3920 opus
1576 3865 1696 3905 esse
1738 3866 1769 3906 a

192 3945 384 4005 decem
419 3946 580 3999 tomis
602 3946 898 4001 diversum.
942 3944 1136 4000 Verum
1164 3946 1443 4000 sciendum
1490 3955 1576 4001 est
1622 3944 1775 4000 Ruﬁ-

194 4053 329 4093 num
381 4038 696 4106 scriptionis
748 4034 908 4107 hujus
951 4051 1073 4091 esse
1139 4037 1512 4105 interpretem,
1553 4045 1610 4091 ut
1650 4053 1774 4093 mox

192 4128 505 4192 ostendam,
546 4128 631 4181 cui
661 4144 785 4183 cum
818 4128 1061 4182 solemne
1108 4127 1181 4181 sit
1214 4136 1527 4195 pervertere
1571 4128 1774 4194 omnia,

190 4233 250 4276 et
282 4222 351 4273 ad
391 4220 604 4273 libitum
632 4234 951 4288 recoqnere,
976 4221 1111 4274 adeo
1142 4228 1203 4271 ut
1244 4228 1419 4273 tomos
1443 4217 1694 4287 Origenis
1718 4222 1772 4275 itt

193 4309 495 4381 Epistolatn
542 4311 607 4367 ad
646 4308 920 4363 Romanos
981 4309 1047 4363 ad
1083 4308 1313 4362 mediam
1361 4319 1570 4376 partem
1617 4324 1778 4367 coar-

193 4401 451 4466 ctaverit,
482 4400 605 4469 quis
635 4401 795 4453 ullam
834 4401 902 4454 ab
930 4414 995 4453 eo
1024 4398 1180 4453 ﬁdem
1206 4398 1528 4467 exspectet?

270 4495 534 4562 Superest
563 4502 619 4546 ut
639 4492 893 4549 Ruﬁnum
924 4493 1272 4562 interpretem
1298 4507 1419 4548 esse
1439 4493 1776 4549 demonstre-

192 4600 348 4641 mus.
386 4583 748 4653 Hieronymus
798 4583 850 4636 in
902 4582 1137 4653 Prologo
1166 4583 1510 4643 homiliarum
1546 4584 1773 4638 duarum

192 4676 453 4745 Origenis
481 4675 534 4727 in
562 4674 859 4738 Canticum,
893 4676 958 4729 de
988 4675 1175 4729 decem
1210 4675 1572 4732 voluminibus
1614 4676 1774 4731 Com-

192 4766 592 4824 mentariorum
624 4782 809 4837 agens,
845 4782 1032 4828 eorum
1081 4767 1578 4837 interpretationem
1623 4772 1699 4825 ait
1743 4786 1771 4824 a

191 4876 259 4917 se
304 4860 472 4914 fuisse
514 4861 968 4929 praetermissam,
1024 4860 1168 4929 quod
1224 4875 1311 4917 res
1352 4870 1498 4916 esset
1542 4860 1775 4931 ingentis

192 4952 324 5014 otii,
345 4951 543 5005 laboris
586 4960 641 5007 et
672 4962 1006 5019 sumptuum.
1038 4953 1095 5004 In
1119 4951 1258 5006 libro
1299 4967 1512 5022 quoque
1540 4951 1616 5008 De
1641 4954 1775 5006 scri-

192 5044 440 5107 ptoribus
466 5042 674 5108 ecclea.,
705 5058 827 5111 cap.
858 5042 986 5106 155,
1020 5045 1159 5098 inter
1187 5044 1357 5102 libros
1387 5044 1635 5115 Origenis
1660 5062 1689 5097 a
1717 5060 1778 5099 se

190 5151 516 5200 conversos,
549 5136 749 5191 nullam
778 5136 937 5204 hujus
966 5136 1302 5191 mentionem
1351 5136 1500 5191 fecit.
1551 5135 1777 5192 Minime

193 5230 369 5297 igitur
405 5228 732 5300 llieronyino
759 5229 1081 5287 ascribenda
1112 5239 1195 5283 est
1229 5229 1342 5284 haec
1374 5228 1772 5298 interpretatio.

191 5322 518 5381 Gennadius
550 5334 729 5379 autem
784 5322 836 5381 in
884 5319 1144 5392 Catalogo
1187 5323 1418 5377 virorum
1458 5321 1774 5385 illustrium,

189 5432 325 5486 cap.
374 5415 460 5478 18,
510 5415 819 5484 signiﬁcare
880 5414 1109 5483 videtur,
1141 5427 1481 5482 quaecunque
1526 5409 1776 5481 Origenis

190 5522 369 5580 Opera
403 5506 786 5578 Hieronymum
814 5507 1164 5576 interpretem
1189 5519 1294 5563 non
1321 5504 1548 5567 habent.
1575 5504 1642 5558 ad
1670 5501 1778 5558 ltu-

1867 2052 2044 2090 rorum
2074 2034 2388 2100 illustrium,
2413 2051 2535 2105 cap.
2570 2035 2657 2096 l8,
2688 2034 2815 2088 huic
2857 2044 3036 2087 autem
3081 2033 3221 2086 libro
3250 2030 3440 2085 Prolo-

1866 2143 1992 2199 gum
2025 2129 2094 2181 ab
2122 2128 2413 2198 interprete
2444 2128 2747 2196 appositum
2786 2142 2889 2180 non
2941 2125 3143 2187 fuisse;
3186 2124 3323 2177 sciat
3355 2122 3449 2176 ille

1868 2220 2064 2274 multos
2101 2235 2131 2274 e
2161 2218 2338 2272 Ruﬁni
2371 2219 2610 2289 prologis
2650 2218 2996 2272 intercidisse
3027 2233 3043 2282 ;
3088 2216 3233 2269 velut
3272 2214 3446 2277 illum,

1867 2322 2026 2376 quem
2052 2309 2211 2363 toties
2236 2309 2600 2374 laudavimus,
2637 2307 2891 2362 Numeris
2922 2306 3227 2373 praeﬁxum,
3264 2314 3318 2356 et
3344 2304 3446 2359 Ur-

1867 2398 2016 2452 sacio
2047 2399 2387 2467 inscriptum,
2424 2414 2581 2468 quem
2615 2398 2801 2452 Latina
2852 2396 2965 2469 (78)
2997 2396 3246 2466 Origenis
3269 2395 3437 2449 editio

1868 2490 2180 2559 neutiquam
2218 2499 2591 2560 repraesentat.

1941 2578 2071 2644 Qua:
2102 2595 2223 2634 cum
2258 2580 2327 2632 ita
2370 2580 2507 2641 sint,
2545 2579 2612 2631 de
2644 2576 2812 2631 nihilo
2841 2590 2961 2631 esse
3000 2583 3169 2645 patet,
3211 2576 3355 2643 qttnd
3388 2574 3442 2628 itt

1869 2670 2103 2724 vetustis
2159 2668 2486 2738 quibusdam
2533 2667 2813 2721 codicibus
2873 2681 3069 2721 nomen
3123 2664 3439 2734 Hieronymi

1870 2759 2237 2815 lucubrationi
2268 2759 2394 2813 huic
2429 2757 2530 2811 fuit
2560 2766 2938 2826 praenotatum,
2968 2766 3025 2809 ut
3049 2754 3302 2809 observat
3325 2753 3448 2808 Six-

1873 2860 1996 2913 tus;
2032 2851 2287 2920 quodque
2318 2866 2381 2903 ex
2431 2850 2530 2903 hoc
2561 2863 2724 2917 Opere
2779 2846 3089 2901 testimonia
3142 2845 3441 2899 attulerunt

1872 2943 2133 3014 Magister
2158 2942 2587 3006 Sententiarum,
2625 2949 2680 2994 et
2709 2939 2768 2994 S.
2795 2938 3053 3003 Thomas,
3085 2941 3187 2993 sub
3218 2941 3443 2996 nomine

1875 3035 2174 3091 Ambrosii.
2208 3033 2566 3103 Castigandus
2617 3044 2833 3101 quoque
2886 3028 3144 3083 Erasmus
3173 3029 3239 3094 ⁵⁸,
3279 3032 3369 3100 (ιυί
3395 3041 3451 3085 et

1876 3127 1990 3196 ipse
2013 3124 2201 3187 sentit,
2245 3132 2298 3176 et
2350 3123 2489 3175 idem
2540 3132 2598 3173 ut
2643 3119 2911 3174 sentirent
2953 3117 3447 3188 Magdebnrgenses

1877 3216 2123 3289 perfecit,
2152 3215 2255 3269 hoc
2281 3228 2418 3283 opus
2445 3225 2568 3267 esse
2604 3208 2855 3262 Hominis
2900 3206 3097 3273 Latini,
3121 3208 3337 3277 pulchre
3363 3211 3453 3264 do-

1876 3310 1966 3373 cti,
2010 3323 2073 3360 ac
2124 3307 2247 3360 bene
2278 3304 2461 3357 diserti
2492 3318 2512 3357 :
2555 3310 2837 3372 prapterea
2889 3301 3032 3369 quod
3085 3299 3140 3353 in
3192 3299 3447 3372 Prologo,

1878 3415 1934 3469 p.
1986 3397 2079 3461 27,
2133 3395 2351 3450 Grzccos
2391 3393 2595 3455 laudat,
2640 3389 2788 3444 velut
2836 3388 3058 3454 alienos,
3103 3388 3186 3442 his
3229 3392 3449 3445 verbis:

1881 3506 1901 3540 ι
1936 3486 2069 3541 Cum
2104 3486 2244 3554 apud
2274 3482 2517 3545 Graecos,
2562 3480 2654 3550 qui
2701 3478 2901 3533 eruditi
2954 3492 3017 3533 ac
3062 3481 3335 3548 sapientes
3365 3480 3448 3534 vi-

1876 3579 2094 3633 dentur.
2141 3594 2162 3627 t
2208 3574 2264 3629 ld
2306 3576 2480 3644 ipsum
2533 3573 2741 3642 liquere
2768 3572 2847 3625 ait
2883 3586 2950 3624 ex
2994 3572 3449 3641 interpretatione

1880 3686 1900 3721 ι
1934 3670 2183 3733 amoris,
2235 3665 2556 3727 cliaritatis,
2614 3662 2920 3717 dilectionis
2982 3672 3035 3717 et
3078 3664 3370 3732 cupidinis.
3427 3682 3450 3717 ι

1878 3760 2101 3813 Demum
2158 3758 2470 3825 suspicatur
2520 3756 2638 3825 ejus
2676 3770 2818 3818 esse,
2862 3753 3019 3822 cujus
3061 3763 3286 3809 exstant
3323 3753 3447 3808 linri

1874 3850 1953 3905 De
2005 3850 2274 3904 vocatione
2317 3848 2572 3919 gentium,
2607 3856 2663 3901 et
2708 3846 3101 3900 Commentarii
3153 3847 3205 3900 in
3241 3847 3451 3915 aliquot

1875 3944 2133 4015 psalmos.
2175 3941 2304 4007 Qua:
2337 3955 2498 4010 quam
2527 3937 2717 3993 frivola
2751 3938 2883 4003 sint,
2913 3948 3221 4008 promptum
3253 3948 3338 3993 est
3363 3954 3455 3993 os-

1877 4039 2114 4090 tendere.
2176 4032 2437 4087 Ethnicos
2496 4045 2686 4084 omnes
2730 4044 2760 4083 a
2815 4030 2958 4083 Luca
3004 4030 3057 4083 in
3104 4028 3277 4093 Actis,
3320 4038 3376 4083 et
3421 4044 3452 4082 a

1875 4126 2042 4181 Paulo
2085 4123 2352 4195 Ἕλληνας
2408 4122 2670 4191 appellari
2723 4130 2907 4175 notum
2954 4130 3078 4175 est:
3117 4120 3246 4174 hinc
3280 4120 3452 4175 Judaei

1875 4227 2224 4287 opponuntur
2252 4219 2366 4281 τοῖς
2395 4216 2658 4286 Ἕλλησι.
2696 4214 2748 4267 id
2792 4221 2877 4267 cst
2906 4211 3142 4266 ethnicis
3184 4226 3280 4266 seu
3319 4228 3455 4281 gett-

1880 4310 2087 4364 tilibus.
2110 4308 2297 4376 Itaque
2326 4324 2355 4361 a
2383 4306 2636 4361 Patribus
2661 4303 2949 4375 Ἕλληνες,
2986 4312 3242 4372 tanquam
3288 4302 3454 4357 alieni

1877 4402 2193 4468 laudantur,
2246 4409 2303 4454 et
2350 4400 2418 4454 ab
2459 4399 2575 4470 Ipso
2618 4398 2783 4452 etiam
2830 4393 3063 4466 Origene
3114 4405 3247 4449 tom.
3289 4411 3357 4449 xv
3399 4394 3457 4448 in

1878 4492 2095 4554 Μαίη..
2127 4508 2275 4547 num.
2307 4491 2505 4556 15,Ibi
2540 4490 2655 4544 ait:
2693 4488 2821 4542 Ἐὰν
2843 4488 2901 4541 δέ
2926 4505 3011 4550 τις
3035 4489 3104 4558 τῇ
3138 4484 3457 4560 ἀνθρωπίνῃ

1805 4617 1851 4674 D
1878 4584 2079 4674 ὲνορῷν
2116 4583 2370 4674 deﬂevit;
2399 4583 2713 4674 κᾳταφρονῇ
2739 4583 2836 4674 μὲν
2857 4582 2963 4674 Ατῆς
2990 4579 3209 4674 λέξεως,
3236 4558 3454 4674 reparata:

1877 4692 1968 4728 ται
2000 4673 2055 4727 δὲ
2081 4673 2167 4726 ἐπ’
2201 4672 2553 4743 ἀλληγορίας,
2581 4670 3032 4740 δυσωπηθήσεται
3060 4669 3122 4721 ἐκ
3153 4685 3314 4722 τινων
3358 4667 3456 4721 καὶ

1890 4764 2216 4837 Ἑλληνικῶν
2258 4766 2525 4836 Ιστοριων,
2568 4765 2625 4816 ὲν
2662 4759 2744 4827 οἷς
2778 4762 2867 4815 διὰ
2904 4761 3002 4832 τὴν
3043 4760 3174 4831 παρ’
3227 4759 3456 4827 Ἕλλησι

1881 4858 2073 4928 σοφίαν
2109 4857 2606 4929 ἱστοροῦνταίτινες
2635 4854 2696 4907 τὸ
2722 4853 2956 4907 ἐνταῦθα
2977 4853 3057 4923 τῷ
3083 4851 3321 4922 πλουσίῳ
3350 4849 3456 4902 ὑπὸ

1878 4952 1972 5007 τοῦ
2008 4952 2260 5023 Σωτῆρος
2292 4950 2579 5021 εἰρημένον
2621 4947 3001 5018 πεποιηκέναι.
3056 4946 3322 5005 Czeterutu
3366 4942 3455 5007 ,vel

1882 5057 1947 5097 ex
1999 5042 2099 5095 hoc
2145 5042 2283 5106 loco,
2322 5041 2462 5099 unde
2504 5038 2914 5107 supposititium
2960 5049 3081 5093 esse
3131 5034 3265 5088 illud
3313 5049 3452 5103 opus

1881 5131 2100 5200 eonjicit
2128 5130 2410 5194 Erasmus,
2439 5129 2530 5184 ubi
2572 5144 2679 5182 non
2714 5126 2962 5188 obscuris
2987 5125 3166 5180 verbis
3211 5122 3458 5180 Platonis

1883 5223 2140 5279 laudatur
2173 5220 2544 5292 Symposium,
2568 5219 2623 5274 in
2655 5232 2762 5287 quo
2789 5218 2855 5272 de
2880 5217 3083 5272 amoris
3114 5228 3311 5269 natura
3342 5216 3459 5270 dis-

1882 5314 2107 5378 seritur.
2141 5313 2458 5383 conjectura
2497 5326 2603 5366 non
2631 5308 2765 5366 levis
2787 5309 2907 5378 capi
2939 5316 3138 5377 potest,
3158 5317 3452 5363 auctorem

1881 5406 2064 5475 oneris
2099 5404 2261 5474 hujus
2308 5418 2431 5460 esse
2482 5400 2801 5471 Origenetu,
2828 5400 2915 5456 cui
2946 5398 3183 5469 Platonis
3216 5399 3456 5467 disputa-

1885 5498 2063 5557 tiones
2092 5511 2221 5561 suos
2247 5495 2307 5552 in
2339 5489 3061 5552 ususconverteteselemue
3084 5499 3191 5547 est.
3215 5486 3369 5555 Quod
3385 5484 3472 5560 ad.

276 5691 328 5724 ⁸⁸
354 5691 561 5745 Erasm.
590 5690 644 5744 in
684 5688 900 5744 Censur.
931 5689 1020 5742 lib.
1056 5686 1202 5757 Orig.
1238 5686 1708 5759 Magdeburgens.,
1741 5700 1784 5742 ci

1875 5703 1955 5741 ur.
1978 5686 2033 5751 3,
2065 5699 2186 5751 cap.
2212 5682 2299 5738 l0.

267 5810 813 5891 (78)_Qucmn_[:utina
859 5810 1103 5891 Origenia
1146 5809 1307 5866 editio
1353 5813 1655 5881 neutiquam
1714 5818 2071 5881 reprtcacntat.
2126 5806 2279 5864 lluuc
2334 5812 2785 5877 rcprmentamus
2836 5802 2888 5859 in
2938 5800 3190 5861 editionis
3249 5807 3465 5891 nostra

392 5882 451 5948 ll,
486 5898 538 5951 μ.
569 5878 695 5934 275.
