3952 6532
248 455 386 511 1221

1061 459 1635 517 ORIGENIANORUM
1673 461 1801 517 LIB.
1848 462 1934 529 ΙΙΙ,
1975 463 2129 520 CAP.
2166 463 2231 529 ll,
2276 464 2472 521 SECT.
2504 465 2593 521 Ill.

3356 468 3497 525 1222

249 566 511 622 nifestutn
561 576 645 622 est
698 567 884 623 titulos
942 568 1029 624 his
1072 570 1310 625 homiliis
1359 571 1608 639 praefixos
1633 571 1818 627 Hiero-
1845 584 1891 635 Α
1919 591 1970 644 p.
2011 574 2145 642 166;
2197 574 2339 628 aliud
2382 591 2447 631 ex
2495 578 2684 631 eodem
2730 577 2797 631 ad
2834 593 2956 649 cap.
3004 578 3099 645 23,
3144 590 3307 651 atque
3353 584 3500 640 aliud

240 673 400 732 nymt
459 674 564 713 non
622 674 762 715 esse.
805 662 886 714 Ad
937 661 1053 715 ha‘c
1096 661 1457 731 fragmentum
1499 676 1564 715 ex
1601 663 1822 718 homilia

243 751 529 805 tricesima
581 766 746 820 nona,
804 752 984 822 capite
1038 752 1249 807 decimo
1298 751 1611 807 Philocaliw
1669 753 1823 808 exhi-

239 845 427 899 betur.

318 935 387 991 X.
428 935 581 989 Tomi
624 935 873 1006 Origenis
915 937 969 990 in
998 935 1325 992 Eurhielem
1362 937 1605 993 vicesimi
1650 936 1822 1009 parti-

238 1026 367 1081 cula
406 1027 634 1096 quadam
662 1037 871 1083 constat
914 1028 1255 1085 undecimum
1289 1028 1597 1085 Philocaliw
1643 1038 1820 1099 caput.

236 1115 608 1187 Hieronymus
651 1132 781 1172 vero
826 1121 1237 1188 quatuordecim
1285 1119 1526 1187 ejusdem
1575 1120 1824 1176 homilias

238 1208 300 1263 in
331 1208 473 1262 hunc
500 1207 670 1276 ipsum
701 1209 1018 1278 prophetam
1050 1208 1305 1265 Romanis
1326 1210 1506 1264 verbis
1532 1210 1819 1279 expressit.

242 1296 430 1353 Testis
459 1296 723 1369 Prologus
770 1300 822 1353 in
853 1314 1041 1355 earum
1084 1300 1428 1355 bomiliarum
1455 1302 1633 1356 fronte
1659 1300 1822 1355 collo-

238 1402 439 1444 catus.
474 1390 629 1444 testis
653 1401 707 1444 et
742 1391 881 1446 liher
910 1390 987 1444 De
1030 1394 1275 1460 scriptor.
1298 1396 1507 1457 εει-ιρι..
1548 1408 1667 1462 cap.
1696 1391 1819 1458 HG,

239 1484 401 1536 testis
443 1498 658 1551 quoque
686 1482 932 1549 Rufinus,
979 1485 1175 1539 invect.
1201 1483 1256 1550 2,
1284 1485 1375 1553 qui
1404 1495 1457 1538 et
1487 1484 1553 1538 ad
1586 1484 1820 1539 Vincen-

237 1574 375 1628 tium
406 1574 692 1643 Prologum
721 1576 979 1644 scriptum
1012 1575 1180 1630 fuisse
1209 1576 1385 1630 docet.
1423 1574 1658 1629 Miratur
1692 1575 1821 1630 Era-

234 1679 394 1717 smus
426 1664 477 1717 in
517 1663 739 1718 Censur.
780 1663 873 1717 lib.
901 1660 1143 1732 0rigen..
1173 1664 1300 1734 quid
1345 1665 1528 1719 sitcur
1556 1664 1821 1736 Hierony-

236 1770 382 1819 mus,
410 1754 545 1809 alias
572 1754 762 1808 creber
803 1754 1243 1823 przefationihus,
1289 1754 1421 1808 nihil
1466 1759 1532 1807 ad
1572 1754 1821 1808 homilias

234 1848 294 1900 in
331 1845 530 1899 Isaiam
594 1854 647 1900 et
676 1845 961 1899 Jeremiam
1004 1861 1033 1899 a
1078 1862 1137 1900 se
1179 1845 1372 1900 Latine
1403 1847 1643 1900 redditas
1685 1860 1821 1914 prte-

236 1938 384 1991 fatus
427 1939 530 2003 sit;
580 1936 633 1991 in
670 1936 901 2003 Prologo
940 1946 1124 1990 autem
1165 1937 1231 1989 ad
1272 1935 1527 1990 homilias
1581 1937 1635 1989 in
1682 1933 1822 1988 Eze-

1933 1947 2267 2003 Holmiensis

231 2029 457 2083 chielem
482 2042 698 2082 erasum
732 2028 980 2097 queritur
1021 2026 1335 2098 Hieronymi
1372 2042 1590 2087 nomen,
1623 2038 1676 2081 et
1704 2025 1821 2094 ejus

231 2140 453 2194 quoque
499 2139 659 2193 quem
715 2122 1078 2193 Hieronymus
1124 2123 1435 2193 alloquitur.
1502 2121 1823 2193 Suspicatur

230 2229 369 2270 vero
419 2214 678 2285 Prologos
713 2213 882 2269 fuisse
912 2214 1156 2270 sublatos
1196 2215 1265 2269 ab
1295 2215 1377 2269 his
1416 2216 1484 2269 ad
1518 2231 1654 2285 quos
1688 2218 1823 2271 scri-

229 2316 439 2377 pserat,
481 2314 762 2374 postquam
800 2304 1051 2374 Origenis
1103 2319 1297 2359 nomen
1345 2305 1551 2359 factum
1591 2315 1676 2361 est
1715 2305 1822 2361 Ro-

229 2398 415 2451 manis
439 2396 786 2459 invidiosum,
811 2404 867 2449 et
902 2396 1199 2451 verisimile
1220 2411 1340 2451 esse
1369 2397 1421 2449 in
1460 2396 1543 2451 bis
1572 2396 1820 2466 Prologis

230 2488 622 2560 Hieronymum
675 2488 961 2557 magnifice
1007 2490 1330 2558 przedicasse
1364 2489 1613 2559 Origenis
1664 2489 1818 2558 inge-

227 2583 408 2637 nium.
441 2582 552 2652 Ego
584 2597 713 2636 vero
760 2582 990 2651 singulis
1022 2581 1177 2637 libris
1209 2583 1460 2652 Origenis
1497 2597 1526 2634 a
1559 2596 1617 2635 se
1646 2596 1818 2651 expo-

228 2674 358 2728 sitis
380 2675 633 2743 prologos
670 2673 1023 2743 praetexaisse
1048 2672 1433 2744 Hieronymum
1464 2671 1661 2737 fateor,
1695 2688 1817 2726 nam

228 2766 289 2820 id
319 2766 510 2820 asserit
537 2765 855 2820 Gennadius
878 2765 930 2818 in
954 2763 1208 2834 Calalogo
1234 2766 1465 2819 virorum
1490 2764 1776 2817 illustrium
1800 2777 1818 2816 :

227 2867 293 2913 at
336 2874 473 2927 quos
508 2859 815 2928 przetexuit,
863 2873 970 2912 non
1011 2858 1077 2913 de
1109 2857 1409 2923 industria,
1449 2857 1544 2910 sed
1587 2871 1717 2912 casu
1766 2865 1821 2910 et

228 2948 588 3005 librariorum
621 2948 911 3003 oscitantis
941 2963 1144 3002 censeo
1185 2946 1350 3001 fuisse
1376 2947 1655 3011 sublatos;
1687 2945 1822 2999 alio-

228 3043 372 3113 quin
406 3042 650 3096 sublatus
680 3056 894 3112 quoque
920 3041 1112 3094 fuisset
1148 3038 1410 3109 Prologus
1433 3040 1499 3093 ad
1531 3040 1819 3093 Damasum

227 3135 480 3190 lmtniliis
508 3133 757 3206 Origenis
780 3137 832 3189 in
858 3134 1129 3189 Canticum
1162 3134 1446 3204 praelixus;
1475 3142 1529 3186 et
1554 3133 1657 3188 iste
1682 3131 1822 3185 alter

1932 668 2058 722 item
2112 669 2317 738 p.167,
2360 686 2428 723 ex
2475 670 2667 725 iisdem
2716 671 3156 742 Expositionihus
3198 676 3254 730 in
3309 675 3500 732 Matth.

1930 760 2082 828 cnjus
2108 760 2281 815 locmn
2317 778 2423 817 non
2462 762 2683 817 indicat.
2710 761 3002 834 lndiligens
3037 766 3280 836 profecto
3311 767 3506 824 Bulen-

1928 866 2109 922 gerus,
2153 853 2241 922 qui
2280 854 2420 908 unde
2463 855 2578 908 haec
2630 856 2881 910 habuerit
2926 857 3051 924 sibi,
3090 858 3346 913 lectorem
3396 875 3503 914 non

1930 944 2160 997 monuit.
2206 944 2287 998 An
2336 961 2402 999 ex
2449 946 2639 1000 codice
2690 945 2876 1016 aliquo
2911 964 3070 1001 manu
3115 952 3362 1020 scripto?
3406 954 3499 1007 vix

1930 1036 2092 1090 credo
2120 1054 2133 1089 :
2169 1052 2291 1089 nam
2321 1037 2632 1106 quicunque
2673 1038 2833 1093 hodie
2861 1050 3172 1107 supersunt,
3198 1043 3506 1112 quicunque

1931 1136 2079 1181 certe
2109 1126 2237 1181 mihi
2271 1141 2375 1180 non
2417 1137 2565 1189 sunt.
2591 1128 2675 1181 vcl
2710 1144 2739 1182 a
2774 1129 2986 1184 decimo
3019 1132 3179 1186 tertio
3208 1135 3389 1201 capite
3417 1134 3505 1190 vel

1929 1232 1958 1270 a
1986 1218 2335 1287 sequentibus
2361 1217 2569 1273 ducunt
2591 1219 2801 1273 initium
2828 1237 2843 1273 :
2875 1220 2926 1274 in
2958 1222 3215 1277 vicesimo
3239 1226 3503 1290 secundo,

1929 1309 2010 1363 vel
2045 1310 2181 1364 citra
2222 1309 2496 1363 desinunt.
2524 1308 2775 1364 Fortasse
2811 1309 2975 1379 igitur
3006 1326 3071 1365 ex
3103 1322 3295 1366 catena
3324 1314 3503 1383 aliqua

1930 1403 2246 1470 prodierunt
2297 1402 2503 1457 isthzec.
2551 1402 2869 1472 Quanquam
2917 1405 3048 1459 nihil
3104 1406 3305 1460 habent
3354 1407 3505 1475 ejus-

1929 1495 2096 1561 modi,
2134 1504 2400 1566 quotquot
2438 1495 2776 1550 excussimus
2809 1507 3027 1553 catenas
3057 1513 3159 1568 ego
3188 1508 3241 1552 et
3275 1500 3508 1554 Combe-

1928 1587 2103 1641 lisius.
2151 1586 2207 1641 In
2245 1587 2472 1641 vetustis
2506 1589 2786 1643 codicibus
2823 1604 2987 1643 manu
3030 1594 3271 1645 exaratis
3323 1601 3504 1647 tomus

1928 1678 2245 1732 undecimus
2268 1693 2390 1731 cum
2421 1694 2517 1733 sex
2550 1680 2793 1750 proxime
2824 1683 3177 1751 sequentibus
3210 1683 3501 1753 reperitur.

1926 1767 2107 1822 Codex
2159 1766 2650 1839 Ladenhurgensis,
2698 1787 2807 1841 quo
2845 1788 2974 1828 usus
3014 1782 3099 1827 est
3151 1772 3432 1837 Erasmus,
3475 1789 3505 1827 a

1928 1856 2117 1911 Matth.
2157 1872 2290 1918 xm.
2340 1858 2431 1923 56,
2482 1860 2890 1931 auspicabatur,
2941 1866 3394 1931 quemadmodum
3450 1872 3509 1917 et

2312 1966 2325 2003 :
2375 1950 2572 2019 Regius
2614 1954 2797 2023 priore
2846 1953 3118 2008 undecimi
3163 1956 3291 2008 torni
3353 1964 3510 2025 parte

1924 2040 2181 2095 multatus
2211 2051 2314 2096 est.
2350 2042 2405 2096 In
2448 2043 2710 2113 Catalogo
2762 2047 3023 2100 librorum
3070 2046 3223 2101 ducis
3262 2044 3508 2100 Bavarias

1922 2143 2137 2187 notatur
2190 2143 2367 2188 tomus
2413 2136 2729 2191 undecimus
2783 2136 2943 2192 initio
2988 2152 3208 2207 quoque
3259 2137 3505 2202 mutilus,

1922 2238 2043 2278 cum
2100 2227 2344 2294 proxime
2400 2228 2768 2296 sequentibus
2824 2230 3081 2298 quinque.
3145 2228 3403 2282 Erasmus
3452 2228 3507 2282 in

1921 2317 2148 2383 epistola
2204 2318 2270 2371 ad
2322 2317 2675 2374 Franciscum
2738 2319 3037 2389 Cigalinum
3098 2319 3330 2373 allirmat
3373 2319 3509 2375 nihil

1921 2406 2174 2478 Origenis
2205 2409 2390 2463 haberi
2422 2409 2477 2464 in
2512 2411 2785 2465 decimum
2822 2410 3059 2466 Mattlnei
3093 2422 3275 2480 caput.
3306 2412 3375 2465 At
3403 2411 3511 2466 Va-

1923 2505 2136 2559 ticanus
2161 2505 2330 2559 codex
2368 2504 2542 2559 fertur
2570 2514 2824 2560 constare
2872 2506 3034 2559 tomis
3073 2506 3304 2568 decimo,
3340 2507 3511 2561 unde-

1921 2601 2064 2653 cimo
2099 2638 2114 2663 ,
2170 2597 2488 2652 duodecimo
2544 2607 2601 2650 et
2644 2595 2859 2650 decimo
2915 2596 3101 2650 tertio.
3153 2595 3510 2663 Scripserunt

1921 2704 2135 2758 quoque
2179 2688 2357 2744 Josias
2412 2688 2701 2755 Simlerus,
2750 2700 2807 2742 et
2850 2687 3135 2742 Conradus
3188 2688 3399 2743 Frisius
3453 2688 3510 2744 in

1921 2779 2165 2850 Epitome
2202 2779 2546 2834 Bibliotheca
2580 2779 2959 2842 Gesneriame,
3012 2778 3200 2832 haberi
3240 2779 3293 2832 in
3336 2778 3507 2835 ltalim

1922 2873 2248 2928 bibliotheca
2298 2874 2533 2942 quadam
2576 2873 2848 2931 decimum
2900 2879 3103 2923 tomum
3159 2871 3510 2923 Commenta-

1922 2967 2125 3019 riormn
2152 2962 2401 3033 Origenis
2424 2964 2479 3017 in
2508 2962 2853 3032 Evangelium
2884 2960 3157 3023 Matthwi;
3191 2961 3317 3014 item
3342 2960 3513 3018 fuisse

1923 3059 2063 3128 apud
2097 3058 2322 3125 Diegum
2370 3056 2676 3110 Hurtadnm
2716 3053 2960 3109 Venetiis
3001 3054 3320 3108 eorumdem
3356 3052 3513 3109 Com-

1924 3150 2314 3205 mentariorum
2357 3156 2558 3201 tomum
2616 3162 2631 3200 ι
2690 3146 2842 3215 (lego
2871 3143 2947 3214 ιι),
2994 3158 3084 3209 xi,
3118 3158 3214 3197 χιι.
3266 3144 3417 3211 Quod
3463 3144 3508 3198 si

227 3229 305 3338 ad
336 3226 586 3338 homili‘as
615 3227 668 3279 in
699 3224 1047 3338 Ezefhielem:
1082 3225 1138 3278 ιιι
1170 3223 1411 3338 egiti'one
1442 3222 1652 3338 Merlini
1681 3221 1819 3326 Pro.”
1849 3281 1890 3338 ϐ
1927 3257 2023 3312 par
2057 3250 2143 3297 est
2172 3240 2505 3310 reliquorum
2540 3240 2680 3293 inter
2706 3253 2766 3293 se
2797 3252 3121 3301 consensus,
3154 3237 3331 3307 qualis
3366 3236 3503 3308 regii

227 3320 358 3389 logo
398 3318 650 3388 prteiixus
678 3327 760 3372 est
803 3318 891 3371 hic
926 3316 1153 3370 titulus:
1187 3313 1449 3385 Prologus
1478 3316 1820 3369 translatoris

223 3410 471 3479 ejusdem
496 3424 515 3462 :
545 3407 661 3477 ejus
689 3422 880 3477 nempe
902 3406 993 3476 qui
1030 3405 1414 3460 antecedentes
1444 3401 1698 3475 Origenis
1728 3405 1823 3459 ho-

226 3498 416 3552 tnilias
461 3499 512 3550 iu
560 3495 845 3551 Jeremiam
880 3505 1136 3563 verterat,
1182 3509 1342 3564 quem
1370 3502 1589 3550 constat
1631 3493 1823 3549 lliero-

228 3605 457 3661 nymum
488 3587 677 3644 fuisse.

307 3680 401 3736 XI.
442 3680 794 3737 Ostendimus
825 3679 1075 3747 superius
1107 3694 1172 3734 ex
1206 3678 1484 3734 Prooemio
1518 3678 1819 3733 Commen-

228 3775 500 3830 tariorum
548 3772 856 3844 Hieronymi
891 3773 946 3825 in
989 3770 1214 3835 Oscam,
1257 3787 1483 3840 parvum
1534 3770 1824 3841 scripsisse

226 3868 476 3923 libellum
514 3862 801 3936 Origenem
850 3862 941 3935 lspl
965 3862 1108 3916 Πτοῦ
1149 3862 1266 3926 πῶς
1304 3862 1601 3934 ὠνομάσθη
1649 3865 1706 3916 ὲν
1743 3862 1821 3933 τῷ

243 3959 414 4030 Ὠσηὲ
457 3957 720 4028 Ἐφραϊμ,
749 3965 803 4009 et
838 3955 984 4008 aliud
1022 3963 1282 4023 praeterea
1324 3956 1376 4008 in
1410 3956 1659 4010 eumdem
1698 3970 1822 4024 pro-

229 4053 456 4125 phetam
496 4053 747 4105 volumen
791 4048 1064 4117 ἀκέφαλον
1102 4048 1197 4101 καὶ
1243 4047 1549 4103 ἀτέλεστον.
1586 4046 1665 4101 Ex
1699 4058 1820 4101 utro

229 4144 461 4216 petitum
494 4143 563 4197 sit
601 4142 743 4195 istud
775 4139 1177 4209 fragmentum,
1220 4154 1326 4203 quo
1367 4136 1634 4192 conflatur
1672 4148 1823 4192 octa-

230 4252 364 4289 vum
400 4231 709 4287 l‘hilocalia:
742 4242 926 4301 caput,
976 4231 1246 4286 incertum
1291 4239 1408 4291 est;
1450 4244 1517 4284 ex
1555 4228 1821 4284 alterutro

230 4328 463 4399 petitum
508 4341 629 4381 esse
683 4332 893 4378 certum
940 4332 1024 4377 est
1074 4340 1088 4377 :
1148 4338 1273 4376 nam
1325 4321 1574 4391 quamvis
1633 4320 1683 4374 id
1740 4320 1821 4375 eis

230 4418 574 4489 praemissum
624 4418 734 4471 sit:
782 4416 877 4468 Ἐκ
922 4414 1032 4468 τῶν
1079 4416 1159 4479 εἰς
1210 4415 1300 4467 τὸν
1352 4413 1511 4485 Ὠσηὲ
1558 4411 1817 4483 ἐξηγητι-

230 4511 373 4575 κῶν,
424 4508 784 4578 Hieronymus
833 4517 1014 4562 autem
1062 4507 1184 4562 loco
1241 4504 1461 4559 laudato
1527 4504 1706 4557 nullos
1752 4504 1819 4556 ab

1923 3332 2251 3404 exemplaris
2303 3347 2426 3385 cum
2468 3330 2788 3395 Holmiensi,
2816 3344 2880 3384 ex
2935 3344 3043 3383 uno
3092 3330 3389 3397 eodemque
3417 3344 3511 3384 co-

1924 3420 2043 3473 dice
2078 3419 2381 3489 descriptos
2409 3433 2600 3473 omnes
2627 3418 2956 3473 censuerim.
2991 3417 3159 3472 Porro
3204 3417 3340 3472 levis
3384 3418 3511 3474 licet

1922 3510 2232 3566 Beltarmini
2283 3509 2620 3578 conjectura,
2664 3525 2769 3581 qua
2803 3510 3236 3564 Commentarios
3282 3509 3401 3565 illos
3440 3511 3512 3567 ab

1923 3599 2155 3670 Origene
2187 3600 2478 3670 abjudicat,
2520 3614 2626 3653 non
2666 3608 2843 3653 tamen
2888 3599 3253 3671 ἀναπόκριτος
3286 3612 3511 3671 praeter-

1924 3691 2183 3746 mittenda
2214 3700 2319 3745 est.
2344 3690 2435 3745 Sic
2462 3691 2537 3744 ait
2566 3690 2655 3745 ille
2688 3691 2741 3745 in
2787 3690 2927 3745 libro
2961 3690 3036 3746 De
3063 3692 3311 3761 scriptor.
3340 3692 3509 3748 eccle-

1921 3784 2097 3847 siast.,
2149 3783 2238 3838 ubi
2304 3782 2372 3837 de
2428 3780 2716 3853 Origene:
2768 3800 2787 3833 ι
2820 3781 3112 3838 Tractatus
3168 3787 3392 3854 quintus
3452 3785 3507 3840 in

1923 3873 2235 3927 blatthaeum
2268 3874 2481 3928 videtur
2518 3888 2641 3928 esse
2679 3871 2861 3928 Latini
2911 3875 3197 3929 auctoris:
3244 3890 3368 3929 nam
3406 3874 3509 3931 ad-

1923 3967 2127 4020 ducens
2170 3972 2361 4019 auctor
2392 3964 2555 4018 verba
2589 3965 2743 4019 Isaizr
2770 3979 2924 4031 Lvm,
2957 3965 3045 4027 16,
3076 3964 3331 4019 Dominus
3363 3966 3510 4020 misit

1921 4073 2003 4110 me
2037 4066 2083 4110 et
2114 4057 2329 4123 spiritus
2354 4056 2467 4125 ejus
2492 4071 2511 4109 :
2541 4056 2594 4109 in
2638 4054 2847 4120 Graeco,
2879 4056 3071 4125 inquit,
3107 4055 3344 4125 Spiritus
3381 4071 3509 4111 san-

1921 4155 2041 4200 ctus
2081 4146 2254 4199 neutri
2302 4144 2516 4214 generis
2556 4154 2672 4209 est,
2718 4160 2825 4198 non
2887 4144 3205 4209 masculini,
3255 4155 3312 4199 ut
3361 4144 3505 4216 apud

1922 4256 2049 4306 nos;
2091 4238 2180 4291 ubi
2211 4252 2270 4291 se
2312 4237 2455 4291 inter
2488 4235 2715 4291 Latinos
2757 4246 3031 4291 numerat.
3067 4236 3202 4291 Etsi
3240 4246 3505 4293 tractatus

1921 4330 2143 4399 quintus
2168 4326 2347 4381 Latini
2388 4326 2630 4382 auctoris
2664 4335 2772 4394 est,
2804 4342 2912 4380 non
2951 4341 3117 4397 parva
3151 4328 3392 4397 suspicio
3420 4336 3509 4381 est

1922 4422 2158 4490 reliquos
2188 4420 2353 4473 etiam
2397 4428 2659 4473 tractatus
2698 4417 2940 4487 ejusdem
2969 4419 3173 4488 operis,
3203 4416 3380 4472 Latini
3411 4433 3510 4473 au-

1921 4516 2089 4569 ctoris
2147 4526 2289 4567 esse.
2321 4530 2340 4563 ›
2381 4510 2619 4566 Habetur
2659 4512 2750 4565 hic
2779 4509 3030 4580 Origenis
3070 4510 3219 4565 locus
3250 4518 3379 4564 tom.
3409 4525 3509 4566 xm

231 4606 473 4675 Origene
501 4604 554 4656 in
584 4601 773 4657 Oscam
806 4602 1040 4670 scriptos
1078 4602 1243 4655 fuisse
1271 4599 1704 4657 Commentarios
1731 4612 1819 4652 as-
1850 4620 1896 4676 ι)
1925 4608 1977 4661 in
2023 4605 2218 4660 Matth,
2265 4619 2420 4671 xvm,
2461 4603 2729 4669 num,18,
2774 4618 2899 4674 pag.
2936 4601 3061 4658 595.
3112 4603 3371 4670 Quamvis
3407 4603 3510 4657 hoc

232 4709 387 4753 serat
436 4697 667 4751 dicens:
706 4711 724 4744 ι
755 4694 959 4764 Rogavi
1008 4708 1131 4747 eum
1183 4692 1538 4764 (Didymum)
1580 4700 1636 4745 ut
1676 4691 1818 4760 quod

232 4790 506 4859 Origenes
534 4804 639 4843 non
680 4786 918 4851 fecerat,
954 4787 1069 4855 ipse
1099 4785 1417 4855 compleret,
1461 4795 1515 4839 et
1560 4784 1824 4838 scriberet

232 4886 298 4938 in
349 4882 481 4936 Osee
506 4879 961 4946 Commentarios,
990 4896 1008 4929 ι
1050 4878 1458 4947 intelligendum
1509 4885 1592 4931 est
1633 4874 1821 4944 plenos

234 4975 297 5028 in
332 4982 501 5025 totum
532 4968 727 5025 Oseam
773 4968 1196 5023 commentarios
1222 4967 1515 5035 Origenem
1546 4981 1652 5019 non
1684 4965 1822 5019 scri-

233 5064 439 5136 psisse,
467 5065 560 5117 sed
589 5063 814 5132 exiguos
844 5058 1018 5113 solum
1063 5057 1295 5111 libellos.

316 5153 431 5209 XII.
475 5153 675 5223 Viginti
725 5152 966 5222 quinque
1000 5150 1057 5202 iu
1106 5147 1417 5201 Matt/imum
1472 5156 1646 5201 tomos
1694 5146 1823 5202 Ori-

236 5263 412 5321 genes
457 5245 777 5301 elaboravit.
809 5242 978 5296 Breve
1024 5249 1363 5310 segmentum
1398 5253 1428 5292 e
1458 5239 1635 5307 primo
1681 5248 1826 5292 tomo

235 5340 463 5395 adducit
509 5337 774 5392 Eusebius
822 5335 916 5390 lib.
964 5348 1011 5387 vt
1065 5330 1303 5398 Histor.,
1352 5346 1470 5399 cap.
1510 5331 1612 5396 25,
1652 5345 1826 5399 eoque

239 5432 464 5488 brevius
492 5432 635 5485 aliud
670 5429 907 5485 indidem
938 5426 1147 5497 profert
1182 5424 1500 5493 Pamphilus
1532 5424 1585 5478 in
1622 5424 1819 5492 Apolo-

236 5533 435 5602 gctico.
475 5528 633 5582 Aliud
692 5540 722 5581 e
758 5526 996 5579 secundo
1053 5531 1231 5586 torno,
1280 5520 1596 5575 Philocalia:
1647 5520 1826 5589 capite

238 5631 405 5679 sexto
436 5620 743 5676 exhibetur.
774 5616 934 5672 Aliud
974 5616 1131 5670 alicrt
1161 5631 1193 5670 e
1230 5614 1462 5684 septimo
1496 5623 1642 5667 tomo
1669 5612 1827 5666 Pam-

239 5713 448 5785 philus.
491 5711 664 5767 Julius
694 5710 877 5765 Cmsar
910 5708 1238 5777 Bnlenget'us
1269 5708 1323 5761 in
1366 5705 1826 5774 Disputatiouibus

239 5815 435 5864 contra
487 5803 853 5858 Casuubonum
903 5810 1044 5871 part.
1086 5814 1149 5863 tt,
1193 5798 1409 5853 diatrib.
1458 5799 1512 5861 3,
1552 5813 1673 5868 pag.
1702 5797 1823 5861 l9l,

242 5896 611 5966 fragmentum
643 5892 797 5948 aﬂ‘crt
827 5907 892 5947 ex
923 5890 1154 5961 Origene
1199 5889 1263 5947 ad
1297 5903 1417 5957 cap.
1464 5903 1521 5945 vt
1546 5888 1741 5942 Matth.
1770 5896 1825 5943 et

1928 4697 2240 4751 Bellarmini
2282 4695 2545 4765 judicium
2593 4696 2770 4765 palam
2826 4694 3037 4749 refellat
3084 4693 3291 4748 codicis
3329 4692 3507 4748 Graeci

1926 4793 2110 4856 lectio,
2155 4807 2221 4846 ea
2270 4800 2451 4846 tamen
2491 4790 2537 4843 si
2588 4803 2924 4853 careremus,
2972 4804 3078 4843 non
3135 4787 3252 4858 plus
3305 4788 3512 4841 valeret

1927 4883 2056 4937 illud
2104 4882 2366 4935 adversus
2396 4880 2539 4933 hunc
2568 4878 2877 4932 Adamantii
2918 4878 3151 4942 librum,
3195 4890 3359 4945 quam
3407 4876 3509 4930 ad-

1927 4987 2119 5028 versus
2163 4971 2426 5038 reliquos,
2467 4984 2606 5037 quos
2639 4978 2881 5023 veterum
2929 4967 3285 5037 interpretum
3328 4966 3509 5021 studio

1927 5064 2120 5120 Latine
2156 5062 2396 5115 redditos
2423 5059 2689 5128 legimus:
2717 5059 2772 5113 ιιι
2807 5059 2874 5113 iis
2900 5058 3166 5128 siquidem
3197 5056 3511 5127 frequenter

1927 5152 2190 5224 ejusmodi
2231 5160 2529 5206 occurrunt
2561 5150 2928 5205 additamenta
2971 5151 3354 5219 interpretum,
3393 5163 3510 5205 sua

1930 5248 2126 5317 lingua:
2173 5244 2484 5299 hominibus
2534 5242 2975 5312 gratificantium.
3022 5241 3191 5313 Legat
3229 5243 3324 5313 qui
3362 5241 3508 5297 volet

1931 5336 2168 5408 pagellas
2201 5336 2411 5403 aliquot
2439 5349 2470 5387 a
2512 5333 2707 5387 Rufino
2745 5347 3063 5396 conversas,
3098 5333 3302 5388 videbit
3342 5346 3506 5403 quam

1930 5442 2072 5495 stupe
2110 5425 2398 5480 mantissas
2427 5424 2635 5479 similes
2660 5423 2727 5477 de
2756 5438 2855 5478 suo
2885 5424 3133 5477 accudat.

2001 5518 2243 5587 Ampiior
2274 5526 2359 5571 est
2388 5527 2539 5570 vetus
2570 5515 2950 5585 interpretatio
2977 5512 3507 5569 Commentariorum

1934 5612 2180 5684 Origenis
2206 5612 2261 5664 in
2295 5608 2633 5675 Matthwum,
2662 5622 2825 5677 quam
2854 5607 3101 5662 Crtecum
3129 5605 3293 5660 ullum
3326 5620 3511 5660 exem-

1935 5707 2055 5775 plar
2088 5702 2519 5769 manuscriptum
2563 5720 2576 5756 :
2629 5698 2941 5754 Holmiense
2986 5698 3186 5768 quippe
3233 5697 3508 5762 omnimu,

1929 5810 2052 5864 qua:
2095 5792 2314 5863 quidem
2358 5791 2425 5844 ad
2472 5806 2651 5844 meam
2691 5787 3038 5859 pervenerint
3084 5786 3349 5844 n0titiam.
3384 5799 3511 5853 pro-

1929 5886 2283 5952 lixissimum,
2328 5898 2358 5938 a
2413 5881 2648 5938 Matthxi
2715 5880 2891 5953 capite
2946 5894 3073 5947 snt,
3123 5893 3264 5935 vers.
3304 5878 3395 5944 ὄσ,
3443 5877 3544 5960 ad.
