3952 6528
212 404 356 461 1225

1067 399 1642 459 ORIGENIANOBUM
1683 401 1812 456 LIB.
1851 401 1944 468 ΠΙ,
1985 397 2143 455 CAP:
2174 396 2247 463 II,
2290 395 2485 452 SECT.
2517 393 2611 450 III.

3356 382 3497 439 1226

211 532 269 575 et
311 518 620 575 innumeris
670 520 1059 575 vocabulorum
1108 522 1375 591 portentis
1412 522 1795 577 del‘ormiorem
1826 530 1873 586 Α
1970 519 2113 576 ΧΠ.
2153 518 2267 590 (82)
2297 518 2339 572 Ε
2366 516 2577 571 duobus
2604 522 2659 568 et
2703 511 2924 583 triginta
2968 505 3494 565 Commentariorum

211 607 471 665 oﬂ'endet.
522 607 774 679 IEqualis
817 610 1102 681 Epiphanii
1139 611 1243 665 luit
1289 611 1531 668 Bellator
1581 614 1804 681 quidam

210 701 523 757 Cassiodori
569 701 753 756 itidem
805 702 1115 767 familiaris,
1161 703 1318 774 cujus
1366 714 1556 774 rogatu
1607 704 1808 761 multas

210 791 536 848 Grtecorum
589 791 952 861 scriptiones,
1004 792 1295 847 nonnullas
1347 794 1512 847 etiam
1557 791 1809 864 Origenis

212 881 419 937 Latino
446 898 696 937 sermone
744 885 1009 953 rependit.
1042 883 1179 940 Huic
1210 887 1254 941 si
1297 886 1419 956 quis
1459 884 1809 940 Commenta-

224 976 436 1042 riorum
468 975 523 1027 in
562 973 887 1029 Matthwum
936 975 1446 1046 interpretationem
1514 978 1808 1047 ascriptam

211 1065 371 1127 velit,
402 1079 508 1117 non
544 1063 701 1118 valde
731 1066 1063 1133 repugnabo.
1090 1066 1200 1122 Nec
1236 1068 1463 1122 multum
1492 1068 1811 1124 adversatur

213 1156 550 1224 conjectura:
603 1164 805 1210 nostra:
854 1156 1167 1215 Cassiodori
1214 1161 1279 1215 de
1326 1160 1430 1215 hac
1482 1160 1810 1231 interpreta-

214 1246 370 1301 tione
398 1245 698 1313 silentium,
728 1248 819 1316 qui
864 1248 998 1304 alias
1028 1251 1318 1321 plerasque
1367 1252 1658 1322 Epiphanii
1694 1252 1812 1308 Bel-

215 1338 410 1394 latoris
439 1339 491 1393 in
525 1339 663 1393 libro
696 1340 772 1393 De
809 1341 1147 1396 institutione
1179 1343 1474 1398 divinarum
1509 1342 1815 1413 Scriptura-

216 1447 339 1484 rum
376 1430 682 1484 recensuit:
718 1447 842 1485 nam
876 1444 1000 1500 post
1030 1434 1233 1489 editum
1265 1435 1408 1491 hunc
1435 1450 1465 1490 a
1490 1436 1813 1492 Cassiodoro

230 1522 479 1577 libellqu
512 1522 784 1576 lucubrari
814 1539 875 1577 ea
915 1527 1107 1594 potuit.

293 1614 371 1669 De
414 1623 617 1685 septem
653 1614 902 1685 Origenis
946 1616 1000 1671 in
1032 1618 1344 1675 Matt/tantm
1398 1620 1639 1677 homiliis
1688 1636 1809 1693 quce

218 1706 496 1762 habentur
544 1705 688 1760 inter
738 1722 855 1771 eas,
887 1723 1023 1777 quas
1053 1710 1107 1763 in
1143 1711 1390 1767 diversos
1436 1712 1595 1783 vulgo
1626 1715 1816 1782 appel-

221 1800 357 1867 lant,
389 1802 644 1871 quoniam
680 1801 873 1859 incerti
909 1816 1037 1861 sunt
1081 1807 1349 1874 auctoris,
1398 1822 1499 1862 suo
1534 1809 1655 1865 loco
1688 1809 1807 1864 dis-

220 1892 559 1961 putabimus.

298 2004 435 2059 Xlll.
479 2004 724 2060 Ilomilize
754 2005 1003 2075 Origenis
1045 2008 1099 2063 in
1132 2009 1484 2080 Evangelium
1527 2012 1687 2069 Luca:
1721 2014 1821 2068 tri-

220 2094 374 2166 gint'a
407 2109 595 2149 novem
642 2094 835 2150 Latina
868 2097 1106 2152 editione
1138 2100 1508 2157 continentur.
1538 2102 1807 2172 Interpre-

224 2195 337 2240 tem
360 2201 485 2241 sese
518 2185 797 2255 professus
823 2198 909 2241 est
939 2187 1304 2261 Hieronymus
1335 2192 1389 2246 in
1423 2191 1655 2263 Prologo
1686 2194 1818 2263 ipsis

219 2289 509 2346 pmtexto,
546 2290 599 2333 et
642 2280 695 2332 in
733 2279 871 2334 libro
902 2279 979 2334 De
1009 2284 1256 2351 scriptor.
1285 2284 1499 2348 eccles.,
1537 2300 1662 2357 cap.
1689 2286 1815 2341 146.

221 2369 486 2425 Erasmus
513 2372 564 2425 in
594 2371 836 2439 Epistola
864 2374 931 2428 ad
963 2372 1315 2429 Franciscum
1346 2376 1653 2444 Cigalinum
1686 2378 1818 2432 scri-

221 2473 414 2533 pserat
448 2466 544 2517 bas
569 2463 793 2518 alterius
822 2463 1104 2532 cujusdam
1133 2480 1259 2522 esse
1284 2469 1478 2535 videri,
1507 2484 1669 2539 quam
1699 2469 1825 2525 Ori-

221 2555 404 2625 genis,
443 2555 537 2609 sed
599 2553 652 2608 in
681 2552 925 2609 Censura
971 2556 1044 2609 ad
1102 2555 1267 2611 libros
1304 2557 1547 2629 Origenis
1596 2560 1825 2614 mutavit

230 2649 605 2711 sententiam,
652 2656 708 2701 et
760 2661 950 2700 verum
1009 2657 1287 2702 auctorem
1328 2648 1565 2719 agnovit.
1617 2649 1822 2704 Nihilo-

220 2738 413 2793 minus
448 2738 519 2792 ita
574 2739 793 2793 disserit
836 2761 848 2794 :
883 2756 905 2790 ‹
936 2738 993 2793 In
1033 2739 1293 2810 Catalogo
1339 2750 1519 2795 tamen
1565 2742 1640 2796 ita
1692 2741 1823 2796 facit

220 2826 393 2896 hujus
434 2829 616 2897 aperis
670 2829 1484 2902 mentionem.(Hieronymus),
1534 2842 1595 2887 ut
1646 2834 1817 2904 magis

221 2920 481 2973 videatur
528 2936 594 2974 ex
644 2920 869 2991 Didymo
903 2933 1148 2977 vertisse.
1197 2922 1331 2978 Cum
1372 2926 1518 2978 enim
1573 2922 1828 2994 Origcnis

226 3014 565 3066 mentionem
614 3012 950 3081 reliquisset,
982 3023 1105 3082 post
1136 3013 1280 3068 hunc
1314 3015 1366 3068 in
1402 3017 1620 3070 modum
1656 3016 1831 3083 loqui-

225 3110 360 3154 tur:
400 3119 417 3151 ι
447 3100 521 3154 De
554 3099 761 3170 Spiritu
804 3115 995 3158 saneto
1028 3102 1260 3174 Didymi,
1291 3120 1453 3175 quem
1494 3107 1547 3160 in
1579 3105 1830 3160 Latinum

230 3191 513 3255 transtuli,
547 3194 740 3247 librum
771 3210 958 3262 unum,
991 3195 1044 3249 in
1078 3195 1281 3251 Lucam
1315 3199 1569 3253 boniilias
1606 3200 1828 3270 triginta

225 3300 453 3349 novem,
498 3288 552 3340 in
602 3287 843 3343 Psalmos
884 3304 913 3343 a
962 3291 1174 3346 decimo
1225 3307 1399 3363 usque
1446 3294 1512 3348 ad
1560 3294 1827 3349 decimum

226 3387 448 3433 sextum
476 3388 733 3433 tractatus
756 3382 1200 3451 septem,captivi
1220 3383 1823 3449 monachivitam,etc.i

228 3464 448 3534 Quibus
479 3482 544 3522 ex
580 3468 759 3522 verbis
801 3467 938 3523 nihil
971 3467 1117 3522 aliud
1169 3469 1396 3540 intelligi
1428 3479 1628 3540 potest,
1661 3486 1827 3541 quam

230 3568 334 3613 aut
368 3573 487 3612 esse
528 3557 840 3631 Hieronymi
878 3561 981 3615 hoc
1011 3574 1171 3631 opus,
1198 3570 1295 3615 aut
1321 3562 1388 3615 ab
1423 3576 1489 3616 eo
1518 3577 1734 3617 versum
1762 3576 1828 3615 ex

234 3650 489 3719 Didymo.
541 3649 652 3705 Hoc
700 3662 883 3705 utrum
935 3667 1062 3707 casu
1105 3668 1173 3707 an
1221 3653 1402 3708 studio
1458 3653 1664 3708 factum
1721 3654 1826 3716 sit,

229 3742 445 3797 nescio.
473 3761 492 3794 ι
538 3743 607 3797 At
648 3744 995 3799 observasset
1039 3744 1301 3800 Erasmus
1348 3746 1464 3816 pari
1510 3756 1831 3815 argumento

235 3836 583 3889 homiliarum
616 3835 842 3889 duarum
870 3834 923 3891 in
954 3835 1240 3892 Canticum
1274 3846 1549 3892 auctorem
1585 3836 1831 3893 revocari

236 3942 402 3994 posse
430 3928 480 3980 in
509 3927 750 3991 dubium,
779 3942 900 3983 cum
938 3928 989 3982 in
1016 3929 1206 3983 eodem
1233 3928 1477 3997 Catalogi
1509 3930 1687 3999 capite
1717 3930 1833 3983 IIEBC

237 4018 442 4071 habeat
474 4017 875 4090 Hieronymus:
914 4036 933 4069 ι
968 4019 1041 4072 De
1074 4021 1246 4074 tribus
1270 4020 1667 4089 quaestionibus
1697 4021 1831 4089 legis

239 4107 469 4171 veteris,
498 4108 752 4163 bomilias
795 4109 849 4162 in
889 4107 1110 4161 Cantica
1158 4112 1489 4163 canticorum
1529 4112 1693 4174 duas,
1730 4112 1829 4164 ad-

239 4214 423 4253 versus
469 4198 794 4254 Helvidium.
822 4217 842 4251 ι
888 4198 1089 4270 Nempe
1137 4202 1373 4256 auctoris
1421 4216 1615 4255 nomen
1657 4202 1832 4257 ascri-

237 4290 378 4345 bere
413 4292 676 4359 ncglexit,
707 4306 867 4360 quem
901 4290 1121 4346 aliunde
1149 4292 1284 4345 satis
1311 4300 1495 4345 notum
1529 4306 1653 4346 esse
1694 4292 1832 4346 scie-

238 4383 358 4437 bat.
386 4383 546 4437 Addit
594 4382 889 4437 Erasmus:
927 4401 946 4434 ι
981 4383 1113 4437 Dein
1160 4398 1283 4438 cum
1321 4384 1374 4437 in
1430 4384 1643 4438 cxcteris
1698 4383 1830 4437 nihil

242 4480 508 4533 habeatur
553 4479 781 4544 erroris,
817 4478 907 4533 hic
960 4478 1126 4533 multa
1171 4488 1299 4534 sunt
1331 4478 1412 4532 vel
1453 4485 1706 4547 suspecta
1746 4475 1833 4531 vel

240 4572 565 4624 damnata.»
610 4568 760 4623 Itane
805 4569 962 4622 vero?
1008 4568 1215 4629 nihilne
1249 4568 1300 4622 in
1348 4567 1500 4622 libris
1533 4566 1675 4636 Περὶ
1720 4566 1828 4634 ἀρ-

1908 614 1963 666 in
2000 609 2265 665 Joannem
2303 606 2485 670 tomis,
2530 619 2719 658 novem
2757 602 2979 656 omnino
3018 609 3347 670 supersunt;
3396 598 3497 668 pri-

1909 720 2051 770 mus,
2084 701 2355 758 secundus
2376 740 2392 766 ,
2432 708 2655 761 sextus,
2690 696 2968 757 decimus,
2999 693 3241 748 decimus
3283 692 3502 755 tertius,

1916 796 2163 849 decimus
2204 805 2403 855 nonus,
2452 787 2782 847 vicesimus,
2830 784 3121 838 vicesimus
3169 791 3397 836 octavus
3450 788 3504 834 et

1926 884 2235 939 tricesimus
2258 878 2552 937 secundus.
2598 878 2654 932 ln
2702 875 3043 931 bibliotheca:
3090 873 3272 943 Regia:
3320 872 3507 927 codice

1910 974 1964 1029 bi
1996 973 2128 1028 torni
2180 974 2293 1026 suis
2347 968 2517 1023 notati
2573 967 2818 1021 numeris
2860 964 3227 1033 reperiuntur.
3276 960 3507 1015 Eosdem

1912 1063 2303 1133 complectitur
2339 1071 2513 1116 tomos
2546 1069 2743 1129 przeter
2794 1056 3063 1110 decin'ium
3098 1063 3154 1109 et
3185 1053 3507 1107 vicesimum

1912 1166 2167 1211 octavum
2202 1162 2538 1209 memoratus
2578 1151 2714 1205 liber
2740 1148 2793 1202 in
2848 1146 3187 1200 bibliotheca:
3232 1142 3511 1198 Bavarica:

1913 1245 2177 1315 catalogo.
2260 1246 2331 1297 At
2391 1242 2561 1297 codex
2634 1239 2974 1296 bibliotheca:
3032 1235 3250 1290 Veneta:
3319 1231 3513 1288 Sancti

1914 1336 2104 1398 Marci,
2134 1337 2261 1391 licet
2290 1335 2443 1406 Regii
2480 1332 2784 1388 consimilis
2810 1331 2917 1395 sit,
2960 1343 3060 1383 nec
3088 1328 3241 1397 plura
3284 1326 3507 1392 habeat,

1915 1445 1943 1484 a
1977 1429 2177 1485 callido
2219 1437 2397 1482 tamen
2463 1426 2687 1480 librario
2749 1426 2802 1478 in
2854 1433 3033 1477 tomos
3105 1422 3326 1489 triginta
3373 1420 3513 1474 duos

1915 1522 2239 1577 distributus
2268 1519 2387 1584 fuit,
2417 1521 2517 1573 bac
2560 1528 2679 1573 arte
2715 1516 2939 1571 lacunas
2981 1524 3036 1569 et
3082 1512 3261 1567 hiatus
3305 1511 3510 1576 celare,

1915 1622 1972 1667 et
2004 1613 2149 1680 apud
2178 1611 2428 1664 incautos
2469 1606 2829 1668 dissimulare,
2870 1613 2926 1659 et
2981 1617 3079 1673 pro
3131 1603 3340 1671 integro
3381 1615 3513 1655 ven-

1917 1704 2093 1758 ditare
2125 1702 2362 1756 volente.
2395 1701 2470 1755 Eo
2505 1701 2583 1763 lit,
2616 1709 2672 1752 ut
2700 1698 2950 1753 eumdem
2984 1697 3126 1751 hunc
3154 1709 3274 1748 esse
3305 1701 3514 1762 putem,

1920 1796 2012 1865 qui
2051 1794 2154 1849 fuit
2186 1792 2338 1863 Diegi
2384 1790 2639 1855 Hurtadi,
2681 1790 2883 1860 quique
2911 1788 3073 1844 simili
3103 1787 3224 1842 d'olo
3244 1785 3515 1839 dissectus

1853 1887 2092 1959 Binisse
2142 1894 2495 1941 memoratur.
2567 1882 2716 1936 Ilanc
2788 1893 3058 1936 tomorum
3143 1878 3513 1948 partitionem,

1922 1995 2085 2050 quam
2122 1988 2344 2035 secutus
2373 1986 2460 2032 est
2503 1973 2814 2040 Ferrarius,
2868 1973 3065 2027 falsam
3113 1986 3233 2027 esse
3284 1977 3517 2041 arguunt

1922 2074 2249 2143 fragmenta,
2282 2084 2403 2140 qua:
2422 2084 2452 2124 e
2481 2076 2676 2138 quarto
2700 2077 2847 2121 tomo
2867 2065 3219 2137 proferuntur
3244 2064 3296 2116 in
3319 2071 3519 2132 quarto

1924 2162 2237 2217 Philocalia:
2282 2162 2493 2231 capite,
2525 2169 2581 2216 et
2628 2159 2682 2214 in
2730 2162 2926 2230 quinto
2978 2157 3326 2227 reperiuntur
3370 2162 3518 2207 tomo

1922 2255 2260 2311 Ferrariana:
2287 2253 2776 2324 interpretationis.
2807 2252 3071 2306 Similiter
3101 2265 3130 2305 e
3176 2259 3333 2304 sexto
3359 2256 3511 2304 tomo

1924 2344 2243 2415 particulam
2268 2344 2463 2397 recitat
2497 2342 2729 2397 Basilius
2760 2342 2885 2397 libr.
2920 2341 2997 2395 De
3053 2340 3260 2409 Spiritu
3310 2350 3519 2403 sancto,

1923 2452 2045 2506 cap.
2080 2436 2171 2492 29.
2205 2436 2399 2491 Exstat
2436 2434 2526 2489 illa
2561 2435 2615 2489 in
2640 2446 2800 2491 sexto
2825 2445 2972 2490 tomo
3003 2434 3205 2489 codicis
3251 2432 3439 2500 Regii,
3465 2432 3522 2485 in

1922 2538 2118 2584 octavo
2151 2544 2280 2584 vero
2326 2527 2685 2585 Ferranianae
2725 2526 3215 2598 interpretationis.
3260 2524 3521 2578 Codicum

1925 2636 2087 2691 porro
2113 2621 2356 2675 omnium
2394 2635 2460 2674 ea
2507 2630 2590 2675 est
2644 2619 2946 2676 similitudo
2989 2617 3133 2671 inter
3188 2631 3246 2670 se
3297 2626 3354 2669 et
3388 2628 3525 2669 con-

1925 2713 2218 2782 gruentia,
2276 2723 2334 2767 ut
2390 2728 2459 2767 ex
2515 2726 2623 2766 uno
2673 2709 2972 2778 exemplari
3036 2707 3340 2776 descriptos
3402 2719 3526 2760 esse

1925 2820 2117 2861 omnes
2161 2821 2259 2875 pro
2295 2816 2447 2861 certo
2491 2805 2742 2860 babeam.
2811 2803 3017 2858 Prmter
3074 2801 3353 2871 superiora
3407 2799 3525 2853 exi-

1928 2910 2088 2965 guam
2118 2911 2148 2950 e
2186 2905 2333 2950 tomo
2367 2896 2608 2949 secundo
2656 2895 2711 2948 in
2738 2894 3001 2948 Joannem
3030 2892 3354 2960 particulam
3400 2903 3525 2959 pro-

1929 2992 2031 3046 mit
2053 2989 2368 3059 Pamphilus
2411 2989 2466 3043 in
2514 2988 2893 3058 Apalogetico.
2925 2985 3221 3040 secundani
3266 2982 3527 3038 crimina-

1932 3083 2133 3138 tionem
2187 3081 2500 3136 conlutans.
2560 3081 2751 3150 Capite
2800 3089 2999 3149 quarto
3046 3075 3359 3130 Pliilocalia:
3424 3075 3529 3130 ira.

1940 3184 2157 3246 gmenta
2189 3175 2531 3229 adducuntur
2573 3188 2604 3227 e
2632 3182 2825 3240 quarto
2844 3180 3025 3235 tonio;
3055 3170 3181 3225 item
3226 3169 3404 3239 capite
3436 3183 3527 3223 se-

1856 3266 1900 3323 C
1934 3265 2119 3336 quenti
2158 3264 2263 3319 alia
2312 3264 2616 3333 fragmenta
2653 3277 2683 3316 e
2714 3258 3046 3314 Prwl‘atione
3085 3259 3259 3329 quinti
3309 3258 3442 3312 torni
3472 3259 3527 3315 in

1933 3357 2075 3413 idem
2106 3356 2496 3426 Evangelium;
2526 3355 2685 3425 cujus
2721 3352 3069 3408 Pralationis
3116 3352 3277 3405 aliam
3313 3365 3531 3421 quoque

1932 3449 2239 3521 portionem
2269 3448 2324 3504 in
2356 3457 2521 3518 caput
2570 3461 2677 3500 xxv
2722 3446 2846 3501 libri
2896 3444 3036 3500 sexti
3075 3442 3331 3499 Historia:
3355 3442 3527 3498 Euse-

1935 3542 2309 3598 biusinlersit.
2342 3541 2419 3595 Ex
2471 3537 2706 3611 Origene
2743 3539 2802 3593 in
2844 3537 3072 3593 Joannis
3118 3546 3281 3608 caput
3316 3546 3529 3591 sextum

1934 3633 2166 3689 lacinias
2212 3634 2480 3704 quasdam
2546 3632 2717 3688 exiles
2780 3632 2997 3702 profert
3062 3630 3398 3701 Bulengerus
3473 3629 3529 3684 in

1935 3725 2389 3797 Disputationibus
2400 3735 2586 3779 contra
2605 3725 2976 3779 Casaubonunt
2992 3734 3130 3793 part.
3149 3738 3213 3789 tt,
3228 3720 3447 3777 diatrib.
3471 3721 3531 3787 5,

1939 3834 2064 3890 pag.
2105 3818 2237 3884 251,
2268 3834 2405 3889 quas
2429 3833 2550 3873 cum
2583 3818 2799 3872 codices
2826 3833 2987 3870 manu
3019 3817 3205 3885 scripti
3249 3815 3532 3869 Commen-

1935 3912 2196 3965 tariorum
2223 3911 2276 3964 in
2306 3910 2357 3963 id
2382 3908 2731 3979 Evangelium
2756 3924 2861 3965 non
2885 3908 3199 3971 exhibeant,
3222 3921 3291 3961 ex
3324 3905 3533 3961 catenis

1934 4003 2203 4073 prodiisse
2232 4003 2343 4056 veri
2380 4001 2632 4056 absimile
2672 4015 2778 4055 non
2821 4008 2926 4054 est.
2962 3998 3206 4067 Denique
3251 3999 3395 4051 inter
3434 3997 3531 4059 bo-

1936 4094 2114 4148 milias
2164 4094 2215 4147 in
2245 4093 2487 4148 diversos
2525 4092 2646 4147 dua:
2678 4093 2947 4147 habentur
2980 4092 3035 4144 in
3071 4091 3372 4155 Joannem,
3409 4104 3532 4159 qua:

1933 4202 2058 4241 cum
2082 4194 2292 4240 certum
2333 4197 2613 4239 auctorem
2642 4200 2750 4240 non
2785 4182 3046 4249 habeant,
3081 4183 3244 4255 paulo
3278 4192 3400 4254 post
3429 4197 3532 4238 suo

1936 4279 2056 4333 loco
2093 4275 2522 4331 ventilabuntur.

2006 4366 2237 4421 Unicum
2263 4376 2516 4435 Superest
2573 4367 2625 4419 in
2680 4366 3049 4435 apostolorum
3096 4368 3228 4420 Acta
3259 4366 3535 4437 fragmen-

1938 4471 2047 4513 tum
2074 4457 2346 4528 Oi-igenis,
2396 4473 2427 4512 e
2479 4468 2674 4528 quarta
2728 4457 3034 4513 detractum
3077 4458 3326 4522 liomilia,
3380 4457 3530 4527 quod

1937 4550 2101 4618 capiti
2162 4548 2476 4603 Philocaliu:
2541 4549 2776 4618 septimo
2835 4539 3070 4605 Basilius
3128 4554 3181 4604 ct
3235 4550 3533 4619 Gregorius

238 4660 393 4732 κῶν,
439 4661 493 4715 in
542 4661 963 4715 Commentariis
1003 4660 1058 4714 in
1118 4659 1465 4723 Matthtrum,
1512 4660 1563 4713 in
1618 4658 1838 4726 reliquis

1946 4642 2254 4712 Theologus
2298 4641 2646 4696 infulseruut.
2693 4640 2749 4695 In
2797 4640 3057 4711 Catalogo
3098 4641 3361 4696 librorum
3408 4639 3532 4693 illii-

239 4754 502 4825 operibus
538 4754 764 4809 habetur
805 4754 1046 4808 erroris?
1096 4751 1292 4807 Mirare
1341 4752 1527 4816 lector,
1572 4749 1831 4806 ell'renem

238 4844 458 4899 Erasmi
504 4845 557 4898 in
596 4855 836 4899 veterum
881 4844 1250 4911 expendendis
1287 4842 1526 4913 scriptis,
1556 4851 1611 4897 et
1653 4841 1836 4911 proje-

240 4945 390 4990 ctam
426 4936 807 4989 temeritatem.
850 4934 1143 4989 Modestior
1175 4934 1449 5000 Merlinus,
1483 4947 1705 4987 errores
1748 4932 1833 4987 bis

238 5024 485 5080 homiliis
536 5026 601 5079 ab
654 5027 966 5096 Origeniaui
1028 5026 1262 5079 nominis
1315 5026 1527 5081 ramulis
1580 5039 1832 5092 aspersos

240 5132 602 5172 asseverans:
636 5133 947 5187 quanquam
976 5125 1031 5171 et
1071 5117 1122 5171 id
1166 5116 1317 5170 valde
1364 5119 1656 5170 incertum.
1688 5114 1829 5168 Pau-

237 5208 400 5262 cnlas
450 5208 707 5275 quasdam
776 5207 1068 5278 particulas
1113 5223 1179 5261 ex
1228 5205 1463 5276 Origene
1528 5207 1583 5259 in
1635 5203 1834 5258 Lucam

234 5301 467 5355 exhibet
489 5298 665 5355 Julius
694 5300 877 5356 Ctesar
908 5300 1240 5371 Bulengerus
1277 5308 1418 5368 part.
1444 5314 1508 5363 ll,
1535 5298 1753 5353 diatrib.
1780 5297 1834 5365 5,

237 5409 301 5465 p.
344 5392 447 5446 158
496 5402 550 5447 et
594 5390 720 5454 222.
764 5392 970 5446 advers.
1013 5388 1315 5447 Casaubon.
1355 5404 1422 5445 ex
1462 5387 1669 5444 catenis
1716 5388 1833 5443 for-

242 5494 400 5542 tasse
433 5483 704 5553 aliquibus
734 5482 1101 5554 depromptas.

322 5596 440 5669 (82)
492 5597 540 5651 Ε
586 5597 789 5669 duobus
834 5608 880 5653 et
933 5599 1153 5668 triginta
1210 5593 1833 5669 Commentariorumhip

242 5662 515 5724 Joannem
545 5673 720 5721 tomis.
744 5667 864 5722 Jam
904 5662 1091 5737 supra,
1124 5678 1257 5723 sect.
1289 5666 1347 5730 2,
1371 5681 1521 5721 num.
1548 5665 1601 5731 7,
1630 5662 1837 5737 p.296,

240 5750 368 5793 not.
398 5750 452 5793 et
479 5744 530 5792 iu
564 5737 891 5794 Praefatione
914 5735 1038 5793 huic
1067 5748 1213 5791 tomo
1250 5737 1469 5805 prmlixa
1497 5735 1840 5790 ostendimus

244 5812 370 5878 plus
397 5826 556 5878 quam
588 5811 805 5878 triginta
851 5820 905 5863 et
934 5808 1067 5862 duos
1096 5819 1270 5862 tomos
1313 5808 1369 5859 in
1416 5805 1681 5862 Joannem
1709 5820 1839 5861 con-

244 5882 445 5942 fecisse
468 5880 754 5949 Origeuem
799 5879 1250 5935 verisimillimuin
1284 5892 1425 5932 esse.

577 5974 846 6032 Ρηκοι..
891 5971 1009 6032 Gn.
1049 5972 1251 6033 XVII.

1945 4734 2200 4789 strissimi
2236 4734 2499 4803 principis
2531 4732 2737 4787 domini
2768 4732 2954 4789 Jacobi
2987 4733 3345 4793 Marmoreae,
3371 4746 3532 4800 quem

1945 4829 2088 4883 inter
2113 4828 2466 4896 antiquitates
2482 4826 3115 4896 Canstantinopolitauas
3137 4823 3538 4894 Supplementa

1942 4920 2283 4973 Bibliorlteca:
2335 4917 2675 4971 Gesnerianu:
2727 4917 2953 4971 inseruit
3002 4914 3272 4968 Antonius
3323 4911 3541 4968 Verde-

1941 5014 2090 5075 rius,
2133 5020 2596 5065 commemoratur
2643 5008 2894 5077 Origeuis
2949 5005 3251 5076 Explicatio
3290 5005 3347 5057 in
3396 5004 3542 5057 Acta

1946 5100 2326 5171 apostolorum,
2350 5109 2406 5154 et
2430 5100 2487 5152 in
2519 5097 2787 5168 Epistolas
2823 5093 3022 5160 Pauli,
3065 5095 3130 5149 de
3157 5094 3355 5163 quibus
3387 5108 3543 5147 nunc

1942 5207 2040 5247 suo
2073 5191 2261 5245 ordine
2299 5190 2564 5261 agendum
2590 5198 2699 5243 est.

2012 5282 2129 5339 XV.
2168 5283 2393 5336 Ruﬁnus
2422 5280 2655 5335 Heraclii
2687 5279 2920 5349 impulsu
2952 5278 3066 5351 (85)
3110 5278 3305 5348 viginti
3356 5286 3537 5333 tomos

1942 5376 2474 5433 Commentariorum
2501 5373 2751 5443 Origenis
2777 5373 2827 5425 in
2860 5370 3156 5440 Epistulam
3173 5374 3240 5425 ad
3264 5370 3532 5425 Romanos

1938 5472 2145 5526 Latina:
2193 5469 2390 5539 lingua:
2435 5467 2719 5520 donandos
2766 5463 3051 5533 suscepit:
3084 5464 3180 5517 sed
3224 5478 3332 5533 qua
3387 5460 3533 5517 lide?

2016 5587 2130 5656 (85)
2168 5582 2370 5655 Viginti
2400 5591 2568 5656 tantos
2588 5581 2890 5656 Comment.
2914 5577 3431 5656 QﬁgenisinnEpist.
3459 5578 3529 5633 ad

1944 5646 2261 5720 Romanos,
2290 5664 2395 5709 etc.
2449 5655 2806 5709 Cassiodorus
2855 5646 3075 5722 quidem
3128 5650 3204 5722 ait
3237 5646 3528 5719 Origeuent

1946 5735 2003 5784 in
2033 5728 2203 5795 Epist.
2233 5729 2302 5779 ad
2358 5724 2580 5780 Roman.
2635 5723 2823 5789 viginti
2873 5719 3054 5775 tomos
3099 5719 3440 5782 elaborasse;
3471 5729 3530 5795 at

1950 5790 2179 5854 Rulinus
2208 5796 2512 5864 quindecim
2545 5805 2748 5848 tantum
2803 5800 3112 5864 enumerat,
3156 5799 3211 5845 et
3249 5805 3285 5846 εδ
3327 5790 3529 5846 nostris

1956 5886 2089 5928 mss.
2122 5861 2261 5923 alius
2289 5866 2449 5923 liabet
2475 5868 2681 5933 decem,
2720 5864 2858 5918 alius
2892 5861 3195 5917 duodecim.

3164 5951 3242 6012 39
