3952 6534
438 402 573 478 tear

1701 412 1759 469 P.
1799 410 2118 468 DANIELIS
2159 409 2249 466 ΠΙ]
2259 409 2392 464 ETH

3562 403 3699 459 122%

434 556 530 599 Sua
561 556 774 611 nempe,
815 542 919 595 hoc
953 545 1031 595 est
1061 536 1294 606 pessima
1326 548 1339 587 :
1369 548 1490 589 nam
1534 543 1706 589 totum
1740 550 1876 605 Opus
1902 535 2015 603 jam
2046 540 2090 595 Α
2120 541 2241 601 post
2278 544 2671 587 conversurum
2717 543 2846 586 sese
2899 528 3191 585 Clementis
3249 528 3455 593 libros;
3492 528 3635 598 quod
3673 543 3699 579 a

433 633 937 703 interpolatum,et
996 627 1200 695 aliquot
1256 624 1621 680 voluminibus
1669 625 2011 680 decurtatum

430 724 495 777 ad
522 724 750 777 mediam
782 720 895 775 fere
922 728 1131 789 partem
1174 734 1298 774 sese
1343 719 1685 774 contraxisse
1728 716 2014 787 proﬁtetur

430 818 482 869 'rn
514 812 831 868 Przefatione
860 813 926 865 ad
956 811 1287 865 Heracliam.
1334 808 1587 878 lnjnriam
1632 810 1857 881 Origeni
1894 810 2009 862 illa-

428 916 534 958 tam
580 902 804 957 ‘facllius
845 902 1249 969 deprehendes,
1304 900 1348 954 si
1416 898 1717 969 fragmenta
1770 899 2011 966 quaedam

428 994 1009 1063 lucubra’tionishujus
1039 993 1242 1046 inserta
1277 990 1590 1045 Philocan
1615 1005 1739 1045 cum
1771 989 2014 1043 Ruﬁnia-

424 1106 491 1142 na
532 1081 1197 1151 conversione‘conﬂigas.
1242 1081 1525 1136 Adversus
1556 1081 1695 1135 hanc
1728 1080 2012 1135 audaciam

424 1176 621 1232 merito
651 1175 908 1230 Erasmus
936 1172 1319 1237 excandescit,
1350 1180 1404 1225 et
1433 1170 1570 1225 falso
1603 1170 1839 1225 alIictam
1885 1170 2013 1225 Ηιθο

425 1283 654 1337 ronymo
680 1267 860 1337 operis
899 1264 1057 1331 hujus
1085 1263 1588 1333 interpretationem
1616 1263 1811 1317 Ruﬁno
1854 1263 2013 1317 resti-

426 1359 550 1413 tuit.
589 1357 701 1428 (84)
732 1357 841 1412 Cur
867 1354 1200 1427 Hieronymo
1231 1356 1434 1410 tributa
1470 1356 1563 1419 sit,
1605 1354 1782 1409 Ruﬁni
1816 1364 1936 1409 astu
1961 1363 2018 1409 et

424 1447 641 1503 vafritie
710 1446 909 1501 factum
963 1456 1095 1514 puto
1130 1484 1146 1510 ,
1198 1446 1291 1514 qui
1340 1445 1406 1499 ad
1458 1445 1839 1500 declinandam
1890 1446 2014 1501 facti

425 1541 682 1597 invidiam
719 1538 881 1610 (male
909 1538 1107 1608 quippe
1131 1539 1387 1593 audiebat
1416 1536 1668 1607 Origenis
1706 1535 1926 1607 nomen)
1960 1545 2017 1591 et

426 1628 917 1699 in'l‘lieronymum,
946 1641 975 1680 a
1008 1642 1117 1697 quo
1147 1641 1290 1696 smpe
1324 1625 1655 1695 Origenismi
1692 1641 1858 1680 causa
1919 1641 2017 1680 ex-

428 1723 665 1792 agitatus
690 1719 892 1782 fuerat,
926 1718 1337 1780 refundendam,
1368 1732 1561 1772 nomen
1593 1732 1747 1771 suum
1780 1734 1886 1773 non
1922 1733 2019 1788 ap-

424 1814 623 1885 posuit,
656 1810 916 1865 modesfra
948 1808 1147 1864 factum
1176 1808 1472 1875 simulans,
1510 1809 1654 1877 quod
1685 1810 1844 1864 malis
1878 1811 2017 1864 arti-

428 1913 526 1964 bus
550 1919 728 1963 actum
765 1916 883 1961 erat
932 1923 946 1959 :

426 2001 775 2057 conscientia:
802 2014 934 2054 mea:
961 2012 1067 2067 qua
1091 1996 1295 2050 nomini
1322 1996 1528 2058 defero,
1565 1997 1781 2051 etiamsi
1810 1996 2015 2052 addere

427 2096 604 2164 aliqua
646 2093 857 2155 videor,
888 2100 943 2147 et
967 2090 1185 2160 explere
1220 2105 1339 2161 qua:
1365 2090 1587 2152 desunt,
1634 2097 1724 2143 aut
1763 2090 2014 2144 breviare

426 2198 546 2253 qua;
593 2183 748 2251 longa
796 2194 952 2249 sunt,
1002 2182 1171 2236 furari
1229 2190 1409 2235 tamen
1471 2179 1687 2234 titulum
1733 2179 1889 2250 ejus,
1922 2179 2012 2249 qui

428 2277 837 2332 fundamentum
865 2275 1047 2345 operis
1090 2274 1256 2345 jecit,
1310 2284 1366 2329 et
1413 2273 1765 2329 construendi
1795 2273 2010 2328 aediﬁcii

429 2371 717 2425 materiam
740 2369 990 2439 praebuit,
1031 2377 1237 2423 rectum
1282 2382 1385 2421 non
1429 2375 1579 2435 puto.
1633 2364 1716 2419 Sit
1771 2381 1905 2421 sane
1946 2366 2010 2420 'in

427 2463 652 2519 arbitrio
690 2462 919 2531 legentis
947 2476 1069 2515 cum
1096 2475 1244 2530 opus
1269 2459 1605 2529 probaverit,
1635 2458 1817 2526 cperis
1848 2459 2014 2513 meri-

428 2563 538 2607 tum
582 2554 665 2607 cui
723 2552 853 2606 velit
910 2551 1205 2605 ascribere.
1243 2570 1261 2603 ι
1307 2550 1513 2605 Deinde
1560 2550 1613 2602 in
1656 2548 2011 2605 Peroratione

426 2646 588 2699 verba
625 2646 741 2698 haec
789 2643 971 2697 dolose
1000 2643 1197 2712 adjecit
1230 2657 1245 2694 :
1286 2661 1304 2692 ι
1342 2642 1509 2695 Aiunt
1550 2640 1696 2694 enim
1748 2641 1877 2695 ntihi
1912 2643 2009 2696 :ln

428 2736 513 2789 his
541 2750 660 2803 quae
692 2734 909 2799 scribis,
937 2735 1193 2802 quoniam
1224 2732 1459 2802 plurima
1494 2733 1549 2786 in
1584 2731 1664 2786 eis
1712 2732 1785 2785 tui
1832 2731 2012 2801 operis

429 2820 716 2884 habentur,
748 2823 813 2875 da
832 2820 1059 2874 titulum
1090 2822 1326 2875 nominis
1368 2821 1480 2885 tui,
1511 2831 1579 2876 'et
1626 2821 1806 2877 scribe
1834 2838 1846 2874 :
1880 2820 2011 2875 Hie-

432 2914 663 2986 ronymi,
700 2912 846 2967 verbi
872 2914 1067 2982 gratia,
1099 2913 1154 2965 in
1180 2911 1470 2976 Epistolam
1507 2917 1575 2969 ad
1620 2916 1882 2971 Romanos
1907 2915 2013 2969 Ex-

428 3006 798 3075 planationum
850 3005 994 3061 libri.
1051 3024 1070 3057 ι
1138 3006 1273 3062 Hinc
1329 3007 1503 3062 delusi
1555 3009 1709 3062 bardi
1756 3007 2012 3062 homines

429 3096 739 3169 Hieronymi
777 3100 996 3152 nomine
1047 3100 1243 3154 librum
1303 3100 1776 3170 praascripserunt.
1825 3100 1894 3153 At
1928 3102 2013 3157 vel

427 3203 581 3243 exeo
606 3189 878 3244 stoliditas
912 3206 1101 3244 eorum
1151 3191 1421 3260 arguitur.
1458 3189 1592 3245 Nam
1644 3192 1689 3247 si
1741 3191 2014 3260 interpres

427 3282 620 3336 fuisset
674 3279 1054 3352 Hieronymus,
1099 3298 1197 3337 cur
1245 3298 1405 3337 voces
1448 3282 1601 3348 illas,
1650 3283 2005 3353 verbigratia,

425 3372 743 3439 addidisset,
778 3388 898 3442 quae
938 3375 1215 3428 declarant
1263 3373 1510 3428 ﬁctilium
1553 3387 1677 3428 esse
1721 3381 1777 3427 et
1824 3373 2007 3427 asciti-

426 3465 557 3521 tium
588 3466 638 3519 id
689 3480 905 3530 nomen,
959 3480 1063 3520 non
1118 3464 1462 3535 legitimum?
1510 3463 1801 3534 Subiunglt
1842 3464 2004 3533 paulo

497 3646 610 3715 (8t)
646 3645 757 3700 Cur
813 3644 1132 3716 Hieronymo
1177 3648 1374 3712 tributa
1426 3649 1515 3711 sit,
1569 3646 1745 3714 Ruﬁni
1791 3658 1911 3702 astu
1956 3658 2003 3702 et

425 3717 635 3787 mfritie
658 3717 857 3785 factum
887 3727 1033 3784 puto,
1066 3727 1174 3774 etc.
1204 3717 1319 3772 Non
1348 3722 1507 3771 modo
1537 3734 1641 3771 non
1682 3718 1842 3787 hujus
1862 3757 1877 3782 ,
1906 3719 2003 3773 sed

428 3802 528 3843 nec
556 3786 717 3841 ullius
747 3787 1205 3855 interpretationis
1245 3789 1404 3843 fronti
1437 3802 1631 3842 nomen
1663 3786 1820 3842 suum
1857 3804 1996 3856 prat-

427 3859 547 3912 tixit
587 3857 811 3927 Ruﬁnus
839 3873 851 3907 :
885 3857 1026 3926 quod
1057 3859 1275 3924 quidem
1306 3860 1437 3913 satis
1463 3868 1605 3927 patet
1629 3869 1739 3911 tum
1763 3874 1827 3913 ex
1859 3858 1999 3913 Gen-

428 3928 587 3983 nadio
616 3926 958 3998 Massiliensi,
994 3939 1053 3981 ut
1092 3942 1215 3982 mox
1241 3926 1504 3995 dicemus,
1532 3938 1639 3982 tum
1677 3944 1743 3981 ex
1779 3944 1998 3998 perora-

428 4002 576 4053 tione
602 4000 653 4051 in
678 3999 817 4052 hanc
842 3999 908 4069 ad
932 3997 1213 4053 Romanos
1238 3998 1566 4069 Epistolam,
1619 3998 1711 4054 ubi
1754 3997 1830 4053 ait
1883 4001 2000 4068 ipse

429 4070 654 4123 Ruﬁnus
702 4083 761 4123 se
806 4068 1207 4122 Satist'acturmn
1266 4068 1456 4125 amicis
1520 4069 1671 4133 suis,
1736 4079 1791 4123 et
1842 4069 2002 4123 titulo

428 4140 689 4193 librorum
727 4139 898 4193 sancti
945 4140 1274 4202 Clementis,
1319 4154 1547 4209 quorum
1600 4140 2004 4209 interpretatio—

428 4225 552 4263 nem
586 4208 966 4272 meditabatur,
1003 4225 1196 4265 nomen
1248 4208 1403 4264 suum
1449 4225 1508 4264 se
1560 4208 1832 4263 daturum.
1865 4209 2006 4263 Nun-

427 4281 556 4350 quid
584 4280 708 4332 inde
748 4280 1202 4345 concludendmn,
1240 4280 1395 4349 juxta
1426 4280 1613 4350 Huetii
1654 4280 2001 4350 sententiam,

429 4349 619 4404 omnes
651 4350 1119 4421 interpretationes
1144 4366 1271 4421 suas
1302 4352 1355 4404 in
1396 4349 1781 4421 llierOuymnm
1812 4349 2003 4421 refun-

431 4425 561 4476 dere
607 4418 837 4474 voluisse
866 4420 1159 4474 Rufinum?
1211 4421 1316 4474 Sed
1348 4420 1475 4489 quid
1511 4418 1829 4474 absurdius?
1872 4418 2003 4485 Quis

430 4492 575 4544 enim
612 4499 803 4561 auctor
829 4505 1128 4561 anonymus
1172 4490 1375 4545 fraudis
1416 4490 1655 4559 ejusdem
1702 4490 2001 4544 insimulari

432 4575 535 4613 non
572 4560 805 4628 poterit?
842 4560 948 4613 imo
974 4562 1101 4668 quid
1127 4561 1327 4615 vetabit
1353 4561 1639 4627 quominus
1680 4561 1819 4613 idem
1852 4561 2001 4613 dica-

432 4644 518 4668 tur
546 4630 615 4668 {In
655 4629 978 4668 Iliprnnvmn
1055 4628 1159 4668 Νςιρ
1198 4632 1338 4668 nnirn
1362 4633 1471 4668 imm
1498 4629 1747 4668 nriapniu
1780 4644 1941 4668 nnnm
1974 4647 2001 4668 α

431 4644 518 4684 tur
546 4630 615 4683 de
654 4628 1015 4699 Hieronymo?
1050 4628 1161 4685 Nec
1198 4632 1339 4684 enim
1362 4633 1472 4699 ipse
1498 4629 1747 4699 Origenis
1780 4644 1943 4698 Opera
1973 4647 2001 4684 a

430 4717 489 4755 se
520 4698 776 4753 translata
817 4698 916 4753 suo
963 4702 1179 4753 nomine
1218 4698 1485 4769 signavit,
1529 4698 1836 4768 siquidem,
1871 4709 2008 4755 teste

432 4769 736 4834 Gennadio,
766 4770 1043 4838 proonniis
1075 4779 1280 4824 tantum
1319 4769 1772 4839 dignoscebatur,
1816 4770 1943 4837 quid
1976 4788 2005 4823 a

433 4840 649 4905 Ruﬁno,
679 4842 807 4909 quid
837 4843 905 4893 ab
948 4840 1275 4910 Hieronymo
1326 4840 1519 4894 fuisset
1565 4840 2003 4909 interpretatum,

432 4932 451 4963 ι
483 4912 829 4979 Quaecunque
871 4912 1165 4981 prazmissis
1195 4910 1449 4981 Prologis
1495 4925 1524 4964 a
1564 4910 1771 4964 Latinis
1818 4910 2007 4979 legun—

428 4993 551 5045 tur,
593 5001 612 5032 ι
672 4981 846 5050 inquit
901 4980 1211 5035 Gennadius
1264 4980 1503 5050 Catalog.
1570 4982 1730 5034 uiror.
1778 4981 2003 5045 illustr.,

424 5056 546 5121 cap.
577 5052 665 5122 18,
706 5069 725 5101 t
767 5068 796 5104 a
825 5051 1017 5122 Ruﬁno
1066 5053 1418 5122 interpretata
1462 5062 1587 5105 sunt
1619 5066 1632 5102 :
1663 5065 1780 5122 qua:
1821 5062 2000 5122 autem

428 5119 545 5176 sine
573 5121 825 5193 Prologo,
860 5125 932 5193 ali
960 5121 1064 5193 alio
1092 5119 1351 5175 lt‘attsltita
1396 5131 1524 5175 sunt
1574 5124 1674 5193 qui
1712 5119 2000 5190 Prologuttt

429 5194 609 5247 facere
647 5191 817 5247 noluit
849 5212 862 5245 :
901 5191 1149 5262 Origenis
1179 5202 1357 5245 autem
1392 5208 1497 5245 non
1526 5191 1746 5254 omnia,
1780 5193 1902 5262 quia
1948 5201 2004 5245 et

429 5263 789 5333 Hieronymus
832 5261 1105 5333 transmlit
1129 5262 1440 5333 aliquanta,
1488 5278 1607 5330 qua:
1642 5277 1743 5333 suo
1760 5261 2002 5333 Al’rologo

430 5331 831 5388 discernuntur.
872 5351 890 5384 ι
927 5331 1094 5386 Porro
1123 5348 1245 5386 enm
1278 5332 1522 5402 Prologis
1549 5332 1682 5385 Satis
1701 5331 2001 5402 dignosce-

431 5413 579 5457 retur
604 5404 731 5472 quid
762 5421 789 5455 a
820 5403 1036 5465 Ruﬁno,
1069 5404 1196 5470 quid
1230 5403 1297 5456 ab
1324 5400 1655 5471 Hieronymo
1691 5400 1883 5455 fuisset
1908 5401 2001 5472 in-

430 5471 803 5542 terpretatum,
840 5473 1131 5542 uon_video
1169 5474 1310 5526 unde
1352 5472 1531 5525 Rufini
1556 5482 1705 5524 astus
1744 5482 1797 5524 et
1828 5471 1998 5524 vafri-

432 5540 530 5597 ties
558 5545 671 5597 erui
700 5553 918 5610 queant.
948 5540 1215 5596 Prwtcrea
1240 5543 1284 5596 si
1320 5542 1371 5595 in
1394 5542 1777 5611 Hieronymum
1809 5557 1998 5594 omnes

428 5609 903 5683 interpretationes
936 5628 1061 5683 suas
1110 5614 1392 5683 retundere
1440 5609 1699 5667 voluisset
1745 5609 1993 5683 Ruﬁnus,

430 5680 669 5752 nunquid
722 5691 1002 5753 tantopere
1050 5682 1163 5751 ipse
1208 5680 1530 5751 Origenismi
1576 5697 1739 5734 causa
1772 5684 1840 5735 ab
1874 5680 1997 5734 llie-

427 5768 653 5823 ronymo
680 5758 987 5823 exagitatus
1008 5793 1022 5816 ,
1055 5756 1155 5806 bas
1185 5768 1282 5821 pro
1309 5755 1421 5806 suis
1459 5766 1750 5822 agnoscere
1782 5766 1886 5805 non
1918 5767 1999 5805 re-

429 5825 709 5877 cusasset?
744 5825 904 5891 Atqui
951 5835 1129 5877 tamen
1166 5824 1353 5876 nullibi
1396 5826 1536 5875 fetus
1585 5837 1715 5875 suos
1769 5826 1998 5889 denegat

424 5892 676 5961 Ruﬁnus,
701 5894 809 5949 imo
834 5890 892 5948 in
929 5894 1080 5948 libris
1128 5907 1262 5961 quos
1291 5892 1509 5960 scripsit
1560 5893 1819 5947 adversus
1867 5890 1992 5945 Hie-

2116 621 2310 676 Ruﬁno
2352 620 2559 675 factum
2606 634 2726 674 esse
2777 630 3018 684 constat,
3067 634 3172 676 non
3232 620 3302 674 ab
3341 619 3703 691 Hieronymo;

2117 720 2226 765 tum
2262 710 2383 764 ait:
2428 727 2446 761 α
2484 708 2831 763 Satisfaciam
2884 725 3020 764 sane
3071 710 3123 763 in
3173 725 3240 765 eo
3291 710 3491 764 amicis
3542 710 3702 773 meis;

2114 808 2252 862 dabo
2292 806 2447 860 titulo
2476 820 2673 859 nomen
2706 819 2909 869 meum,
2942 804 3182 860 auctoris
3223 804 3589 859 nihilominus
3617 819 3709 858 vo-

2116 900 2313 954 cabulo
2347 912 2701 969 permanente
2745 918 2760 953 :
2802 917 2927 955 nam
2971 899 3286 970 Hieronymi
3342 914 3413 954 ne
3467 908 3706 967 putetur.

2115 992 2368 1046 Clemens
2398 993 2669 1046 scribetur
2701 1013 2713 1047 :
2742 1012 2769 1044 τ
2810 991 3121 1062 Hieronymi
3158 1006 3385 1060 nempe,
3421 991 3582 1057 cujus
3616 1006 3709 1043 no-

2118 1098 2240 1138 men
2271 1085 2566 1153 ascriptnm
2597 1101 2763 1155 supra
2792 1085 2975 1143 ﬁnxit.
3030 1085 3231 1140 Eadem
3259 1083 3524 1154 _versutia
3554 1098 3712 1136 usum

2114 1190 2234 1229 esse
2268 1191 2371 1230 non
2401 1178 2569 1233 semel
2604 1177 2857 1231 Ruﬁnum
2886 1177 2997 1243 jam
3027 1192 3189 1247 supra
3227 1192 3385 1230 num.
3420 1175 3453 1229 5
3497 1174 3707 1229 notavi-

2117 1283 2259 1322 mus.
2310 1267 2365 1321 ln
2423 1268 2654 1339 Prologo
2700 1269 3047 1323 homiliarum
3092 1270 3145 1321 in
3181 1266 3347 1321 Iosue
3402 1266 3718 1321 sententias

2117 1356 2429 1430 Hieronymi
2458 1368 2511 1413 et
2540 1360 2739 1429 stylum
2770 1360 2977 1415 referre
3006 1370 3231 1414 conatus
3276 1368 3377 1412 est.
3414 1356 3473 1411 In
3515 1357 3720 1411 [δι-ωτι-

2122 1449 2266 1505 tione
2293 1451 2359 1505 ad
2386 1450 2554 1506 libros
2582 1451 2722 1520 Περὶ
2769 1447 2971 1520 ἀρχῶν·
3020 1465 3217 1505 nomen
3271 1465 3431 1504 suum
3485 1448 3716 1504 celavit.

2118 1539 2195 1593 Ita
2242 1542 2562 1596 occultando
2603 1543 2981 1612 Origenismo,
3021 1551 3079 1595 et
3117 1541 3463 1596 'tradurendo
3518 1539 3713 1593 Hiero-

2119 1646 2281 1701 nymo
2319 1631 2497 1687 fucum
2526 1634 2683 1703 vulgo
2714 1633 2971 1688 faciebat.
3021 1631 3240 1687 Minime
3292 1633 3477 1700 itaque
3524 1646 3718 1685 assen-

2122 1724 2227 1776 tior
2255 1721 2508 1790 Erasmo,
2549 1725 2822 1794 mangonii
2856 1722 3015 1792 lmjns
3040 1724 3298 1777 librarios
3341 1722 3722 1786 insimulanti,

2117 1822 2173 1867 et
2197 1814 2262 1866 ad
2287 1824 2561 1883 emptores
2590 1816 2905 1870 alliciemlos
2932 1825 3257 1885 prartextum
3300 1815 3368 1869 ab
3409 1815 3473 1869 iis
3524 1812 3721 1868 Hiero-

998 1923 1022 1956 ι
1068 1904 1266 1959 Verum
1314 1918 1445 1971 ego,
1502 1904 1696 1973 inquit,
1754 1905 1842 1971 qui
1896 1905 2016 1973 plus
2048 1902 2090 1956 Β
2120 1904 2265 1975 nymi
2300 1920 2493 1961 nomen
2524 1907 2789 1964 censenti.
2834 1907 3038 1962 Praeter
3090 1917 3425 1962 contractam
3473 1907 3641 1961 illam
3670 1915 3725 1959 et

2119 2006 2421 2052 truncatam
2461 1997 2639 2052 Rufini
2690 1999 3220 2069 interpretationem,
3276 2000 3552 2053 habemus
3586 2000 3722 2052 torni

2115 2092 2271 2160 primi
2302 2095 2605 2161 portionem
2634 2094 2686 2148 in
2726 2096 2984 2164 Apologia
3020 2093 3321 2164 Pamphili;
3367 2095 3541 2163 longe
3585 2109 3723 2147 vero

2113 2182 2433 2250 ampliorem
2482 2185 2659 2253 capite
2715 2184 3030 2239 Pliilocalia:
3074 2185 3167 2239 ει.
3216 2185 3374 2239 Aliud
3420 2200 3722 2255 quoquee

2117 2280 2262 2327 tome
2295 2287 2437 2327 nono
2474 2276 2836 2345 fragmentum
2876 2276 3030 2328 nobis
3062 2275 3221 2329 oﬁ‘ert
3262 2286 3422 2344 caput
3454 2277 3718 2342 ejusdem

2115 2360 2431 2417 Philocaliw
2464 2380 2686 2419 nonum.
2721 2366 2981 2436 Exiguam
3008 2366 3242 2435 denique
3275 2366 3618 2434 particulam
3652 2383 3719 2421 ex

2112 2455 2300 2509 eodeni
2329 2469 2492 2523 opere
2523 2456 2900 2510 subministrat
2930 2456 3037 2509 alio
3070 2456 3342 2526 Apologia
3387 2458 3509 2512 loco
3549 2458 3722 2513 Pam-

2114 2548 2318 2616 philus.
2351 2546 2579 2601 Tomum
2611 2564 2765 2616 vero,
2803 2551 2945 2603 unde
2974 2549 3236 2604 translata
3268 2561 3386 2615 est,
3442 2566 3559 2604 non
3622 2566 3719 2607 no.

2113 2640 2265 2696 tavit.
2300 2640 2478 2709 Atque
2511 2643 2623 2695 hzec
2654 2656 2778 2696 cum
2832 2642 3132 2713 legitimum
3171 2644 3363 2697 horum
3410 2643 3719 2699 Commen-

2115 2731 2377 2786 tariorum
2433 2742 2714 2788 auctorem
2778 2734 3165 2789 Adamantium
3226 2749 3345 2791 esse
3398 2736 3719 2792 clarissime

2114 2824 2487 2880 demonstrent
2510 2865 2526 2889 ,
2558 2840 2672 2879 non
2699 2826 2963 2880 dubitavit
2994 2836 3173 2882 tamen
3217 2828 3450 2881 novitius
3476 2831 3716 2897 quidam

2114 2917 2352 2986 scriptor
2402 2917 2770 2973 lteterodoxns
2816 2920 2915 2974 hos
2956 2920 3103 2989 ipsos
3132 2920 3186 2975 in
3230 2922 3716 2989 supposititioruni

2114 3008 2368 3079 Origenis
2393 3009 2724 3078 scriptorum
2762 3010 2963 3064 seriem
3007 3010 3315 3080 conjicere;
3357 3026 3385 3065 a
3429 3010 3719 3067 Gulielino

2114 3099 2378 3155 Perkinso
2407 3101 2648 3165 delusus,
2676 3102 2766 3170 qui
2810 3116 2915 3158 eos
2970 3103 3111 3158 male
3160 3104 3373 3175 quidem
3421 3120 3451 3157 a
3500 3103 3720 3158 Ruﬁno

2117 3204 2409 3245 conversos
2442 3190 2684 3260 scripsit,
2735 3192 2880 3260 quod
2915 3191 3254 3247 verissimum
3311 3202 3429 3259 est;
3477 3192 3717 3264 Origeni

2118 3297 2248 3337 vero
2287 3282 2425 3338 falso
2460 3296 2583 3336 esse
2611 3282 2845 3337 tributos
2876 3283 3189 3351 neutiquam
3221 3284 3496 3355 cogitavit.

2184 3374 2297 3445 (85)
2321 3373 2545 3429 Brevem
2578 3373 2700 3428 libri
2735 3374 2877 3429 tertii
2907 3375 2963 3426 in
2999 3371 3288 3442 Epistulam
3325 3374 3393 3426 ad
3421 3375 3723 3431 Coloneu-

2109 3480 2190 3519 res
2218 3465 2496 3529 laciniam,
2547 3475 2603 3521 et
2656 3466 2791 3520 alias
2845 3465 2967 3520 libri
2993 3466 3045 3518 in
3070 3463 3370 3534 Epistulam
3405 3467 3476 3519 ad
3524 3465 3719 3521 Titan

2110 3664 2423 3720 ronymum,
2452 3649 2636 3704 libros
2659 3648 2797 3717 Περὶ
2834 3648 3056 3717 ἀρχῶν,
3095 3648 3382 3720 pluresque
3406 3646 3549 3703 alios
3586 3664 3619 3702 a
3653 3663 3718 3703 se

2113 3718 2403 3773 translatos
2448 3720 2614 3774 fuisse
2680 3721 2821 3773 ultro
2861 3731 2917 3773 et
2978 3730 3166 3787 aperte
3224 3718 3461 3781 fatetur,
3521 3728 3585 3772 et
3658 3722 3717 3775 in

2104 3804 2198 3844 sua
2249 3791 2591 3858 peroratione
2642 3789 2693 3842 in
2748 3790 2886 3844 hanc
2940 3790 3004 3841 ad
3072 3790 3344 3843 Romanos
3398 3789 3717 3858 EpiStolain

2102 3862 2342 3930 omnium
2388 3860 2634 3930 Origenis
2658 3858 3151 3913 in'PentateucItum
3173 3900 3187 3924 ,
3228 3860 3283 3911 in
3315 3858 3711 3930 JesuniNau,

2103 3933 2160 3983 in
2188 3929 2425 3993 Judicet,
2450 3929 2504 3984 et
2538 3932 2588 3983 in
2628 3931 2891 3999 quosdam
2936 3930 3175 3997 psalmos
3221 3929 3713 3983 elucubrationutn

2107 4001 2453 4069 interpretem
2501 4001 2634 4055 satis
2689 4014 2808 4054 sese
2858 4001 3177 4067 proﬁtetur,
3243 4015 3365 4053 cunt
3427 4000 3718 4067 promittit

2111 4070 2309 4123 ibidem
2342 4085 2461 4124 sese
2513 4085 2905 4124 conversurum
2942 4070 3235 4124 Clementis
3281 4069 3449 4123 libros
3475 4110 3491 4135 ,
3524 4072 3710 4137 quod,

2112 4140 2196 4192 vel
2237 4139 2428 4194 Huetio
2453 4140 2665 4209 judice,
2711 4156 2740 4193 a
2785 4138 2982 4194 Ruﬁno
3034 4138 3239 4193 factum
3288 4154 3405 4193 esse
3453 4154 3710 4209 constat,

2113 4224 2220 4265 non
2252 4210 2321 4263 ab
2353 4208 2705 4280 Hieronymo.
2736 4210 2828 4271 At,
2851 4210 3037 4280 inquit
3085 4209 3415 4280 Huetius,in
3457 4208 3712 4264 Perora-

2114 4284 2256 4333 tione
2281 4281 2348 4334 ad
2378 4279 2681 4335 Heractium
2710 4281 2792 4335 bis
2821 4279 3176 4349 Hieronymus
3202 4279 3356 4347 quasi
3408 4279 3571 4346 hujus
3622 4283 3715 4333 in-

2113 4357 2320 4419 terpres
2345 4366 2374 4403 a
2410 4350 2606 4405 Rufino
2636 4352 2821 4405 dolose
2854 4353 3185 4403 nominatur.
3233 4350 3309 4404 lta
3352 4353 3576 4418 quidem
3624 4352 3711 4419 le-

2112 4418 2392 4488 guntediti
2430 4420 2771 4484 antea'libri,
2814 4422 2909 4473 sed
2954 4420 3327 4483 librariorum,
3368 4436 3473 4473 non
3514 4418 3706 4473 Ruﬁni

2111 4490 2325 4543 vafritie
2347 4489 2547 4543 factum
2580 4490 2707 4544 illud
2734 4504 2853 4544 esse
2874 4491 3163 4545 contendo.
3198 4492 3253 4545 Si
3281 4491 3424 4544 enim
3448 4490 3703 4559 genuina

2038 4599 2080 4653 υ
2110 4558 2225 4653 ἔξω
2253 4559 2606 4653 ἳεεὸιῐξεῳο,
2634 4576 2828 4653 omnes:
2852 4558 3488 4653 nianps-cAriptiﬂcodit-es,
3524 4562 3703 4653 etiarn

2112 4631 2184 4684 illi
2258 4632 2350 4700 qui
2405 4630 2676 4700 Ruﬁnum
2741 4630 2899 4698 hujus
2983 4633 3445 4699 interpretationis
3505 4644 3707 4684 auuo-

2113 4715 2220 4754 rein
2266 4699 2590 4770 agnoscunt,
2643 4699 2953 4770 Hieronymi
3003 4716 3199 4754 nomen
3238 4709 3547 4770 servarent.
3594 4703 3703 4753 At-

2109 4772 2197 4838 qui
2233 4768 2409 4823 tamen
2450 4772 2664 4825 codices
2695 4768 2863 4825 nostri
2912 4769 3224 4840 llicroaymi
3270 4772 3389 4824 loco
3434 4768 3703 4822 R'utinuui

2110 4843 2308 4909 ubique
2336 4843 2650 4904 restituunt,
2677 4852 2732 4894 et
2764 4842 2833 4893 ita
2881 4840 3162 4908 legendum
3215 4855 3337 4897 esse
3382 4842 3704 4894 certissime

2108 4912 2485 4964 demonstrant
2512 4921 2624 4963 tum
2662 4912 2782 4964 libri
2815 4910 3085 4978 Origenis,
3121 4920 3231 4962 tum
3254 4912 3376 4964 libri
3394 4912 3703 4965 Clemean

2108 4981 2305 5034 ibidem
2346 4981 2647 5043 memorati,
2680 4996 2815 5049 quos
2857 4999 2885 5033 a
2933 4980 3130 5034 Ruﬁno
3187 4996 3484 5035 cornersos
3531 4981 3705 5034 fuisse

2108 5060 2337 5104 constat.
2374 5052 2613 5118 Denique
2642 5052 2689 5103 si
2716 5062 2824 5103 tam
2862 5060 3045 5119 aperte
3091 5049 3481 5120 Hieronymum
3534 5052 3700 5119 quasi

2112 5121 2270 5189 hujus
2314 5122 2495 5189 operis
2538 5128 2885 5188 interpretem
2937 5120 3309 5174 fraudulenter
3355 5122 3704 5189 designasset

2106 5188 2379 5257 Ruﬁnus;
2412 5191 2653 5259 nunquid
2687 5194 2827 5244 banc
2870 5189 3137 5244 fallaciam
3161 5188 3703 5258 ignorasset’Hiero-

2105 5263 2332 5329 nymns?
2385 5261 2628 5329 nunquid
2683 5277 2787 5313 non
2824 5260 3212 5314 reclamasset?
3246 5260 3400 5315 Unde
3442 5261 3501 5314 ﬁt
3531 5264 3703 5327 igitur

2104 5341 2163 5383 ut
2192 5342 2412 5384 sanctus
2454 5334 2643 5383 doctor
2674 5333 2764 5400 qui
2803 5348 2867 5384 ne
2911 5331 3193 5383 minimum
3225 5332 3447 5400 quidem
3494 5330 3699 5400 Rufino

2104 5401 2452 5463 condonavit,
2480 5402 2618 5453 lianc
2642 5399 2886 5453 fraudem
2909 5412 3087 5453 tamen
3116 5399 3301 5454 nulltbi
3332 5399 3699 5454 criminetur?

2102 5471 2274 5523 Nolim
2305 5486 2437 5540 ergo
2468 5472 2717 5523 Rulinunt
2760 5470 2917 5536 hujus
2969 5471 3169 5524 dolosa:
3220 5473 3359 5524 artis
3400 5485 3692 5533 accusare,

2100 5556 2262 5609 quant
2292 5559 2390 5595 nec
2436 5544 2548 5607 ipse
2579 5557 2787 5610 uspiam
2824 5540 3000 5609 arguit
3046 5540 3441 5610 Hieronymus,
3477 5556 3577 5594 nec
3610 5543 3695 5592 ul-

2101 5613 2185 5663 lus
2213 5612 2350 5663 alius
2386 5624 2581 5678 praster
2629 5612 2881 5664 Huetiunt
2933 5625 3044 5663 :ac
3097 5612 3322 5679 proinde
3364 5614 3541 5679 magis
3594 5614 3691 5662 ad-

2102 5684 2280 5734 lncreo
2317 5683 2522 5734 Erasmi
2555 5682 2859 5743 sententiae,
2888 5681 2978 5749 qui
3013 5681 3285 5749 mangonii
3317 5681 3571 5734 librarios
3605 5682 3689 5732 in-

2099 5754 2379 5815 simulatis,
2418 5753 2481 5803 ad
2517 5764 2790 5820 emptores
2812 5752 3129 5805 alliciendos
3170 5761 3492 5820 prseteritqu
3526 5752 3592 5804 ab
3620 5751 3689 5806 iis

2102 5820 2413 5891 Hieronymi
2452 5838 2645 5878 nomen
2681 5824 2999 5874 arbitratur.

2171 5891 2284 5960 (85)
2307 5889 2529 5945 Brevem
2554 5892 2678 5945 libri
2709 5892 2849 5946 tertii
2876 5892 2927 5946 in
2955 5889 3255 5961 Epistulam
3290 5892 3358 5947 ad
3388 5890 3683 5947 Colossea-
