3926 6510
242 439 370 495 I229

1076 434 1647 493 ORIGENIANORUM
1686 435 1815 491 LIB.
1854 432 1942 499 III,
1983 433 2132 491 CAP.
2169 434 2234 499 II,
2278 433 2467 489 SECT.
2508 435 2598 489 IV.

3354 438 3486 493 1230

241 555 517 613 nommllas
544 555 871 627 Apologetico
899 570 996 610 suo
1051 555 1361 625 Pamphilus
1416 555 1645 611 infulsit.
1675 554 1798 609 Ilie-
1828 561 1873 615 Α
1902 556 2077 615 suris;
2107 552 2264 621 hujus
2290 553 2559 621 prmeipue
2592 552 2812 621 vestigia
2848 554 3096 623 persequi
3141 554 3312 610 decet.
3358 557 3485 610 Col-

243 664 497 720 ronynius
526 649 579 702 in
622 647 858 718 EpistoIa
911 648 975 701 ad
1004 645 1326 703 Minervium
1351 657 1405 702 et
1442 647 1807 702 Alexandrum

247 740 602 807 fragmentum
654 736 813 790 all'ert
859 750 891 790 e
951 738 1111 789 tertio
1150 734 1425 790 volumine
1478 734 1812 806 ὲξηγηματι-

240 831 343 884 κῶν
411 828 663 897 Origenis
717 829 771 880 in
830 826 861 880 Ι
905 826 973 879 ad
1031 825 1533 881 Thessalonicenses.
1592 826 1673 881 Ex
1723 828 1811 880 lio-

241 921 395 974 tuiliis
432 920 490 973 in
520 919 820 984 I'Ipistolam
870 918 937 970 ad
988 917 1239 972 Hebraeos
1290 918 1517 986 paucula
1562 918 1807 985 quaedam

240 1012 513 1081 descripsit
547 1012 813 1067 Eusebius
849 1011 974 1066 libr.
1006 1026 1056 1065 vt
1094 1009 1323 1075 Histor.,
1371 1024 1492 1080 cap.
1534 1009 1625 1065 25.
1662 1008 1808 1063 Iudi-

237 1104 349 1155 dem
388 1104 644 1157 nonnulla
674 1102 829 1158 all'ert
866 1101 1179 1172 Pamphilus
1224 1101 1458 1157 diversis
1487 1099 1808 1170 Apologetici

238 1194 313 1247 sui
361 1195 513 1248 locis.

301 1285 465 1340 Multa
494 1294 760 1355 praeterea
788 1299 819 1339 e
851 1283 1019 1339 variis
1048 1282 1302 1353 Origeuis
1339 1276 1808 1338 lucubrationibus

240 1377 529 1449 fragmenta
560 1388 771 1433 catente
805 1376 1260 1443 subministrant;
1306 1376 1402 1429 sed
1446 1390 1620 1445 neque
1660 1375 1808 1430 locos

212 1470 371 1524 .uude
396 1468 485 1523 illa
522 1471 684 1539 petita
713 1478 840 1524 sunt
862 1469 1141 1536 indicant;
1176 1485 1277 1524 nec
1307 1478 1454 1525 certa
1477 1480 1559 1523 est
1589 1478 1809 1525 catena-

240 1576 351 1616 rum
382 1562 535 1624 ﬁdes,
569 1573 628 1616 ut
659 1561 965 1615 monuimus
991 1559 1139 1616 alibi.
1174 1560 1513 1631 Quapropter
1533 1560 1807 1631 fragmen-

240 1662 408 1708 torutn
432 1668 553 1723 quae
586 1671 651 1711 ex
678 1654 743 1707 iis
772 1653 1009 1722 profecta
1047 1662 1194 1720 sunt,
1227 1653 1427 1707 nullam
1475 1653 1562 1708 hic
1596 1654 1804 1708 baben-

240 1746 355 1798 dam
382 1746 648 1799 rationem
674 1745 948 1799 duximus.
982 1744 1058 1798 Ex
1090 1744 1156 1799 iis
1185 1754 1361 1799 autent
1386 1756 1656 1815 excerpta:
1677 1755 1806 1801 sunt

240 1836 413 1890 multa:
441 1834 695 1904 Origenis
736 1837 790 1890 in
829 1836 1008 1891 varios
1047 1836 1344 1904 Scriptura
1390 1836 1558 1892 Iibros
1604 1837 1803 1908 ἐξηγή-

240 1943 368 1990 σεις,
402 1941 523 1996 quae
556 1928 609 1981 in
644 1927 912 1982 Vaticana:
963 1927 1303 1983 bibliothecas
1350 1928 1611 1998 catalogis
1654 1944 1804 1985 com-

240 2032 508 2073 inemoran
518 2027 570 2071 ῑυ
579 2033 625 2071 1⁵.

832 2107 1075 2166 SECTIO
1121 2109 1207 2164 IV.

307 2216 373 2255 DE
399 2217 648 2257 ORIGENIS
675 2218 972 2257 TE'I'IIAPLIS
990 2244 1006 2267 ,
1032 2218 1289 2259 BEXAPLIS
1334 2218 1402 2258 ΕΤ
1435 2219 1714 2261 OC'I‘AI‘LIS.

1912 644 2115 715 legerat
2184 645 2295 714 jam
2370 654 2496 698 ante
2575 644 2932 699 Adamantius
3004 644 3485 715 interpretationes

1912 733 2208 802 Scripturaa
2237 750 2265 787 a
2301 733 2620 789 Senioribus
2646 733 3019 804 Septuaginta,
3046 735 3239 805 Aquila
3259 775 3276 801 ,
3300 734 3483 791 Theo-

1911 826 2127 880 d0tione
2175 836 2227 881 et
2261 825 2585 897 Symmacho
2625 826 2993 881 elucubratas.
3045 827 3298 893 Quintam
3342 843 3483 900 prat-

1912 924 2059 969 terea
2092 925 2147 970 et
2172 928 2379 972 sextam
2423 916 2716 972 editionem
2758 918 3100 973 commodum
3140 930 3332 974 nactus
3372 930 3481 986 est,

1908 1019 2045 1072 quas
2084 1004 2136 1058 in
2183 1004 2392 1075 angulis
2450 1006 2769 1075 quibusdam
2831 1007 3076 1062 occultas
3122 1008 3480 1080 investigasse

1908 1094 2085 1165 ipsum
2113 1104 2171 1150 et
2208 1097 2260 1150 in
2293 1095 2466 1151 lucem
2497 1097 2732 1152 edidisse
2763 1098 2955 1153 scribit
2988 1098 3277 1154 Eusebius.
3303 1101 3478 1155 Atha-

1910 1185 2091 1240 nasius
2124 1200 2253 1240 vero
2286 1186 2340 1239 in
2382 1184 2607 1255 Synopsi
2643 1188 2787 1241 docet
2823 1187 2936 1259 (86)
2986 1191 3283 1259 imperante
3307 1191 3481 1246 Cara-

1908 1275 2067 1341 calla,
2094 1278 2146 1330 in
2174 1277 2332 1333 doliis
2360 1276 2712 1333 Hierichunte
2741 1290 3009 1350 repertam
3044 1282 3208 1337 fuisse
3231 1284 3477 1353 quintam

1906 1381 1937 1421 a
1964 1367 2205 1421 studioso
2241 1367 2474 1436 quodam
2518 1383 2583 1423 ex
2634 1370 2700 1425 iis
2738 1370 2829 1439 qui
2891 1382 3045 1425 erant
3090 1372 3475 1446 Jerosolyniaa;

1904 1468 2112 1513 sextam
2156 1474 2287 1514 vero
2323 1459 2757 1523 sub‘Alexandro
2796 1462 3091 1519 Mammaea:
3134 1465 3375 1536 Nicopoli
3408 1470 3476 1522 atl

1903 1549 2118 1604 Actium
2146 1565 2176 1604 a
2213 1552 2447 1622 quodam
2487 1553 2736 1622 Origenis
2763 1555 3045 1625 discipulo.
3093 1556 3237 1612 Idem
3278 1574 3477 1629 prope-

1905 1644 2121 1697 modum
2175 1644 2337 1698 habet
2368 1644 2699 1714 Epiphanius
2748 1650 2803 1701 in
2853 1647 2997 1703 libro
3047 1649 3123 1703 De
3163 1653 3381 1718 ponder.
3422 1660 3476 1707 et

1903 1747 2092 1798 meus.,
2118 1747 2238 1799 cap.
2277 1733 2366 1798 18,
2398 1734 2653 1804 additque
2698 1736 2934 1805 priorem
2969 1752 3001 1793 e
3036 1741 3273 1795 tenebris
3305 1740 3477 1800 fuisse

1902 1832 2111 1878 erutam
2142 1825 2371 1894 septimo
2398 1823 2693 1881 Caracallae
2722 1842 2885 1882 anno.
2920 1828 3147 1884 Fallitur
3171 1830 3472 1902 Cedrenus,

1901 1915 1992 1986 qui
2022 1925 2310 1985 utramque
2342 1915 2691 1973 Hierichunte
2716 1918 2989 1975 iuventam
3018 1920 3182 1977 fuisse
3212 1934 3416 1979 narrat.

1971 2007 2046 2061 Ex
2076 2007 2142 2062 iis
2166 2022 2261 2062 sex
2292 2008 2828 2075 interpretationibus
2847 2049 2862 2074 ,
2902 2019 2958 2065 et
2993 2008 3260 2067 Hebraico
3282 2027 3469 2068 exem-

1900 2099 2057 2169 plari,
2122 2097 2366 2167 Tetrapla
2391 2114 2527 2165 sua,
2576 2099 2815 2169 Hexnpla
2855 2112 2908 2157 et
2964 2103 3185 2172 Octapla
3214 2104 3472 2175 Origenes

1900 2191 2264 2247 concinnavit.
2296 2189 2408 2261 (87)
2433 2193 2512 2247 Ac
2532 2190 2785 2261 [Tetrapla
2806 2194 3043 2262 quidem,
3072 2210 3190 2264 qua:
3215 2195 3471 2268 Hexaplt's

234 2290 270 2349 L
308 2292 630 2361 Proponitur
654 2293 938 2365 Epiphanii
959 2296 1218 2349 sententia
1246 2298 1309 2348 de
1336 2294 1583 2365 Origenis
1611 2298 1800 2352 Tetra-

1907 2294 2085 2339 tamen
2141 2293 2383 2352 tempore
2427 2285 2727 2353 posteriora
2777 2286 3016 2353 fuerunt,
3061 2298 3291 2358 quatuor
3341 2305 3473 2347 con-

298 2365 422 2432 plis,
462 2367 714 2436 Hexaplis
736 2376 789 2436 et
829 2363 1087 2435 OCtaplis.
1121 2366 1184 2422 Il.
1208 2363 1476 2419 Asseritur
1500 2371 1794 2436 propositus

296 2436 521 2507 duarum
548 2433 931 2507 llebraicarum
971 2433 1345 2489 columnarum
1374 2437 1429 2490 in
1467 2433 1719 2507 Hexaplis
1748 2448 1796 2491 et

294 2502 537 2577 Octaplis
564 2505 848 2577 situs.Alll.
892 2504 1163 2577 Quttgt'tur
1202 2522 1365 2574 quare
1410 2508 1479 2577 ini
1504 2502 1793 2577 Tetraplis,

296 2574 554 2644 Hesaplis
609 2584 659 2628 et
723 2574 957 2645 Octaplis
998 2574 1404 2629 Thcodotionem
1449 2574 1797 2645 Symmachus

294 2646 641 2714 praeesserit.
706 2644 794 2699 IV.
846 2644 1201 2713 Investigatur
1248 2661 1393 2714 mens
1469 2644 1685 2701 Eusebii
1733 2650 1797 2702 de

296 2714 590 2783 Tetraplis,
647 2715 894 2784 lIexaplis
919 2728 963 2769 et
996 2714 1254 2784 Octaplis.
1289 2713 1354 2767 ν.
1381 2714 1557 2769 Unum
1584 2728 1631 2770 et
1661 2718 1797 2771 idem

294 2801 425 2853 opus
448 2787 660 2853 fuerunt
690 2784 922 2855 Hexapla
953 2796 1001 2839 et
1039 2785 1280 2856 Octapla.
1315 2786 1397 2842 Vl.
1430 2786 1513 2839 Ex
1556 2790 1797 2854 superio-

292 2856 442 2927 ribus
462 2858 838 2927 ferendarum
888 2857 1168 2909 multorum
1194 2872 1427 2927 gerrores
1479 2868 1796 2927 arguuntur.

293 2924 409 2980 VII.
455 2924 759 2979 Editionem
789 2926 1139 2994 Interpretum
1180 2924 1561 2995 Septuaginta;
1597 2943 1715 2995 quae
1741 2928 1799 2982 in

294 2995 552 3063 Ilexaplis
594 2996 910 3059 habebatur,
958 2997 1252 3058 asteriscis,
1284 2998 1482 3056 obelis.
1538 2999 1797 3051 lemniscis

294 3077 342 3121 et
388 3065 783 3134 hypolemniscis
822 3066 1087 3135 Origenes
1114 3066 1377 3119 distinxit.
1428 3064 1496 3118 Ei
1544 3078 1797 3134 prtrterea

293 3152 417 3206 qua:
439 3147 548 3206 er_at
571 3134 929 3206 ἱη-Ίζᾳιτθριὶς
948 3134 1145 3188 scholia
1177 3135 1391 3203 adjecit.
1432 3135 1560 3189 VIII.
1590 3135 1799 3190 Editio-

296 3203 415 3260 nem
441 3203 562 3261 τῶν
593 3204 648 3257 0⁸
680 3203 935 3273 Hexaplis
965 3208 1216 3259 intextam
1257 3206 1596 3259 emendarunt
1630 3206 1797 3262 Euse-

297 3279 414 3329 bius
464 3287 511 3327 et
562 3274 905 3343 Pamphilus,
932 3285 980 3329 et
1019 3277 1173 3340 primi
1219 3277 1795 3345 seorsumivulgarunt.

296 3345 434 3400 Inde
462 3347 654 3412 triplex
679 3348 768 3399 illo
791 3355 1014 3412 tempore
1040 3347 1198 3398 editio
1224 3344 1425 3407 τῶνα,
1453 3344 1797 3414 Origenittna,

295 3416 604 3470 Eusebiana
650 3426 698 3470 et
748 3415 941 3481 κοινή.
984 3415 1074 3471 IX.
1112 3415 1312 3469 Eadem
1352 3418 1564 3469 circiter
1608 3428 1800 3485 tempe-

298 3496 432 3542 state
459 3486 678 3558 κοινὴν
702 3488 937 3558 resarcit_
961 3485 1220 3558 Lucittnus
1241 3526 1256 3547 ,
1291 3487 1506 3558 resarcit
1539 3496 1591 3558 et
1624 3486 1801 3558 Hesy-

297 3558 467 3611 chius.
518 3556 661 3609 Hinc
699 3556 1004 3625 quintuplex
1052 3554 1170 3609 τῶν
1195 3559 1250 3608 0'
1295 3556 1476 3609 editio.
1537 3556 1603 3609 Χ.
1659 3554 1798 3613 Suas

301 3643 504 3697 quoque
545 3627 796 3679 editiones
859 3628 1119 3679 asteriscis
1170 3636 1218 3679 et
1269 3627 1426 3679 obelis
1465 3627 1803 3697 discrimina-

301 3696 421 3750 runt
451 3696 720 3749 Lucitmus
771 3708 818 3749 et
864 3697 1184 3764 Hesychius;
1232 3705 1287 3749 ut
1324 3707 1371 3748 et
1400 3713 1552 3751 suam
1598 3696 1717 3751 τῶν
1746 3698 1802 3752 0’

300 3768 783 3834 interpretationem
832 3765 1209 3835 Hieronymus.
1252 3766 1553 3832 lnquinutte
1596 3779 1717 3822 sunt
1756 3781 1805 3825 et

296 3833 492 3890 vitiata:
512 3837 784 3889 hodierna:
804 3852 978 3889 omnes
1003 3833 1124 3888 τῶν
1154 3833 1210 3888 0'
1235 3838 1511 3891 editiones.

296 3929 334 3983 I.
361 3930 606 3998 Agamus
624 3925 738 3993 jam
761 3924 827 3980 de
858 3925 1131 3996 Tetraplis,
1160 3926 1411 3997 Hexaplis
1442 3938 1498 3983 et
1549 3930 1805 3999 Octaplis.

231 4021 679 4093 Origenianorum
731 4033 950 4088 Operum
1013 4020 1252 4074 omnium
1343 4021 1691 4078 nobilissimis
1755 4033 1811 4079 et

233 4110 620 4166 laudatissimis
652 4124 666 4161 :
695 4123 921 4178 quorum
953 4109 1217 4162 rationem
1243 4121 1363 4161 cum
1397 4111 1807 4165 accuratissime

231 4201 559 4271 Epiphanius
590 4200 869 4255 tradiderit
901 4199 952 4252 in
976 4199 1112 4252 libro
1130 4196 1205 4253 De
1230 4198 1550 4267 ponderibus
1584 4209 1632 4253 et
1657 4215 1803 4253 men-

230 4401 315 4441 ses
342 4387 618 4439 laciniam.
658 4383 977 4454 Fragmenta
1037 4384 1281 4454 quaedam
1309 4397 1373 4437 ex
1399 4381 1552 4436 libris
1592 4382 1645 4435 in
1675 4382 1800 4447 Epi-

231 4459 411 4509 stolam
440 4462 509 4508 ad
566 4454 827 4518 Galatas,
872 4455 1121 4523 aliudque
1166 4453 1413 4523 Origeuis
1462 4464 1798 4523 segmentum

231 4526 626 4607 in.Epis'tolant
664 4526 749 4607 πρά
820 4522 1174 4607 l’hilenwnent
1235 4522 1800 4607 Ρρξιιριξίιὶβροιρρὶςι

230 4591 631 4650 subministrat.
664 4591 1043 4661 Fragmentum
1071 4594 1233 4646 etiam
1271 4593 1388 4645 libri
1424 4594 1566 4646 tertii
1601 4592 1653 4644 in
1678 4591 1801 4658 Epi-

228 4668 411 4719 stolam
440 4675 509 4717 att
552 4664 802 4731 Ephesios
838 4666 1003 4717 refert
1028 4661 1380 4732 llierouyuius
1407 4662 1499 4716 lib.
1540 4676 1555 4715 t
1581 4665 1797 4731 Apolog.

230 4739 477 4789 adversus
508 4734 781 4801 Ruﬁnum.

297 4806 409 4875 (86)
450 4800 753 4871 Imperante
788 4801 1108 4875 Caracalla,
1142 4803 1197 4875 in
1234 4802 1410 4875 doliis_
1438 4800 1800 4875 Hierichunte,

228 4871 325 4928 etc.
359 4871 437 4929 Ea
468 4878 586 4941 ipsa
623 4883 708 4925 est
745 4874 929 4942 procul
960 4874 1118 4942 dubio
1146 4874 1211 4926 de
1242 4888 1347 4941 qua
1373 4873 1635 4926 Eusebius
1666 4871 1805 4924 Hist.

231 4946 317 4998 lib.
349 4962 399 4999 vn
433 4939 558 5012 cap.
602 4944 686 5005 l6,
724 4939 843 4996 Ἐπὶ
874 4939 1181 5014 μιᾶςναῦθις
1216 4939 1610 5014 σέσημείωτᾳι·
1643 4942 1717 5006 ὡς
1753 4944 1809 4994 ὲν

240 5015 455 5087 Ἰερςχοί
489 5014 805 5091 εὑρημένης
842 5016 917 5090 ἐξ
940 5013 1079 5088 πηίθῳ
1119 5012 1258 5086 κατᾲ
1284 5012 1409 5076 τοῦς
1436 5012 1659 5084 χρόνους
1691 5014 1809 5065 Ἀν-

1898 2373 2114 2428 stabant
2160 2373 2487 2429 editionibus
2530 2390 2627 2445 per
2646 2376 3251 2448 columnastlispositis,
3296 2382 3470 2450 prima

1894 2464 2124 2535 Aquilae.
2161 2468 2399 2520 secunda
2431 2466 2762 2537 Symmachi,
2798 2469 2955 2523 tertia
2985 2468 3339 2540 Septuaginta
3372 2472 3471 2527 Se-

1896 2571 2047 2623 num,
2090 2566 2145 2611 et
2175 2568 2450 2626 postrema
2489 2558 2705 2612 demum
2750 2557 3151 2617 Theodotiouis.
3196 2560 3471 2633 Interpre-

1900 2650 2153 2703 tatiouetn
2177 2646 2281 2701 τῶν
2306 2650 2359 2701 0'
2392 2648 2553 2703 tertio
2576 2648 2693 2703 loco
2723 2648 2919 2718 posuit,
2951 2660 3009 2704 ut
3039 2651 3105 2704 ad
3129 2665 3247 2706 eam
3266 2692 3283 2719 ,
3311 2666 3474 2720 quam

1897 2742 2137 2796 omnium
2179 2742 2531 2796 existimabat
2571 2755 2693 2796 esse
2733 2742 3225 2811 accuratissimam,
3254 2744 3475 2814 reliqua

1896 2833 2107 2888 facilius
2146 2833 2290 2903 exigi
2338 2842 2394 2888 et
2446 2832 2748 2888 examinari
2797 2844 3039 2903 possent.
3089 2835 3345 2907 Hexaplis
3389 2837 3475 2894 Ita)

1898 2926 2026 2994 ipsze
2061 2926 2528 2992 interpretationes
2558 2936 2817 2995 quatuor.
2850 2926 3039 2981 eodem
3074 2929 3267 2983 ordine
3307 2928 3475 2983 collo-

1898 3027 2053 3081 catae,
2073 3031 2194 3071 cum
2221 3014 2487 3069 Hebraieo
2517 3015 2834 3084 exemplari,
2877 3015 3159 3071 Hebraicis
3200 3018 3474 3086 descripto

1898 3107 2114 3173 litteris,
2146 3118 2200 3162 et
2229 3109 2418 3161 eodem
2441 3106 2644 3162 Graecis
2678 3108 3092 3163 characteribus
3119 3119 3313 3163 exacto
3343 3124 3474 3163 con-

1901 3195 2235 3251 tinebantur.
2262 3192 2422 3249 Prior
2451 3197 2772 3250 occurrebat
2800 3196 3048 3251 columna
3074 3196 3343 3254 Ilebraica
3371 3198 3477 3254 Ile-

1900 3287 2084 3341 braice
2106 3286 2352 3355 depicta;
2383 3296 2437 3339 at
2463 3301 2582 3354 quae
2623 3296 2935 3342 contextum
2976 3287 3296 3344 Hebraicum
3326 3289 3478 3347 Gras-

1901 3375 1981 3430 cis
2004 3386 2286 3430 exaratum
2306 3376 2500 3431 litteris
2521 3376 2834 3444 exhibebat,
2857 3378 3289 3448 interpretationi
3313 3384 3477 3452 Aqui-

1902 3465 1971 3521 Ite
2021 3466 2267 3536 proxime
2312 3467 2765 3538 conjungebatur.
2819 3469 3110 3540 Subjuucta
3154 3480 3332 3526 autem
3358 3481 3481 3543 post

1906 3571 2004 3612 sex
2033 3556 2156 3611 illas
2200 3556 2479 3611 columnas
2530 3558 2943 3615 Hierichuntiua
2991 3561 3263 3627 editione,
3316 3578 3481 3633 quam

1831 3640 1876 3701 C
1906 3649 2148 3718 quintam
2194 3648 2485 3718 appellavit
2529 3651 2824 3719 Origenes,
2874 3662 2930 3707 et
2980 3653 3188 3708 numeri
3244 3655 3482 3724 quinarii

1914 3750 2041 3795 nota
2065 3746 2106 3792 ε’
2136 3740 2450 3810 insignivit;
2486 3750 2540 3796 et
2586 3752 2706 3812 post
2736 3742 3199 3798 IIiericbuntinam
3247 3745 3474 3815 Nicopo-

1918 3831 2106 3898 Iitana,
2141 3850 2303 3904 quam
2346 3834 2557 3887 vocavit
2599 3845 2841 3898 sextam,
2869 3844 2923 3888 et
2947 3835 3202 3907 ἐπισήμῳ
3230 3834 3285 3900 ς’
3325 3846 3482 3891 nota-

1916 3926 2012 3992 vit,
2049 3926 2272 3996 Octapla
2301 3927 2657 3983 exsistebanl.
2696 3926 2820 3983 Haec
2843 3927 2956 3983 fere
3003 3929 3333 3997 Epiphanius
3364 3927 3484 3983 loco

1914 4018 2169 4073 laudato:
2204 4033 2323 4086 qua:
2374 4027 2433 4071 ut
2464 4018 2692 4072 clariora
2750 4018 2896 4082 sint,
2939 4018 3166 4087 primam
3209 4018 3483 4075 Geneseos

1912 4123 2133 4171 vocem,
2209 4118 2366 4177 prout
2418 4110 2470 4163 in
2532 4108 2787 4175 Tetraplis
2830 4109 3080 4179 llexaplis
3146 4126 3200 4164 et
3245 4111 3481 4180 Octaplis

1912 4200 2166 4269 disposita
2193 4201 2311 4265 fuit,
2348 4201 2716 4270 depingemus.

1902 4382 2125 4435 τωνίνου
2170 4380 2263 4435 τοῦ
2316 4381 2435 4453 uiget}
2479 4382 2741 4453 Σεόήρου.
2802 4400 2821 4433 t
2867 4381 3077 4437 Rursus
3114 4382 3187 4453 in,
3218 4382 3483 4453 principio

1904 4455 2060 4507 IIIII'JS
2088 4454 2293 4507 notavit
2329 4451 2638 4523 (Origenes)
2665 4455 2937 4507 inventam
2987 4453 3134 4507 illam
3166 4452 3331 4507 fuisse
3360 4451 3482 4523 Hie-

1904 4524 2156 4576 riehuute
2186 4523 2238 4576 iu
2273 4523 2417 4577 dolio
2454 4522 2785 4592 tempOribus
2834 4524 3099 4577 Antonini
3142 4522 3477 4592 (Caracallte)

1901 4593 1989 4660 qui
2020 4594 2205 4647 Severi
2240 4593 2379 4647 [ilius
2409 4593 2528 4648 luit.
2574 4611 2593 4643 ι

1973 4661 2087 4733 (87)
2126 4663 2202 4716 Ac
2224 4662 2473 4733 Tetrapla
2489 4664 2696 4733 quidem
2713 4701 2727 4724 ,
2753 4678 2869 4731 qute
2888 4660 3141 4733 IIexaplis
3162 4672 3334 4716 tamen
3352 4671 3483 4715 tem-

1908 4731 2030 4801 pore
2058 4735 2345 4801 posteriora
2370 4731 2868 4800 [uerrinLTetraplis
2909 4731 3147 4799 Hexapla
3181 4733 3484 4801 posteriora

1914 4802 2078 4856 fuisse
2108 4805 2307 4856 evincit
2342 4804 2402 4855 D.
2434 4805 2738 4856 Bernardus
2780 4803 2844 4854 tle
2874 4801 3215 4855 Moutfaucon
3268 4802 3320 4853 in
3371 4800 3484 4853 suis

1915 4814 2078 4856 luisse
2108 4816 2307 4857 evmcn
2342 4814 2402 4855 υ.
2434 4814 2738 4856 Bernartius
2780 4814 2844 4854 tte
2874 4814 3215 4855 mouttaucon
3268 4816 3320 4853 ttt
3371 4814 3485 4853 stus

1915 4872 2372 4926 Prtelitniuaribtts
2389 4872 2455 4925 ad
2481 4871 2719 4938 Hexapla
2742 4871 3009 4938 Origcnis,
3035 4884 3153 4938 cap.
3180 4872 3233 4934 1,
3254 4884 3403 4923 num.
3428 4868 3485 4935 3,

1918 4958 2037 5011 pag.
2074 4942 2125 4996 9.
2161 4940 2505 5013 (Patrologia:
2533 4937 2689 5009 hujus
2723 4950 2759 4994 t.
2792 4937 2935 5011 XV.)
