3952 6534
380 473 511 531 1231

1647 472 1706 526 Ρ.
1748 472 1955 529 DANIF.

2063 506 2064 517 ι
2103 471 2338 531 ΗΙΙΕΤΠ
3512 478 3657 533 1232

906 611 1325 668 DIAGRAMMA
1367 612 1915 680 TETRM’LORUM,
1957 614 2439 671 IIEXAPLORUM
2485 616 2568 671 ΕΤ
2609 616 3112 675 OCTAPLORUM.

505 778 764 847 laxent-plu
828 779 1225 847 L'Exemplar]
1316 783 1513 844 Aquila.
1606 802 1615 847 ι
1706 784 1932 847 Symma-
2004 798 2012 847 ι
2076 784 2313 847 ζδιήριυει-
2390 808 2406 847 ι
2489 786 2719 834 'l‘heodo-
2779 797 2791 847 ι
2900 786 3083 845 Quinta
3180 788 3390 847 lSexta
3449 778 3590 847 edi-ﬂ

474 838 789 909 “ffbfaiwmy
828 838 837 909 I
864 838 1180 909 Περι-υἱὺμω,
1212 838 1227 909 Ι
1377 838 1393 844 ’
1606 838 1615 909 Ι
1740 838 1879 894 chus.
2003 838 2011 909 Ι
2076 838 2093 847 “
2122 838 2274 905 ginta.
2396 838 2407 909 Ι
2539 848 2658 896 lion.
2779 838 2791 909 Ι
2825 838 2978 896 editio
3034 846 3155 896 Hie—
3181 838 3189 909 I
3229 850 3298 896 tio
3326 838 3589 909 δίεσιν-ε

506 900 763 949 Hebraicis
825 900 835 959 Ι
935 902 1118 950 Graecis
1211 900 1225 959 Ι
1607 900 1615 959 |
2002 900 2011 959 Ι
2123 900 2148 905 ⁷
2396 900 2406 959 |
2779 900 3188 959 Irichuntina.|
3300 900 3483 958 litanaf
3574 900 3590 959 Ι

542 961 722 1009 litteris
825 961 835 1013 l
886 963 1153 1013 elementis

471 1030 788 1087 oescnptum.
825 1030 835 1087 Ι
878 1032 1159 1074 exaratum.

516 1164 749 1216 nava-e3
824 1155 834 1245 Ι
911 1155 1127 1228 βερεσίθ
1207 1155 1222 1245 Ι
1396 1162 1452 1243 ἐν
1496 1230 1508 1245 θ
1606 1155 1615 1245 Ι
1678 1165 1735 1216 ὲν
1790 1164 1932 1234 ἀρχῇ

2079 1168 2136 1219 ὲν
2188 1167 2348 1236 ἀρχῇ-
2398 1155 2407 1245 Ι
2466 1166 2524 1217 ὲν
2573 1166 2719 1236 ἀρχῇ
2778 1155 3096 1245 Iresidera-
3177 1155 3594 1245 I‘Desidera-E

1274 1243 1554 1303 κεφαλαίῳ
1601 1243 1614 1290 Ι

2398 1243 2409 1301 Ι
2780 1243 2791 1303 Ι
2938 1257 3037 1297 tur.
3176 1243 3188 1303 Ι
3334 1257 3431 1296 tur.
3579 1243 3596 1303 Ii

1420 1370 1445 1424 1
1795 1374 1830 1427 2
2174 1375 2209 1427 5
2569 1376 2605 1429 4

1753 1478 2253 1534 TETRAPLA.

656 1614 678 1666 1
1034 1613 1073 1666 2
1420 1614 1458 1668 3
1803 1617 1838 1670 4

2176 1619 2209 1673 5
2560 1618 2593 1674 6

1795 1731 2220 1788 HEXAPLA.

648 1875 675 1928 1
1031 1876 1072 1925 Ξ
1426 1872 1468 1925 3
1826 1873 1861 1927 4

2206 1873 2240 1927 5
2340 1923 2345 1932 ,
2591 1873 2625 1928 6
2975 1878 3007 1929 7
3327 1872 3364 1925 8

1784 1986 2207 2043 OCTAPLA.

440 2070 3591 2102 Μ

3581 955 3591 1024 ι

3584 1049 3592 1122 ἓ

3585 1131 3594 1178 ζ

3587 1179 3596 1288 l

3591 1363 3600 1420 ι

3595 1441 3601 1494 ξ

3596 1521 3604 1570 ξ

3599 1695 3604 1760 Ξ

3599 1815 3604 1842 ἓ

3596 1859 3605 1928 Ξ

3597 1935 3605 1974 ξ

437 2201 500 2255 ll.
535 2201 662 2255 lltec
711 2200 896 2265 habet,
932 2200 1156 2270 inquam
1179 2240 1195 2265 ,
1229 2199 1562 2269 Epiphanius
1606 2200 1659 2254 in
1701 2201 1841 2255 libro
1884 2200 1958 2254 De
1988 2205 2034 2262 Α
2063 2201 2314 2257 columna
2349 2203 2744 2275 conjunxisset,
2782 2204 2943 2258 aliam
2979 2204 3280 2259 columnam
3315 2202 3678 2273 oppositam,

362 2294 582 2363 ponder.
613 2303 660 2347 et
685 2309 850 2346 mens.
883 2306 1005 2360 cap.
1051 2291 1138 2356 19,
1168 2300 1537 2361 praeterquam
1565 2293 1709 2362 quod
1743 2302 1954 2361 spectat

365 2388 432 2440 ad
462 2385 840 2441 columnarum
888 2382 1289 2439 Hebraicarum
1328 2383 1493 2438 silum
1526 2399 1687 2438 :nam
1737 2400 1800 2439 ex
1834 2383 1953 2438 aliis

368 2477 693 2543 quibusdam
727 2476 1017 2546 Epiphanii
1045 2476 1180 2531 locis
1213 2475 1532 2530 existimare
1558 2476 1727 2546 possit
1752 2476 1954 2545 aliquis

366 2576 699 2622 contextum
725 2565 1052 2621 llebraicum
1090 2562 1304 2620 Graecis
1340 2574 1585 2619 aetatum
1618 2563 1954 2620 characteri-

365 2659 467 2714 bus
490 2659 675 2728 priore
708 2657 833 2712 loco
874 2657 1064 2711 fuisse.
1097 2655 1416 2726 Huiusmodi
1455 2657 1544 2711 ille
1591 2666 1676 2712 est
1714 2673 1781 2713 ex
1817 2660 1952 2714 haar.

365 2750 458 2813 64,
487 2765 609 2820 cap.
637 2749 694 2813 5,
726 2749 851 2802 ὅθεν
880 2748 943 2802 τὸ
968 2747 1183 2819 πρῶτον
1217 2748 1381 2803 αὐτοῦ
1413 2748 1689 2820 ἐπιμελῶς
1715 2750 1955 2821 ἐφιλοτι-

366 2844 579 2915 μήσατο
604 2842 929 2910 συναγαγεῖν
967 2840 1075 2894 τῶν
1097 2840 1157 2905 ἓξ
1189 2840 1514 2912 ἑρμηνειῶν,
1557 2842 1775 2908 Ἀκύλα,
1813 2842 1957 2915 Συμ-

365 2935 562 3007 μάχου,
595 2933 705 2988 τῶν
744 2950 805 2986 τε
847 2932 1248 3005 Ἐϐδομήκοντα
1288 2932 1400 2998 δύο,
1442 2935 1537 2988 καὶ
1583 2933 1954 3002 θεοδοτίωνος,

362 3028 621 3100 πέμπτης
652 3044 713 3080 τε
738 3026 831 3080 καὶ
863 3026 1026 3096 ἓκτης
1073 3024 1336 3088 ἐκδόσεως
1356 3063 1370 3089 ,
1418 3025 1557 3095 μετὰ
1599 3026 1957 3098 παραθέσεως

362 3120 598 3190 ἑκάστης
646 3118 846 3183 λέξεως
892 3115 1215 3187 Ἐὕραῖκῆς,
1264 3118 1359 3169 καὶ
1411 3116 1589 3169 αὐτῶν
1655 3117 1792 3189 ὁμοῦ
1847 3118 1956 3171 τῶν

365 3210 645 3281 στοιχείων
665 3228 677 3241 ·
711 3210 775 3262 ἐκ
805 3207 1153 3280 παραλλήλου
1175 3206 1231 3260 δὲ
1248 3208 1506 3279 ἄντικρυς
1529 3207 1759 3281 δευτέρᾳ
1790 3209 1956 3264 σελίδι

361 3298 642 3373 χρώμενος
691 3299 833 3352 κατὰ
890 3297 1138 3352 σύνθεσιν
1189 3298 1488 3370 Ἐδραῖκὴν
1540 3299 1639 3369 μὲν
1681 3302 1747 3371 τῇ
1792 3299 1954 3365 λέξει,

372 3392 696 3465 Ἑλληνικὴν
726 3392 783 3445 δὲ
841 3393 944 3460 (sic
994 3393 1138 3446 enim
1188 3391 1308 3460 lego
1357 3406 1462 3445 non
1516 3391 1832 3463 Ἑλληνικῷ)
1879 3392 1958 3463 τῷ

359 3485 649 3559 γράμματι
682 3483 878 3557 ἑτέραν
917 3483 1080 3537 πάλιν
1126 3482 1395 3552 πεποίηκε
1450 3482 1718 3537 σύνθεσιν.
1748 3503 1767 3536 t
1808 3483 1959 3540 Unde

2062 2294 2257 2351 litteris
2287 2297 2502 2366 quidem
2533 2297 2761 2360 Graecis,
2795 2297 3017 2351 vocibus
3047 2307 3229 2350 autem
3259 2294 3557 2349 Hebraicis
3578 2297 3683 2349 de-

2060 2388 2316 2457 scriptam
2345 2389 2562 2457 adjecit.
2607 2407 2626 2441 »
2668 2389 2822 2456 Quod
2860 2392 2903 2443 si
2931 2403 3023 2443 sex
3060 2388 3583 2457 interpretationes,
3618 2398 3679 2442 et

2063 2479 2387 2535 llebraieum
2420 2483 2700 2550 exemplar
2744 2481 3008 2536 llebraice
3040 2482 3297 2550 scriptum
3326 2482 3491 2534 simul
3529 2498 3678 2536 con-

2055 2571 2349 2642 junxerat;
2415 2574 2467 2628 in
2506 2574 2707 2627 extima
2760 2573 3002 2642 profecto
3041 2573 3286 2628 colunma
3331 2584 3673 2627 contextum

2064 2664 2388 2721 llebraicum
2442 2667 2759 2723 charactere
2814 2665 3006 2722 Graeco
3053 2677 3333 2721 exaratum
3397 2668 3674 2736 sequitur

2063 2756 2228 2812 fuisse
2259 2768 2543 2813 attextum.
2579 2756 2686 2815 Sed
2736 2760 2955 2829 praeﬁxa
2991 2759 3109 2813 sine
3138 2759 3297 2813 dubio
3331 2758 3504 2813 fuisse
3552 2758 3673 2813 He-

2062 2848 2246 2904 braica
2281 2847 2546 2906 llebraiee
2575 2851 2939 2921 depicta,tum
2963 2853 3205 2905 subnexa
3237 2852 3428 2907 eadem
3459 2851 3674 2907 Grece

2062 2950 2306 3007 exarata,
2343 2953 2395 2998 et
2422 2943 2694 3014 subjectus
2717 2944 2913 2999 deinde
2955 2960 3049 2999 sex
3084 2945 3576 3013 interpretationes
3599 2961 3673 2999 ex

2065 3035 2131 3091 iis
2156 3035 2446 3093 manifeste
2487 3038 2832 3092 concluditur
2858 3055 2978 3109 qnte
3011 3041 3263 3105 leguntur
3287 3040 3428 3109 apud
3458 3039 3670 3094 [lies-o-

2064 3143 2283 3199 nymum
2316 3129 2372 3182 in
2425 3128 2600 3197 Epist.
2648 3131 2715 3183 ad
2751 3129 2854 3183 Tit.
2893 3145 2986 3194 Ill,
3037 3130 3109 3192 9;
3139 3148 3158 3181 ι
3199 3131 3346 3186 Unde
3385 3140 3443 3183 et
3491 3132 3669 3186 nobis

2063 3236 2208 3275 cura:
2241 3220 2341 3276 l'uit
2363 3237 2555 3277 omnes
2587 3224 2783 3278 veteris
2816 3224 2949 3295 legis
2979 3224 3163 3286 libros,
3185 3240 3320 3294 quos
3345 3225 3429 3279 vir
3454 3226 3668 3281 doctus

2063 3314 2421 3369 Adamantius
2458 3315 2512 3370 in
2548 3314 2793 3385 Ilexapla
2830 3316 2924 3387 (ita
2971 3317 3112 3386 lege,
3150 3333 3253 3372 non
3295 3319 3572 3385 exempla,
3607 3330 3670 3374 ut

2065 3406 2245 3477 vulgo)
2284 3405 2606 3477 digesserat,
2633 3408 2699 3462 de
2720 3408 3040 3464 Caesariensi
3086 3410 3411 3464 bibliotheca
3446 3412 3671 3467 descri-

2066 3504 2188 3565 ptos
2217 3511 2284 3551 ex
2325 3497 2455 3566 ipsis
2503 3499 2835 3553 authenticis
2882 3501 3214 3564 emendare,
3255 3502 3305 3555 in
3352 3504 3560 3569 quibus
3612 3515 3673 3560 et

361 3579 597 3647 primum
624 3575 836 3631 studuit
882 3574 936 3629 in
971 3589 1137 3628 unum
1180 3573 1511 3644 conjungere
1554 3589 1652 3655 sex
1680 3575 1949 3644 interpre-

2063 3588 2173 3658 ipsa
2202 3586 2423 3644 llebram
2456 3591 2692 3659 propriis
2740 3600 2867 3645 sunt
2900 3591 3311 3648 characteribus
3344 3568 3510 3650 verba
3560 3598 3668 3653 de-

365 3668 601 3723 lationes
630 3666 862 3737 Aquilae,
890 3664 1229 3737 Symmachi,
1258 3664 1610 3737 Septuaginta
1631 3666 1864 3722 duorum
1901 3674 1957 3721 et

361 3760 760 3817 Theodotiouis
790 3777 805 3827 ;
831 3760 1076 3830 quintam
1107 3758 1270 3814 etiam
1298 3768 1353 3814 et
1376 3768 1588 3815 sextam
1617 3760 1909 3815 editionem
1934 3777 1952 3828 ;

362 3867 485 3907 cum
512 3851 816 3921 adiectione
840 3865 1031 3906 vocum
1053 3850 1387 3921 singularum
1414 3848 1802 3905 Hebraicarum
1826 3866 1956 3922 pro-

362 3942 497 4013 priis
517 3943 805 3997 elementis
828 3943 1224 4011 descriptarum
1251 3956 1267 4003 ;
1300 3958 1366 3997 ex
1391 3940 1560 3996 altera
1595 3952 1775 3997 autem
1801 3951 1957 4013 parte

366 4034 652 4105 opposita,
695 4043 853 4089 utens
914 4034 1085 4089 altera
1141 4032 1392 4089 columna
1446 4032 1957 4105 depingendo‘con-

363 4125 960 4190 textutn,‘llebraicum
983 4126 1202 4197 quidem
1243 4126 1515 4194 dictione,
1544 4126 1793 4183 Graecum
1828 4142 1957 4183 vero

363 4239 584 4305 litteris,
618 4240 786 4295 alium
818 4255 1038 4295 rursum
1070 4242 1385 4294 contextum
1420 4238 1741 4295 lucubravit.
1779 4259 1798 4293 ι
1831 4240 1958 4297 Htec

363 4330 440 4385 ita
468 4330 667 4402 exponi
722 4338 993 4401 possent:
1044 4329 1279 4384 medium
1332 4329 1511 4385 locum
1565 4330 1810 4385 tenuisse
1861 4346 1957 4386 sex

365 4422 848 4495 interpretationes
889 4422 1111 4476 Grzecas
1171 4422 1314 4476 inter
1372 4420 1635 4477 liebraica
1691 4420 1959 4479 Hebraice

364 4514 594 4583 scripta,
643 4529 765 4583 qua:
814 4513 880 4567 ad
920 4529 1083 4567 unam
1130 4515 1235 4569 sita
1276 4522 1435 4569 erant
1469 4524 1712 4583 partem;
1744 4524 1799 4570 et
1848 4515 1956 4571 lle-

367 4605 551 4659 braice
588 4602 780 4659 Grtece
800 4614 1050 4669 exarata,
1079 4618 1200 4675 qua:
1234 4605 1300 4659 ad
1352 4604 1517 4659 aliam
1555 4615 1767 4674 partem
1798 4616 1959 4662 erant

368 4697 659 4754 collocata.
689 4695 794 4752 Sed
861 4695 1001 4752 hanc
1049 4697 1447 4768 expositionem
1494 4708 1757 4767 respuunt
1795 4700 1957 4753 verba

369 4789 657 4860 Epiphanii
688 4789 956 4859 ejusdem,
989 4804 1109 4859 qua:
1140 4804 1266 4843 mox
1311 4786 1602 4843 all‘eremns
1644 4805 1676 4844 e
1720 4787 1859 4843 libro
1885 4789 1959 4844 De

364 4882 587 4952 ponder.
605 4892 728 4950 cap.
752 4881 842 4945 19,
867 4880 955 4935 ubi
976 4879 1304 4936 llebraicum
1330 4888 1619 4950 utrumque
1642 4890 1955 4935 contextum

368 4976 553 5043 priore
586 4972 709 5028 loco
747 4983 992 5028 notatum
1027 4973 1196 5029 fuisse
1224 4973 1492 5044 agnoscit.
1520 4971 1747 5027 Videtur
1775 4973 1958 5041 itaque

370 5066 423 5121 id
450 5065 553 5122 sibi
593 5065 773 5134 potius
793 5066 1031 5120 voluisse
1057 5065 1416 5135 Epiphanius,
1445 5067 1514 5119 ad
1541 5080 1705 5119 unam
1729 5063 1960 5119 Hebrai-

367 5172 447 5213 caa
490 5157 755 5211 columna:
807 5156 1089 5212 Hebraicis
1135 5158 1422 5214 elementis
1464 5166 1704 5213 exarata:
1747 5164 1957 5225 partem

371 5257 589 5304 notatas
614 5247 780 5302 fuisse
805 5247 1021 5303 Graecas
1058 5263 1152 5303 sex
1179 5248 1659 5319 interpretationes
1683 5263 1700 5311 ;
1731 5250 1799 5301 ad
1822 5247 1959 5302 alte-

375 5356 488 5394 ram
529 5355 657 5394 vero
697 5339 887 5395 Graece
940 5342 1201 5412 scriptum
1248 5350 1563 5395 contextum
1609 5340 1957 5395 Hebraicum.

373 5428 484 5489 Hoc
520 5431 660 5483 idem
709 5431 1021 5499 signiﬁcare
1065 5432 1218 5487 dicas
1249 5432 1354 5487 ista
1388 5446 1419 5487 e
1458 5431 1597 5486 libro
1630 5431 1706 5485 De
1738 5433 1956 5499 ponder.

369 5533 493 5591 cap.
520 5522 572 5579 7.
594 5522 692 5586 τὰς
725 5523 833 5593 γὰρ
859 5521 919 5586 ἓξ
945 5522 1240 5594 ἑρμηνείας
1262 5524 1355 5577 καὶ
1383 5523 1484 5595 τὴν
1508 5522 1803 5595 Ἐὅραῖκὴν
1825 5541 1963 5596 γρα-

370 5611 479 5683 φὴν
520 5613 825 5686 Ἑϐραϊκοῖς
849 5614 1132 5684 στοιχείοις
1166 5616 1259 5669 καὶ
1294 5618 1532 5687 ῥήμασιν
1555 5616 1739 5679 αὐτοῖς
1783 5618 1840 5669 ὲν
1874 5632 1962 5667 σε·

371 5701 475 5756 λίδι
502 5708 597 5776 μιᾷ
626 5705 1004 5773 συντεθεικὼς,
1030 5706 1196 5779 ἄλλην
1224 5707 1405 5761 σελίδα
1432 5706 1862 5779 ἀντιπαράθετον
1892 5706 1958 5759 δι’

384 5794 712 5867 Ἑλληνικῶν
753 5799 849 5868 μὲν
892 5800 1255 5871 γραμμάτων,
1298 5799 1604 5871 Ἑϐραϊκῶν
1644 5798 1701 5851 δὲ
1740 5798 1957 5865 λέξεων,

373 5897 480 5941 etc.
500 5905 520 5939 ι
551 5886 657 5941 Sex
692 5890 837 5943 enim
865 5890 1436 5959 interpretationes,et
1461 5890 1783 5945 Hebraieam
1809 5890 1960 5943 Scri-

372 5975 589 6033 Pturam
625 5977 907 6037 Hebraicis
948 5980 1235 6037 elementis
1264 5995 1331 6037 ac
1378 5981 1561 6039 verbis
1601 5995 1726 6037 cum
1757 5980 1809 6034 in
1856 5995 1962 6035 una

2058 3682 2289 3751 scripta,
2320 3691 2376 3737 et
2400 3681 2609 3737 Graecis
2637 3683 2840 3738 litteris
2883 3685 3103 3739 tramite
3131 3700 3386 3754 expressa
3415 3689 3617 3742 vicino
3650 3708 3669 3743 :

2055 3769 2249 3838 Aquila
2284 3771 2469 3837 etiam,
2503 3781 2557 3825 et
2585 3772 2961 3843 Symmachus.
2981 3772 3119 3828 LXX
3144 3790 3377 3844 quoque,
3401 3777 3677 3832 etTneo-

2058 3862 2204 3941 dolio
2229 3878 2385 3917 suum
2410 3862 2663 3919 ordinem
2701 3873 2907 3919 tenent.
2953 3884 2971 3917 ι
3015 3867 3309 3921 Columnas
3332 3884 3527 3924 omnes
3560 3888 3674 3941 pro

2057 3954 2196 4010 situs
2218 3956 2300 4010 stti
2345 3957 2537 4013 ordine
2582 3958 2876 4013 recensuit.
2922 3959 3177 4027 Apertius
3210 3962 3373 4015 etiam
3423 3964 3671 4020 Ruﬁnus

2059 4046 2188 4102 libr.
2220 4062 2272 4102 vt
2298 4047 2613 4103 Eusebiante
2644 4046 2851 4102 Hister.
2908 4066 3028 4119 cap.
3066 4051 3149 4113 ιϐ,
3176 4071 3194 4104 ε
3232 4052 3667 4112 Famosissimos

2060 4136 2180 4191 illos
2213 4138 2433 4193 codices
2469 4144 2681 4210 primus
2724 4142 3031 4208 composuit
3066 4143 3326 4213 Origenes
3358 4145 3408 4198 in
3456 4148 3670 4216 quibus

2059 4246 2156 4300 per
2191 4231 2432 4302 singulas
2481 4233 2822 4290 columnulas
2851 4251 2881 4290 e
2925 4237 3148 4303 regione
3178 4239 3472 4307 separatim
3519 4256 3672 4310 opus

2061 4322 2373 4393 interpretis
2427 4324 2853 4395 uniuscujusque
2905 4329 3229 4397 descripsit,
3260 4330 3331 4383 ita
3380 4340 3438 4384 ut
3480 4333 3671 4400 prime

2059 4414 2300 4468 omnium
2331 4415 2442 4484 ipsa
2467 4414 2693 4470 llebraia
2740 4417 2901 4470 verba
2933 4416 3214 4472 Hebraicis
3253 4418 3454 4473 litteris
3487 4436 3670 4489 pone-

2062 4514 2184 4571 ret;
2223 4507 2540 4561 sectmtloin
2572 4506 2694 4563 loco
2724 4523 2822 4579 per
2847 4509 3094 4563 ordinem
3137 4508 3346 4564 Grtecis
3390 4511 3594 4565 litteris
3636 4527 3673 4566 e

2062 4598 2283 4667 regione
2315 4596 2537 4653 llebrzea
2573 4600 2733 4653 verba
2776 4600 3155 4668 describeret;
3192 4603 3412 4657 tertiam
3448 4603 3672 4671 Aquilae

2061 4692 2352 4745 editionem
2375 4690 2716 4761 adjnngeret;
2744 4702 2993 4761 quartam
3027 4692 3379 4764 Symmachi;
3409 4696 3667 4764 quintam

2064 4780 2423 4853 Septuaginta
2475 4783 3010 4852 lnterpretnm,qnte
3058 4794 3242 4838 nostra
3289 4795 3667 4850 est;sextam

2064 4871 2454 4929 Theodotionis
2480 4875 2795 4938 collocaret,
2841 4885 2898 4930 et
2937 4885 3161 4945 propter
3194 4875 3465 4945 ejusmodi
3512 4892 3671 4931 com-

2066 4966 2389 5035 positionem
2416 4969 2747 5038 exemplaria
2772 4970 2882 5038 ipsa
2915 4969 3215 5023 nominavit
3241 4968 3507 5033 Ἐξαπλᾶ.
3536 4988 3555 5020 ι
3580 4969 3669 5025 Ex

2066 5062 2152 5117 his
2197 5064 2359 5117 eliam
2406 5063 2573 5133 iiqnet
2608 5066 2859 5132 prmiixos
2887 5064 3093 5120 Graecis
3124 5065 3457 5120 editionibus
3493 5065 3671 5121 fuisse

2068 5153 2364 5211 llebraicos
2393 5166 2705 5223 contextus,
2741 5173 2847 5211 non
2882 5161 3196 5222 subuexos;
3228 5173 3330 5211 nec
3377 5161 3666 5227 prmlixnm

2069 5243 2320 5305 alterum.
2371 5246 2600 5300 alterum
2648 5249 2983 5310 subnexum,
3014 5259 3072 5301 ut
3121 5248 3368 5302 indicare
3408 5251 3670 5304 videntur

2070 5335 2174 5390 illa:
2221 5337 2502 5405 Epiphanii
2556 5353 2761 5393 voces:
2792 5342 2857 5394 ὲκ
2902 5340 3245 5414 παραλλήλου
3287 5342 3342 5395 δὲ
3374 5344 3663 5415 ἄντικρυς.

2069 5429 2263 5500 Liquet
2291 5432 2390 5483 hoc
2418 5445 2634 5500 quoque
2659 5446 2723 5485 ex
2758 5432 2840 5487 his
2865 5433 3105 5501 eiusdem
3126 5448 3155 5487 e
3178 5432 3297 5486 libr.
3320 5433 3396 5488 De
3416 5438 3664 5504 pandet,

2067 5538 2184 5593 cap.
2223 5524 2306 5583 19.
2339 5524 2483 5587 τινὲς
2516 5523 2694 5577 τοίνυν
2715 5566 2729 5588 ,
2753 5525 2828 5589 ὡς
2862 5525 3017 5595 ἔφην,
3048 5525 3273 5588 ταύταις
3311 5530 3435 5589 ταῖς
3459 5526 3666 5595 βίϐλοις

2070 5615 2486 5685 ἐντυγχάνοντες
2512 5657 2526 5680 ,
2567 5616 2661 5669 καὶ
2702 5616 3047 5688 εὑρίσκοντες
3087 5616 3186 5680 τὰς
3222 5617 3316 5670 δύο
3364 5618 3662 5689 Ἐὁραῖκας

2070 5704 2293 5777 πρώτας
2336 5707 2615 5777 κειμένας,
2662 5709 2802 5778 μετὰ
2830 5708 3036 5772 ταύτας
3079 5708 3136 5762 δὲ
3176 5710 3276 5781 τὴν
3319 5710 3417 5763 τοῦ
3466 5711 3665 5764 Ἀκύλα

2069 5798 2427 5869 τεταγμένην,
2458 5812 2563 5855 etc.
2595 5820 2613 5852 ε
2654 5800 3109 5870 Nonnuliijgitur,
3132 5814 3188 5856 ut
3211 5804 3341 5867 dixi,
3373 5804 3472 5858 hos
3501 5804 3666 5857 libros

2070 5889 2316 5958 legentes
2352 5899 2408 5944 et
2459 5892 2792 5961 reperientes
2851 5891 3149 5949 Hebraicas
3206 5895 3337 5950 duas
3395 5897 3665 5950 editiones

2072 5980 2254 6050 priore
2277 5980 2396 6038 loco
2433 5982 2603 6053 sitas;
2632 5992 2754 6054 post
2778 5998 2873 6043 eas
2901 5999 3029 6041 vero
3069 5985 3215 6041 illam
3246 5985 3455 6057 Aquila:
3488 5986 3661 6044 collo-
