  <div class='ocr_page' id='page_1' title='image "/cluster/home/n/w/nwhite01/storage/ocr_20150623/17/hvd.32044051719607/628.png"; bbox 0 0 3926 6554; ppageno 0'>
   <div class='ocr_carea' id='block_1_1' title="bbox 3431 421 3576 478">
    <p class='ocr_par' dir='ltr' id='par_1_1' title="bbox 3431 421 3576 478">
     <span class='ocr_line' id='line_1_1' title="bbox 3431 421 3576 478; baseline 0.028 -4"><span class='ocrx_word' id='word_1_1' title='bbox 3431 421 3576 478; x_wconf 62' lang='grc' dir='ltr'><strong>ηδε</strong></span> 
     </span>
    </p>
   </div>
   <div class='ocr_carea' id='block_1_2' title="bbox 305 541 3570 624">
    <p class='ocr_par' dir='ltr' id='par_1_2' title="bbox 305 541 3570 624">
     <span class='ocr_line' id='line_1_2' title="bbox 305 541 3570 624; baseline -0.004 -15"><span class='ocrx_word' id='word_1_2' title='bbox 305 563 512 616; x_wconf 86' lang='lat' dir='ltr'><strong>catam.</strong></span> <span class='ocrx_word' id='word_1_3' title='bbox 549 573 569 606; x_wconf 76' lang='grc' dir='ltr'><strong>ι</strong></span> <span class='ocrx_word' id='word_1_4' title='bbox 601 561 710 610; x_wconf 91' lang='lat' dir='ltr'><strong>etc.</strong></span> <span class='ocrx_word' id='word_1_5' title='bbox 757 552 832 610; x_wconf 81' lang='lat' dir='ltr'><strong>Ne</strong></span> <span class='ocrx_word' id='word_1_6' title='bbox 879 555 998 624; x_wconf 88' lang='lat' dir='ltr'><strong>quis</strong></span> <span class='ocrx_word' id='word_1_7' title='bbox 1039 568 1169 610; x_wconf 82' lang='lat' dir='ltr'><strong>vero</strong></span> <span class='ocrx_word' id='word_1_8' title='bbox 1221 569 1408 609; x_wconf 86' lang='lat' dir='ltr'><strong>vocem</strong></span> <span class='ocrx_word' id='word_1_9' title='bbox 1448 554 1616 609; x_wconf 84' lang='grc' dir='ltr'>σελίδι</span> <span class='ocrx_word' id='word_1_10' title='bbox 1669 569 1768 622; x_wconf 79' lang='lat' dir='ltr'><strong>pro</strong></span> <span class='ocrx_word' id='word_1_11' title='bbox 1820 566 1886 606; x_wconf 92' lang='lat' dir='ltr'><strong>eo</strong></span> <span class='ocrx_word' id='word_1_12' title='bbox 1919 557 1960 609; x_wconf 76' lang='grc' dir='ltr'><strong>Δ</strong></span> <span class='ocrx_word' id='word_1_13' title='bbox 1991 555 2074 604; x_wconf 86' lang='lat' dir='ltr'><strong>tas</strong></span> <span class='ocrx_word' id='word_1_14' title='bbox 2111 545 2454 617; x_wconf 79' lang='lat' dir='ltr'><strong>exploremus</strong></span> <span class='ocrx_word' id='word_1_15' title='bbox 2505 542 2827 608; x_wconf 68' lang='lat' dir='ltr'><strong>sententias,</strong></span> <span class='ocrx_word' id='word_1_16' title='bbox 2867 541 2990 597; x_wconf 89' lang='lat' dir='ltr'><strong>inde</strong></span> <span class='ocrx_word' id='word_1_17' title='bbox 3031 541 3098 596; x_wconf 86' lang='lat' dir='ltr'><strong>ad</strong></span> <span class='ocrx_word' id='word_1_18' title='bbox 3153 549 3480 611; x_wconf 89' lang='lat' dir='ltr'><strong>temperatas</strong></span> <span class='ocrx_word' id='word_1_19' title='bbox 3511 552 3570 597; x_wconf 90' lang='lat' dir='ltr'><strong>et</strong></span> 
     </span>
    </p>
   </div>
   <div class='ocr_carea' id='block_1_3' title="bbox 303 421 2696 495">
    <p class='ocr_par' dir='ltr' id='par_1_3' title="bbox 303 421 2696 495">
     <span class='ocr_line' id='line_1_3' title="bbox 303 421 2696 495; baseline -0.007 0"><span class='ocrx_word' id='word_1_20' title='bbox 303 439 438 495; x_wconf 70' lang='grc'><strong>1233</strong></span> <span class='ocrx_word' id='word_1_21' title='bbox 499 489 504 494; x_wconf 82' lang='grc'><strong>.</strong></span> <span class='ocrx_word' id='word_1_22' title='bbox 1147 429 1730 492; x_wconf 74' lang='lat' dir='ltr'><strong>ORIGENI‘ANORUM</strong></span> <span class='ocrx_word' id='word_1_23' title='bbox 1773 427 1902 484; x_wconf 81' lang='lat' dir='ltr'><strong>LIB.</strong></span> <span class='ocrx_word' id='word_1_24' title='bbox 1945 425 2035 492; x_wconf 68' lang='lat' dir='ltr'><strong>lll‘,‘</strong></span> <span class='ocrx_word' id='word_1_25' title='bbox 2070 425 2224 480; x_wconf 81' lang='lat' dir='ltr'><strong>CAP.</strong></span> <span class='ocrx_word' id='word_1_26' title='bbox 2267 424 2332 491; x_wconf 79' lang='lat' dir='ltr'><strong>ll,</strong></span> <span class='ocrx_word' id='word_1_27' title='bbox 2369 421 2567 480; x_wconf 77' lang='lat' dir='ltr'><strong>SECT.</strong></span> <span class='ocrx_word' id='word_1_28' title='bbox 2606 421 2696 478; x_wconf 78' lang='grc' dir='ltr'><strong>Ν.</strong></span> 
     </span>
    </p>
   </div>
   <div class='ocr_carea' id='block_1_4' title="bbox 1634 5 3890 59">
    <p class='ocr_par' dir='ltr' id='par_1_4' title="bbox 1952 9 3886 38">
     <span class='ocr_line' id='line_1_4' title="bbox 1952 9 3886 38; baseline 0.006 -20"><span class='ocrx_word' id='word_1_29' title='bbox 1952 15 2274 32; x_wconf 28' lang='grc' dir='ltr'><strong>,ΙΙ-..ἐδίνετε</strong></span> <span class='ocrx_word' id='word_1_30' title='bbox 2297 11 3114 38; x_wconf 38' lang='lat' dir='ltr'><strong>,..*.m.v-W———W,ﬁ,</strong></span> <span class='ocrx_word' id='word_1_31' title='bbox 3145 24 3152 26; x_wconf 73' lang='lat'>_</span> <span class='ocrx_word' id='word_1_32' title='bbox 3165 22 3230 24; x_wconf 89' lang='lat'>__</span> <span class='ocrx_word' id='word_1_33' title='bbox 3241 24 3256 28; x_wconf 55' lang='grc' dir='ltr'><strong>ν</strong></span> <span class='ocrx_word' id='word_1_34' title='bbox 3277 22 3304 26; x_wconf 49' lang='lat'><strong>,_.</strong></span> <span class='ocrx_word' id='word_1_35' title='bbox 3329 22 3344 26; x_wconf 52' lang='grc' dir='ltr'><strong>ν-</strong></span> <span class='ocrx_word' id='word_1_36' title='bbox 3359 22 3396 30; x_wconf 50' lang='grc' dir='ltr'><em>η</em></span> <span class='ocrx_word' id='word_1_37' title='bbox 3421 22 3570 30; x_wconf 73' lang='grc'><strong>.,-........--</strong></span> <span class='ocrx_word' id='word_1_38' title='bbox 3581 24 3592 26; x_wconf 91' lang='grc'><strong><em>-</em></strong></span> <span class='ocrx_word' id='word_1_39' title='bbox 3609 23 3622 28; x_wconf 57' lang='grc' dir='ltr'><em>ν</em></span> <span class='ocrx_word' id='word_1_40' title='bbox 3801 9 3886 19; x_wconf 85' lang='lat'><em>_</em></span> 
     </span>
    </p>
   </div>
   <div class='ocr_carea' id='block_1_5' title="bbox 307 646 1876 721">
    <p class='ocr_par' dir='ltr' id='par_1_5' title="bbox 307 646 1876 721">
     <span class='ocr_line' id='line_1_5' title="bbox 307 646 1876 721; baseline -0.001 -21"><span class='ocrx_word' id='word_1_41' title='bbox 307 655 616 716; x_wconf 79' lang='lat' dir='ltr'><strong>usurpatam</strong></span> <span class='ocrx_word' id='word_1_42' title='bbox 651 657 820 716; x_wconf 86' lang='lat' dir='ltr'><strong>putet,</strong></span> <span class='ocrx_word' id='word_1_43' title='bbox 869 651 1008 718; x_wconf 85' lang='lat' dir='ltr'><strong>quod</strong></span> <span class='ocrx_word' id='word_1_44' title='bbox 1047 663 1158 705; x_wconf 86' lang='lat' dir='ltr'><strong>nos</strong></span> <span class='ocrx_word' id='word_1_45' title='bbox 1191 650 1442 721; x_wconf 78' lang='lat' dir='ltr'><strong>paginam</strong></span> <span class='ocrx_word' id='word_1_46' title='bbox 1493 646 1830 715; x_wconf 75' lang='lat' dir='ltr'><strong>appellamus</strong></span> <span class='ocrx_word' id='word_1_47' title='bbox 1859 660 1876 708; x_wconf 86' lang='lat'><strong>;</strong></span> 
     </span>
    </p>
   </div>
   <div class='ocr_carea' id='block_1_6' title="bbox 305 737 1882 812">
    <p class='ocr_par' dir='ltr' id='par_1_6' title="bbox 305 737 1882 812">
     <span class='ocr_line' id='line_1_6' title="bbox 305 737 1882 812; baseline 0 -20"><span class='ocrx_word' id='word_1_48' title='bbox 305 754 425 792; x_wconf 87' lang='lat' dir='ltr'><strong>nam</strong></span> <span class='ocrx_word' id='word_1_49' title='bbox 460 738 610 803; x_wconf 72' lang='grc' dir='ltr'>σελὶς</span> <span class='ocrx_word' id='word_1_50' title='bbox 638 739 942 794; x_wconf 82' lang='lat' dir='ltr'><strong>columnam</strong></span> <span class='ocrx_word' id='word_1_51' title='bbox 971 755 1186 812; x_wconf 84' lang='lat' dir='ltr'><strong>quoque</strong></span> <span class='ocrx_word' id='word_1_52' title='bbox 1211 741 1504 812; x_wconf 80' lang='lat' dir='ltr'><strong>signiﬁcat,</strong></span> <span class='ocrx_word' id='word_1_53' title='bbox 1523 740 1748 794; x_wconf 75' lang='lat' dir='ltr'><strong>adeunt</strong></span> <span class='ocrx_word' id='word_1_54' title='bbox 1770 737 1882 808; x_wconf 87' lang='lat' dir='ltr'><strong>plu-</strong></span> 
     </span>
    </p>
   </div>
   <div class='ocr_carea' id='block_1_7' title="bbox 307 828 1877 901">
    <p class='ocr_par' dir='ltr' id='par_1_7' title="bbox 307 828 1877 901">
     <span class='ocr_line' id='line_1_7' title="bbox 307 828 1877 901; baseline 0.001 -20"><span class='ocrx_word' id='word_1_55' title='bbox 307 844 388 881; x_wconf 87' lang='lat' dir='ltr'><strong>res</strong></span> <span class='ocrx_word' id='word_1_56' title='bbox 409 828 688 884; x_wconf 83' lang='lat' dir='ltr'><strong>columnas</strong></span> <span class='ocrx_word' id='word_1_57' title='bbox 716 847 818 884; x_wconf 90' lang='lat' dir='ltr'><strong>una</strong></span> <span class='ocrx_word' id='word_1_58' title='bbox 853 831 1042 901; x_wconf 82' lang='lat' dir='ltr'><strong>pagina</strong></span> <span class='ocrx_word' id='word_1_59' title='bbox 1075 833 1404 887; x_wconf 89' lang='lat' dir='ltr'><strong>contineret.</strong></span> <span class='ocrx_word' id='word_1_60' title='bbox 1436 830 1610 886; x_wconf 86' lang='lat' dir='ltr'><strong>Porro</strong></span> <span class='ocrx_word' id='word_1_61' title='bbox 1633 831 1877 885; x_wconf 84' lang='lat' dir='ltr'><strong>ordinem</strong></span> 
     </span>
    </p>
   </div>
   <div class='ocr_carea' id='block_1_8' title="bbox 307 919 1880 986">
    <p class='ocr_par' dir='ltr' id='par_1_8' title="bbox 307 919 1880 986">
     <span class='ocr_line' id='line_1_8' title="bbox 307 919 1880 986; baseline -0.001 -13"><span class='ocrx_word' id='word_1_62' title='bbox 307 919 461 973; x_wconf 85' lang='lat' dir='ltr'><strong>istum</strong></span> <span class='ocrx_word' id='word_1_63' title='bbox 491 935 653 986; x_wconf 85' lang='lat' dir='ltr'><strong>quem</strong></span> <span class='ocrx_word' id='word_1_64' title='bbox 687 921 974 973; x_wconf 81' lang='lat' dir='ltr'><strong>statuimus</strong></span> <span class='ocrx_word' id='word_1_65' title='bbox 1011 921 1313 976; x_wconf 85' lang='lat' dir='ltr'><strong>luculenter</strong></span> <span class='ocrx_word' id='word_1_66' title='bbox 1337 921 1532 975; x_wconf 88' lang='lat' dir='ltr'><strong>astruit</strong></span> <span class='ocrx_word' id='word_1_67' title='bbox 1571 919 1880 974; x_wconf 87' lang='lat' dir='ltr'><strong>vetustissi-</strong></span> 
     </span>
    </p>
   </div>
   <div class='ocr_carea' id='block_1_9' title="bbox 305 1011 1876 1084">
    <p class='ocr_par' dir='ltr' id='par_1_9' title="bbox 305 1011 1876 1084">
     <span class='ocr_line' id='line_1_9' title="bbox 305 1011 1876 1084; baseline 0.001 -19"><span class='ocrx_word' id='word_1_68' title='bbox 305 1027 418 1066; x_wconf 87' lang='lat' dir='ltr'><strong>mus</strong></span> <span class='ocrx_word' id='word_1_69' title='bbox 450 1011 620 1065; x_wconf 85' lang='lat' dir='ltr'><strong>codex</strong></span> <span class='ocrx_word' id='word_1_70' title='bbox 654 1012 986 1067; x_wconf 85' lang='lat' dir='ltr'><strong>Barherinus</strong></span> <span class='ocrx_word' id='word_1_71' title='bbox 1029 1015 1313 1069; x_wconf 88' lang='lat' dir='ltr'><strong>duodeeint</strong></span> <span class='ocrx_word' id='word_1_72' title='bbox 1339 1017 1752 1084; x_wconf 86' lang='lat' dir='ltr'><strong>prophetarum,</strong></span> <span class='ocrx_word' id='word_1_73' title='bbox 1785 1013 1876 1084; x_wconf 87' lang='lat' dir='ltr'><strong>qui</strong></span> 
     </span>
    </p>
   </div>
   <div class='ocr_carea' id='block_1_10' title="bbox 302 1100 1875 1174">
    <p class='ocr_par' dir='ltr' id='par_1_10' title="bbox 302 1100 1875 1174">
     <span class='ocr_line' id='line_1_10' title="bbox 302 1100 1875 1174; baseline 0.003 -20"><span class='ocrx_word' id='word_1_74' title='bbox 302 1102 363 1154; x_wconf 91' lang='lat' dir='ltr'><strong>ad</strong></span> <span class='ocrx_word' id='word_1_75' title='bbox 390 1100 541 1155; x_wconf 68' lang='lat' dir='ltr'><strong>Osca:</strong></span> <span class='ocrx_word' id='word_1_76' title='bbox 569 1119 646 1164; x_wconf 87' lang='lat' dir='ltr'><strong>xt.</strong></span> <span class='ocrx_word' id='word_1_77' title='bbox 679 1103 727 1168; x_wconf 82' lang='lat' dir='ltr'><strong>l,</strong></span> <span class='ocrx_word' id='word_1_78' title='bbox 757 1105 917 1160; x_wconf 81' lang='lat' dir='ltr'><strong>breve</strong></span> <span class='ocrx_word' id='word_1_79' title='bbox 949 1103 1308 1172; x_wconf 66' lang='lat' dir='ltr'><strong>Hexaplontm</strong></span> <span class='ocrx_word' id='word_1_80' title='bbox 1333 1105 1610 1174; x_wconf 85' lang='lat' dir='ltr'><strong>specimen</strong></span> <span class='ocrx_word' id='word_1_81' title='bbox 1634 1106 1699 1160; x_wconf 88' lang='lat' dir='ltr'><strong>ad</strong></span> <span class='ocrx_word' id='word_1_82' title='bbox 1722 1120 1875 1159; x_wconf 87' lang='lat' dir='ltr'><strong>oram</strong></span> 
     </span>
    </p>
   </div>
   <div class='ocr_carea' id='block_1_11' title="bbox 301 1195 1876 1265">
    <p class='ocr_par' dir='ltr' id='par_1_11' title="bbox 301 1195 1876 1265">
     <span class='ocr_line' id='line_1_11' title="bbox 301 1195 1876 1265; baseline 0.001 -19"><span class='ocrx_word' id='word_1_83' title='bbox 301 1202 557 1247; x_wconf 88' lang='lat' dir='ltr'><strong>attextum</strong></span> <span class='ocrx_word' id='word_1_84' title='bbox 593 1196 778 1257; x_wconf 87' lang='lat' dir='ltr'><strong>habet,</strong></span> <span class='ocrx_word' id='word_1_85' title='bbox 807 1204 861 1248; x_wconf 91' lang='lat' dir='ltr'><strong>et</strong></span> <span class='ocrx_word' id='word_1_86' title='bbox 895 1195 946 1249; x_wconf 92' lang='lat' dir='ltr'><strong>in</strong></span> <span class='ocrx_word' id='word_1_87' title='bbox 978 1205 1189 1250; x_wconf 84' lang='lat' dir='ltr'><strong>sextum</strong></span> <span class='ocrx_word' id='word_1_88' title='bbox 1219 1207 1420 1251; x_wconf 86' lang='lat' dir='ltr'><strong>tomum</strong></span> <span class='ocrx_word' id='word_1_89' title='bbox 1458 1196 1876 1265; x_wconf 77' lang='lat' dir='ltr'><strong>Polygloltorum</strong></span> 
     </span>
    </p>
   </div>
   <div class='ocr_carea' id='block_1_12' title="bbox 303 1286 1877 1346">
    <p class='ocr_par' dir='ltr' id='par_1_12' title="bbox 303 1286 1877 1346">
     <span class='ocr_line' id='line_1_12' title="bbox 303 1286 1877 1346; baseline 0.003 -5"><span class='ocrx_word' id='word_1_90' title='bbox 303 1286 590 1341; x_wconf 81' lang='lat' dir='ltr'><strong>Bibliorum</strong></span> <span class='ocrx_word' id='word_1_91' title='bbox 638 1303 736 1341; x_wconf 89' lang='lat' dir='ltr'><strong>suo</strong></span> <span class='ocrx_word' id='word_1_92' title='bbox 764 1287 882 1342; x_wconf 86' lang='lat' dir='ltr'><strong>loco</strong></span> <span class='ocrx_word' id='word_1_93' title='bbox 919 1290 1104 1344; x_wconf 90' lang='lat' dir='ltr'><strong>retulit</strong></span> <span class='ocrx_word' id='word_1_94' title='bbox 1137 1289 1447 1346; x_wconf 87' lang='lat' dir='ltr'><strong>Waltonus.</strong></span> <span class='ocrx_word' id='word_1_95' title='bbox 1487 1290 1877 1346; x_wconf 79' lang='lat' dir='ltr'><strong>Desiderantur</strong></span> 
     </span>
    </p>
   </div>
   <div class='ocr_carea' id='block_1_13' title="bbox 301 1375 1881 1450">
    <p class='ocr_par' dir='ltr' id='par_1_13' title="bbox 301 1375 1881 1450">
     <span class='ocr_line' id='line_1_13' title="bbox 301 1375 1881 1450; baseline 0.008 -25"><span class='ocrx_word' id='word_1_96' title='bbox 301 1376 509 1444; x_wconf 81' lang='lat' dir='ltr'><strong>quidem</strong></span> <span class='ocrx_word' id='word_1_97' title='bbox 540 1375 806 1430; x_wconf 66' lang='lat' dir='ltr'><strong>lli-braica</strong></span> <span class='ocrx_word' id='word_1_98' title='bbox 842 1377 1104 1434; x_wconf 89' lang='lat' dir='ltr'><strong>llebraice</strong></span> <span class='ocrx_word' id='word_1_99' title='bbox 1134 1380 1578 1450; x_wconf 84' lang='lat' dir='ltr'><strong>scripta;priore</strong></span> <span class='ocrx_word' id='word_1_100' title='bbox 1599 1397 1727 1436; x_wconf 90' lang='lat' dir='ltr'><strong>vero</strong></span> <span class='ocrx_word' id='word_1_101' title='bbox 1758 1382 1881 1437; x_wconf 86' lang='lat' dir='ltr'><strong>loco</strong></span> 
     </span>
    </p>
   </div>
   <div class='ocr_carea' id='block_1_14' title="bbox 302 1467 1874 1544">
    <p class='ocr_par' dir='ltr' id='par_1_14' title="bbox 302 1467 1874 1544">
     <span class='ocr_line' id='line_1_14' title="bbox 302 1467 1874 1544; baseline 0.006 -24"><span class='ocrx_word' id='word_1_102' title='bbox 302 1469 397 1521; x_wconf 87' lang='lat' dir='ltr'><strong>sita</strong></span> <span class='ocrx_word' id='word_1_103' title='bbox 425 1476 554 1522; x_wconf 86' lang='lat' dir='ltr'><strong>sunt</strong></span> <span class='ocrx_word' id='word_1_104' title='bbox 583 1467 846 1524; x_wconf 80' lang='lat' dir='ltr'><strong>llehraica</strong></span> <span class='ocrx_word' id='word_1_105' title='bbox 879 1470 1085 1526; x_wconf 80' lang='lat' dir='ltr'><strong>Graecis</strong></span> <span class='ocrx_word' id='word_1_106' title='bbox 1119 1472 1403 1527; x_wconf 86' lang='lat' dir='ltr'><strong>elementis</strong></span> <span class='ocrx_word' id='word_1_107' title='bbox 1425 1485 1718 1544; x_wconf 87' lang='lat' dir='ltr'><strong>concepta;</strong></span> <span class='ocrx_word' id='word_1_108' title='bbox 1745 1490 1874 1544; x_wconf 89' lang='lat' dir='ltr'><strong>pro-</strong></span> 
     </span>
    </p>
   </div>
   <div class='ocr_carea' id='block_1_15' title="bbox 303 1558 1873 1636">
    <p class='ocr_par' dir='ltr' id='par_1_15' title="bbox 303 1558 1873 1636">
     <span class='ocr_line' id='line_1_15' title="bbox 303 1558 1873 1636; baseline 0.007 -26"><span class='ocrx_word' id='word_1_109' title='bbox 303 1559 442 1612; x_wconf 86' lang='lat' dir='ltr'><strong>xime</strong></span> <span class='ocrx_word' id='word_1_110' title='bbox 494 1558 682 1613; x_wconf 80' lang='lat' dir='ltr'><strong>subest</strong></span> <span class='ocrx_word' id='word_1_111' title='bbox 733 1560 819 1615; x_wconf 88' lang='lat' dir='ltr'><strong>bis</strong></span> <span class='ocrx_word' id='word_1_112' title='bbox 851 1561 1072 1630; x_wconf 83' lang='lat' dir='ltr'><strong>Aquila;</strong></span> <span class='ocrx_word' id='word_1_113' title='bbox 1113 1563 1240 1618; x_wconf 86' lang='lat' dir='ltr'><strong>huic</strong></span> <span class='ocrx_word' id='word_1_114' title='bbox 1285 1564 1683 1636; x_wconf 80' lang='lat' dir='ltr'><strong>Symmachus;</strong></span> <span class='ocrx_word' id='word_1_115' title='bbox 1711 1580 1873 1635; x_wconf 85' lang='lat' dir='ltr'><strong>quem</strong></span> 
     </span>
    </p>
   </div>
   <div class='ocr_carea' id='block_1_16' title="bbox 302 1651 1875 1720">
    <p class='ocr_par' dir='ltr' id='par_1_16' title="bbox 302 1651 1875 1720">
     <span class='ocr_line' id='line_1_16' title="bbox 302 1651 1875 1720; baseline 0.007 -16"><span class='ocrx_word' id='word_1_116' title='bbox 302 1651 568 1719; x_wconf 83' lang='lat' dir='ltr'><strong>excipiunt</strong></span> <span class='ocrx_word' id='word_1_117' title='bbox 607 1651 793 1720; x_wconf 55' lang='lat' dir='ltr'><strong>LEX;</strong></span> <span class='ocrx_word' id='word_1_118' title='bbox 829 1654 1075 1709; x_wconf 86' lang='lat' dir='ltr'><strong>ultimam</strong></span> <span class='ocrx_word' id='word_1_119' title='bbox 1119 1658 1426 1713; x_wconf 83' lang='lat' dir='ltr'><strong>columnam</strong></span> <span class='ocrx_word' id='word_1_120' title='bbox 1481 1658 1584 1714; x_wconf 85' lang='lat' dir='ltr'><strong>sibi</strong></span> <span class='ocrx_word' id='word_1_121' title='bbox 1633 1660 1875 1716; x_wconf 87' lang='lat' dir='ltr'><strong>vindicat</strong></span> 
     </span>
    </p>
   </div>
   <div class='ocr_carea' id='block_1_17' title="bbox 303 1743 613 1798">
    <p class='ocr_par' dir='ltr' id='par_1_17' title="bbox 303 1743 613 1798">
     <span class='ocr_line' id='line_1_17' title="bbox 303 1743 613 1798; baseline 0 -1"><span class='ocrx_word' id='word_1_122' title='bbox 303 1743 613 1798; x_wconf 84' lang='lat' dir='ltr'><strong>Theodotio.</strong></span> 
     </span>
    </p>
   </div>
   <div class='ocr_carea' id='block_1_18' title="bbox 364 1829 1874 1911">
    <p class='ocr_par' dir='ltr' id='par_1_18' title="bbox 364 1829 1874 1911">
     <span class='ocr_line' id='line_1_18' title="bbox 364 1829 1874 1911; baseline 0.007 -25"><span class='ocrx_word' id='word_1_123' title='bbox 364 1829 448 1886; x_wconf 77' lang='grc' dir='ltr'>ιιι.</span> <span class='ocrx_word' id='word_1_124' title='bbox 483 1833 868 1901; x_wconf 85' lang='lat' dir='ltr'><strong>Disquisitione</strong></span> <span class='ocrx_word' id='word_1_125' title='bbox 891 1836 1120 1908; x_wconf 73' lang='lat' dir='ltr'><strong>dignum</strong></span> <span class='ocrx_word' id='word_1_126' title='bbox 1141 1847 1246 1901; x_wconf 89' lang='lat' dir='ltr'><strong>est,</strong></span> <span class='ocrx_word' id='word_1_127' title='bbox 1281 1840 1474 1909; x_wconf 83' lang='lat' dir='ltr'><strong>ecquid</strong></span> <span class='ocrx_word' id='word_1_128' title='bbox 1521 1840 1574 1895; x_wconf 90' lang='lat' dir='ltr'><strong>in</strong></span> <span class='ocrx_word' id='word_1_129' title='bbox 1609 1840 1874 1911; x_wconf 85' lang='lat' dir='ltr'><strong>interpre-</strong></span> 
     </span>
    </p>
   </div>
   <div class='ocr_carea' id='block_1_19' title="bbox 1990 633 3568 709">
    <p class='ocr_par' dir='ltr' id='par_1_19' title="bbox 1990 633 3568 709">
     <span class='ocr_line' id='line_1_19' title="bbox 1990 633 3568 709; baseline -0.003 -16"><span class='ocrx_word' id='word_1_130' title='bbox 1990 639 2196 695; x_wconf 90' lang='lat' dir='ltr'><strong>medias</strong></span> <span class='ocrx_word' id='word_1_131' title='bbox 2219 637 2652 709; x_wconf 80' lang='lat' dir='ltr'><strong>progrediamur.</strong></span> <span class='ocrx_word' id='word_1_132' title='bbox 2680 636 2858 704; x_wconf 83' lang='lat' dir='ltr'><strong>Atque</strong></span> <span class='ocrx_word' id='word_1_133' title='bbox 2902 633 3048 690; x_wconf 86' lang='lat' dir='ltr'><strong>hunc</strong></span> <span class='ocrx_word' id='word_1_134' title='bbox 3078 633 3296 688; x_wconf 90' lang='lat' dir='ltr'><strong>modum</strong></span> <span class='ocrx_word' id='word_1_135' title='bbox 3331 635 3568 690; x_wconf 80' lang='lat' dir='ltr'><strong>servavit</strong></span> 
     </span>
    </p>
   </div>
   <div class='ocr_carea' id='block_1_20' title="bbox 1982 727 3298 799">
    <p class='ocr_par' dir='ltr' id='par_1_20' title="bbox 1982 727 3298 799">
     <span class='ocr_line' id='line_1_20' title="bbox 1982 727 3298 799; baseline -0.003 -11"><span class='ocrx_word' id='word_1_136' title='bbox 1982 730 2246 799; x_wconf 73' lang='lat' dir='ltr'><strong>Origenes</strong></span> <span class='ocrx_word' id='word_1_137' title='bbox 2276 731 2330 788; x_wconf 90' lang='lat' dir='ltr'><strong>in</strong></span> <span class='ocrx_word' id='word_1_138' title='bbox 2369 729 2699 786; x_wconf 85' lang='lat' dir='ltr'><strong>collocandis</strong></span> <span class='ocrx_word' id='word_1_139' title='bbox 2736 727 3298 798; x_wconf 86' lang='lat' dir='ltr'><strong>interpretationibus.</strong></span> 
     </span>
    </p>
   </div>
   <div class='ocr_carea' id='block_1_21' title="bbox 2052 819 3566 892">
    <p class='ocr_par' dir='ltr' id='par_1_21' title="bbox 2052 819 3566 892">
     <span class='ocr_line' id='line_1_21' title="bbox 2052 819 3566 892; baseline 0 -16"><span class='ocrx_word' id='word_1_140' title='bbox 2052 823 2145 878; x_wconf 83' lang='lat' dir='ltr'><strong>IV.</strong></span> <span class='ocrx_word' id='word_1_141' title='bbox 2183 823 2339 878; x_wconf 85' lang='lat' dir='ltr'><strong>Nune</strong></span> <span class='ocrx_word' id='word_1_142' title='bbox 2375 838 2439 878; x_wconf 87' lang='lat' dir='ltr'><strong>ea</strong></span> <span class='ocrx_word' id='word_1_143' title='bbox 2481 838 2642 892; x_wconf 91' lang='lat' dir='ltr'><strong>quam</strong></span> <span class='ocrx_word' id='word_1_144' title='bbox 2674 821 2920 877; x_wconf 85' lang='lat' dir='ltr'><strong>dedimus</strong></span> <span class='ocrx_word' id='word_1_145' title='bbox 2963 819 3353 887; x_wconf 82' lang='lat' dir='ltr'><strong>Tetraplorum,</strong></span> <span class='ocrx_word' id='word_1_146' title='bbox 3387 821 3566 877; x_wconf 73' lang='lat' dir='ltr'><strong>Hexa-</strong></span> 
     </span>
    </p>
   </div>
   <div class='ocr_carea' id='block_1_22' title="bbox 1978 909 3566 986">
    <p class='ocr_par' dir='ltr' id='par_1_22' title="bbox 1978 909 3566 986">
     <span class='ocr_line' id='line_1_22' title="bbox 1978 909 3566 986; baseline -0.003 -15"><span class='ocrx_word' id='word_1_147' title='bbox 1978 917 2186 986; x_wconf 72' lang='lat' dir='ltr'><strong>plbrum</strong></span> <span class='ocrx_word' id='word_1_148' title='bbox 2236 924 2292 970; x_wconf 85' lang='lat' dir='ltr'><strong>et</strong></span> <span class='ocrx_word' id='word_1_149' title='bbox 2325 914 2665 977; x_wconf 72' lang='lat' dir='ltr'><strong>Octaplorum</strong></span> <span class='ocrx_word' id='word_1_150' title='bbox 2701 911 2994 981; x_wconf 88' lang='lat' dir='ltr'><strong>descriptio</strong></span> <span class='ocrx_word' id='word_1_151' title='bbox 3027 927 3094 964; x_wconf 87' lang='lat' dir='ltr'><strong>an</strong></span> <span class='ocrx_word' id='word_1_152' title='bbox 3131 909 3346 966; x_wconf 81' lang='lat' dir='ltr'><strong>Eusebii</strong></span> <span class='ocrx_word' id='word_1_153' title='bbox 3396 912 3566 966; x_wconf 84' lang='lat' dir='ltr'><strong>ratio-</strong></span> 
     </span>
    </p>
   </div>
   <div class='ocr_carea' id='block_1_23' title="bbox 1980 1001 3564 1075">
    <p class='ocr_par' dir='ltr' id='par_1_23' title="bbox 1980 1001 3564 1075">
     <span class='ocr_line' id='line_1_23' title="bbox 1980 1001 3564 1075; baseline -0.001 -15"><span class='ocrx_word' id='word_1_154' title='bbox 1980 1008 2137 1062; x_wconf 83' lang='lat' dir='ltr'><strong>nibus</strong></span> <span class='ocrx_word' id='word_1_155' title='bbox 2189 1006 2514 1069; x_wconf 87' lang='lat' dir='ltr'><strong>consentiat,</strong></span> <span class='ocrx_word' id='word_1_156' title='bbox 2579 1004 2952 1075; x_wconf 89' lang='lat' dir='ltr'><strong>anquiramus.</strong></span> <span class='ocrx_word' id='word_1_157' title='bbox 3009 1002 3214 1058; x_wconf 85' lang='lat' dir='ltr'><strong>Scribit</strong></span> <span class='ocrx_word' id='word_1_158' title='bbox 3243 1002 3330 1058; x_wconf 89' lang='lat' dir='ltr'><strong>ille</strong></span> <span class='ocrx_word' id='word_1_159' title='bbox 3360 1001 3564 1074; x_wconf 75' lang='lat' dir='ltr'><strong>libr.lv1</strong></span> 
     </span>
    </p>
   </div>
   <div class='ocr_carea' id='block_1_24' title="bbox 1980 1093 3566 1166">
    <p class='ocr_par' dir='ltr' id='par_1_24' title="bbox 1980 1093 3566 1166">
     <span class='ocr_line' id='line_1_24' title="bbox 1980 1093 3566 1166; baseline 0 -14"><span class='ocrx_word' id='word_1_160' title='bbox 1980 1097 2149 1161; x_wconf 77' lang='lat' dir='ltr'><strong>Ilist.,</strong></span> <span class='ocrx_word' id='word_1_161' title='bbox 2180 1112 2298 1164; x_wconf 86' lang='lat' dir='ltr'><strong>cap.</strong></span> <span class='ocrx_word' id='word_1_162' title='bbox 2346 1095 2439 1164; x_wconf 70' lang='lat'><strong>46,</strong></span> <span class='ocrx_word' id='word_1_163' title='bbox 2476 1096 2765 1165; x_wconf 80' lang='lat' dir='ltr'><strong>Origettem</strong></span> <span class='ocrx_word' id='word_1_164' title='bbox 2811 1093 2913 1158; x_wconf 80' lang='grc' dir='ltr'><strong>τὰς</strong></span> <span class='ocrx_word' id='word_1_165' title='bbox 2948 1093 3104 1166; x_wconf 76' lang='grc' dir='ltr'><strong>παρὰ</strong></span> <span class='ocrx_word' id='word_1_166' title='bbox 3145 1099 3261 1160; x_wconf 81' lang='grc' dir='ltr'>τοῖς</span> <span class='ocrx_word' id='word_1_167' title='bbox 3289 1096 3566 1162; x_wconf 76' lang='grc' dir='ltr'><strong>Ἰουδαίοις</strong></span> 
     </span>
    </p>
   </div>
   <div class='ocr_carea' id='block_1_25' title="bbox 1977 1187 3564 1262">
    <p class='ocr_par' dir='ltr' id='par_1_25' title="bbox 1977 1187 3564 1262">
     <span class='ocr_line' id='line_1_25' title="bbox 1977 1187 3564 1262; baseline -0.001 -17"><span class='ocrx_word' id='word_1_168' title='bbox 1977 1189 2356 1262; x_wconf 70' lang='grc' dir='ltr'><strong>ἔμφερομένας</strong></span> <span class='ocrx_word' id='word_1_169' title='bbox 2384 1187 2772 1260; x_wconf 79' lang='grc' dir='ltr'><strong>πρωτοτύπους</strong></span> <span class='ocrx_word' id='word_1_170' title='bbox 2796 1187 3256 1260; x_wconf 76' lang='grc' dir='ltr'><strong>αὐτοῖςἘϐραίων</strong></span> <span class='ocrx_word' id='word_1_171' title='bbox 3282 1189 3564 1260; x_wconf 83' lang='grc' dir='ltr'><strong>στοιχείοις</strong></span> 
     </span>
    </p>
   </div>
   <div class='ocr_carea' id='block_1_26' title="bbox 1975 1279 3562 1354">
    <p class='ocr_par' dir='ltr' id='par_1_26' title="bbox 1975 1279 3562 1354">
     <span class='ocr_line' id='line_1_26' title="bbox 1975 1279 3562 1354; baseline 0 -18"><span class='ocrx_word' id='word_1_172' title='bbox 1975 1281 2214 1354; x_wconf 75' lang='grc' dir='ltr'><strong>γραφὰς,</strong></span> <span class='ocrx_word' id='word_1_173' title='bbox 2247 1282 2434 1352; x_wconf 78' lang='grc' dir='ltr'><strong>κτῆμα.</strong></span> <span class='ocrx_word' id='word_1_174' title='bbox 2461 1281 2592 1334; x_wconf 74' lang='grc' dir='ltr'>ἴδιον</span> <span class='ocrx_word' id='word_1_175' title='bbox 2629 1279 2983 1350; x_wconf 79' lang='grc' dir='ltr'><strong>ποίησασθαι.</strong></span> <span class='ocrx_word' id='word_1_176' title='bbox 3015 1298 3036 1334; x_wconf 82' lang='grc' dir='ltr'><strong>ι</strong></span> <span class='ocrx_word' id='word_1_177' title='bbox 3073 1280 3372 1348; x_wconf 88' lang='lat' dir='ltr'><strong>Usurpatas</strong></span> <span class='ocrx_word' id='word_1_178' title='bbox 3420 1283 3562 1352; x_wconf 88' lang='lat' dir='ltr'><strong>apud</strong></span> 
     </span>
    </p>
   </div>
   <div class='ocr_carea' id='block_1_27' title="bbox 1979 1370 3561 1443">
    <p class='ocr_par' dir='ltr' id='par_1_27' title="bbox 1979 1370 3561 1443">
     <span class='ocr_line' id='line_1_27' title="bbox 1979 1370 3561 1443; baseline -0.001 -14"><span class='ocrx_word' id='word_1_179' title='bbox 1979 1373 2194 1429; x_wconf 66' lang='lat' dir='ltr'><strong>Judzeos</strong></span> <span class='ocrx_word' id='word_1_180' title='bbox 2231 1371 2544 1443; x_wconf 89' lang='lat' dir='ltr'><strong>Scripturas</strong></span> <span class='ocrx_word' id='word_1_181' title='bbox 2606 1371 2982 1442; x_wconf 76' lang='lat' dir='ltr'><strong>primigenias,</strong></span> <span class='ocrx_word' id='word_1_182' title='bbox 3029 1370 3163 1441; x_wconf 87' lang='lat' dir='ltr'><strong>ipsis</strong></span> <span class='ocrx_word' id='word_1_183' title='bbox 3209 1371 3561 1428; x_wconf 73' lang='lat' dir='ltr'><strong>Hebraeorum</strong></span> 
     </span>
    </p>
   </div>
   <div class='ocr_carea' id='block_1_28' title="bbox 1978 1461 3563 1534">
    <p class='ocr_par' dir='ltr' id='par_1_28' title="bbox 1978 1461 3563 1534">
     <span class='ocr_line' id='line_1_28' title="bbox 1978 1461 3563 1534; baseline -0.001 -16"><span class='ocrx_word' id='word_1_184' title='bbox 1978 1464 2175 1520; x_wconf 89' lang='lat' dir='ltr'><strong>litteris</strong></span> <span class='ocrx_word' id='word_1_185' title='bbox 2200 1463 2522 1534; x_wconf 88' lang='lat' dir='ltr'><strong>descriptas,</strong></span> <span class='ocrx_word' id='word_1_186' title='bbox 2566 1476 2943 1531; x_wconf 80' lang='lat' dir='ltr'><strong>comparasse.</strong></span> <span class='ocrx_word' id='word_1_187' title='bbox 2977 1479 2998 1515; x_wconf 78' lang='grc' dir='ltr'><strong>ι</strong></span> <span class='ocrx_word' id='word_1_188' title='bbox 3029 1461 3156 1518; x_wconf 71' lang='lat' dir='ltr'><strong>litae</strong></span> <span class='ocrx_word' id='word_1_189' title='bbox 3196 1462 3355 1518; x_wconf 88' lang='lat' dir='ltr'><strong>aliter</strong></span> <span class='ocrx_word' id='word_1_190' title='bbox 3404 1463 3563 1519; x_wconf 86' lang='lat' dir='ltr'><strong>intel-</strong></span> 
     </span>
    </p>
   </div>
   <div class='ocr_carea' id='block_1_29' title="bbox 1978 1553 3565 1628">
    <p class='ocr_par' dir='ltr' id='par_1_29' title="bbox 1978 1553 3565 1628">
     <span class='ocr_line' id='line_1_29' title="bbox 1978 1553 3565 1628; baseline 0.002 -19"><span class='ocrx_word' id='word_1_191' title='bbox 1978 1557 2111 1610; x_wconf 81' lang='lat' dir='ltr'><strong>lexit</strong></span> <span class='ocrx_word' id='word_1_192' title='bbox 2153 1558 2235 1611; x_wconf 89' lang='lat' dir='ltr'><strong>vir</strong></span> <span class='ocrx_word' id='word_1_193' title='bbox 2276 1557 2500 1622; x_wconf 92' lang='lat' dir='ltr'><strong>doctus,</strong></span> <span class='ocrx_word' id='word_1_194' title='bbox 2529 1565 2693 1625; x_wconf 89' lang='lat' dir='ltr'><strong>atque</strong></span> <span class='ocrx_word' id='word_1_195' title='bbox 2728 1553 2803 1608; x_wconf 89' lang='lat' dir='ltr'><strong>ita</strong></span> <span class='ocrx_word' id='word_1_196' title='bbox 2843 1555 3118 1611; x_wconf 87' lang='lat' dir='ltr'><strong>reddidit:</strong></span> <span class='ocrx_word' id='word_1_197' title='bbox 3149 1574 3169 1608; x_wconf 83' lang='grc' dir='ltr'><strong>ι</strong></span> <span class='ocrx_word' id='word_1_198' title='bbox 3215 1571 3565 1628; x_wconf 79' lang='lat' dir='ltr'><strong>comparasse</strong></span> 
     </span>
    </p>
   </div>
   <div class='ocr_carea' id='block_1_30' title="bbox 1975 1647 3565 1721">
    <p class='ocr_par' dir='ltr' id='par_1_30' title="bbox 1975 1647 3565 1721">
     <span class='ocr_line' id='line_1_30' title="bbox 1975 1647 3565 1721; baseline 0.001 -19"><span class='ocrx_word' id='word_1_199' title='bbox 1975 1663 2098 1702; x_wconf 90' lang='lat' dir='ltr'><strong>eum</strong></span> <span class='ocrx_word' id='word_1_200' title='bbox 2131 1648 2232 1703; x_wconf 87' lang='lat' dir='ltr'><strong>sibi</strong></span> <span class='ocrx_word' id='word_1_201' title='bbox 2268 1647 2615 1717; x_wconf 90' lang='lat' dir='ltr'><strong>Scripturas,</strong></span> <span class='ocrx_word' id='word_1_202' title='bbox 2652 1661 2771 1715; x_wconf 77' lang='lat' dir='ltr'><strong>qua:</strong></span> <span class='ocrx_word' id='word_1_203' title='bbox 2813 1647 2955 1716; x_wconf 88' lang='lat' dir='ltr'><strong>apud</strong></span> <span class='ocrx_word' id='word_1_204' title='bbox 3007 1647 3224 1704; x_wconf 68' lang='lat' dir='ltr'><strong>Indicos</strong></span> <span class='ocrx_word' id='word_1_205' title='bbox 3262 1651 3565 1721; x_wconf 83' lang='lat' dir='ltr'><strong>prototypis</strong></span> 
     </span>
    </p>
   </div>
   <div class='ocr_carea' id='block_1_31' title="bbox 1977 1739 3565 1809">
    <p class='ocr_par' dir='ltr' id='par_1_31' title="bbox 1977 1739 3565 1809">
     <span class='ocr_line' id='line_1_31' title="bbox 1977 1739 3565 1809; baseline 0.002 -14"><span class='ocrx_word' id='word_1_206' title='bbox 1977 1740 2329 1795; x_wconf 66' lang='lat' dir='ltr'><strong>Hebraeorum</strong></span> <span class='ocrx_word' id='word_1_207' title='bbox 2366 1739 2564 1794; x_wconf 87' lang='lat' dir='ltr'><strong>litteris</strong></span> <span class='ocrx_word' id='word_1_208' title='bbox 2590 1739 2878 1809; x_wconf 83' lang='lat' dir='ltr'><strong>descriptae</strong></span> <span class='ocrx_word' id='word_1_209' title='bbox 2909 1754 3031 1796; x_wconf 86' lang='lat' dir='ltr'><strong>esse</strong></span> <span class='ocrx_word' id='word_1_210' title='bbox 3066 1739 3334 1795; x_wconf 82' lang='lat' dir='ltr'><strong>feruntur.</strong></span> <span class='ocrx_word' id='word_1_211' title='bbox 3376 1761 3396 1796; x_wconf 69' lang='grc' dir='ltr'><strong>ι</strong></span> <span class='ocrx_word' id='word_1_212' title='bbox 3434 1741 3565 1798; x_wconf 84' lang='lat' dir='ltr'><strong>Pro-</strong></span> 
     </span>
    </p>
   </div>
   <div class='ocr_carea' id='block_1_32' title="bbox 1979 1833 3562 1905">
    <p class='ocr_par' dir='ltr' id='par_1_32' title="bbox 1979 1833 3562 1905">
     <span class='ocr_line' id='line_1_32' title="bbox 1979 1833 3562 1905; baseline 0.004 -18"><span class='ocrx_word' id='word_1_213' title='bbox 1979 1843 2192 1905; x_wconf 81' lang='lat' dir='ltr'><strong>totypas</strong></span> <span class='ocrx_word' id='word_1_214' title='bbox 2222 1842 2399 1888; x_wconf 87' lang='lat' dir='ltr'><strong>autem</strong></span> <span class='ocrx_word' id='word_1_215' title='bbox 2431 1833 2782 1888; x_wconf 74' lang='lat' dir='ltr'><strong>Hebraeorum</strong></span> <span class='ocrx_word' id='word_1_216' title='bbox 2809 1833 3045 1899; x_wconf 87' lang='lat' dir='ltr'><strong>litteras,</strong></span> <span class='ocrx_word' id='word_1_217' title='bbox 3081 1835 3196 1905; x_wconf 87' lang='lat' dir='ltr'><strong>ipsa</strong></span> <span class='ocrx_word' id='word_1_218' title='bbox 3218 1850 3339 1891; x_wconf 90' lang='lat' dir='ltr'><strong>esse</strong></span> <span class='ocrx_word' id='word_1_219' title='bbox 3372 1835 3562 1894; x_wconf 88' lang='lat' dir='ltr'><strong>Sama-</strong></span> 
     </span>
    </p>
   </div>
   <div class='ocr_carea' id='block_1_33' title="bbox 303 1910 3562 2003">
    <p class='ocr_par' dir='ltr' id='par_1_33' title="bbox 303 1910 3562 2003">
     <span class='ocr_line' id='line_1_33' title="bbox 303 1910 3562 2003; baseline 0.007 -28"><span class='ocrx_word' id='word_1_220' title='bbox 303 1924 556 1976; x_wconf 90' lang='lat' dir='ltr'><strong>tationum</strong></span> <span class='ocrx_word' id='word_1_221' title='bbox 586 1925 944 1994; x_wconf 76' lang='lat' dir='ltr'><strong>dispositione</strong></span> <span class='ocrx_word' id='word_1_222' title='bbox 989 1927 1348 1985; x_wconf 84' lang='lat' dir='ltr'><strong>Tlteodotioni</strong></span> <span class='ocrx_word' id='word_1_223' title='bbox 1387 1932 1681 2002; x_wconf 89' lang='lat' dir='ltr'><strong>autiquiori</strong></span> <span class='ocrx_word' id='word_1_224' title='bbox 1714 1910 1871 2003; x_wconf 57' lang='grc' dir='ltr'><strong>εγω-</strong></span> <span class='ocrx_word' id='word_1_225' title='bbox 1903 1910 1947 1966; x_wconf 76' lang='grc' dir='ltr'><strong><em>Β</em></strong></span> <span class='ocrx_word' id='word_1_226' title='bbox 1978 1926 2200 1980; x_wconf 75' lang='lat' dir='ltr'><strong>I&#39;ilal&#39;llm</strong></span> <span class='ocrx_word' id='word_1_227' title='bbox 2223 1925 2488 1981; x_wconf 64' lang='grc' dir='ltr'><strong>θιθιυεηιθ</strong></span> <span class='ocrx_word' id='word_1_228' title='bbox 2510 1924 2784 1992; x_wconf 64' lang='lat' dir='ltr'><strong>assem“;</strong></span> <span class='ocrx_word' id='word_1_229' title='bbox 2809 1924 2946 1980; x_wconf 67' lang='grc' dir='ltr'>νθυθ</span> <span class='ocrx_word' id='word_1_230' title='bbox 2971 1925 3137 1994; x_wconf 53' lang='lat' dir='ltr'><strong>igitur</strong></span> <span class='ocrx_word' id='word_1_231' title='bbox 3168 1926 3220 1980; x_wconf 70' lang='lat' dir='ltr'><strong>id</strong></span> <span class='ocrx_word' id='word_1_232' title='bbox 3257 1926 3358 1981; x_wconf 69' lang='lat' dir='ltr'><strong>Sibi</strong></span> <span class='ocrx_word' id='word_1_233' title='bbox 3391 1926 3562 1982; x_wconf 68' lang='lat' dir='ltr'><strong>Ellse‘</strong></span> 
     </span>
    </p>
   </div>
   <div class='ocr_carea' id='block_1_34' title="bbox 302 2015 1888 2094">
    <p class='ocr_par' dir='ltr' id='par_1_34' title="bbox 302 2015 1888 2094">
     <span class='ocr_line' id='line_1_34' title="bbox 302 2015 1888 2094; baseline 0.008 -27"><span class='ocrx_word' id='word_1_234' title='bbox 302 2015 545 2069; x_wconf 88' lang='lat' dir='ltr'><strong>machum</strong></span> <span class='ocrx_word' id='word_1_235' title='bbox 593 2019 950 2073; x_wconf 85' lang='lat' dir='ltr'><strong>recentiorem</strong></span> <span class='ocrx_word' id='word_1_236' title='bbox 987 2019 1252 2090; x_wconf 79' lang='lat' dir='ltr'><strong>Origenes</strong></span> <span class='ocrx_word' id='word_1_237' title='bbox 1279 2025 1669 2094; x_wconf 80' lang='lat' dir='ltr'><strong>anteposuerit.</strong></span> <span class='ocrx_word' id='word_1_238' title='bbox 1692 2025 1888 2079; x_wconf 86' lang='lat' dir='ltr'><strong>Facile-</strong></span> 
     </span>
    </p>
   </div>
   <div class='ocr_carea' id='block_1_35' title="bbox 298 2105 1867 2186">
    <p class='ocr_par' dir='ltr' id='par_1_35' title="bbox 298 2105 1867 2186">
     <span class='ocr_line' id='line_1_35' title="bbox 298 2105 1867 2186; baseline 0.008 -27"><span class='ocrx_word' id='word_1_239' title='bbox 298 2105 433 2160; x_wconf 91' lang='lat' dir='ltr'><strong>ltnnc</strong></span> <span class='ocrx_word' id='word_1_240' title='bbox 463 2108 666 2161; x_wconf 89' lang='lat' dir='ltr'><strong>nodum</strong></span> <span class='ocrx_word' id='word_1_241' title='bbox 702 2111 914 2166; x_wconf 88' lang='lat' dir='ltr'><strong>solvere</strong></span> <span class='ocrx_word' id='word_1_242' title='bbox 959 2127 1018 2167; x_wconf 91' lang='lat' dir='ltr'><strong>se</strong></span> <span class='ocrx_word' id='word_1_243' title='bbox 1059 2128 1215 2182; x_wconf 89' lang='lat' dir='ltr'><strong>posse</strong></span> <span class='ocrx_word' id='word_1_244' title='bbox 1255 2124 1496 2182; x_wconf 89' lang='lat' dir='ltr'><strong>putasset</strong></span> <span class='ocrx_word' id='word_1_245' title='bbox 1517 2115 1867 2186; x_wconf 84' lang='lat' dir='ltr'><strong>Epiphanius,</strong></span> 
     </span>
    </p>
   </div>
   <div class='ocr_carea' id='block_1_36' title="bbox 296 2195 1866 2273">
    <p class='ocr_par' dir='ltr' id='par_1_36' title="bbox 296 2195 1866 2273">
     <span class='ocr_line' id='line_1_36' title="bbox 296 2195 1866 2273; baseline 0.006 -27"><span class='ocrx_word' id='word_1_246' title='bbox 296 2196 384 2264; x_wconf 84' lang='lat' dir='ltr'><strong>qui</strong></span> <span class='ocrx_word' id='word_1_247' title='bbox 422 2195 799 2254; x_wconf 86' lang='lat' dir='ltr'><strong>Theodotioue</strong></span> <span class='ocrx_word' id='word_1_248' title='bbox 845 2202 1194 2256; x_wconf 89' lang='lat' dir='ltr'><strong>vetustiorem</strong></span> <span class='ocrx_word' id='word_1_249' title='bbox 1237 2202 1403 2258; x_wconf 78' lang='lat' dir='ltr'><strong>fuisse</strong></span> <span class='ocrx_word' id='word_1_250' title='bbox 1459 2203 1866 2273; x_wconf 83' lang='lat' dir='ltr'><strong>Symmachum,</strong></span> 
     </span>
    </p>
   </div>
   <div class='ocr_carea' id='block_1_37' title="bbox 293 2287 1868 2364">
    <p class='ocr_par' dir='ltr' id='par_1_37' title="bbox 293 2287 1868 2364">
     <span class='ocr_line' id='line_1_37' title="bbox 293 2287 1868 2364; baseline 0.005 -24"><span class='ocrx_word' id='word_1_251' title='bbox 293 2287 538 2354; x_wconf 86' lang='lat' dir='ltr'><strong>opinatus</strong></span> <span class='ocrx_word' id='word_1_252' title='bbox 578 2299 664 2342; x_wconf 89' lang='lat' dir='ltr'><strong>est</strong></span> <span class='ocrx_word' id='word_1_253' title='bbox 710 2289 835 2343; x_wconf 88' lang='lat' dir='ltr'><strong>libr.</strong></span> <span class='ocrx_word' id='word_1_254' title='bbox 872 2289 946 2344; x_wconf 85' lang='lat' dir='ltr'><strong>De</strong></span> <span class='ocrx_word' id='word_1_255' title='bbox 995 2290 1256 2359; x_wconf 61' lang='lat' dir='ltr'><strong>pondera,</strong></span> <span class='ocrx_word' id='word_1_256' title='bbox 1292 2307 1413 2361; x_wconf 91' lang='lat' dir='ltr'><strong>cap.</strong></span> <span class='ocrx_word' id='word_1_257' title='bbox 1457 2293 1544 2358; x_wconf 80' lang='lat' dir='ltr'><strong>l6,</strong></span> <span class='ocrx_word' id='word_1_258' title='bbox 1573 2294 1660 2348; x_wconf 80' lang='grc' dir='ltr'><strong>Π.</strong></span> <span class='ocrx_word' id='word_1_259' title='bbox 1685 2294 1868 2364; x_wconf 83' lang='lat' dir='ltr'><strong>Itaque</strong></span> 
     </span>
    </p>
   </div>
   <div class='ocr_carea' id='block_1_38' title="bbox 292 2377 1866 2452">
    <p class='ocr_par' dir='ltr' id='par_1_38' title="bbox 292 2377 1866 2452">
     <span class='ocr_line' id='line_1_38' title="bbox 292 2377 1866 2452; baseline 0.005 -20"><span class='ocrx_word' id='word_1_260' title='bbox 292 2377 581 2433; x_wconf 68' lang='lat' dir='ltr'><strong>collocatos</strong></span> <span class='ocrx_word' id='word_1_261' title='bbox 620 2378 793 2435; x_wconf 78' lang='lat' dir='ltr'><strong>fuisse</strong></span> <span class='ocrx_word' id='word_1_262' title='bbox 827 2389 935 2434; x_wconf 89' lang='lat' dir='ltr'><strong>tres</strong></span> <span class='ocrx_word' id='word_1_263' title='bbox 966 2381 1086 2435; x_wconf 91' lang='lat' dir='ltr'><strong>illos</strong></span> <span class='ocrx_word' id='word_1_264' title='bbox 1131 2384 1511 2451; x_wconf 88' lang='lat' dir='ltr'><strong>respondisset,</strong></span> <span class='ocrx_word' id='word_1_265' title='bbox 1530 2384 1682 2452; x_wconf 80' lang='lat' dir='ltr'><strong>juxta</strong></span> <span class='ocrx_word' id='word_1_266' title='bbox 1717 2387 1866 2440; x_wconf 90' lang='lat' dir='ltr'><strong>ordi-</strong></span> 
     </span>
    </p>
   </div>
   <div class='ocr_carea' id='block_1_39' title="bbox 290 2472 1868 2544">
    <p class='ocr_par' dir='ltr' id='par_1_39' title="bbox 290 2472 1868 2544">
     <span class='ocr_line' id='line_1_39' title="bbox 290 2472 1868 2544; baseline 0.004 -21"><span class='ocrx_word' id='word_1_267' title='bbox 290 2486 408 2524; x_wconf 78' lang='lat' dir='ltr'><strong>nem</strong></span> <span class='ocrx_word' id='word_1_268' title='bbox 454 2486 569 2523; x_wconf 73' lang='lat' dir='ltr'><strong>ante</strong></span> <span class='ocrx_word' id='word_1_269' title='bbox 601 2472 798 2526; x_wconf 68' lang='lat' dir='ltr'><strong>aetatis.</strong></span> <span class='ocrx_word' id='word_1_270' title='bbox 835 2473 947 2543; x_wconf 86' lang='lat'>(88)</span> <span class='ocrx_word' id='word_1_271' title='bbox 981 2473 1090 2543; x_wconf 73' lang='lat' dir='ltr'><strong>Ego</strong></span> <span class='ocrx_word' id='word_1_272' title='bbox 1120 2488 1250 2528; x_wconf 89' lang='lat' dir='ltr'><strong>vero</strong></span> <span class='ocrx_word' id='word_1_273' title='bbox 1291 2489 1321 2526; x_wconf 89' lang='lat' dir='ltr'><strong>a</strong></span> <span class='ocrx_word' id='word_1_274' title='bbox 1367 2483 1582 2544; x_wconf 90' lang='lat' dir='ltr'><strong>recepta</strong></span> <span class='ocrx_word' id='word_1_275' title='bbox 1615 2476 1868 2543; x_wconf 89' lang='lat' dir='ltr'><strong>opinione</strong></span> 
     </span>
    </p>
   </div>
   <div class='ocr_carea' id='block_1_40' title="bbox 290 2559 1866 2637">
    <p class='ocr_par' dir='ltr' id='par_1_40' title="bbox 290 2559 1866 2637">
     <span class='ocr_line' id='line_1_40' title="bbox 290 2559 1866 2637; baseline 0.007 -26"><span class='ocrx_word' id='word_1_276' title='bbox 290 2559 566 2616; x_wconf 84' lang='lat' dir='ltr'><strong>discedere</strong></span> <span class='ocrx_word' id='word_1_277' title='bbox 626 2579 734 2616; x_wconf 85' lang='lat' dir='ltr'><strong>non</strong></span> <span class='ocrx_word' id='word_1_278' title='bbox 782 2580 1027 2634; x_wconf 77' lang='lat' dir='ltr'><strong>possunt,</strong></span> <span class='ocrx_word' id='word_1_279' title='bbox 1071 2581 1192 2635; x_wconf 70' lang='lat' dir='ltr'><strong>quae</strong></span> <span class='ocrx_word' id='word_1_280' title='bbox 1239 2567 1474 2635; x_wconf 84' lang='lat' dir='ltr'><strong>priorem</strong></span> <span class='ocrx_word' id='word_1_281' title='bbox 1520 2575 1681 2622; x_wconf 70' lang='lat' dir='ltr'><strong>aetate</strong></span> <span class='ocrx_word' id='word_1_282' title='bbox 1716 2569 1866 2637; x_wconf 90' lang='lat' dir='ltr'><strong>ponit</strong></span> 
     </span>
    </p>
   </div>
   <div class='ocr_carea' id='block_1_41' title="bbox 288 2648 1865 2731">
    <p class='ocr_par' dir='ltr' id='par_1_41' title="bbox 288 2648 1865 2731">
     <span class='ocr_line' id='line_1_41' title="bbox 288 2648 1865 2731; baseline 0.007 -25"><span class='ocrx_word' id='word_1_283' title='bbox 288 2648 715 2708; x_wconf 80' lang='lat' dir='ltr'><strong>Theodotiouem</strong></span> <span class='ocrx_word' id='word_1_284' title='bbox 749 2671 910 2724; x_wconf 90' lang='lat' dir='ltr'><strong>quam</strong></span> <span class='ocrx_word' id='word_1_285' title='bbox 946 2657 1328 2726; x_wconf 79' lang='lat' dir='ltr'><strong>Symmachum</strong></span> <span class='ocrx_word' id='word_1_286' title='bbox 1355 2677 1369 2713; x_wconf 89' lang='lat'><strong>:</strong></span> <span class='ocrx_word' id='word_1_287' title='bbox 1393 2674 1517 2712; x_wconf 91' lang='lat' dir='ltr'><strong>nam</strong></span> <span class='ocrx_word' id='word_1_288' title='bbox 1542 2660 1672 2730; x_wconf 88' lang='lat' dir='ltr'><strong>qttid</strong></span> <span class='ocrx_word' id='word_1_289' title='bbox 1700 2676 1865 2731; x_wconf 87' lang='lat' dir='ltr'><strong>oppo—</strong></span> 
     </span>
    </p>
   </div>
   <div class='ocr_carea' id='block_1_42' title="bbox 286 2742 1863 2817">
    <p class='ocr_par' dir='ltr' id='par_1_42' title="bbox 286 2742 1863 2817">
     <span class='ocr_line' id='line_1_42' title="bbox 286 2742 1863 2817; baseline 0.008 -21"><span class='ocrx_word' id='word_1_290' title='bbox 286 2742 337 2796; x_wconf 91' lang='lat' dir='ltr'><strong>tti</strong></span> <span class='ocrx_word' id='word_1_291' title='bbox 371 2753 545 2812; x_wconf 79' lang='lat' dir='ltr'><strong>potest</strong></span> <span class='ocrx_word' id='word_1_292' title='bbox 583 2744 668 2798; x_wconf 80' lang='lat' dir='ltr'><strong>his</strong></span> <span class='ocrx_word' id='word_1_293' title='bbox 704 2743 1015 2817; x_wconf 86' lang='lat' dir='ltr'><strong>Hieronymi</strong></span> <span class='ocrx_word' id='word_1_294' title='bbox 1050 2746 1270 2802; x_wconf 70' lang='lat' dir='ltr'><strong>Prtelat.</strong></span> <span class='ocrx_word' id='word_1_295' title='bbox 1301 2749 1352 2803; x_wconf 91' lang='lat' dir='ltr'><strong>in</strong></span> <span class='ocrx_word' id='word_1_296' title='bbox 1375 2749 1629 2817; x_wconf 83' lang='lat' dir='ltr'><strong>Evangel.</strong></span> <span class='ocrx_word' id='word_1_297' title='bbox 1655 2769 1668 2806; x_wconf 91' lang='lat'>:</span> <span class='ocrx_word' id='word_1_298' title='bbox 1699 2769 1718 2803; x_wconf 87' lang='grc' dir='ltr'><strong>ι</strong></span> <span class='ocrx_word' id='word_1_299' title='bbox 1748 2751 1863 2808; x_wconf 81' lang='lat' dir='ltr'><strong>Non</strong></span> 
     </span>
    </p>
   </div>
   <div class='ocr_carea' id='block_1_43' title="bbox 287 2837 1866 2913">
    <p class='ocr_par' dir='ltr' id='par_1_43' title="bbox 287 2837 1866 2913">
     <span class='ocr_line' id='line_1_43' title="bbox 287 2837 1866 2913; baseline 0.007 -27"><span class='ocrx_word' id='word_1_300' title='bbox 287 2849 466 2900; x_wconf 73' lang='lat' dir='ltr'><strong>qurere</strong></span> <span class='ocrx_word' id='word_1_301' title='bbox 497 2837 628 2904; x_wconf 87' lang='lat' dir='ltr'><strong>quid</strong></span> <span class='ocrx_word' id='word_1_302' title='bbox 658 2837 873 2904; x_wconf 82' lang='lat' dir='ltr'><strong>Aquila,</strong></span> <span class='ocrx_word' id='word_1_303' title='bbox 900 2839 1028 2907; x_wconf 89' lang='lat' dir='ltr'><strong>quid</strong></span> <span class='ocrx_word' id='word_1_304' title='bbox 1055 2840 1414 2909; x_wconf 87' lang='lat' dir='ltr'><strong>Symmachus</strong></span> <span class='ocrx_word' id='word_1_305' title='bbox 1439 2843 1676 2910; x_wconf 87' lang='lat' dir='ltr'><strong>sapiant,</strong></span> <span class='ocrx_word' id='word_1_306' title='bbox 1695 2858 1866 2913; x_wconf 87' lang='lat' dir='ltr'><strong>quare</strong></span> 
     </span>
    </p>
   </div>
   <div class='ocr_carea' id='block_1_44' title="bbox 287 2923 1858 2990">
    <p class='ocr_par' dir='ltr' id='par_1_44' title="bbox 287 2923 1858 2990">
     <span class='ocr_line' id='line_1_44' title="bbox 287 2923 1858 2990; baseline 0.008 -13"><span class='ocrx_word' id='word_1_307' title='bbox 287 2923 622 2980; x_wconf 72' lang='lat' dir='ltr'><strong>Tueodotiou</strong></span> <span class='ocrx_word' id='word_1_308' title='bbox 651 2929 792 2982; x_wconf 89' lang='lat' dir='ltr'><strong>inter</strong></span> <span class='ocrx_word' id='word_1_309' title='bbox 821 2945 988 2984; x_wconf 90' lang='lat' dir='ltr'><strong>novos</strong></span> <span class='ocrx_word' id='word_1_310' title='bbox 1016 2943 1071 2986; x_wconf 92' lang='lat' dir='ltr'><strong>et</strong></span> <span class='ocrx_word' id='word_1_311' title='bbox 1096 2943 1304 2987; x_wconf 89' lang='lat' dir='ltr'><strong>veteres</strong></span> <span class='ocrx_word' id='word_1_312' title='bbox 1321 2933 1528 2988; x_wconf 88' lang='lat' dir='ltr'><strong>medius</strong></span> <span class='ocrx_word' id='word_1_313' title='bbox 1557 2935 1771 2990; x_wconf 84' lang='lat' dir='ltr'><strong>incedat</strong></span> <span class='ocrx_word' id='word_1_314' title='bbox 1797 2937 1858 2990; x_wconf 72' lang='grc'><strong>2»</strong></span> 
     </span>
    </p>
   </div>
   <div class='ocr_carea' id='block_1_45' title="bbox 285 3018 1862 3098">
    <p class='ocr_par' dir='ltr' id='par_1_45' title="bbox 285 3018 1862 3098">
     <span class='ocr_line' id='line_1_45' title="bbox 285 3018 1862 3098; baseline 0.01 -29"><span class='ocrx_word' id='word_1_315' title='bbox 285 3018 475 3084; x_wconf 86' lang='lat' dir='ltr'><strong>quibus</strong></span> <span class='ocrx_word' id='word_1_316' title='bbox 506 3036 614 3073; x_wconf 87' lang='lat' dir='ltr'><strong>non</strong></span> <span class='ocrx_word' id='word_1_317' title='bbox 653 3031 1010 3090; x_wconf 90' lang='lat' dir='ltr'><strong>temperatum</strong></span> <span class='ocrx_word' id='word_1_318' title='bbox 1041 3025 1303 3081; x_wconf 80' lang='lat' dir='ltr'><strong>duntaxat</strong></span> <span class='ocrx_word' id='word_1_319' title='bbox 1349 3027 1740 3096; x_wconf 83' lang='lat' dir='ltr'><strong>interpretandi</strong></span> <span class='ocrx_word' id='word_1_320' title='bbox 1771 3043 1862 3098; x_wconf 78' lang='lat' dir='ltr'><strong>ge—</strong></span> 
     </span>
    </p>
   </div>
   <div class='ocr_carea' id='block_1_46' title="bbox 291 3111 1860 3186">
    <p class='ocr_par' dir='ltr' id='par_1_46' title="bbox 291 3111 1860 3186">
     <span class='ocr_line' id='line_1_46' title="bbox 291 3111 1860 3186; baseline 0.009 -26"><span class='ocrx_word' id='word_1_321' title='bbox 291 3123 409 3172; x_wconf 89' lang='lat' dir='ltr'><strong>nus,</strong></span> <span class='ocrx_word' id='word_1_322' title='bbox 431 3111 576 3178; x_wconf 90' lang='lat' dir='ltr'><strong>quod</strong></span> <span class='ocrx_word' id='word_1_323' title='bbox 617 3113 791 3166; x_wconf 89' lang='lat' dir='ltr'><strong>tenuit</strong></span> <span class='ocrx_word' id='word_1_324' title='bbox 828 3113 1156 3179; x_wconf 77' lang='lat' dir='ltr'><strong>&#39;l&#39;lteod0tio,</strong></span> <span class='ocrx_word' id='word_1_325' title='bbox 1210 3116 1302 3170; x_wconf 90' lang='lat' dir='ltr'><strong>sed</strong></span> <span class='ocrx_word' id='word_1_326' title='bbox 1343 3118 1518 3172; x_wconf 85' lang='lat' dir='ltr'><strong>media</strong></span> <span class='ocrx_word' id='word_1_327' title='bbox 1549 3119 1711 3174; x_wconf 90' lang='lat' dir='ltr'><strong>etiam</strong></span> <span class='ocrx_word' id='word_1_328' title='bbox 1743 3119 1860 3186; x_wconf 85' lang='lat' dir='ltr'><strong>ejus</strong></span> 
     </span>
    </p>
   </div>
   <div class='ocr_carea' id='block_1_47' title="bbox 284 3203 1858 3279">
    <p class='ocr_par' dir='ltr' id='par_1_47' title="bbox 284 3203 1858 3279">
     <span class='ocr_line' id='line_1_47' title="bbox 284 3203 1858 3279; baseline 0.01 -27"><span class='ocrx_word' id='word_1_329' title='bbox 284 3211 409 3255; x_wconf 72' lang='lat' dir='ltr'><strong>tetas</strong></span> <span class='ocrx_word' id='word_1_330' title='bbox 441 3203 693 3269; x_wconf 77' lang='lat' dir='ltr'><strong>Aquilam</strong></span> <span class='ocrx_word' id='word_1_331' title='bbox 725 3205 866 3260; x_wconf 90' lang='lat' dir='ltr'><strong>inter</strong></span> <span class='ocrx_word' id='word_1_332' title='bbox 891 3216 945 3259; x_wconf 91' lang='lat' dir='ltr'><strong>et</strong></span> <span class='ocrx_word' id='word_1_333' title='bbox 977 3205 1360 3278; x_wconf 88' lang='lat' dir='ltr'><strong>Symmachum</strong></span> <span class='ocrx_word' id='word_1_334' title='bbox 1390 3209 1684 3279; x_wconf 77' lang='lat' dir='ltr'><strong>signiﬁcari</strong></span> <span class='ocrx_word' id='word_1_335' title='bbox 1710 3212 1858 3268; x_wconf 64' lang='lat' dir='ltr'><strong>video</strong></span> 
     </span>
    </p>
   </div>
   <div class='ocr_carea' id='block_1_48' title="bbox 287 3289 1857 3366">
    <p class='ocr_par' dir='ltr' id='par_1_48' title="bbox 287 3289 1857 3366">
     <span class='ocr_line' id='line_1_48' title="bbox 287 3289 1857 3366; baseline 0.006 -24"><span class='ocrx_word' id='word_1_336' title='bbox 287 3300 390 3343; x_wconf 74' lang='lat' dir='ltr'><strong>tur.</strong></span> <span class='ocrx_word' id='word_1_337' title='bbox 430 3289 654 3360; x_wconf 79' lang='lat' dir='ltr'><strong>Origeni</strong></span> <span class='ocrx_word' id='word_1_338' title='bbox 683 3307 816 3361; x_wconf 77' lang='lat' dir='ltr'><strong>ergo</strong></span> <span class='ocrx_word' id='word_1_339' title='bbox 850 3295 994 3349; x_wconf 89' lang='lat' dir='ltr'><strong>aliud</strong></span> <span class='ocrx_word' id='word_1_340' title='bbox 1043 3295 1210 3350; x_wconf 81' lang='lat' dir='ltr'><strong>fuisse</strong></span> <span class='ocrx_word' id='word_1_341' title='bbox 1244 3311 1422 3351; x_wconf 72' lang='lat' dir='ltr'><strong>causaa</strong></span> <span class='ocrx_word' id='word_1_342' title='bbox 1461 3307 1612 3366; x_wconf 91' lang='lat' dir='ltr'><strong>puto,</strong></span> <span class='ocrx_word' id='word_1_343' title='bbox 1647 3313 1744 3352; x_wconf 89' lang='lat' dir='ltr'><strong>cur</strong></span> <span class='ocrx_word' id='word_1_344' title='bbox 1783 3300 1857 3352; x_wconf 89' lang='lat' dir='ltr'><strong>ita</strong></span> 
     </span>
    </p>
   </div>
   <div class='ocr_carea' id='block_1_49' title="bbox 284 3369 1859 3454">
    <p class='ocr_par' dir='ltr' id='par_1_49' title="bbox 284 3369 1859 3454">
     <span class='ocr_line' id='line_1_49' title="bbox 284 3369 1859 3454; baseline 0.004 -22"><span class='ocrx_word' id='word_1_345' title='bbox 284 3379 756 3448; x_wconf 88' lang='lat' dir='ltr'><strong>interpretationes</strong></span> <span class='ocrx_word' id='word_1_346' title='bbox 797 3381 919 3436; x_wconf 90' lang='lat' dir='ltr'><strong>illas</strong></span> <span class='ocrx_word' id='word_1_347' title='bbox 957 3382 1244 3454; x_wconf 76' lang='lat' dir='ltr'><strong>digereret.</strong></span> <span class='ocrx_word' id='word_1_348' title='bbox 1275 3385 1356 3438; x_wconf 89' lang='lat' dir='ltr'><strong>Ad</strong></span> <span class='ocrx_word' id='word_1_349' title='bbox 1392 3369 1655 3439; x_wconf 79' lang='lat' dir='ltr'><strong>Hebraica</strong></span> <span class='ocrx_word' id='word_1_350' title='bbox 1684 3387 1859 3440; x_wconf 88' lang='lat' dir='ltr'><strong>maxi-</strong></span> 
     </span>
    </p>
   </div>
   <div class='ocr_carea' id='block_1_50' title="bbox 284 3476 1859 3548">
    <p class='ocr_par' dir='ltr' id='par_1_50' title="bbox 284 3476 1859 3548">
     <span class='ocr_line' id='line_1_50' title="bbox 284 3476 1859 3548; baseline 0.008 -24"><span class='ocrx_word' id='word_1_351' title='bbox 284 3487 365 3526; x_wconf 86' lang='lat' dir='ltr'><strong>me</strong></span> <span class='ocrx_word' id='word_1_352' title='bbox 413 3476 713 3527; x_wconf 81' lang='lat' dir='ltr'><strong>accedebat</strong></span> <span class='ocrx_word' id='word_1_353' title='bbox 739 3476 952 3543; x_wconf 83' lang='lat' dir='ltr'><strong>Aquila,</strong></span> <span class='ocrx_word' id='word_1_354' title='bbox 984 3477 1132 3531; x_wconf 89' lang='lat' dir='ltr'><strong>hunc</strong></span> <span class='ocrx_word' id='word_1_355' title='bbox 1163 3478 1270 3533; x_wconf 92' lang='lat' dir='ltr'><strong>illis</strong></span> <span class='ocrx_word' id='word_1_356' title='bbox 1322 3479 1444 3535; x_wconf 87' lang='lat' dir='ltr'><strong>ideo</strong></span> <span class='ocrx_word' id='word_1_357' title='bbox 1479 3481 1727 3548; x_wconf 87' lang='lat' dir='ltr'><strong>proxime</strong></span> <span class='ocrx_word' id='word_1_358' title='bbox 1762 3481 1859 3535; x_wconf 89' lang='lat' dir='ltr'><strong>ad-</strong></span> 
     </span>
    </p>
   </div>
   <div class='ocr_carea' id='block_1_51' title="bbox 276 3561 1855 3646">
    <p class='ocr_par' dir='ltr' id='par_1_51' title="bbox 276 3561 1855 3646">
     <span class='ocr_line' id='line_1_51' title="bbox 276 3561 1855 3646; baseline 0.008 -30"><span class='ocrx_word' id='word_1_359' title='bbox 276 3561 469 3630; x_wconf 74' lang='lat' dir='ltr'><strong>juuxit.</strong></span> <span class='ocrx_word' id='word_1_360' title='bbox 491 3564 600 3638; x_wconf 83' lang='lat'><strong>(89)</strong></span> <span class='ocrx_word' id='word_1_361' title='bbox 631 3566 715 3621; x_wconf 86' lang='lat' dir='ltr'><strong>Ab</strong></span> <span class='ocrx_word' id='word_1_362' title='bbox 743 3567 935 3622; x_wconf 90' lang='lat' dir='ltr'><strong>iisdem</strong></span> <span class='ocrx_word' id='word_1_363' title='bbox 973 3570 1092 3638; x_wconf 88' lang='lat' dir='ltr'><strong>plus</strong></span> <span class='ocrx_word' id='word_1_364' title='bbox 1124 3571 1348 3642; x_wconf 85' lang='lat' dir='ltr'><strong>reliquis</strong></span> <span class='ocrx_word' id='word_1_365' title='bbox 1384 3575 1670 3628; x_wconf 89' lang='lat' dir='ltr'><strong>recedebat</strong></span> <span class='ocrx_word' id='word_1_366' title='bbox 1692 3565 1855 3646; x_wconf 84' lang='lat' dir='ltr'><strong>Sym-</strong></span> 
     </span>
    </p>
   </div>
   <div class='ocr_carea' id='block_1_52' title="bbox 281 3657 1854 3737">
    <p class='ocr_par' dir='ltr' id='par_1_52' title="bbox 281 3657 1854 3737">
     <span class='ocr_line' id='line_1_52' title="bbox 281 3657 1854 3737; baseline 0.008 -28"><span class='ocrx_word' id='word_1_367' title='bbox 281 3657 522 3720; x_wconf 82' lang='lat' dir='ltr'><strong>machus,</strong></span> <span class='ocrx_word' id='word_1_368' title='bbox 586 3658 787 3728; x_wconf 79' lang='lat' dir='ltr'><strong>quippe</strong></span> <span class='ocrx_word' id='word_1_369' title='bbox 835 3662 926 3728; x_wconf 88' lang='lat' dir='ltr'><strong>qui</strong></span> <span class='ocrx_word' id='word_1_370' title='bbox 962 3665 1355 3718; x_wconf 82' lang='lat' dir='ltr'><strong>sententiarum</strong></span> <span class='ocrx_word' id='word_1_371' title='bbox 1408 3665 1632 3730; x_wconf 79' lang='lat' dir='ltr'><strong>fuisset,</strong></span> <span class='ocrx_word' id='word_1_372' title='bbox 1693 3683 1854 3737; x_wconf 90' lang='lat' dir='ltr'><strong>quam</strong></span> 
     </span>
    </p>
   </div>
   <div class='ocr_carea' id='block_1_53' title="bbox 281 3747 1855 3832">
    <p class='ocr_par' dir='ltr' id='par_1_53' title="bbox 281 3747 1855 3832">
     <span class='ocr_line' id='line_1_53' title="bbox 281 3747 1855 3832; baseline 0.011 -34"><span class='ocrx_word' id='word_1_373' title='bbox 281 3747 565 3801; x_wconf 78' lang='lat' dir='ltr'><strong>verborum</strong></span> <span class='ocrx_word' id='word_1_374' title='bbox 599 3750 940 3807; x_wconf 90' lang='lat' dir='ltr'><strong>retinentior.</strong></span> <span class='ocrx_word' id='word_1_375' title='bbox 971 3753 1037 3810; x_wconf 82' lang='lat' dir='ltr'><strong>Ut</strong></span> <span class='ocrx_word' id='word_1_376' title='bbox 1055 3771 1121 3810; x_wconf 79' lang='lat' dir='ltr'><strong>ex</strong></span> <span class='ocrx_word' id='word_1_377' title='bbox 1139 3755 1390 3811; x_wconf 84' lang='lat' dir='ltr'><strong>conﬂictu</strong></span> <span class='ocrx_word' id='word_1_378' title='bbox 1406 3761 1610 3829; x_wconf 62' lang='lat' dir='ltr'><strong>Aquila)</strong></span> <span class='ocrx_word' id='word_1_379' title='bbox 1624 3770 1677 3816; x_wconf 91' lang='lat' dir='ltr'><strong>et</strong></span> <span class='ocrx_word' id='word_1_380' title='bbox 1693 3761 1855 3832; x_wconf 85' lang='lat' dir='ltr'><strong>Sym-</strong></span> 
     </span>
    </p>
   </div>
   <div class='ocr_carea' id='block_1_54' title="bbox 281 3840 1858 3912">
    <p class='ocr_par' dir='ltr' id='par_1_54' title="bbox 281 3840 1858 3912">
     <span class='ocr_line' id='line_1_54' title="bbox 281 3840 1858 3912; baseline 0.011 -22"><span class='ocrx_word' id='word_1_381' title='bbox 281 3840 474 3901; x_wconf 73' lang='lat' dir='ltr'><strong>machi,</strong></span> <span class='ocrx_word' id='word_1_382' title='bbox 508 3841 600 3910; x_wconf 90' lang='lat' dir='ltr'><strong>qui</strong></span> <span class='ocrx_word' id='word_1_383' title='bbox 649 3842 905 3911; x_wconf 71' lang='lat' dir='ltr'><strong>abierant</strong></span> <span class='ocrx_word' id='word_1_384' title='bbox 931 3844 982 3898; x_wconf 89' lang='lat' dir='ltr'><strong>in</strong></span> <span class='ocrx_word' id='word_1_385' title='bbox 1014 3845 1252 3912; x_wconf 84' lang='lat' dir='ltr'><strong>diversa,</strong></span> <span class='ocrx_word' id='word_1_386' title='bbox 1287 3860 1343 3903; x_wconf 86' lang='lat' dir='ltr'><strong>et</strong></span> <span class='ocrx_word' id='word_1_387' title='bbox 1375 3859 1616 3905; x_wconf 86' lang='lat' dir='ltr'><strong>extrema</strong></span> <span class='ocrx_word' id='word_1_388' title='bbox 1642 3853 1858 3908; x_wconf 84' lang='lat' dir='ltr'><strong>fuerant</strong></span> 
     </span>
    </p>
   </div>
   <div class='ocr_carea' id='block_1_55' title="bbox 281 3930 1851 4007">
    <p class='ocr_par' dir='ltr' id='par_1_55' title="bbox 281 3930 1851 4007">
     <span class='ocr_line' id='line_1_55' title="bbox 281 3930 1851 4007; baseline 0.012 -27"><span class='ocrx_word' id='word_1_389' title='bbox 281 3930 567 3995; x_wconf 79' lang='lat' dir='ltr'><strong>persecuti,</strong></span> <span class='ocrx_word' id='word_1_390' title='bbox 590 3934 796 3986; x_wconf 86' lang='lat' dir='ltr'><strong>veritas</strong></span> <span class='ocrx_word' id='word_1_391' title='bbox 842 3933 1168 4002; x_wconf 89' lang='lat' dir='ltr'><strong>eliceretur,</strong></span> <span class='ocrx_word' id='word_1_392' title='bbox 1205 3941 1411 4007; x_wconf 80' lang='lat' dir='ltr'><strong>Optima</strong></span> <span class='ocrx_word' id='word_1_393' title='bbox 1455 3945 1662 3998; x_wconf 87' lang='lat' dir='ltr'><strong>ratione</strong></span> <span class='ocrx_word' id='word_1_394' title='bbox 1703 3955 1851 3999; x_wconf 87' lang='lat' dir='ltr'><strong>uter-</strong></span> 
     </span>
    </p>
   </div>
   <div class='ocr_carea' id='block_1_56' title="bbox 279 4023 1857 4092">
    <p class='ocr_par' dir='ltr' id='par_1_56' title="bbox 279 4023 1857 4092">
     <span class='ocr_line' id='line_1_56' title="bbox 279 4023 1857 4092; baseline 0.015 -23"><span class='ocrx_word' id='word_1_395' title='bbox 279 4035 380 4086; x_wconf 77' lang='lat' dir='ltr'><strong>que</strong></span> <span class='ocrx_word' id='word_1_396' title='bbox 416 4023 580 4076; x_wconf 91' lang='lat' dir='ltr'><strong>simul</strong></span> <span class='ocrx_word' id='word_1_397' title='bbox 615 4025 944 4089; x_wconf 76' lang='lat' dir='ltr'><strong>coniunctus</strong></span> <span class='ocrx_word' id='word_1_398' title='bbox 969 4039 1075 4082; x_wconf 90' lang='lat' dir='ltr'><strong>est.</strong></span> <span class='ocrx_word' id='word_1_399' title='bbox 1105 4031 1344 4086; x_wconf 85' lang='lat' dir='ltr'><strong>Subnexi</strong></span> <span class='ocrx_word' id='word_1_400' title='bbox 1371 4045 1494 4087; x_wconf 88' lang='lat' dir='ltr'><strong>sunt</strong></span> <span class='ocrx_word' id='word_1_401' title='bbox 1527 4035 1631 4088; x_wconf 91' lang='lat' dir='ltr'><strong>illis</strong></span> <span class='ocrx_word' id='word_1_402' title='bbox 1661 4037 1857 4092; x_wconf 88' lang='lat' dir='ltr'><strong>deinde</strong></span> 
     </span>
    </p>
   </div>
   <div class='ocr_carea' id='block_1_57' title="bbox 281 4111 1852 4191">
    <p class='ocr_par' dir='ltr' id='par_1_57' title="bbox 281 4111 1852 4191">
     <span class='ocr_line' id='line_1_57' title="bbox 281 4111 1852 4191; baseline 0.015 -28"><span class='ocrx_word' id='word_1_403' title='bbox 281 4111 606 4182; x_wconf 87' lang='lat' dir='ltr'><strong>interpretes</strong></span> <span class='ocrx_word' id='word_1_404' title='bbox 652 4115 793 4169; x_wconf 84' lang='lat' dir='ltr'><strong>LXX</strong></span> <span class='ocrx_word' id='word_1_405' title='bbox 824 4127 878 4172; x_wconf 90' lang='lat' dir='ltr'><strong>et</strong></span> <span class='ocrx_word' id='word_1_406' title='bbox 902 4119 1237 4187; x_wconf 87' lang='lat' dir='ltr'><strong>Theodotio,</strong></span> <span class='ocrx_word' id='word_1_407' title='bbox 1303 4126 1393 4191; x_wconf 88' lang='lat' dir='ltr'><strong>qui</strong></span> <span class='ocrx_word' id='word_1_408' title='bbox 1437 4128 1668 4182; x_wconf 83' lang='lat' dir='ltr'><strong>inediam</strong></span> <span class='ocrx_word' id='word_1_409' title='bbox 1708 4132 1852 4186; x_wconf 86' lang='lat' dir='ltr'><strong>viam</strong></span> 
     </span>
    </p>
   </div>
   <div class='ocr_carea' id='block_1_58' title="bbox 281 4205 1853 4287">
    <p class='ocr_par' dir='ltr' id='par_1_58' title="bbox 281 4205 1853 4287">
     <span class='ocr_line' id='line_1_58' title="bbox 281 4205 1853 4287; baseline 0.014 -34"><span class='ocrx_word' id='word_1_410' title='bbox 281 4212 585 4259; x_wconf 77' lang='lat' dir='ltr'><strong>tenuerant.</strong></span> <span class='ocrx_word' id='word_1_411' title='bbox 632 4222 652 4257; x_wconf 87' lang='grc' dir='ltr'><strong>ι</strong></span> <span class='ocrx_word' id='word_1_412' title='bbox 696 4205 860 4273; x_wconf 86' lang='lat' dir='ltr'><strong>Quasi</strong></span> <span class='ocrx_word' id='word_1_413' title='bbox 885 4223 1013 4274; x_wconf 88' lang='lat' dir='ltr'><strong>non,</strong></span> <span class='ocrx_word' id='word_1_414' title='bbox 1055 4229 1074 4262; x_wconf 75' lang='grc' dir='ltr'><strong>ι</strong></span> <span class='ocrx_word' id='word_1_415' title='bbox 1110 4211 1282 4278; x_wconf 90' lang='lat' dir='ltr'><strong>inquit</strong></span> <span class='ocrx_word' id='word_1_416' title='bbox 1320 4213 1678 4287; x_wconf 85' lang='lat' dir='ltr'><strong>Hieronymus</strong></span> <span class='ocrx_word' id='word_1_417' title='bbox 1710 4218 1853 4275; x_wconf 70' lang='lat' dir='ltr'><strong>Prte-</strong></span> 
     </span>
    </p>
   </div>
   <div class='ocr_carea' id='block_1_59' title="bbox 279 4292 1852 4376">
    <p class='ocr_par' dir='ltr' id='par_1_59' title="bbox 279 4292 1852 4376">
     <span class='ocr_line' id='line_1_59' title="bbox 279 4292 1852 4376; baseline 0.011 -30"><span class='ocrx_word' id='word_1_418' title='bbox 279 4292 369 4346; x_wconf 75' lang='lat' dir='ltr'><strong>fat.</strong></span> <span class='ocrx_word' id='word_1_419' title='bbox 419 4295 477 4348; x_wconf 83' lang='lat' dir='ltr'><strong>in</strong></span> <span class='ocrx_word' id='word_1_420' title='bbox 525 4295 650 4360; x_wconf 86' lang='lat' dir='ltr'><strong>Job,</strong></span> <span class='ocrx_word' id='word_1_421' title='bbox 711 4315 730 4347; x_wconf 79' lang='grc' dir='ltr'><strong>ι</strong></span> <span class='ocrx_word' id='word_1_422' title='bbox 781 4299 921 4367; x_wconf 89' lang='lat' dir='ltr'><strong>apud</strong></span> <span class='ocrx_word' id='word_1_423' title='bbox 961 4298 1176 4354; x_wconf 74' lang='lat' dir='ltr'><strong>Graacus</strong></span> <span class='ocrx_word' id='word_1_424' title='bbox 1216 4303 1445 4371; x_wconf 87' lang='lat' dir='ltr'><strong>Aquila,</strong></span> <span class='ocrx_word' id='word_1_425' title='bbox 1493 4306 1852 4376; x_wconf 83' lang='lat' dir='ltr'><strong>Symmachus</strong></span> 
     </span>
    </p>
   </div>
   <div class='ocr_carea' id='block_1_60' title="bbox 274 4382 1853 4456">
    <p class='ocr_par' dir='ltr' id='par_1_60' title="bbox 274 4382 1853 4456">
     <span class='ocr_line' id='line_1_60' title="bbox 274 4382 1853 4456; baseline 0.012 -22"><span class='ocrx_word' id='word_1_426' title='bbox 274 4393 326 4434; x_wconf 84' lang='lat' dir='ltr'><strong>et</strong></span> <span class='ocrx_word' id='word_1_427' title='bbox 347 4382 671 4450; x_wconf 86' lang='lat' dir='ltr'><strong>Theodotio,</strong></span> <span class='ocrx_word' id='word_1_428' title='bbox 688 4384 769 4438; x_wconf 91' lang='lat' dir='ltr'><strong>vel</strong></span> <span class='ocrx_word' id='word_1_429' title='bbox 792 4388 1018 4442; x_wconf 81' lang='lat' dir='ltr'><strong>verbum</strong></span> <span class='ocrx_word' id='word_1_430' title='bbox 1049 4404 1080 4443; x_wconf 93' lang='lat' dir='ltr'><strong>e</strong></span> <span class='ocrx_word' id='word_1_431' title='bbox 1109 4391 1294 4456; x_wconf 89' lang='lat' dir='ltr'><strong>verbo,</strong></span> <span class='ocrx_word' id='word_1_432' title='bbox 1319 4393 1400 4446; x_wconf 88' lang='lat' dir='ltr'><strong>vel</strong></span> <span class='ocrx_word' id='word_1_433' title='bbox 1423 4409 1643 4450; x_wconf 91' lang='lat' dir='ltr'><strong>sensum</strong></span> <span class='ocrx_word' id='word_1_434' title='bbox 1673 4413 1703 4451; x_wconf 93' lang='lat' dir='ltr'><strong>e</strong></span> <span class='ocrx_word' id='word_1_435' title='bbox 1729 4413 1853 4453; x_wconf 85' lang='lat' dir='ltr'><strong>sen-</strong></span> 
     </span>
    </p>
   </div>
   <div class='ocr_carea' id='block_1_61' title="bbox 276 4472 1852 4558">
    <p class='ocr_par' dir='ltr' id='par_1_61' title="bbox 276 4472 1852 4558">
     <span class='ocr_line' id='line_1_61' title="bbox 276 4472 1852 4558; baseline 0.015 -37"><span class='ocrx_word' id='word_1_436' title='bbox 276 4485 358 4532; x_wconf 84' lang='lat' dir='ltr'><strong>su,</strong></span> <span class='ocrx_word' id='word_1_437' title='bbox 387 4472 469 4526; x_wconf 87' lang='lat' dir='ltr'><strong>vel</strong></span> <span class='ocrx_word' id='word_1_438' title='bbox 510 4489 576 4530; x_wconf 82' lang='lat' dir='ltr'><strong>ex</strong></span> <span class='ocrx_word' id='word_1_439' title='bbox 625 4484 853 4545; x_wconf 89' lang='lat' dir='ltr'><strong>utroque</strong></span> <span class='ocrx_word' id='word_1_440' title='bbox 883 4480 1247 4546; x_wconf 86' lang='lat' dir='ltr'><strong>commistum,</strong></span> <span class='ocrx_word' id='word_1_441' title='bbox 1278 4491 1332 4536; x_wconf 91' lang='lat' dir='ltr'><strong>et</strong></span> <span class='ocrx_word' id='word_1_442' title='bbox 1365 4484 1554 4539; x_wconf 66' lang='lat' dir='ltr'><strong>mediae</strong></span> <span class='ocrx_word' id='word_1_443' title='bbox 1583 4495 1852 4558; x_wconf 87' lang='lat' dir='ltr'><strong>tempera-</strong></span> 
     </span>
    </p>
   </div>
   <div class='ocr_carea' id='block_1_62' title="bbox 1975 2015 3557 2086">
    <p class='ocr_par' dir='ltr' id='par_1_62' title="bbox 1975 2015 3557 2086">
     <span class='ocr_line' id='line_1_62' title="bbox 1975 2015 3557 2086; baseline 0.001 -16"><span class='ocrx_word' id='word_1_444' title='bbox 1975 2018 2184 2072; x_wconf 86' lang='lat' dir='ltr'><strong>sebium</strong></span> <span class='ocrx_word' id='word_1_445' title='bbox 2204 2015 2565 2072; x_wconf 84' lang='lat' dir='ltr'><strong>Samaritanis</strong></span> <span class='ocrx_word' id='word_1_446' title='bbox 2584 2017 2881 2086; x_wconf 73' lang='lat' dir='ltr'><strong>Scriptura:</strong></span> <span class='ocrx_word' id='word_1_447' title='bbox 2909 2015 3190 2071; x_wconf 89' lang='lat' dir='ltr'><strong>codicibus</strong></span> <span class='ocrx_word' id='word_1_448' title='bbox 3218 2033 3373 2072; x_wconf 90' lang='lat' dir='ltr'><strong>usum</strong></span> <span class='ocrx_word' id='word_1_449' title='bbox 3392 2018 3557 2074; x_wconf 79' lang='lat' dir='ltr'><strong>fuisse</strong></span> 
     </span>
    </p>
   </div>
   <div class='ocr_carea' id='block_1_63' title="bbox 1973 2107 3554 2178">
    <p class='ocr_par' dir='ltr' id='par_1_63' title="bbox 1973 2107 3554 2178">
     <span class='ocr_line' id='line_1_63' title="bbox 1973 2107 3554 2178; baseline 0 -14"><span class='ocrx_word' id='word_1_450' title='bbox 1973 2109 2284 2178; x_wconf 77' lang='lat' dir='ltr'><strong>Origenem,</strong></span> <span class='ocrx_word' id='word_1_451' title='bbox 2313 2108 2612 2178; x_wconf 87' lang='lat' dir='ltr'><strong>eademque</strong></span> <span class='ocrx_word' id='word_1_452' title='bbox 2651 2109 2704 2163; x_wconf 91' lang='lat' dir='ltr'><strong>in</strong></span> <span class='ocrx_word' id='word_1_453' title='bbox 2742 2107 2983 2177; x_wconf 75' lang='lat' dir='ltr'><strong>Ilexapla</strong></span> <span class='ocrx_word' id='word_1_454' title='bbox 3013 2107 3330 2163; x_wconf 90' lang='lat' dir='ltr'><strong>inseruisse.</strong></span> <span class='ocrx_word' id='word_1_455' title='bbox 3357 2108 3554 2164; x_wconf 83' lang='lat' dir='ltr'><strong>Verum</strong></span> 
     </span>
    </p>
   </div>
   <div class='ocr_carea' id='block_1_64' title="bbox 1969 2198 3554 2270">
    <p class='ocr_par' dir='ltr' id='par_1_64' title="bbox 1969 2198 3554 2270">
     <span class='ocr_line' id='line_1_64' title="bbox 1969 2198 3554 2270; baseline 0.002 -19"><span class='ocrx_word' id='word_1_456' title='bbox 1969 2201 2062 2270; x_wconf 84' lang='lat' dir='ltr'><strong>qui</strong></span> <span class='ocrx_word' id='word_1_457' title='bbox 2099 2201 2317 2269; x_wconf 87' lang='lat' dir='ltr'><strong>propius</strong></span> <span class='ocrx_word' id='word_1_458' title='bbox 2344 2200 2411 2254; x_wconf 87' lang='lat' dir='ltr'><strong>ad</strong></span> <span class='ocrx_word' id='word_1_459' title='bbox 2455 2198 2636 2256; x_wconf 91' lang='lat' dir='ltr'><strong>locum</strong></span> <span class='ocrx_word' id='word_1_460' title='bbox 2673 2200 2816 2254; x_wconf 90' lang='lat' dir='ltr'><strong>hunc</strong></span> <span class='ocrx_word' id='word_1_461' title='bbox 2853 2198 3069 2254; x_wconf 87' lang='lat' dir='ltr'><strong>Eusebii</strong></span> <span class='ocrx_word' id='word_1_462' title='bbox 3100 2207 3333 2254; x_wconf 87' lang='lat' dir='ltr'><strong>mentem</strong></span> <span class='ocrx_word' id='word_1_463' title='bbox 3375 2209 3554 2256; x_wconf 85' lang='lat' dir='ltr'><strong>atten-</strong></span> 
     </span>
    </p>
   </div>
   <div class='ocr_carea' id='block_1_65' title="bbox 1970 2291 3561 2364">
    <p class='ocr_par' dir='ltr' id='par_1_65' title="bbox 1970 2291 3561 2364">
     <span class='ocr_line' id='line_1_65' title="bbox 1970 2291 3561 2364; baseline -0.002 -15"><span class='ocrx_word' id='word_1_464' title='bbox 1970 2293 2135 2360; x_wconf 91' lang='lat' dir='ltr'><strong>derit,</strong></span> <span class='ocrx_word' id='word_1_465' title='bbox 2166 2292 2326 2362; x_wconf 90' lang='lat' dir='ltr'><strong>plane</strong></span> <span class='ocrx_word' id='word_1_466' title='bbox 2356 2292 2524 2348; x_wconf 88' lang='lat' dir='ltr'><strong>alium</strong></span> <span class='ocrx_word' id='word_1_467' title='bbox 2567 2292 2692 2347; x_wconf 86' lang='lat' dir='ltr'><strong>inde</strong></span> <span class='ocrx_word' id='word_1_468' title='bbox 2722 2307 2943 2346; x_wconf 87' lang='lat' dir='ltr'><strong>sensum</strong></span> <span class='ocrx_word' id='word_1_469' title='bbox 2975 2291 3256 2346; x_wconf 87' lang='lat' dir='ltr'><strong>extundet.</strong></span> <span class='ocrx_word' id='word_1_470' title='bbox 3291 2291 3357 2344; x_wconf 82' lang='lat' dir='ltr'><strong>Ai</strong></span> <span class='ocrx_word' id='word_1_471' title='bbox 3401 2292 3561 2364; x_wconf 73' lang='grc' dir='ltr'><strong>παρὰ.</strong></span> 
     </span>
    </p>
   </div>
   <div class='ocr_carea' id='block_1_66' title="bbox 1968 2380 3553 2456">
    <p class='ocr_par' dir='ltr' id='par_1_66' title="bbox 1968 2380 3553 2456">
     <span class='ocr_line' id='line_1_66' title="bbox 1968 2380 3553 2456; baseline -0.002 -17"><span class='ocrx_word' id='word_1_472' title='bbox 1968 2387 2078 2448; x_wconf 82' lang='grc' dir='ltr'>τοῖς</span> <span class='ocrx_word' id='word_1_473' title='bbox 2109 2384 2384 2450; x_wconf 80' lang='grc' dir='ltr'>Ἰουδαίοις</span> <span class='ocrx_word' id='word_1_474' title='bbox 2411 2384 2789 2456; x_wconf 83' lang='grc' dir='ltr'><strong>ὲμφερόμεναι</strong></span> <span class='ocrx_word' id='word_1_475' title='bbox 2825 2380 3180 2455; x_wconf 80' lang='grc' dir='ltr'><strong>πρωτότυποι</strong></span> <span class='ocrx_word' id='word_1_476' title='bbox 3212 2381 3441 2453; x_wconf 79' lang='grc' dir='ltr'><strong>γραφαὶ,</strong></span> <span class='ocrx_word' id='word_1_477' title='bbox 3470 2384 3553 2437; x_wconf 90' lang='lat' dir='ltr'><strong>ni-</strong></span> 
     </span>
    </p>
   </div>
   <div class='ocr_carea' id='block_1_67' title="bbox 1969 2476 3551 2546">
    <p class='ocr_par' dir='ltr' id='par_1_67' title="bbox 1969 2476 3551 2546">
     <span class='ocr_line' id='line_1_67' title="bbox 1969 2476 3551 2546; baseline -0.002 -14"><span class='ocrx_word' id='word_1_478' title='bbox 1969 2479 2046 2532; x_wconf 85' lang='lat' dir='ltr'><strong>hil</strong></span> <span class='ocrx_word' id='word_1_479' title='bbox 2073 2477 2218 2532; x_wconf 89' lang='lat' dir='ltr'><strong>aliud</strong></span> <span class='ocrx_word' id='word_1_480' title='bbox 2254 2485 2432 2541; x_wconf 89' lang='lat' dir='ltr'><strong>sonat,</strong></span> <span class='ocrx_word' id='word_1_481' title='bbox 2471 2492 2635 2546; x_wconf 93' lang='lat' dir='ltr'><strong>quam</strong></span> <span class='ocrx_word' id='word_1_482' title='bbox 2673 2493 2695 2528; x_wconf 88' lang='grc' dir='ltr'><strong>ι</strong></span> <span class='ocrx_word' id='word_1_483' title='bbox 2748 2476 3096 2546; x_wconf 68' lang='lat' dir='ltr'><strong>primigenia</strong></span> <span class='ocrx_word' id='word_1_484' title='bbox 3119 2476 3412 2544; x_wconf 67' lang='lat' dir='ltr'><strong>Scriptura:</strong></span> <span class='ocrx_word' id='word_1_485' title='bbox 3430 2489 3551 2545; x_wconf 71' lang='lat' dir='ltr'><strong>qua:</strong></span> 
     </span>
    </p>
   </div>
   <div class='ocr_carea' id='block_1_68' title="bbox 1967 2567 3552 2637">
    <p class='ocr_par' dir='ltr' id='par_1_68' title="bbox 1967 2567 3552 2637">
     <span class='ocr_line' id='line_1_68' title="bbox 1967 2567 3552 2637; baseline 0.001 -14"><span class='ocrx_word' id='word_1_486' title='bbox 1967 2570 2108 2637; x_wconf 90' lang='lat' dir='ltr'><strong>apud</strong></span> <span class='ocrx_word' id='word_1_487' title='bbox 2155 2567 2370 2624; x_wconf 63' lang='lat' dir='ltr'><strong>Iudaeos</strong></span> <span class='ocrx_word' id='word_1_488' title='bbox 2418 2569 2914 2631; x_wconf 57' lang='lat' dir='ltr'><strong>circumferuntur»;</strong></span> <span class='ocrx_word' id='word_1_489' title='bbox 2955 2588 2978 2621; x_wconf 67' lang='grc' dir='ltr'><strong>ι</strong></span> <span class='ocrx_word' id='word_1_490' title='bbox 3024 2583 3130 2622; x_wconf 91' lang='lat' dir='ltr'><strong>non</strong></span> <span class='ocrx_word' id='word_1_491' title='bbox 3173 2582 3324 2634; x_wconf 83' lang='lat' dir='ltr'><strong>vero,</strong></span> <span class='ocrx_word' id='word_1_492' title='bbox 3365 2585 3386 2620; x_wconf 82' lang='grc' dir='ltr'><strong>ι</strong></span> <span class='ocrx_word' id='word_1_493' title='bbox 3428 2581 3552 2637; x_wconf 64' lang='lat' dir='ltr'><strong>qua</strong></span> 
     </span>
    </p>
   </div>
   <div class='ocr_carea' id='block_1_69' title="bbox 1967 2659 3542 2732">
    <p class='ocr_par' dir='ltr' id='par_1_69' title="bbox 1967 2659 3542 2732">
     <span class='ocr_line' id='line_1_69' title="bbox 1967 2659 3542 2732; baseline -0.001 -16"><span class='ocrx_word' id='word_1_494' title='bbox 1967 2661 2346 2732; x_wconf 51' lang='lat' dir='ltr'><strong>apnd&#39;Judzeos</strong></span> <span class='ocrx_word' id='word_1_495' title='bbox 2383 2671 2691 2732; x_wconf 75' lang='lat' dir='ltr'><strong>prototypte</strong></span> <span class='ocrx_word' id='word_1_496' title='bbox 2714 2659 3158 2729; x_wconf 57' lang='lat' dir='ltr'><strong>Scriptura-esse</strong></span> <span class='ocrx_word' id='word_1_497' title='bbox 3190 2660 3474 2725; x_wconf 81' lang='lat' dir='ltr'><strong>feruntur;</strong></span> <span class='ocrx_word' id='word_1_498' title='bbox 3519 2677 3542 2714; x_wconf 76' lang='grc' dir='ltr'><strong>ο</strong></span> 
     </span>
    </p>
   </div>
   <div class='ocr_carea' id='block_1_70' title="bbox 1966 2751 3548 2827">
    <p class='ocr_par' dir='ltr' id='par_1_70' title="bbox 1966 2751 3548 2827">
     <span class='ocr_line' id='line_1_70' title="bbox 1966 2751 3548 2827; baseline 0 -19"><span class='ocrx_word' id='word_1_499' title='bbox 1966 2757 2197 2811; x_wconf 74' lang='lat' dir='ltr'><strong>dixisset</strong></span> <span class='ocrx_word' id='word_1_500' title='bbox 2217 2757 2436 2824; x_wconf 90' lang='lat' dir='ltr'><strong>quippe,</strong></span> <span class='ocrx_word' id='word_1_501' title='bbox 2457 2754 2609 2827; x_wconf 76' lang='grc' dir='ltr'>παρὰ</span> <span class='ocrx_word' id='word_1_502' title='bbox 2629 2757 2741 2818; x_wconf 74' lang='grc' dir='ltr'>τοῖς</span> <span class='ocrx_word' id='word_1_503' title='bbox 2767 2753 3041 2817; x_wconf 80' lang='grc' dir='ltr'>Ἰουδαίοις</span> <span class='ocrx_word' id='word_1_504' title='bbox 3054 2753 3370 2825; x_wconf 74' lang='grc' dir='ltr'>φερόμεναι.</span> <span class='ocrx_word' id='word_1_505' title='bbox 3392 2751 3548 2819; x_wconf 84' lang='lat' dir='ltr'><strong>Quod</strong></span> 
     </span>
    </p>
   </div>
   <div class='ocr_carea' id='block_1_71' title="bbox 1966 2842 3549 2916">
    <p class='ocr_par' dir='ltr' id='par_1_71' title="bbox 1966 2842 3549 2916">
     <span class='ocr_line' id='line_1_71' title="bbox 1966 2842 3549 2916; baseline -0.004 -12"><span class='ocrx_word' id='word_1_506' title='bbox 1966 2852 2010 2904; x_wconf 89' lang='lat' dir='ltr'><strong>si</strong></span> <span class='ocrx_word' id='word_1_507' title='bbox 2048 2849 2098 2904; x_wconf 88' lang='lat' dir='ltr'><strong>id</strong></span> <span class='ocrx_word' id='word_1_508' title='bbox 2141 2849 2242 2902; x_wconf 92' lang='lat' dir='ltr'><strong>sibi</strong></span> <span class='ocrx_word' id='word_1_509' title='bbox 2297 2849 2558 2902; x_wconf 89' lang='lat' dir='ltr'><strong>voluisset</strong></span> <span class='ocrx_word' id='word_1_510' title='bbox 2609 2845 2893 2909; x_wconf 85' lang='lat' dir='ltr'><strong>Eusebius,</strong></span> <span class='ocrx_word' id='word_1_511' title='bbox 2933 2861 3033 2900; x_wconf 91' lang='lat' dir='ltr'><strong>cur</strong></span> <span class='ocrx_word' id='word_1_512' title='bbox 3061 2860 3157 2899; x_wconf 91' lang='lat' dir='ltr'><strong>eas</strong></span> <span class='ocrx_word' id='word_1_513' title='bbox 3192 2845 3370 2914; x_wconf 88' lang='lat' dir='ltr'><strong>potius</strong></span> <span class='ocrx_word' id='word_1_514' title='bbox 3393 2842 3549 2916; x_wconf 81' lang='grc' dir='ltr'>παρὰ</span> 
     </span>
    </p>
   </div>
   <div class='ocr_carea' id='block_1_72' title="bbox 1965 2933 3548 3010">
    <p class='ocr_par' dir='ltr' id='par_1_72' title="bbox 1965 2933 3548 3010">
     <span class='ocr_line' id='line_1_72' title="bbox 1965 2933 3548 3010; baseline -0.004 -14"><span class='ocrx_word' id='word_1_515' title='bbox 1965 2945 2076 3006; x_wconf 86' lang='grc' dir='ltr'>τοῖς</span> <span class='ocrx_word' id='word_1_516' title='bbox 2115 2941 2384 3004; x_wconf 72' lang='grc' dir='ltr'>Ἰουδαίοις</span> <span class='ocrx_word' id='word_1_517' title='bbox 2411 2939 2740 3010; x_wconf 80' lang='grc' dir='ltr'>φερομένας,</span> <span class='ocrx_word' id='word_1_518' title='bbox 2779 2936 3116 3007; x_wconf 87' lang='lat' dir='ltr'><strong>quam-apud</strong></span> <span class='ocrx_word' id='word_1_519' title='bbox 3141 2935 3378 2997; x_wconf 67' lang='lat' dir='ltr'><strong>Graecos,</strong></span> <span class='ocrx_word' id='word_1_520' title='bbox 3421 2933 3548 2990; x_wconf 82' lang='lat' dir='ltr'><strong>Hel-</strong></span> 
     </span>
    </p>
   </div>
   <div class='ocr_carea' id='block_1_73' title="bbox 1963 3025 3546 3101">
    <p class='ocr_par' dir='ltr' id='par_1_73' title="bbox 1963 3025 3546 3101">
     <span class='ocr_line' id='line_1_73' title="bbox 1963 3025 3546 3101; baseline -0.006 -13"><span class='ocrx_word' id='word_1_521' title='bbox 1963 3035 2206 3096; x_wconf 89' lang='lat' dir='ltr'><strong>lenistas,</strong></span> <span class='ocrx_word' id='word_1_522' title='bbox 2245 3033 2489 3101; x_wconf 88' lang='lat' dir='ltr'><strong>aliosque</strong></span> <span class='ocrx_word' id='word_1_523' title='bbox 2527 3031 2776 3094; x_wconf 79' lang='lat' dir='ltr'><strong>dixisset,</strong></span> <span class='ocrx_word' id='word_1_524' title='bbox 2811 3028 3304 3098; x_wconf 80' lang='lat' dir='ltr'><strong>quiSamaritanas</strong></span> <span class='ocrx_word' id='word_1_525' title='bbox 3331 3025 3546 3080; x_wconf 80' lang='lat' dir='ltr'><strong>litteras</strong></span> 
     </span>
    </p>
   </div>
   <div class='ocr_carea' id='block_1_74' title="bbox 1963 3116 3552 3195">
    <p class='ocr_par' dir='ltr' id='par_1_74' title="bbox 1963 3116 3552 3195">
     <span class='ocr_line' id='line_1_74' title="bbox 1963 3116 3552 3195; baseline -0.008 -13"><span class='ocrx_word' id='word_1_526' title='bbox 1963 3127 2298 3195; x_wconf 86' lang='lat' dir='ltr'><strong>antiquiores</strong></span> <span class='ocrx_word' id='word_1_527' title='bbox 2331 3139 2451 3180; x_wconf 88' lang='lat' dir='ltr'><strong>esse</strong></span> <span class='ocrx_word' id='word_1_528' title='bbox 2475 3122 2722 3178; x_wconf 81' lang='lat' dir='ltr'><strong>Judaicis</strong></span> <span class='ocrx_word' id='word_1_529' title='bbox 2752 3137 2856 3176; x_wconf 87' lang='lat' dir='ltr'><strong>una</strong></span> <span class='ocrx_word' id='word_1_530' title='bbox 2898 3135 3022 3186; x_wconf 81' lang='lat' dir='ltr'><strong>eum</strong></span> <span class='ocrx_word' id='word_1_531' title='bbox 3052 3117 3252 3174; x_wconf 60' lang='lat' dir='ltr'><strong>Iudaeis</strong></span> <span class='ocrx_word' id='word_1_532' title='bbox 3291 3116 3552 3176; x_wconf 64' lang='lat' dir='ltr'><strong>lateban-</strong></span> 
     </span>
    </p>
   </div>
   <div class='ocr_carea' id='block_1_75' title="bbox 1965 3208 3537 3287">
    <p class='ocr_par' dir='ltr' id='par_1_75' title="bbox 1965 3208 3537 3287">
     <span class='ocr_line' id='line_1_75' title="bbox 1965 3208 3537 3287; baseline -0.006 -15"><span class='ocrx_word' id='word_1_533' title='bbox 1965 3231 2050 3272; x_wconf 87' lang='lat' dir='ltr'><strong>tnr</strong></span> <span class='ocrx_word' id='word_1_534' title='bbox 2073 3219 2113 3272; x_wconf 53' lang='grc' dir='ltr'><strong>2η</strong></span> <span class='ocrx_word' id='word_1_535' title='bbox 2127 3217 2260 3285; x_wconf 83' lang='lat' dir='ltr'><strong>Quis</strong></span> <span class='ocrx_word' id='word_1_536' title='bbox 2291 3225 2442 3287; x_wconf 86' lang='lat' dir='ltr'><strong>putet</strong></span> <span class='ocrx_word' id='word_1_537' title='bbox 2477 3216 2710 3285; x_wconf 89' lang='lat' dir='ltr'><strong>denique</strong></span> <span class='ocrx_word' id='word_1_538' title='bbox 2739 3212 3022 3281; x_wconf 70' lang='lat' dir='ltr'><strong>ﬂexa-ptis,</strong></span> <span class='ocrx_word' id='word_1_539' title='bbox 3057 3210 3123 3266; x_wconf 88' lang='lat' dir='ltr'><strong>ad</strong></span> <span class='ocrx_word' id='word_1_540' title='bbox 3155 3209 3450 3280; x_wconf 71' lang='lat' dir='ltr'><strong>Scriptum</strong></span> <span class='ocrx_word' id='word_1_541' title='bbox 3471 3208 3537 3263; x_wconf 89' lang='lat' dir='ltr'><strong>il-</strong></span> 
     </span>
    </p>
   </div>
   <div class='ocr_carea' id='block_1_76' title="bbox 1959 3301 3541 3379">
    <p class='ocr_par' dir='ltr' id='par_1_76' title="bbox 1959 3301 3541 3379">
     <span class='ocr_line' id='line_1_76' title="bbox 1959 3301 3541 3379; baseline -0.007 -13"><span class='ocrx_word' id='word_1_542' title='bbox 1959 3312 2336 3367; x_wconf 89' lang='lat' dir='ltr'><strong>lustrationem</strong></span> <span class='ocrx_word' id='word_1_543' title='bbox 2365 3319 2422 3365; x_wconf 92' lang='lat' dir='ltr'><strong>et</strong></span> <span class='ocrx_word' id='word_1_544' title='bbox 2452 3309 2722 3379; x_wconf 87' lang='lat' dir='ltr'><strong>publicam</strong></span> <span class='ocrx_word' id='word_1_545' title='bbox 2755 3307 3041 3360; x_wconf 80' lang='lat' dir='ltr'><strong>utilitatem</strong></span> <span class='ocrx_word' id='word_1_546' title='bbox 3062 3303 3422 3366; x_wconf 85' lang='lat' dir='ltr'><strong>concinnatis,</strong></span> <span class='ocrx_word' id='word_1_547' title='bbox 3441 3301 3541 3355; x_wconf 86' lang='lat' dir='ltr'><strong>Sa-</strong></span> 
     </span>
    </p>
   </div>
   <div class='ocr_carea' id='block_1_77' title="bbox 1959 3394 3540 3472">
    <p class='ocr_par' dir='ltr' id='par_1_77' title="bbox 1959 3394 3540 3472">
     <span class='ocr_line' id='line_1_77' title="bbox 1959 3394 3540 3472; baseline -0.007 -13"><span class='ocrx_word' id='word_1_548' title='bbox 1959 3404 2271 3459; x_wconf 87' lang='lat' dir='ltr'><strong>maritarum</strong></span> <span class='ocrx_word' id='word_1_549' title='bbox 2289 3401 2634 3472; x_wconf 79' lang='lat' dir='ltr'><strong>exemplaria</strong></span> <span class='ocrx_word' id='word_1_550' title='bbox 2676 3398 2958 3454; x_wconf 84' lang='lat' dir='ltr'><strong>inlersisse</strong></span> <span class='ocrx_word' id='word_1_551' title='bbox 2971 3396 3290 3468; x_wconf 74' lang='lat' dir='ltr'><strong>Origenem,</strong></span> <span class='ocrx_word' id='word_1_552' title='bbox 3316 3394 3540 3451; x_wconf 68' lang='lat' dir='ltr'><strong>Iudaica</strong></span> 
     </span>
    </p>
   </div>
   <div class='ocr_carea' id='block_1_78' title="bbox 1958 3485 3539 3570">
    <p class='ocr_par' dir='ltr' id='par_1_78' title="bbox 1958 3485 3539 3570">
     <span class='ocr_line' id='line_1_78' title="bbox 1958 3485 3539 3570; baseline -0.008 -18"><span class='ocrx_word' id='word_1_553' title='bbox 1958 3497 2291 3570; x_wconf 80' lang='lat' dir='ltr'><strong>neglexisse;</strong></span> <span class='ocrx_word' id='word_1_554' title='bbox 2326 3512 2449 3551; x_wconf 89' lang='lat' dir='ltr'><strong>cum</strong></span> <span class='ocrx_word' id='word_1_555' title='bbox 2477 3494 2724 3567; x_wconf 80' lang='lat' dir='ltr'><strong>angustis</strong></span> <span class='ocrx_word' id='word_1_556' title='bbox 2751 3493 2952 3548; x_wconf 80' lang='lat' dir='ltr'><strong>ﬁnibus</strong></span> <span class='ocrx_word' id='word_1_557' title='bbox 2977 3500 3323 3546; x_wconf 84' lang='lat' dir='ltr'><strong>coerceretur</strong></span> <span class='ocrx_word' id='word_1_558' title='bbox 3347 3485 3539 3542; x_wconf 79' lang='lat' dir='ltr'><strong>Sama-</strong></span> 
     </span>
    </p>
   </div>
   <div class='ocr_carea' id='block_1_79' title="bbox 1957 3579 3539 3660">
    <p class='ocr_par' dir='ltr' id='par_1_79' title="bbox 1957 3579 3539 3660">
     <span class='ocr_line' id='line_1_79' title="bbox 1957 3579 3539 3660; baseline -0.008 -14"><span class='ocrx_word' id='word_1_559' title='bbox 1957 3591 2112 3646; x_wconf 88' lang='lat' dir='ltr'><strong>ritiea</strong></span> <span class='ocrx_word' id='word_1_560' title='bbox 2147 3591 2236 3644; x_wconf 88' lang='lat' dir='ltr'><strong>illa</strong></span> <span class='ocrx_word' id='word_1_561' title='bbox 2267 3605 2419 3660; x_wconf 76' lang='lat' dir='ltr'><strong>gens,</strong></span> <span class='ocrx_word' id='word_1_562' title='bbox 2438 3587 2602 3643; x_wconf 90' lang='lat' dir='ltr'><strong>latius</strong></span> <span class='ocrx_word' id='word_1_563' title='bbox 2625 3602 2757 3642; x_wconf 90' lang='lat' dir='ltr'><strong>vero</strong></span> <span class='ocrx_word' id='word_1_564' title='bbox 2779 3584 3002 3642; x_wconf 75' lang='lat' dir='ltr'><strong>Judaica</strong></span> <span class='ocrx_word' id='word_1_565' title='bbox 3035 3579 3368 3654; x_wconf 85' lang='lat' dir='ltr'><strong>pertineret?</strong></span> <span class='ocrx_word' id='word_1_566' title='bbox 3385 3579 3539 3645; x_wconf 86' lang='lat' dir='ltr'><strong>Quod</strong></span> 
     </span>
    </p>
   </div>
   <div class='ocr_carea' id='block_1_80' title="bbox 1958 3672 3537 3751">
    <p class='ocr_par' dir='ltr' id='par_1_80' title="bbox 1958 3672 3537 3751">
     <span class='ocr_line' id='line_1_80' title="bbox 1958 3672 3537 3751; baseline -0.004 -16"><span class='ocrx_word' id='word_1_567' title='bbox 1958 3684 2004 3735; x_wconf 85' lang='lat' dir='ltr'><strong>si</strong></span> <span class='ocrx_word' id='word_1_568' title='bbox 2041 3683 2163 3751; x_wconf 91' lang='lat' dir='ltr'><strong>quis</strong></span> <span class='ocrx_word' id='word_1_569' title='bbox 2189 3681 2518 3750; x_wconf 81' lang='lat' dir='ltr'><strong>exemplaria</strong></span> <span class='ocrx_word' id='word_1_570' title='bbox 2548 3690 2781 3748; x_wconf 83' lang='lat' dir='ltr'><strong>utraque</strong></span> <span class='ocrx_word' id='word_1_571' title='bbox 2829 3679 3009 3732; x_wconf 89' lang='lat' dir='ltr'><strong>locum</strong></span> <span class='ocrx_word' id='word_1_572' title='bbox 3042 3675 3144 3730; x_wconf 91' lang='lat' dir='ltr'><strong>sibi</strong></span> <span class='ocrx_word' id='word_1_573' title='bbox 3177 3676 3231 3730; x_wconf 87' lang='lat' dir='ltr'><strong>in</strong></span> <span class='ocrx_word' id='word_1_574' title='bbox 3277 3672 3537 3740; x_wconf 68' lang='lat' dir='ltr'><strong>Hexaplis</strong></span> 
     </span>
    </p>
   </div>
   <div class='ocr_carea' id='block_1_81' title="bbox 1957 3763 3570 3840">
    <p class='ocr_par' dir='ltr' id='par_1_81' title="bbox 1957 3763 3570 3840">
     <span class='ocr_line' id='line_1_81' title="bbox 1957 3763 3570 3840; baseline -0.002 -16"><span class='ocrx_word' id='word_1_575' title='bbox 1957 3774 2260 3827; x_wconf 81' lang='lat' dir='ltr'><strong>vindicasse</strong></span> <span class='ocrx_word' id='word_1_576' title='bbox 2303 3773 2468 3835; x_wconf 90' lang='lat' dir='ltr'><strong>dicet,</strong></span> <span class='ocrx_word' id='word_1_577' title='bbox 2503 3788 2611 3826; x_wconf 78' lang='lat' dir='ltr'><strong>non</strong></span> <span class='ocrx_word' id='word_1_578' title='bbox 2661 3786 2793 3840; x_wconf 77' lang='lat' dir='ltr'><strong>ergo</strong></span> <span class='ocrx_word' id='word_1_579' title='bbox 2843 3767 3086 3834; x_wconf 78' lang='lat' dir='ltr'><strong>Hexapla</strong></span> <span class='ocrx_word' id='word_1_580' title='bbox 3126 3767 3209 3822; x_wconf 91' lang='lat' dir='ltr'><strong>vel</strong></span> <span class='ocrx_word' id='word_1_581' title='bbox 3235 3763 3487 3831; x_wconf 76' lang='grc' dir='ltr'><strong>,θεωρία</strong></span> <span class='ocrx_word' id='word_1_582' title='bbox 3511 3780 3570 3830; x_wconf 65' lang='grc' dir='ltr'><strong>ς,</strong></span> 
     </span>
    </p>
   </div>
   <div class='ocr_carea' id='block_1_82' title="bbox 1957 3859 3536 3933">
    <p class='ocr_par' dir='ltr' id='par_1_82' title="bbox 1957 3859 3536 3933">
     <span class='ocr_line' id='line_1_82' title="bbox 1957 3859 3536 3933; baseline -0.005 -13"><span class='ocrx_word' id='word_1_583' title='bbox 1957 3865 2048 3920; x_wconf 88' lang='lat' dir='ltr'><strong>sed</strong></span> <span class='ocrx_word' id='word_1_584' title='bbox 2083 3863 2371 3933; x_wconf 81' lang='lat' dir='ltr'><strong>Heptapla,</strong></span> <span class='ocrx_word' id='word_1_585' title='bbox 2406 3865 2488 3919; x_wconf 84' lang='lat' dir='ltr'><strong>vel</strong></span> <span class='ocrx_word' id='word_1_586' title='bbox 2524 3862 2799 3931; x_wconf 83' lang='lat' dir='ltr'><strong>Enneapla</strong></span> <span class='ocrx_word' id='word_1_587' title='bbox 2827 3861 3054 3916; x_wconf 88' lang='lat' dir='ltr'><strong>dicenda</strong></span> <span class='ocrx_word' id='word_1_588' title='bbox 3095 3868 3270 3914; x_wconf 89' lang='lat' dir='ltr'><strong>erant.</strong></span> <span class='ocrx_word' id='word_1_589' title='bbox 3309 3859 3536 3914; x_wconf 85' lang='lat' dir='ltr'><strong>Constat</strong></span> 
     </span>
    </p>
   </div>
   <div class='ocr_carea' id='block_1_83' title="bbox 1956 3937 3567 4024">
    <p class='ocr_par' dir='ltr' id='par_1_83' title="bbox 1956 3937 3567 4024">
     <span class='ocr_line' id='line_1_83' title="bbox 1956 3937 3567 4024; baseline -0.002 -17"><span class='ocrx_word' id='word_1_590' title='bbox 1956 3965 2106 4009; x_wconf 87' lang='lat' dir='ltr'><strong>certe</strong></span> <span class='ocrx_word' id='word_1_591' title='bbox 2155 3956 2258 4010; x_wconf 89' lang='lat' dir='ltr'><strong>hoc</strong></span> <span class='ocrx_word' id='word_1_592' title='bbox 2295 3937 2490 4024; x_wconf 35' lang='lat' dir='ltr'><strong>‘capite</strong></span> <span class='ocrx_word' id='word_1_593' title='bbox 2539 3953 2837 4008; x_wconf 82' lang='lat' dir='ltr'><strong>Eusebium</strong></span> <span class='ocrx_word' id='word_1_594' title='bbox 2889 3951 3159 4006; x_wconf 86' lang='lat' dir='ltr'><strong>llebraica</strong></span> <span class='ocrx_word' id='word_1_595' title='bbox 3199 3949 3567 4019; x_wconf 86' lang='lat' dir='ltr'><strong>exemplaria-</strong></span> 
     </span>
    </p>
   </div>
   <div class='ocr_carea' id='block_1_84' title="bbox 1953 4044 3534 4115">
    <p class='ocr_par' dir='ltr' id='par_1_84' title="bbox 1953 4044 3534 4115">
     <span class='ocr_line' id='line_1_84' title="bbox 1953 4044 3534 4115; baseline -0.001 -16"><span class='ocrx_word' id='word_1_596' title='bbox 1953 4045 2159 4099; x_wconf 80' lang='lat' dir='ltr'><strong>Graecis</strong></span> <span class='ocrx_word' id='word_1_597' title='bbox 2188 4045 2724 4114; x_wconf 82' lang='lat' dir='ltr'><strong>interpretationibus</strong></span> <span class='ocrx_word' id='word_1_598' title='bbox 2778 4044 3121 4115; x_wconf 85' lang='lat' dir='ltr'><strong>opposuisse,</strong></span> <span class='ocrx_word' id='word_1_599' title='bbox 3170 4057 3398 4111; x_wconf 86' lang='lat' dir='ltr'><strong>quarum</strong></span> <span class='ocrx_word' id='word_1_600' title='bbox 3443 4056 3534 4097; x_wconf 86' lang='lat' dir='ltr'><strong>ra-</strong></span> 
     </span>
    </p>
   </div>
   <div class='ocr_carea' id='block_1_85' title="bbox 1955 4133 3552 4208">
    <p class='ocr_par' dir='ltr' id='par_1_85' title="bbox 1955 4133 3552 4208">
     <span class='ocr_line' id='line_1_85' title="bbox 1955 4133 3552 4208; baseline 0.003 -22"><span class='ocrx_word' id='word_1_601' title='bbox 1955 4135 2103 4188; x_wconf 90' lang='lat' dir='ltr'><strong>tione</strong></span> <span class='ocrx_word' id='word_1_602' title='bbox 2162 4137 2468 4189; x_wconf 80' lang='lat' dir='ltr'><strong>veritatetn</strong></span> <span class='ocrx_word' id='word_1_603' title='bbox 2505 4133 2848 4190; x_wconf 65' lang='lat' dir='ltr'><strong>Hebraicam.</strong></span> <span class='ocrx_word' id='word_1_604' title='bbox 2877 4136 3070 4189; x_wconf 72' lang='lat' dir='ltr'><strong>merito</strong></span> <span class='ocrx_word' id='word_1_605' title='bbox 3134 4133 3552 4208; x_wconf 81' lang='grc' dir='ltr'><strong>πρωτοτύπους.</strong></span> 
     </span>
    </p>
   </div>
   <div class='ocr_carea' id='block_1_86' title="bbox 1953 4223 3532 4297">
    <p class='ocr_par' dir='ltr' id='par_1_86' title="bbox 1953 4223 3532 4297">
     <span class='ocr_line' id='line_1_86' title="bbox 1953 4223 3532 4297; baseline 0.001 -19"><span class='ocrx_word' id='word_1_606' title='bbox 1953 4223 2170 4295; x_wconf 78' lang='grc' dir='ltr'><strong>γραφὰς</strong></span> <span class='ocrx_word' id='word_1_607' title='bbox 2198 4225 2503 4293; x_wconf 86' lang='lat' dir='ltr'><strong>appellavit.</strong></span> <span class='ocrx_word' id='word_1_608' title='bbox 2533 4225 2788 4281; x_wconf 81' lang='lat' dir='ltr'><strong>Profecto</strong></span> <span class='ocrx_word' id='word_1_609' title='bbox 2839 4224 3232 4294; x_wconf 85' lang='lat' dir='ltr'><strong>Epiphanium,</strong></span> <span class='ocrx_word' id='word_1_610' title='bbox 3267 4225 3532 4297; x_wconf 83' lang='lat' dir='ltr'><strong>Hierony-</strong></span> 
     </span>
    </p>
   </div>
   <div class='ocr_carea' id='block_1_87' title="bbox 1953 4316 3536 4389">
    <p class='ocr_par' dir='ltr' id='par_1_87' title="bbox 1953 4316 3536 4389">
     <span class='ocr_line' id='line_1_87' title="bbox 1953 4316 3536 4389; baseline 0.002 -20"><span class='ocrx_word' id='word_1_611' title='bbox 1953 4331 2096 4369; x_wconf 89' lang='lat' dir='ltr'><strong>mum</strong></span> <span class='ocrx_word' id='word_1_612' title='bbox 2139 4326 2195 4371; x_wconf 91' lang='lat' dir='ltr'><strong>et</strong></span> <span class='ocrx_word' id='word_1_613' title='bbox 2233 4316 2490 4371; x_wconf 72' lang='lat' dir='ltr'><strong>Ruﬁnum</strong></span> <span class='ocrx_word' id='word_1_614' title='bbox 2535 4326 2728 4388; x_wconf 90' lang='lat' dir='ltr'><strong>stupor</strong></span> <span class='ocrx_word' id='word_1_615' title='bbox 2755 4318 2944 4389; x_wconf 80' lang='lat' dir='ltr'><strong>ingens</strong></span> <span class='ocrx_word' id='word_1_616' title='bbox 2967 4326 3306 4388; x_wconf 88' lang='lat' dir='ltr'><strong>occupasset,</strong></span> <span class='ocrx_word' id='word_1_617' title='bbox 3342 4319 3386 4373; x_wconf 85' lang='lat' dir='ltr'><strong>si</strong></span> <span class='ocrx_word' id='word_1_618' title='bbox 3417 4318 3536 4372; x_wconf 48' lang='lat' dir='ltr'><strong>edi-</strong></span> 
     </span>
    </p>
   </div>
   <div class='ocr_carea' id='block_1_88' title="bbox 1952 4407 3531 4480">
    <p class='ocr_par' dir='ltr' id='par_1_88' title="bbox 1952 4407 3531 4480">
     <span class='ocr_line' id='line_1_88' title="bbox 1952 4407 3531 4480; baseline 0.004 -21"><span class='ocrx_word' id='word_1_619' title='bbox 1952 4407 2128 4462; x_wconf 89' lang='lat' dir='ltr'><strong>tiones</strong></span> <span class='ocrx_word' id='word_1_620' title='bbox 2156 4422 2220 4462; x_wconf 88' lang='lat' dir='ltr'><strong>ac</strong></span> <span class='ocrx_word' id='word_1_621' title='bbox 2247 4407 2529 4464; x_wconf 89' lang='lat' dir='ltr'><strong>columnas</strong></span> <span class='ocrx_word' id='word_1_622' title='bbox 2591 4407 2974 4478; x_wconf 68' lang='lat' dir='ltr'><strong>Hexaplorum~~</strong></span> <span class='ocrx_word' id='word_1_623' title='bbox 3000 4421 3254 4465; x_wconf 88' lang='lat' dir='ltr'><strong>accurate</strong></span> <span class='ocrx_word' id='word_1_624' title='bbox 3301 4425 3531 4480; x_wconf 84' lang='lat' dir='ltr'><strong>percen-</strong></span> 
     </span>
    </p>
   </div>
   <div class='ocr_carea' id='block_1_89' title="bbox 1951 4499 3571 4576">
    <p class='ocr_par' dir='ltr' id='par_1_89' title="bbox 1951 4499 3571 4576">
     <span class='ocr_line' id='line_1_89' title="bbox 1951 4499 3571 4576; baseline 0.003 -23"><span class='ocrx_word' id='word_1_625' title='bbox 1951 4509 2154 4565; x_wconf 88' lang='lat' dir='ltr'><strong>sentes,</strong></span> <span class='ocrx_word' id='word_1_626' title='bbox 2179 4499 2560 4556; x_wconf 89' lang='lat' dir='ltr'><strong>Samariticam</strong></span> <span class='ocrx_word' id='word_1_627' title='bbox 2583 4502 3084 4572; x_wconf 71' lang='lat' dir='ltr'><strong>praetermisissent.</strong></span> <span class='ocrx_word' id='word_1_628' title='bbox 3117 4501 3228 4575; x_wconf 82' lang='lat'><strong>(90)</strong></span> <span class='ocrx_word' id='word_1_629' title='bbox 3259 4503 3375 4560; x_wconf 86' lang='lat' dir='ltr'><strong>Non</strong></span> <span class='ocrx_word' id='word_1_630' title='bbox 3399 4518 3571 4576; x_wconf 39' lang='lat' dir='ltr'><strong>ergo.</strong></span> 
     </span>
    </p>
   </div>
   <div class='ocr_carea' id='block_1_90' title="bbox 276 4566 3568 4668">
    <p class='ocr_par' dir='ltr' id='par_1_90' title="bbox 276 4566 3568 4668">
     <span class='ocr_line' id='line_1_90' title="bbox 276 4566 3568 4668; baseline 0.01 -55"><span class='ocrx_word' id='word_1_631' title='bbox 276 4569 382 4615; x_wconf 91' lang='lat' dir='ltr'><strong>tum</strong></span> <span class='ocrx_word' id='word_1_632' title='bbox 412 4579 584 4633; x_wconf 84' lang='lat' dir='ltr'><strong>genus</strong></span> <span class='ocrx_word' id='word_1_633' title='bbox 616 4566 988 4624; x_wconf 87' lang='lat' dir='ltr'><strong>translationis</strong></span> <span class='ocrx_word' id='word_1_634' title='bbox 1011 4574 1403 4640; x_wconf 81' lang='lat' dir='ltr'><strong>expresserim.</strong></span> <span class='ocrx_word' id='word_1_635' title='bbox 1431 4595 1451 4629; x_wconf 75' lang='grc' dir='ltr'><strong>ι</strong></span> <span class='ocrx_word' id='word_1_636' title='bbox 1484 4577 1855 4634; x_wconf 80' lang='lat' dir='ltr'><strong>Ordoautem</strong></span> <span class='ocrx_word' id='word_1_637' title='bbox 1880 4601 1927 4660; x_wconf 80' lang='grc' dir='ltr'>ι)</span> <span class='ocrx_word' id='word_1_638' title='bbox 1951 4606 2139 4646; x_wconf 72' lang='lat' dir='ltr'><strong>verum</strong></span> <span class='ocrx_word' id='word_1_639' title='bbox 2202 4603 2285 4647; x_wconf 76' lang='grc' dir='ltr'><strong>εει</strong></span> <span class='ocrx_word' id='word_1_640' title='bbox 2349 4566 2678 4650; x_wconf 39' lang='lat' dir='ltr'><strong>saluuii-ani</strong></span> <span class='ocrx_word' id='word_1_641' title='bbox 2737 4596 2942 4651; x_wconf 73' lang='lat' dir='ltr'><strong>codicis</strong></span> <span class='ocrx_word' id='word_1_642' title='bbox 3001 4566 3346 4662; x_wconf 50' lang='lat' dir='ltr'><strong>testimonia,</strong></span> <span class='ocrx_word' id='word_1_643' title='bbox 3409 4566 3530 4668; x_wconf 49' lang='lat' dir='ltr'><strong>quia</strong></span> <span class='ocrx_word' id='word_1_644' title='bbox 3558 4629 3568 4634; x_wconf 84' lang='grc'><strong>-</strong></span> 
     </span>
    </p>
   </div>
   <div class='ocr_carea' id='block_1_91' title="bbox 272 4654 1850 4738">
    <p class='ocr_par' dir='ltr' id='par_1_91' title="bbox 272 4654 1850 4738">
     <span class='ocr_line' id='line_1_91' title="bbox 272 4654 1850 4738; baseline 0.015 -34"><span class='ocrx_word' id='word_1_645' title='bbox 272 4654 571 4708; x_wconf 82' lang='lat' dir='ltr'><strong>studiorum</strong></span> <span class='ocrx_word' id='word_1_646' title='bbox 618 4656 890 4724; x_wconf 89' lang='lat' dir='ltr'><strong>postulat,</strong></span> <span class='ocrx_word' id='word_1_647' title='bbox 925 4669 985 4713; x_wconf 93' lang='lat' dir='ltr'><strong>ut</strong></span> <span class='ocrx_word' id='word_1_648' title='bbox 1025 4662 1331 4718; x_wconf 90' lang='lat' dir='ltr'><strong>intricatam</strong></span> <span class='ocrx_word' id='word_1_649' title='bbox 1369 4669 1720 4736; x_wconf 66' lang='lat' dir='ltr'><strong>quaestionem</strong></span> <span class='ocrx_word' id='word_1_650' title='bbox 1743 4713 1760 4738; x_wconf 95' lang='lat'><strong>,</strong></span> <span class='ocrx_word' id='word_1_651' title='bbox 1793 4682 1850 4727; x_wconf 87' lang='lat' dir='ltr'><strong>et</strong></span> 
     </span>
    </p>
   </div>
   <div class='ocr_carea' id='block_1_92' title="bbox 273 4740 1850 4832">
    <p class='ocr_par' dir='ltr' id='par_1_92' title="bbox 273 4740 1850 4832">
     <span class='ocr_line' id='line_1_92' title="bbox 273 4740 1850 4832; baseline 0.015 -37"><span class='ocrx_word' id='word_1_652' title='bbox 273 4740 535 4798; x_wconf 85' lang='lat' dir='ltr'><strong>incertam</strong></span> <span class='ocrx_word' id='word_1_653' title='bbox 569 4748 952 4818; x_wconf 84' lang='lat' dir='ltr'><strong>disceptaturi,</strong></span> <span class='ocrx_word' id='word_1_654' title='bbox 982 4764 1252 4811; x_wconf 83' lang='lat' dir='ltr'><strong>extremas</strong></span> <span class='ocrx_word' id='word_1_655' title='bbox 1291 4758 1523 4827; x_wconf 86' lang='lat' dir='ltr'><strong>primum</strong></span> <span class='ocrx_word' id='word_1_656' title='bbox 1557 4771 1612 4816; x_wconf 87' lang='lat' dir='ltr'><strong>et</strong></span> <span class='ocrx_word' id='word_1_657' title='bbox 1633 4765 1850 4832; x_wconf 88' lang='lat' dir='ltr'><strong>opposi-</strong></span> 
     </span>
    </p>
   </div>
   <div class='ocr_carea' id='block_1_93' title="bbox 339 4902 1852 4980">
    <p class='ocr_par' dir='ltr' id='par_1_93' title="bbox 339 4902 1852 4980">
     <span class='ocr_line' id='line_1_93' title="bbox 339 4902 1852 4980; baseline 0.014 -26"><span class='ocrx_word' id='word_1_658' title='bbox 339 4902 451 4970; x_wconf 85' lang='lat'><strong>(88)</strong></span> <span class='ocrx_word' id='word_1_659' title='bbox 497 4903 612 4980; x_wconf 78' lang='lat' dir='ltr'><strong>Ego</strong></span> <span class='ocrx_word' id='word_1_660' title='bbox 641 4921 771 4980; x_wconf 52' lang='lat' dir='ltr'><strong>sero</strong></span> <span class='ocrx_word' id='word_1_661' title='bbox 803 4925 832 4959; x_wconf 89' lang='lat' dir='ltr'><strong>a</strong></span> <span class='ocrx_word' id='word_1_662' title='bbox 869 4921 1084 4980; x_wconf 55' lang='lat' dir='ltr'><strong>recepta</strong></span> <span class='ocrx_word' id='word_1_663' title='bbox 1133 4913 1400 4980; x_wconf 76' lang='lat' dir='ltr'><strong>opinione,</strong></span> <span class='ocrx_word' id='word_1_664' title='bbox 1448 4925 1553 4971; x_wconf 90' lang='lat' dir='ltr'><strong>etc.</strong></span> <span class='ocrx_word' id='word_1_665' title='bbox 1613 4919 1744 4974; x_wconf 86' lang='lat' dir='ltr'><strong>Vide</strong></span> <span class='ocrx_word' id='word_1_666' title='bbox 1792 4921 1852 4974; x_wconf 91' lang='lat' dir='ltr'><strong>D.</strong></span> 
     </span>
    </p>
   </div>
   <div class='ocr_carea' id='block_1_94' title="bbox 270 4969 1849 5056">
    <p class='ocr_par' dir='ltr' id='par_1_94' title="bbox 270 4969 1849 5056">
     <span class='ocr_line' id='line_1_94' title="bbox 270 4969 1849 5056; baseline 0.012 -30"><span class='ocrx_word' id='word_1_667' title='bbox 270 4969 610 5056; x_wconf 75' lang='lat' dir='ltr'><strong>Bernardum</strong></span> <span class='ocrx_word' id='word_1_668' title='bbox 623 4975 689 5028; x_wconf 91' lang='lat' dir='ltr'><strong>de</strong></span> <span class='ocrx_word' id='word_1_669' title='bbox 709 4969 1049 5056; x_wconf 67' lang='lat' dir='ltr'><strong>Mutrtl‘ancon</strong></span> <span class='ocrx_word' id='word_1_670' title='bbox 1069 4969 1318 5056; x_wconf 57' lang='lat' dir='ltr'><strong>_Pra_:lim._</strong></span> <span class='ocrx_word' id='word_1_671' title='bbox 1332 4969 1398 5056; x_wconf 32' lang='lat' dir='ltr'><strong>in,</strong></span> <span class='ocrx_word' id='word_1_672' title='bbox 1421 4969 1642 5056; x_wconf 56' lang='lat' dir='ltr'><strong>Heaopl.</strong></span> <span class='ocrx_word' id='word_1_673' title='bbox 1663 4969 1849 5056; x_wconf 44' lang='lat' dir='ltr'><strong>apis;</strong></span> 
     </span>
    </p>
   </div>
   <div class='ocr_carea' id='block_1_95' title="bbox 272 5046 1852 5120">
    <p class='ocr_par' dir='ltr' id='par_1_95' title="bbox 272 5046 1852 5120">
     <span class='ocr_line' id='line_1_95' title="bbox 272 5046 1852 5120; baseline 0.013 -26"><span class='ocrx_word' id='word_1_674' title='bbox 272 5046 472 5120; x_wconf 70' lang='lat' dir='ltr'><strong>nule</strong></span> <span class='ocrx_word' id='word_1_675' title='bbox 520 5053 589 5120; x_wconf 65' lang='lat' dir='ltr'><strong>et</strong></span> <span class='ocrx_word' id='word_1_676' title='bbox 611 5060 758 5113; x_wconf 85' lang='lat' dir='ltr'><strong>seq.,</strong></span> <span class='ocrx_word' id='word_1_677' title='bbox 788 5048 874 5100; x_wconf 91' lang='lat' dir='ltr'><strong>ubi</strong></span> <span class='ocrx_word' id='word_1_678' title='bbox 928 5049 1210 5118; x_wconf 88' lang='lat' dir='ltr'><strong>Epiphauii</strong></span> <span class='ocrx_word' id='word_1_679' title='bbox 1235 5053 1417 5120; x_wconf 90' lang='lat' dir='ltr'><strong>opinio</strong></span> <span class='ocrx_word' id='word_1_680' title='bbox 1444 5046 1614 5112; x_wconf 80' lang='lat' dir='ltr'><strong>fusius</strong></span> <span class='ocrx_word' id='word_1_681' title='bbox 1650 5046 1852 5116; x_wconf 56' lang='lat' dir='ltr'><strong>refelli;</strong></span> 
     </span>
    </p>
   </div>
   <div class='ocr_carea' id='block_1_96' title="bbox 273 5112 1686 5188">
    <p class='ocr_par' dir='ltr' id='par_1_96' title="bbox 273 5112 1686 5188">
     <span class='ocr_line' id='line_1_96' title="bbox 273 5112 1686 5188; baseline 0.01 -22"><span class='ocrx_word' id='word_1_682' title='bbox 273 5112 711 5188; x_wconf 72' lang='lat' dir='ltr'><strong>tur,__linetiiqtte</strong></span> <span class='ocrx_word' id='word_1_683' title='bbox 742 5112 1012 5172; x_wconf 78' lang='lat' dir='ltr'><strong>sententia</strong></span> <span class='ocrx_word' id='word_1_684' title='bbox 1031 5112 1284 5188; x_wconf 75' lang='lat' dir='ltr'><strong>pluribus</strong></span> <span class='ocrx_word' id='word_1_685' title='bbox 1314 5125 1686 5182; x_wconf 82' lang='lat' dir='ltr'><strong>conﬁrmatur.</strong></span> 
     </span>
    </p>
   </div>
   <div class='ocr_carea' id='block_1_97' title="bbox 338 5182 1847 5267">
    <p class='ocr_par' dir='ltr' id='par_1_97' title="bbox 338 5182 1847 5267">
     <span class='ocr_line' id='line_1_97' title="bbox 338 5182 1847 5267; baseline 0.013 -33"><span class='ocrx_word' id='word_1_686' title='bbox 338 5182 570 5267; x_wconf 37' lang='grc' dir='ltr'><strong>(89)..1ῤ</strong></span> <span class='ocrx_word' id='word_1_687' title='bbox 607 5182 793 5266; x_wconf 70' lang='lat' dir='ltr'><strong>iisdem</strong></span> <span class='ocrx_word' id='word_1_688' title='bbox 847 5182 1233 5267; x_wconf 46' lang='lat' dir='ltr'><strong>plusnreliqttis</strong></span> <span class='ocrx_word' id='word_1_689' title='bbox 1263 5195 1556 5267; x_wconf 72' lang='lat' dir='ltr'><strong>_recedeoat</strong></span> <span class='ocrx_word' id='word_1_690' title='bbox 1604 5196 1847 5267; x_wconf 80' lang='lat' dir='ltr'><strong>Symma-</strong></span> 
     </span>
    </p>
   </div>
   <div class='ocr_carea' id='block_1_98' title="bbox 269 5252 1840 5323">
    <p class='ocr_par' dir='ltr' id='par_1_98' title="bbox 269 5252 1840 5323">
     <span class='ocr_line' id='line_1_98' title="bbox 269 5252 1840 5323; baseline 0.013 -21"><span class='ocrx_word' id='word_1_691' title='bbox 269 5252 415 5323; x_wconf 74' lang='lat' dir='ltr'><strong>chus.</strong></span> <span class='ocrx_word' id='word_1_692' title='bbox 451 5253 631 5307; x_wconf 86' lang='lat' dir='ltr'><strong>Aliter</strong></span> <span class='ocrx_word' id='word_1_693' title='bbox 661 5252 949 5312; x_wconf 32' lang='lat' dir='ltr'><strong>visum—est</strong></span> <span class='ocrx_word' id='word_1_694' title='bbox 973 5259 1036 5314; x_wconf 67' lang='lat' dir='ltr'><strong>ll.</strong></span> <span class='ocrx_word' id='word_1_695' title='bbox 1074 5252 1140 5313; x_wconf 69' lang='lat' dir='ltr'><strong>P.</strong></span> <span class='ocrx_word' id='word_1_696' title='bbox 1170 5261 1232 5315; x_wconf 88' lang='grc' dir='ltr'><strong>ι).</strong></span> <span class='ocrx_word' id='word_1_697' title='bbox 1263 5263 1537 5320; x_wconf 84' lang='lat' dir='ltr'><strong>Bernardo</strong></span> <span class='ocrx_word' id='word_1_698' title='bbox 1564 5267 1628 5321; x_wconf 90' lang='lat' dir='ltr'><strong>de</strong></span> <span class='ocrx_word' id='word_1_699' title='bbox 1647 5252 1840 5323; x_wconf 41' lang='lat' dir='ltr'><strong>‘lllont-</strong></span> 
     </span>
    </p>
   </div>
   <div class='ocr_carea' id='block_1_99' title="bbox 273 5322 1841 5402">
    <p class='ocr_par' dir='ltr' id='par_1_99' title="bbox 273 5322 1841 5402">
     <span class='ocr_line' id='line_1_99' title="bbox 273 5322 1841 5402; baseline 0.014 -30"><span class='ocrx_word' id='word_1_700' title='bbox 273 5322 464 5401; x_wconf 70' lang='lat' dir='ltr'><strong>faucon</strong></span> <span class='ocrx_word' id='word_1_701' title='bbox 485 5323 555 5402; x_wconf 65' lang='grc' dir='ltr'><strong>ΔῙιι</strong></span> <span class='ocrx_word' id='word_1_702' title='bbox 590 5323 1054 5402; x_wconf 68' lang='lat' dir='ltr'><strong>Prtelitninaribus</strong></span> <span class='ocrx_word' id='word_1_703' title='bbox 1083 5330 1169 5402; x_wconf 13' lang='lat' dir='ltr'><strong>ad,</strong></span> <span class='ocrx_word' id='word_1_704' title='bbox 1193 5330 1422 5401; x_wconf 67' lang='lat' dir='ltr'><strong>Hexapl.</strong></span> <span class='ocrx_word' id='word_1_705' title='bbox 1462 5350 1583 5402; x_wconf 73' lang='lat' dir='ltr'><strong>pag.</strong></span> <span class='ocrx_word' id='word_1_706' title='bbox 1618 5337 1684 5392; x_wconf 72' lang='grc'><strong>14</strong></span> <span class='ocrx_word' id='word_1_707' title='bbox 1705 5378 1722 5401; x_wconf 92' lang='lat'><strong>,</strong></span> <span class='ocrx_word' id='word_1_708' title='bbox 1753 5322 1841 5394; x_wconf 83' lang='lat' dir='ltr'><strong>ubi</strong></span> 
     </span>
    </p>
   </div>
   <div class='ocr_carea' id='block_1_100' title="bbox 267 5393 1846 5478">
    <p class='ocr_par' dir='ltr' id='par_1_100' title="bbox 267 5393 1846 5478">
     <span class='ocr_line' id='line_1_100' title="bbox 267 5393 1846 5478; baseline 0.013 -36"><span class='ocrx_word' id='word_1_709' title='bbox 267 5394 342 5445; x_wconf 85' lang='lat' dir='ltr'><strong>ait</strong></span> <span class='ocrx_word' id='word_1_710' title='bbox 375 5413 394 5448; x_wconf 81' lang='grc'>;</span> <span class='ocrx_word' id='word_1_711' title='bbox 425 5393 614 5478; x_wconf 48' lang='lat' dir='ltr'><strong>(“illeo</strong></span> <span class='ocrx_word' id='word_1_712' title='bbox 648 5397 849 5478; x_wconf 67' lang='lat' dir='ltr'><strong>Aquila:</strong></span> <span class='ocrx_word' id='word_1_713' title='bbox 879 5401 1110 5466; x_wconf 88' lang='lat' dir='ltr'><strong>primum</strong></span> <span class='ocrx_word' id='word_1_714' title='bbox 1160 5393 1358 5478; x_wconf 49' lang='lat' dir='ltr'><strong>locum:</strong></span> <span class='ocrx_word' id='word_1_715' title='bbox 1377 5393 1672 5472; x_wconf 74' lang='lat' dir='ltr'><strong>deputavit,</strong></span> <span class='ocrx_word' id='word_1_716' title='bbox 1701 5393 1846 5478; x_wconf 49' lang='lat' dir='ltr'><strong>eius?</strong></span> 
     </span>
    </p>
   </div>
   <div class='ocr_carea' id='block_1_101' title="bbox 267 5463 1846 5546">
    <p class='ocr_par' dir='ltr' id='par_1_101' title="bbox 267 5463 1846 5546">
     <span class='ocr_line' id='line_1_101' title="bbox 267 5463 1846 5546; baseline 0.013 -33"><span class='ocrx_word' id='word_1_717' title='bbox 267 5478 370 5529; x_wconf 87' lang='lat' dir='ltr'><strong>que</strong></span> <span class='ocrx_word' id='word_1_718' title='bbox 406 5463 721 5546; x_wconf 74' lang='lat' dir='ltr'><strong>editionem</strong></span> <span class='ocrx_word' id='word_1_719' title='bbox 753 5463 984 5533; x_wconf 78' lang='lat' dir='ltr'><strong>priorem</strong></span> <span class='ocrx_word' id='word_1_720' title='bbox 1030 5471 1211 5546; x_wconf 81' lang='lat' dir='ltr'><strong>posuit</strong></span> <span class='ocrx_word' id='word_1_721' title='bbox 1263 5463 1546 5546; x_wconf 76' lang='lat' dir='ltr'><strong>Origenes,</strong></span> <span class='ocrx_word' id='word_1_722' title='bbox 1582 5463 1708 5546; x_wconf 80' lang='lat' dir='ltr'><strong>quia</strong></span> <span class='ocrx_word' id='word_1_723' title='bbox 1736 5463 1846 5534; x_wconf 56' lang='lat' dir='ltr'><strong>&#39;ille</strong></span> 
     </span>
    </p>
   </div>
   <div class='ocr_carea' id='block_1_102' title="bbox 266 5533 1846 5603">
    <p class='ocr_par' dir='ltr' id='par_1_102' title="bbox 266 5533 1846 5603">
     <span class='ocr_line' id='line_1_102' title="bbox 266 5533 1846 5603; baseline 0.013 -20"><span class='ocrx_word' id='word_1_724' title='bbox 266 5533 640 5601; x_wconf 76' lang='lat' dir='ltr'><strong>scrupulosius</strong></span> <span class='ocrx_word' id='word_1_725' title='bbox 669 5549 828 5601; x_wconf 85' lang='lat' dir='ltr'><strong>quam</strong></span> <span class='ocrx_word' id='word_1_726' title='bbox 881 5533 1061 5593; x_wconf 69' lang='lat' dir='ltr'><strong>caeteri</strong></span> <span class='ocrx_word' id='word_1_727' title='bbox 1108 5557 1298 5596; x_wconf 90' lang='lat' dir='ltr'><strong>omnes</strong></span> <span class='ocrx_word' id='word_1_728' title='bbox 1341 5533 1661 5601; x_wconf 58' lang='lat' dir='ltr'><strong>Hebraica&#39;m</strong></span> <span class='ocrx_word' id='word_1_729' title='bbox 1705 5533 1846 5603; x_wconf 84' lang='lat' dir='ltr'><strong>Scri-</strong></span> 
     </span>
    </p>
   </div>
   <div class='ocr_carea' id='block_1_103' title="bbox 265 5603 1846 5676">
    <p class='ocr_par' dir='ltr' id='par_1_103' title="bbox 265 5603 1846 5676">
     <span class='ocr_line' id='line_1_103' title="bbox 265 5603 1846 5676; baseline 0.014 -24"><span class='ocrx_word' id='word_1_730' title='bbox 265 5613 477 5676; x_wconf 77' lang='lat' dir='ltr'><strong>pturatn</strong></span> <span class='ocrx_word' id='word_1_731' title='bbox 537 5603 762 5676; x_wconf 59' lang='lat' dir='ltr'><strong>verbum</strong></span> <span class='ocrx_word' id='word_1_732' title='bbox 796 5622 827 5660; x_wconf 91' lang='lat' dir='ltr'><strong>e</strong></span> <span class='ocrx_word' id='word_1_733' title='bbox 870 5611 1036 5664; x_wconf 85' lang='lat' dir='ltr'><strong>verbo</strong></span> <span class='ocrx_word' id='word_1_734' title='bbox 1088 5612 1315 5667; x_wconf 87' lang='lat' dir='ltr'><strong>reddere</strong></span> <span class='ocrx_word' id='word_1_735' title='bbox 1360 5615 1661 5673; x_wconf 89' lang='lat' dir='ltr'><strong>studuerat.</strong></span> <span class='ocrx_word' id='word_1_736' title='bbox 1714 5618 1846 5676; x_wconf 82' lang='lat' dir='ltr'><strong>Post</strong></span> 
     </span>
    </p>
   </div>
   <div class='ocr_carea' id='block_1_104' title="bbox 267 5671 1841 5758">
    <p class='ocr_par' dir='ltr' id='par_1_104' title="bbox 267 5671 1841 5758">
     <span class='ocr_line' id='line_1_104' title="bbox 267 5671 1841 5758; baseline 0.014 -36"><span class='ocrx_word' id='word_1_737' title='bbox 267 5672 405 5727; x_wconf 87' lang='lat' dir='ltr'><strong>hunc</strong></span> <span class='ocrx_word' id='word_1_738' title='bbox 439 5683 627 5756; x_wconf 70' lang='lat' dir='ltr'><strong>autem</strong></span> <span class='ocrx_word' id='word_1_739' title='bbox 656 5671 1040 5758; x_wconf 47' lang='lat' dir='ltr'><strong>Symmachum</strong></span> <span class='ocrx_word' id='word_1_740' title='bbox 1075 5679 1291 5758; x_wconf 77' lang='lat' dir='ltr'><strong>locavit,</strong></span> <span class='ocrx_word' id='word_1_741' title='bbox 1339 5685 1464 5755; x_wconf 85' lang='lat' dir='ltr'><strong>quia</strong></span> <span class='ocrx_word' id='word_1_742' title='bbox 1501 5684 1588 5758; x_wconf 87' lang='lat' dir='ltr'><strong>ille</strong></span> <span class='ocrx_word' id='word_1_743' title='bbox 1622 5671 1841 5758; x_wconf 66' lang='lat' dir='ltr'><strong>propitia</strong></span> 
     </span>
    </p>
   </div>
   <div class='ocr_carea' id='block_1_105' title="bbox 265 5744 1840 5816">
    <p class='ocr_par' dir='ltr' id='par_1_105' title="bbox 265 5744 1840 5816">
     <span class='ocr_line' id='line_1_105' title="bbox 265 5744 1840 5816; baseline 0.015 -26"><span class='ocrx_word' id='word_1_744' title='bbox 265 5758 424 5815; x_wconf 77' lang='lat' dir='ltr'><strong>quam</strong></span> <span class='ocrx_word' id='word_1_745' title='bbox 469 5744 827 5816; x_wconf 62' lang='lat' dir='ltr'><strong>Septuaginta</strong></span> <span class='ocrx_word' id='word_1_746' title='bbox 863 5757 916 5802; x_wconf 93' lang='lat' dir='ltr'><strong>et</strong></span> <span class='ocrx_word' id='word_1_747' title='bbox 958 5744 1286 5816; x_wconf 66' lang='lat' dir='ltr'><strong>Theodotio,</strong></span> <span class='ocrx_word' id='word_1_748' title='bbox 1310 5744 1377 5808; x_wconf 72' lang='lat' dir='ltr'><strong>ad</strong></span> <span class='ocrx_word' id='word_1_749' title='bbox 1411 5744 1688 5812; x_wconf 75' lang='lat' dir='ltr'><strong>veritatem</strong></span> <span class='ocrx_word' id='word_1_750' title='bbox 1723 5744 1840 5814; x_wconf 64' lang='lat' dir='ltr'><strong>&#39;lle-</strong></span> 
     </span>
    </p>
   </div>
   <div class='ocr_carea' id='block_1_106' title="bbox 269 5815 1840 5897">
    <p class='ocr_par' dir='ltr' id='par_1_106' title="bbox 269 5815 1840 5897">
     <span class='ocr_line' id='line_1_106' title="bbox 269 5815 1840 5897; baseline 0.016 -38"><span class='ocrx_word' id='word_1_751' title='bbox 269 5815 886 5897; x_wconf 41' lang='lat' dir='ltr'><strong>t;t;:ticattt_accedebat;_</strong></span> <span class='ocrx_word' id='word_1_752' title='bbox 907 5819 1104 5897; x_wconf 75' lang='lat' dir='ltr'><strong>Deinde</strong></span> <span class='ocrx_word' id='word_1_753' title='bbox 1145 5821 1492 5897; x_wconf 71' lang='lat' dir='ltr'><strong>Septuaginta</strong></span> <span class='ocrx_word' id='word_1_754' title='bbox 1552 5831 1840 5897; x_wconf 68' lang='lat' dir='ltr'><strong>praeposuit</strong></span> 
     </span>
    </p>
   </div>
   <div class='ocr_carea' id='block_1_107' title="bbox 271 5879 1840 5970">
    <p class='ocr_par' dir='ltr' id='par_1_107' title="bbox 271 5879 1840 5970">
     <span class='ocr_line' id='line_1_107' title="bbox 271 5879 1840 5970; baseline 0.014 -37"><span class='ocrx_word' id='word_1_755' title='bbox 271 5879 651 5947; x_wconf 73' lang='lat' dir='ltr'><strong>Thcodctioni,</strong></span> <span class='ocrx_word' id='word_1_756' title='bbox 683 5887 804 5953; x_wconf 86' lang='lat' dir='ltr'><strong>quia</strong></span> <span class='ocrx_word' id='word_1_757' title='bbox 829 5884 1124 5948; x_wconf 82' lang='lat' dir='ltr'><strong>Tlteodotio</strong></span> <span class='ocrx_word' id='word_1_758' title='bbox 1143 5879 1490 5964; x_wconf 52' lang='lat' dir='ltr'><strong>Septuaginta</strong></span> <span class='ocrx_word' id='word_1_759' title='bbox 1517 5879 1840 5970; x_wconf 58' lang='lat' dir='ltr'><strong>tiiie&#39;iitiéiés&#39;</strong></span> 
     </span>
    </p>
   </div>
   <div class='ocr_carea' id='block_1_108' title="bbox 1953 4685 3526 4760">
    <p class='ocr_par' dir='ltr' id='par_1_108' title="bbox 1953 4685 3526 4760">
     <span class='ocr_line' id='line_1_108' title="bbox 1953 4685 3526 4760; baseline 0.005 -24"><span class='ocrx_word' id='word_1_760' title='bbox 1953 4693 2249 4738; x_wconf 86' lang='lat' dir='ltr'><strong>occurrunt</strong></span> <span class='ocrx_word' id='word_1_761' title='bbox 2275 4685 2328 4738; x_wconf 91' lang='lat' dir='ltr'><strong>in</strong></span> <span class='ocrx_word' id='word_1_762' title='bbox 2357 4687 2577 4755; x_wconf 91' lang='lat' dir='ltr'><strong>scriptis</strong></span> <span class='ocrx_word' id='word_1_763' title='bbox 2602 4686 2847 4755; x_wconf 83' lang='lat' dir='ltr'><strong>Patrum,</strong></span> <span class='ocrx_word' id='word_1_764' title='bbox 2888 4703 2957 4744; x_wconf 87' lang='lat' dir='ltr'><strong>ex</strong></span> <span class='ocrx_word' id='word_1_765' title='bbox 2995 4688 3246 4760; x_wconf 77' lang='lat' dir='ltr'><strong>Origenis</strong></span> <span class='ocrx_word' id='word_1_766' title='bbox 3272 4689 3526 4758; x_wconf 64' lang='lat' dir='ltr'><strong>Hexapli:</strong></span> 
     </span>
    </p>
   </div>
   <div class='ocr_carea' id='block_1_109' title="bbox 1953 4770 3528 4842">
    <p class='ocr_par' dir='ltr' id='par_1_109' title="bbox 1953 4770 3528 4842">
     <span class='ocr_line' id='line_1_109' title="bbox 1953 4770 3528 4842; baseline 0.005 -18"><span class='ocrx_word' id='word_1_767' title='bbox 1953 4770 2124 4827; x_wconf 76' lang='lat' dir='ltr'><strong>fuisse</strong></span> <span class='ocrx_word' id='word_1_768' title='bbox 2157 4775 2362 4842; x_wconf 78' lang='lat' dir='ltr'><strong>petita;</strong></span> <span class='ocrx_word' id='word_1_769' title='bbox 2393 4777 2486 4830; x_wconf 92' lang='lat' dir='ltr'><strong>sed</strong></span> <span class='ocrx_word' id='word_1_770' title='bbox 2531 4788 2680 4831; x_wconf 90' lang='lat' dir='ltr'><strong>certo</strong></span> <span class='ocrx_word' id='word_1_771' title='bbox 2713 4778 2916 4833; x_wconf 89' lang='lat' dir='ltr'><strong>certius</strong></span> <span class='ocrx_word' id='word_1_772' title='bbox 2953 4787 3038 4834; x_wconf 83' lang='lat' dir='ltr'><strong>est</strong></span> <span class='ocrx_word' id='word_1_773' title='bbox 3073 4793 3200 4835; x_wconf 88' lang='lat' dir='ltr'><strong>usos</strong></span> <span class='ocrx_word' id='word_1_774' title='bbox 3230 4779 3395 4837; x_wconf 68' lang='lat' dir='ltr'><strong>fuisse</strong></span> <span class='ocrx_word' id='word_1_775' title='bbox 3426 4778 3528 4833; x_wconf 84' lang='lat' dir='ltr'><strong>Pa-</strong></span> 
     </span>
    </p>
   </div>
   <div class='ocr_carea' id='block_1_110' title="bbox 1956 4924 2986 4996">
    <p class='ocr_par' dir='ltr' id='par_1_110' title="bbox 1956 4924 2986 4996">
     <span class='ocr_line' id='line_1_110' title="bbox 1956 4924 2986 4996; baseline 0.003 -18"><span class='ocrx_word' id='word_1_776' title='bbox 1956 4938 1988 4978; x_wconf 90' lang='lat' dir='ltr'><strong>e</strong></span> <span class='ocrx_word' id='word_1_777' title='bbox 2022 4924 2245 4996; x_wconf 78' lang='lat' dir='ltr'><strong>vestigio</strong></span> <span class='ocrx_word' id='word_1_778' title='bbox 2273 4939 2406 4995; x_wconf 89' lang='lat' dir='ltr'><strong>pene</strong></span> <span class='ocrx_word' id='word_1_779' title='bbox 2437 4930 2606 4996; x_wconf 85' lang='lat' dir='ltr'><strong>sequi.</strong></span> <span class='ocrx_word' id='word_1_780' title='bbox 2629 4930 2932 4984; x_wconf 87' lang='lat' dir='ltr'><strong>videbatur.</strong></span> <span class='ocrx_word' id='word_1_781' title='bbox 2966 4949 2986 4981; x_wconf 75' lang='grc' dir='ltr'><strong>ι</strong></span> 
     </span>
    </p>
   </div>
   <div class='ocr_carea' id='block_1_111' title="bbox 2027 4994 3522 5066">
    <p class='ocr_par' dir='ltr' id='par_1_111' title="bbox 2027 4994 3522 5066">
     <span class='ocr_line' id='line_1_111' title="bbox 2027 4994 3522 5066; baseline 0.009 -20"><span class='ocrx_word' id='word_1_782' title='bbox 2027 4995 2137 5066; x_wconf 82' lang='lat'><strong>(90)</strong></span> <span class='ocrx_word' id='word_1_783' title='bbox 2179 4994 2302 5048; x_wconf 79' lang='lat' dir='ltr'><strong>Non</strong></span> <span class='ocrx_word' id='word_1_784' title='bbox 2331 5012 2454 5066; x_wconf 64' lang='lat' dir='ltr'><strong>ergo</strong></span> <span class='ocrx_word' id='word_1_785' title='bbox 2488 4994 2664 5051; x_wconf 74' lang='lat' dir='ltr'><strong>verum</strong></span> <span class='ocrx_word' id='word_1_786' title='bbox 2705 5010 2782 5051; x_wconf 78' lang='lat' dir='ltr'><strong>est</strong></span> <span class='ocrx_word' id='word_1_787' title='bbox 2831 4999 3182 5063; x_wconf 53' lang='lat' dir='ltr'><strong>Samaritana}</strong></span> <span class='ocrx_word' id='word_1_788' title='bbox 3209 5012 3316 5059; x_wconf 89' lang='lat' dir='ltr'><strong>etc.</strong></span> <span class='ocrx_word' id='word_1_789' title='bbox 3349 5020 3371 5055; x_wconf 76' lang='grc' dir='ltr'><strong>ι</strong></span> <span class='ocrx_word' id='word_1_790' title='bbox 3423 5003 3522 5059; x_wconf 86' lang='lat' dir='ltr'><strong>Sa-</strong></span> 
     </span>
    </p>
   </div>
   <div class='ocr_carea' id='block_1_112' title="bbox 1953 5064 3522 5138">
    <p class='ocr_par' dir='ltr' id='par_1_112' title="bbox 1953 5064 3522 5138">
     <span class='ocr_line' id='line_1_112' title="bbox 1953 5064 3522 5138; baseline 0.009 -23"><span class='ocrx_word' id='word_1_791' title='bbox 1953 5064 2222 5138; x_wconf 20' lang='lat' dir='ltr'><strong>maritam;</strong></span> <span class='ocrx_word' id='word_1_792' title='bbox 2243 5078 2298 5118; x_wconf 90' lang='lat' dir='ltr'><strong>et</strong></span> <span class='ocrx_word' id='word_1_793' title='bbox 2345 5064 2468 5138; x_wconf 86' lang='lat' dir='ltr'><strong>Syri</strong></span> <span class='ocrx_word' id='word_1_794' title='bbox 2506 5067 2806 5138; x_wconf 87' lang='lat' dir='ltr'><strong>_lectiones,</strong></span> <span class='ocrx_word' id='word_1_795' title='bbox 2844 5070 3072 5138; x_wconf 42' lang='lat' dir='ltr'><strong>{inquit</strong></span> <span class='ocrx_word' id='word_1_796' title='bbox 3107 5071 3172 5124; x_wconf 83' lang='grc' dir='ltr'><strong>Ι).</strong></span> <span class='ocrx_word' id='word_1_797' title='bbox 3213 5071 3522 5128; x_wconf 83' lang='lat' dir='ltr'><strong>Bernartius</strong></span> 
     </span>
    </p>
   </div>
   <div class='ocr_carea' id='block_1_113' title="bbox 1949 5133 3542 5210">
    <p class='ocr_par' dir='ltr' id='par_1_113' title="bbox 1949 5133 3542 5210">
     <span class='ocr_line' id='line_1_113' title="bbox 1949 5133 3542 5210; baseline 0.006 -24"><span class='ocrx_word' id='word_1_798' title='bbox 1949 5136 2016 5210; x_wconf 71' lang='lat' dir='ltr'><strong>de</strong></span> <span class='ocrx_word' id='word_1_799' title='bbox 2050 5133 2468 5210; x_wconf 53' lang='grc' dir='ltr'>μοιιιΐοιιροιίίη</span> <span class='ocrx_word' id='word_1_800' title='bbox 2504 5135 2740 5210; x_wconf 69' lang='lat' dir='ltr'><strong>Praelim.</strong></span> <span class='ocrx_word' id='word_1_801' title='bbox 2770 5139 2822 5190; x_wconf 89' lang='lat' dir='ltr'><strong>itt</strong></span> <span class='ocrx_word' id='word_1_802' title='bbox 2861 5133 3086 5207; x_wconf 62' lang='grc' dir='ltr'><strong>Ηεωὶιρι.</strong></span> <span class='ocrx_word' id='word_1_803' title='bbox 3130 5155 3251 5210; x_wconf 88' lang='lat' dir='ltr'><strong>cap.</strong></span> <span class='ocrx_word' id='word_1_804' title='bbox 3278 5142 3330 5206; x_wconf 86' lang='grc'><strong>1,</strong></span> <span class='ocrx_word' id='word_1_805' title='bbox 3366 5158 3542 5199; x_wconf 87' lang='lat' dir='ltr'><strong>nntn._</strong></span> 
     </span>
    </p>
   </div>
   <div class='ocr_carea' id='block_1_114' title="bbox 1946 5203 3519 5282">
    <p class='ocr_par' dir='ltr' id='par_1_114' title="bbox 1946 5203 3519 5282">
     <span class='ocr_line' id='line_1_114' title="bbox 1946 5203 3519 5282; baseline 0.008 -28"><span class='ocrx_word' id='word_1_806' title='bbox 1946 5203 1999 5282; x_wconf 55' lang='lat' dir='ltr'><strong>fi:</strong></span> <span class='ocrx_word' id='word_1_807' title='bbox 2013 5222 2032 5254; x_wconf 87' lang='grc' dir='ltr'><strong>ι</strong></span> <span class='ocrx_word' id='word_1_808' title='bbox 2044 5203 2103 5256; x_wconf 84' lang='lat' dir='ltr'><strong>in</strong></span> <span class='ocrx_word' id='word_1_809' title='bbox 2123 5219 2204 5282; x_wconf 86' lang='lat' dir='ltr'><strong>ma</strong></span> <span class='ocrx_word' id='word_1_810' title='bbox 2216 5205 2456 5282; x_wconf 69' lang='lat' dir='ltr'><strong>rgittibus</strong></span> <span class='ocrx_word' id='word_1_811' title='bbox 2473 5207 2961 5282; x_wconf 80' lang='lat' dir='ltr'><strong>vetustissimorum</strong></span> <span class='ocrx_word' id='word_1_812' title='bbox 2975 5203 3386 5280; x_wconf 81' lang='lat' dir='ltr'><strong>exemplarium,</strong></span> <span class='ocrx_word' id='word_1_813' title='bbox 3400 5229 3519 5282; x_wconf 82' lang='lat' dir='ltr'><strong>qua:</strong></span> 
     </span>
    </p>
   </div>
   <div class='ocr_carea' id='block_1_115' title="bbox 1948 5271 3517 5349">
    <p class='ocr_par' dir='ltr' id='par_1_115' title="bbox 1948 5271 3517 5349">
     <span class='ocr_line' id='line_1_115' title="bbox 1948 5271 3517 5349; baseline 0.009 -24"><span class='ocrx_word' id='word_1_814' title='bbox 1948 5271 2308 5349; x_wconf 62' lang='lat' dir='ltr'><strong>Hexaplorum</strong></span> <span class='ocrx_word' id='word_1_815' title='bbox 2334 5276 2629 5349; x_wconf 72' lang='lat' dir='ltr'><strong>fragmenta</strong></span> <span class='ocrx_word' id='word_1_816' title='bbox 2658 5278 2936 5349; x_wconf 82' lang='lat' dir='ltr'><strong>exhibent,</strong></span> <span class='ocrx_word' id='word_1_817' title='bbox 2962 5271 3202 5349; x_wconf 67' lang='lat' dir='ltr'><strong>persaepe</strong></span> <span class='ocrx_word' id='word_1_818' title='bbox 3221 5271 3517 5338; x_wconf 73' lang='lat' dir='ltr'><strong>observan-</strong></span> 
     </span>
    </p>
   </div>
   <div class='ocr_carea' id='block_1_116' title="bbox 1948 5344 3510 5419">
    <p class='ocr_par' dir='ltr' id='par_1_116' title="bbox 1948 5344 3510 5419">
     <span class='ocr_line' id='line_1_116' title="bbox 1948 5344 3510 5419; baseline 0.01 -27"><span class='ocrx_word' id='word_1_819' title='bbox 1948 5353 2074 5419; x_wconf 57' lang='lat' dir='ltr'><strong>tur;</strong></span> <span class='ocrx_word' id='word_1_820' title='bbox 2105 5344 2226 5419; x_wconf 79' lang='lat' dir='ltr'><strong>Syri</strong></span> <span class='ocrx_word' id='word_1_821' title='bbox 2260 5344 2506 5419; x_wconf 80' lang='lat' dir='ltr'><strong>quidem</strong></span> <span class='ocrx_word' id='word_1_822' title='bbox 2539 5345 2912 5419; x_wconf 83' lang='lat' dir='ltr'><strong>itt_plerisqne</strong></span> <span class='ocrx_word' id='word_1_823' title='bbox 2960 5344 3256 5419; x_wconf 72' lang='lat' dir='ltr'><strong>Scriptum</strong></span> <span class='ocrx_word' id='word_1_824' title='bbox 3307 5353 3458 5411; x_wconf 84' lang='lat' dir='ltr'><strong>libris</strong></span> <span class='ocrx_word' id='word_1_825' title='bbox 3494 5371 3510 5418; x_wconf 91' lang='lat'><strong>;</strong></span> 
     </span>
    </p>
   </div>
   <div class='ocr_carea' id='block_1_117' title="bbox 1946 5411 3510 5477">
    <p class='ocr_par' dir='ltr' id='par_1_117' title="bbox 1946 5411 3510 5477">
     <span class='ocr_line' id='line_1_117' title="bbox 1946 5411 3510 5477; baseline 0.009 -15"><span class='ocrx_word' id='word_1_826' title='bbox 1946 5411 2299 5467; x_wconf 25' lang='lat' dir='ltr'><strong>Samaritani’</strong></span> <span class='ocrx_word' id='word_1_827' title='bbox 2326 5429 2454 5468; x_wconf 87' lang='lat' dir='ltr'><strong>vero</strong></span> <span class='ocrx_word' id='word_1_828' title='bbox 2496 5415 2546 5467; x_wconf 92' lang='lat' dir='ltr'><strong>in</strong></span> <span class='ocrx_word' id='word_1_829' title='bbox 2598 5411 3212 5474; x_wconf 70' lang='lat' dir='ltr'><strong>Pentateucho..tantuttt</strong></span> <span class='ocrx_word' id='word_1_830' title='bbox 3240 5438 3253 5474; x_wconf 93' lang='lat'>:</span> <span class='ocrx_word' id='word_1_831' title='bbox 3279 5421 3368 5475; x_wconf 86' lang='lat' dir='ltr'><strong>ubi</strong></span> <span class='ocrx_word' id='word_1_832' title='bbox 3404 5411 3510 5477; x_wconf 81' lang='lat' dir='ltr'><strong>nou</strong></span> 
     </span>
    </p>
   </div>
   <div class='ocr_carea' id='block_1_118' title="bbox 1943 5481 3513 5552">
    <p class='ocr_par' dir='ltr' id='par_1_118' title="bbox 1943 5481 3513 5552">
     <span class='ocr_line' id='line_1_118' title="bbox 1943 5481 3513 5552; baseline 0.009 -18"><span class='ocrx_word' id='word_1_833' title='bbox 1943 5481 2313 5551; x_wconf 81' lang='lat' dir='ltr'><strong>int‘requenter</strong></span> <span class='ocrx_word' id='word_1_834' title='bbox 2358 5485 2831 5552; x_wconf 89' lang='lat' dir='ltr'><strong>interpretationes</strong></span> <span class='ocrx_word' id='word_1_835' title='bbox 2888 5487 3217 5545; x_wconf 85' lang='lat' dir='ltr'><strong>Samaritaui</strong></span> <span class='ocrx_word' id='word_1_836' title='bbox 3271 5492 3513 5548; x_wconf 82' lang='lat' dir='ltr'><strong>animad-</strong></span> 
     </span>
    </p>
   </div>
   <div class='ocr_carea' id='block_1_119' title="bbox 1944 5554 3509 5625">
    <p class='ocr_par' dir='ltr' id='par_1_119' title="bbox 1944 5554 3509 5625">
     <span class='ocr_line' id='line_1_119' title="bbox 1944 5554 3509 5625; baseline 0.008 -22"><span class='ocrx_word' id='word_1_837' title='bbox 1944 5561 2146 5617; x_wconf 87' lang='lat' dir='ltr'><strong>vertas,</strong></span> <span class='ocrx_word' id='word_1_838' title='bbox 2178 5554 2445 5625; x_wconf 85' lang='lat' dir='ltr'><strong>interdum</strong></span> <span class='ocrx_word' id='word_1_839' title='bbox 2477 5555 2638 5618; x_wconf 86' lang='lat' dir='ltr'><strong>solas,</strong></span> <span class='ocrx_word' id='word_1_840' title='bbox 2667 5558 2865 5625; x_wconf 84' lang='lat' dir='ltr'><strong>saepius</strong></span> <span class='ocrx_word' id='word_1_841' title='bbox 2908 5574 3030 5615; x_wconf 85' lang='lat' dir='ltr'><strong>cum</strong></span> <span class='ocrx_word' id='word_1_842' title='bbox 3082 5561 3308 5616; x_wconf 88' lang='lat' dir='ltr'><strong>aliorum</strong></span> <span class='ocrx_word' id='word_1_843' title='bbox 3341 5562 3509 5615; x_wconf 86' lang='lat' dir='ltr'><strong>inter-</strong></span> 
     </span>
    </p>
   </div>
   <div class='ocr_carea' id='block_1_120' title="bbox 1945 5623 3509 5689">
    <p class='ocr_par' dir='ltr' id='par_1_120' title="bbox 1945 5623 3509 5689">
     <span class='ocr_line' id='line_1_120' title="bbox 1945 5623 3509 5689; baseline 0.009 -16"><span class='ocrx_word' id='word_1_844' title='bbox 1945 5633 2156 5689; x_wconf 92' lang='lat' dir='ltr'><strong>pretum</strong></span> <span class='ocrx_word' id='word_1_845' title='bbox 2193 5623 2510 5678; x_wconf 83' lang='lat' dir='ltr'><strong>lectionibus</strong></span> <span class='ocrx_word' id='word_1_846' title='bbox 2543 5623 2788 5682; x_wconf 74' lang='lat' dir='ltr'><strong>collatas.</strong></span> <span class='ocrx_word' id='word_1_847' title='bbox 2811 5628 2945 5682; x_wconf 86' lang='lat' dir='ltr'><strong>Cum</strong></span> <span class='ocrx_word' id='word_1_848' title='bbox 2977 5640 3156 5684; x_wconf 86' lang='lat' dir='ltr'><strong>autem</strong></span> <span class='ocrx_word' id='word_1_849' title='bbox 3195 5630 3298 5686; x_wconf 76' lang='lat' dir='ltr'><strong>illa:</strong></span> <span class='ocrx_word' id='word_1_850' title='bbox 3319 5630 3509 5687; x_wconf 86' lang='lat' dir='ltr'><strong>Sama-</strong></span> 
     </span>
    </p>
   </div>
   <div class='ocr_carea' id='block_1_121' title="bbox 1947 5691 3506 5769">
    <p class='ocr_par' dir='ltr' id='par_1_121' title="bbox 1947 5691 3506 5769">
     <span class='ocr_line' id='line_1_121' title="bbox 1947 5691 3506 5769; baseline 0.009 -27"><span class='ocrx_word' id='word_1_851' title='bbox 1947 5691 2563 5769; x_wconf 50' lang='lat' dir='ltr'><strong>ritani_lectiOnesLtton</strong></span> <span class='ocrx_word' id='word_1_852' title='bbox 2607 5695 2659 5749; x_wconf 92' lang='lat' dir='ltr'><strong>itt</strong></span> <span class='ocrx_word' id='word_1_853' title='bbox 2698 5699 2924 5753; x_wconf 89' lang='lat' dir='ltr'><strong>vetustis</strong></span> <span class='ocrx_word' id='word_1_854' title='bbox 2961 5701 3236 5755; x_wconf 88' lang='lat' dir='ltr'><strong>codicibus</strong></span> <span class='ocrx_word' id='word_1_855' title='bbox 3276 5711 3506 5769; x_wconf 80' lang='lat' dir='ltr'><strong>tantum,</strong></span> 
     </span>
    </p>
   </div>
   <div class='ocr_carea' id='block_1_122' title="bbox 1946 5761 3534 5839">
    <p class='ocr_par' dir='ltr' id='par_1_122' title="bbox 1946 5761 3534 5839">
     <span class='ocr_line' id='line_1_122' title="bbox 1946 5761 3534 5839; baseline 0.005 -26"><span class='ocrx_word' id='word_1_856' title='bbox 1946 5761 2038 5814; x_wconf 89' lang='lat' dir='ltr'><strong>sed</strong></span> <span class='ocrx_word' id='word_1_857' title='bbox 2059 5761 2222 5839; x_wconf 77' lang='lat' dir='ltr'><strong>etiam</strong></span> <span class='ocrx_word' id='word_1_858' title='bbox 2246 5765 2388 5833; x_wconf 82' lang='lat' dir='ltr'><strong>apud</strong></span> <span class='ocrx_word' id='word_1_859' title='bbox 2422 5764 2610 5818; x_wconf 88' lang='lat' dir='ltr'><strong>Patres</strong></span> <span class='ocrx_word' id='word_1_860' title='bbox 2640 5769 2838 5832; x_wconf 85' lang='lat' dir='ltr'><strong>quarti,</strong></span> <span class='ocrx_word' id='word_1_861' title='bbox 2871 5769 3045 5837; x_wconf 91' lang='lat' dir='ltr'><strong>quinti</strong></span> <span class='ocrx_word' id='word_1_862' title='bbox 3074 5779 3129 5824; x_wconf 90' lang='lat' dir='ltr'><strong>et</strong></span> <span class='ocrx_word' id='word_1_863' title='bbox 3161 5761 3534 5839; x_wconf 59' lang='lat' dir='ltr'><strong>sequentium,</strong></span> 
     </span>
    </p>
   </div>
   <div class='ocr_carea' id='block_1_123' title="bbox 1946 5832 3502 5910">
    <p class='ocr_par' dir='ltr' id='par_1_123' title="bbox 1946 5832 3502 5910">
     <span class='ocr_line' id='line_1_123' title="bbox 1946 5832 3502 5910; baseline 0.007 -26"><span class='ocrx_word' id='word_1_864' title='bbox 1946 5832 2273 5910; x_wconf 65' lang='lat' dir='ltr'><strong>saeculorum</strong></span> <span class='ocrx_word' id='word_1_865' title='bbox 2289 5832 2610 5910; x_wconf 79' lang='lat' dir='ltr'><strong>occurrant,</strong></span> <span class='ocrx_word' id='word_1_866' title='bbox 2633 5832 2908 5910; x_wconf 75' lang='lat' dir='ltr'><strong>probabile</strong></span> <span class='ocrx_word' id='word_1_867' title='bbox 2928 5853 3061 5894; x_wconf 88' lang='lat' dir='ltr'><strong>sane</strong></span> <span class='ocrx_word' id='word_1_868' title='bbox 3093 5832 3304 5896; x_wconf 80' lang='lat' dir='ltr'><strong>videtur</strong></span> <span class='ocrx_word' id='word_1_869' title='bbox 3329 5843 3502 5910; x_wconf 55' lang='lat' dir='ltr'><strong>ipsum</strong></span> 
     </span>
    </p>
   </div>
   <div class='ocr_carea' id='block_1_124' title="bbox 1947 5899 3502 5981">
    <p class='ocr_par' dir='ltr' id='par_1_124' title="bbox 1947 5899 3502 5981">
     <span class='ocr_line' id='line_1_124' title="bbox 1947 5899 3502 5981; baseline 0.006 -26"><span class='ocrx_word' id='word_1_870' title='bbox 1947 5899 2234 5973; x_wconf 78' lang='lat' dir='ltr'><strong>Origeuem</strong></span> <span class='ocrx_word' id='word_1_871' title='bbox 2259 5901 2518 5959; x_wconf 88' lang='lat' dir='ltr'><strong>lectiones</strong></span> <span class='ocrx_word' id='word_1_872' title='bbox 2550 5899 2675 5960; x_wconf 78' lang='lat' dir='ltr'><strong>illas</strong></span> <span class='ocrx_word' id='word_1_873' title='bbox 2687 5907 3032 5964; x_wconf 73' lang='lat' dir='ltr'><strong>Santaritani.</strong></span> <span class='ocrx_word' id='word_1_874' title='bbox 3051 5911 3104 5964; x_wconf 89' lang='lat' dir='ltr'><strong>in</strong></span> <span class='ocrx_word' id='word_1_875' title='bbox 3128 5929 3210 5965; x_wconf 87' lang='lat' dir='ltr'><strong>tua</strong></span> <span class='ocrx_word' id='word_1_876' title='bbox 3220 5899 3370 5981; x_wconf 73' lang='lat' dir='ltr'><strong>rgine</strong></span> <span class='ocrx_word' id='word_1_877' title='bbox 3392 5903 3502 5964; x_wconf 72' lang='lat' dir='ltr'><strong>Hs~</strong></span> 
     </span>
    </p>
   </div>
  </div>
