3926 6514
414 406 548 478 {235

1689 420 1751 473 P.
1792 417 2112 475 DANIELIS
2149 410 2394 476 HUETII'

3530 420 3666 475 1236

409 545 521 594 tres
551 537 741 594 Graeca
773 539 1219 608 interpretatione
1263 539 1592 595 Samaritani
1631 538 1975 609 exemplaris.

2090 540 2270 610 μόνον,
2295 537 2428 592 ἀλλὰ
2460 539 2554 592 καὶ
2582 539 2768 611 ἕκτην,
2791 539 2888 593 καὶ
2918 539 3149 610 ἑϐδόμην
3168 533 3454 611 ’παραθεὶς
3498 539 3666 611 ἑρμη-

405 631 620 688 Maneat
654 633 820 703 igitur
852 632 970 687 loco
995 633 1121 688 huic
1173 632 1392 687 Eusebii
1417 631 1632 702 vulgata
1671 646 1767 687 sua
1805 642 1861 688 et
1899 647 1982 686 re-

404 730 559 790 cepta
589 722 880 776 sententia.
907 722 1071 777 Addit
1101 722 1294 778 demde
1314 720 1627 793 Origenem,
1647 731 1845 791 praeter
1865 720 1982 774 edi-

406 814 606 869 tionem
636 814 993 885 lnterpretum
1025 814 1402 884 Septuaginta,
1447 815 1688 884 Aquilae,
1729 812 1983 884 Symma-

405 901 492 956 chi
537 910 593 957 et
649 899 1056 970 TheodOtionis,
1099 904 1232 960 duas
1273 912 1538 973 praeterea
1591 903 1883 972 protulisse
1929 901 1981 955 in

401 990 581 1046 lucem
625 1003 853 1048 atteram
903 993 1178 1064 NicOpoli,
1211 994 1436 1049 alteram
1474 994 1528 1047 in
1584 993 1688 1046 alio
1749 992 1981 1060 quodam

401 1080 525 1137 loco
554 1092 845 1153 repertam.
881 1083 1016 1137 Tum
1049 1083 1125 1140 ait
1159 1103 1172 1139 :
1204 1086 1302 1137 Ἕν
1321 1101 1384 1153 γε
1414 1083 1513 1154 μὲν
1557 1085 1671 1144 τοῖς
1700 1079 1984 1148 Ἐξαπλοῖς

402 1171 513 1228 τῶν
537 1173 782 1246 Ψαλμῶν
806 1175 944 1246 μετὰ
973 1175 1072 1240 τὰς
1103 1177 1405 1247 ἐπισήμους
1427 1174 1696 1244 τέσσαρας
1723 1172 1981 1234 ἐκδόσεις,

402 1265 464 1317 οὑ
495 1265 652 1336 μόνον
684 1265 963 1338 πέμπτην,
997 1266 1133 1320 ἀλλὰ
1157 1266 1249 1319 καὶ
1282 1266 1467 1335 ἕκτην,
1493 1265 1587 1319 καὶ
1619 1263 1854 1334 ἑϐδόμην
1877 1279 1982 1315 πα-

403 1355 590 1428 ραθεὶς
611 1358 922 1430 ἑρμηνείαν,
953 1359 1045 1412 ἐπὶ
1074 1360 1202 1428 μιᾶς
1225 1354 1378 1421 αὖθις
1409 1356 1794 1427 σεσημείωται,
1825 1355 1901 1418 ὡς
1927 1354 1984 1407 ὲν

411 1444 628 1517 Ἱεριχοῖ
646 1447 954 1519 εὑρημένης
977 1450 1036 1501 ὲν
1053 1447 1195 1519 πίθῳ
1216 1447 1358 1500 κατὰ
1383 1449 1510 1511 τοὺς
1525 1447 1750 1518 χρόνους
1789 1447 1986 1499 Ἀντωο

402 1535 550 1590 νίνου
576 1537 669 1590 τοῦ
701 1539 819 1592 υἱοῦ
863 1539 1121 1612 Σεδήρου.
1165 1539 1289 1595 llaec
1314 1541 1475 1594 verba
1510 1556 1698 1605 parum
1724 1541 1985 1593 hactenus

400 1628 670 1683 intellecta
694 1629 1186 1700 explanare-operte
1198 1631 1426 1699 pretium
1447 1641 1552 1685 est.
1574 1628 1717 1700 «(91)
1735 1629 1788 1683 ln
1811 1627 1985 1682 Hexa-

398 1719 502 1787 plis
531 1721 742 1788 Quidem
783 1720 1140 1787 Psalmorum,
1176 1732 1298 1789 post
1341 1721 1581 1792 insignes
1620 1732 1852 1791 quatuor
1874 1720 1985 1775 edi-

399 1811 602 1876 tiones,
651 1826 756 1866 non
808 1813 1051 1881 quintam
1094 1813 1290 1879 solum,
1326 1814 1419 1868 sed
1447 1823 1502 1868 et
1545 1825 1774 1876 sextam,
1799 1825 1855 1867 et
1889 1827 1977 1867 se-

399 1904 624 1970 ptimam
680 1903 979 1973 adjungens
1042 1905 1546 1974 interpretationem
1575 1947 1590 1971 ,
1627 1907 1680 1959 in
1737 1906 1978 1975 singulas
2011 1892 2051 1946 Β

398 2005 590 2046 rursus
615 1991 894 2048 columnas
916 1994 1233 2065 descripsit;
1281 2005 1463 2066 utpote
1487 1995 1980 2066 qum‘Hierichunte

396 2089 616 2148 reperta
664 2082 735 2136 sit
763 2083 814 2136 in
849 2083 992 2138 dolio
1026 2085 1361 2154 temporibus
1399 2086 1680 2150 Antonini,
1715 2087 1834 2154 ejus
1887 2087 1978 2156 qui

396 2171 500 2225 fuit
523 2171 896 2227 Severi-ﬁlius.
935 2192 954 2225 ι
993 2175 1123 2228 Ἐπὶ
1144 2177 1274 2245 μιᾶς
1301 2176 1500 2232 locutio
1525 2187 1609 2232 est
1642 2177 1843 2242 Attica,
1873 2192 1979 2248 qua

396 2279 488 2320 res
519 2265 893 2333 signiﬁcantur
921 2267 972 2320 in
1001 2284 1166 2323 unum
1197 2284 1410 2324 versum
1435 2269 1715 2325 collocatae
1739 2286 1768 2324 a
1800 2270 1980 2325 fronte

398 2354 469 2409 ad
512 2365 740 2425 tergum.
765 2357 988 2426 Optime
1009 2361 1176 2414 docet'
1193 2360 1423 2416 Budteus
1447 2362 1576 2432 quid
1605 2361 1714 2417 sint
1733 2362 1860 2431 νῆες
1887 2361 1978 2414 ἐπὶ

399 2448 531 2518 μιᾶς
546 2450 1102 2521 τεταγμέναιωεηιρθ
1133 2468 1299 2508 naves
1323 2455 1395 2508 ita
1423 2454 1721 2517 instructae,
1747 2455 1975 2508 utunica

392 2537 450 2592 in
481 2538 659 2594 fronte
686 2543 779 2606 sit,
799 2542 1020 2612 reliqua)
1051 2560 1190 2612 pone
1207 2555 1503 2614 sequantur
1529 2546 1583 2600 in
1607 2561 1823 2602 versum
1857 2560 1977 2614 por-

393 2637 576 2685 recta‘.
594 2628 670 2683 Ita
698 2631 1249 2704 ὲφ’ὲνδς·τεταγμένοι
1273 2635 1622 2706 στρατιῶται,
1641 2636 1838 2690 milites
1853 2645 1976 2690 sunt

394 2721 452 2774 in
487 2736 652 2775 unum
685 2738 900 2778 versum
927 2742 956 2779 a
989 2725 1166 2780 ﬁonte
1196 2727 1261 2780 ad
1296 2737 1504 2796 tergum
1536 2727 1807 2784 instructi.
1828 2728 1975 2784 Hauc

394 2813 728 2870 locutionem
750 2817 1027 2887 eleganter
1050 2819 1155 2873 huc
1184 2821 1460 2874 transtulit
1493 2820 1760 2876 Eusebius
1794 2838 1808 2873 :
1841 2836 1976 2889 quo-

394 2904 542 2958 niam
568 2907 712 2960 enim
736 2922 833 2977 per
873 2908 1058 2980 longas
1093 2919 1149 2965 et
1186 2921 1444 2982 angustas
1487 2911 1798 2966 columellas
1829 2913 1976 2981 dige—

395 3005 494 3051 stae
513 3008 668 3053 erant
696 2999 962 3056 editiones
1003 3002 1056 3056 in
1097 3002 1378 3071 Hexaplir,
1413 3014 1698 3073 pr0pterea
1729 3004 1820 3057 ἐπὶ
1845 3005 1974 3076 μιᾶς

397 3091 851 3159 σεσημειωμένας
884 3105 1005 3149 esse
1025 3092 1179 3146 dixit.
1208 3091 1315 3147 Sua
1343 3108 1557 3164 quoque
1591 3095 1676 3148 vis
1715 3095 1856 3151 inest
1882 3110 1974 3149 vo-

394 3181 588 3236 cabulo
616 3185 999 3255 σεσημειωται.
1020 3184 1383 3255 Σημειοῦσθαι
1406 3197 1603 3256 praeter
1623 3187 1974 3256 significatio-

395 3286 516 3335 nes,
537 3283 695 3329 sonat
721 3275 906 3341 etiam,
929 3277 1182 3346 scriptum
1204 3279 1417 3347 aliquod
1446 3278 1529 3331 ad-
1548 3278 1699 3332 aliud
1720 3279 1968 3348 adjicere,

396 3363 680 3426 ascribere,
711 3373 770 3418 ut
812 3367 1062 3434 superius
1115 3367 1463 3422 observatum
1503 3377 1602 3423 est.
1656 3368 1847 3438 Igitur,
1877 3369 1971 3422 ἐπὶ

399 3453 542 3523 μιᾶς·
557 3454 943 3526 σεσημείωται,
973 3455 1074 3511 hoc
1101 3467 1184 3512 est
1211 3459 1268 3511 in
1300 3459 1544 3528 singulas»
1574 3461 1843 3514 columnas
1876 3462 1971 3514 de»

395 3542 636 3598 scribens
657 3543 726 3596 ad
751 3544 977 3612 priorem
1005 3547 1244 3600 attesuit.
1303 3545 1590 3616 Perperam
1623 3549 1738 3604 haec
1764 3550 1973 3619 accepit

399 3632 739 3703 Nicepltorus
779 3635 872 3691 lib.
909 3652 960 3702 ν.
989 3652 1108 3707 cap.
1141 3639 1237 3702 ll,
1258 3639 1346 3693 ait.
1377 3640 1522 3695 enim
1559 3657 1572 3692 :
1607 3641 1683 3694 Οὐ
1715 3641 1972 3714 πέμπτην

394 3861 675 3934 ξίφιον-ψῃ
695 3863 957 3934 posuisse.
977 3863 1118 3918 Idem
1150 3878 1312 3934 porro
1351 3864 1634 3920 dicendum
1665 3865 1878 3920 videtur
1909 3865 1977 3920 de

399 3932 561 4004 Syro,
576 3931 730 4004 cujus
749 3931 1219 4004 interpretation—es
1236 3935 1444 4004 passim
1452 3935 1797 4004 reperiuntur
1818 3936 1869 3989 in
1881 3934 1980 3990 Ge-

397 4003 588 4056 nesi-et
623 4002 828 4064 Exodo,
850 4003 903 4056 in
928 4003 1154 4059 Psalmis
1175 4002 1325 4069 item,
1360 4005 1413 4058 in
1438 4002 1692 4068 Jeremia,
1716 4006 1768 4069 in
1801 4005 1973 4060 Thre-

395 4073 533 4138 nis.;.
553 4074 703 4145 apud
726 4073 1058 4145 Ezechielem
1093 4075 1254 4129 etiam
1276 4075 1550 4145 Danielem
1573 4084 1628 4145 et
1659 4077 1816 4130 Osee.
1849 4076 1974 4145 Syri

437 4157 563 4195 orro
585 4142 842 4197 lectiones
890 4142 1188 4198 aﬂ'eruntur
1216 4145 1284 4199 ab
1311 4144 1541 4202 Eusebio
1569 4142 1910 4209 Caesariensi,
1942 4161 1973 4200 a

448 4212 634 4266 iodoro
655 4211 907 4267 Tarsensi
934 4215 1296 4280 frequentius;
1328 4214 1397 4269 ab
1421 4214 1652 4269 Eusebio
1685 4215 1938 4272 Emiseno
1956 4256 1972 4280 ,

399 4280 752 4352 Hieronymo,
788 4283 1157 4347 Theodoreto,
1189 4295 1244 4338 et
1287 4285 1429 4339 aliis.
1457 4285 1738 4352 .Quodque
1783 4297 1974 4340 notan-

400 4352 527 4425 t_l_ut_n
560 4353 860 4416 estiidem,
895 4355 1240 4425 maximeque
1289 4355 1588 4414 Diodorus,
1621 4354 1814 4425 Syrum
1849 4372 1970 4411 cum

401 4419 1165 4496 [lebrzeosaepeconinngunt'
1187 4425 1287 4496 hoc
1327 4436 1488 4496 pacto
1523 4443 1538 4479 :
1579 4425 1637 4478 '0
1660 4419 1840 4496 Σύρος
1876 4425 1972 4485 καὶ

397 4489 825 4566 ὁν-Έϐραίος,νοΙ
859 4489 1148 4566 vespero;
1175 4495 1265 4546 καὶ
1280 4493 1508 4565 ἁΣύρος,
1527 4489 1974 4563 quando—scilicet

2084 633 2234 684 νείαν
2254 629 2698 701 ἐπισημαίνεται.
2726 630 2846 702 (92)
2871 629 2980 685 Nec
3005 630 3318 686 dillicultate
3344 639 3502 684 caret
3525 631 3665 698 quod

2083 725 2267 778 subest
2288 722 2427 792 apud
2453 721 2770 787 Eusebium,
2797 721 3090 792 Origenem
3124 723 3192 776 ad
3223 722 3466 791 reliquas
3500 722 3664 776 inter-

2083 805 2426 884 pretationes
2460 813 2731 882 adiecisse
2766 815 3077 885 septimam,
3132 815 3273 884 quod
3316 813 3665 869 llierichnnte

2085 907 2136 959 in
2166 906 2311 960 dolio
2345 906 2648 977 imperante
2676 906 2956 964 Caracalla
3008 921 3214 979 reperta
3246 911 3336 967 sit.
3373 908 3517 963 Idem
3567 910 3665 964 ha-

2083 998 2172 1051 bet
2195 996 2457 1052 Zonaras.
2489 1000 2713 1054 Certum
2739 1010 2914 1056 estex
2947 1001 3222 1056 Athanasii
3277 1012 3334 1056 et
3377 1001 3664 1070 Epiphanii

2082 1090 2412 1145 auctoritate
2449 1092 2700 1160 quintam
2739 1094 3031 1147 editionem
3081 1092 3437 1148 H’ierichunte
3469 1095 3524 1147 in
3569 1095 3666 1150 doc

2082 1182 2154 1235 lio
2196 1181 2362 1238 fuisse
2397 1193 2668 1252 repertam
2695 1185 2994 1254 imperante
3009 1185 3312 1242 Caracall‘a.
3343 1187 3512 1240 Addit
3542 1185 3666 1254 Epi-

2083 1273 2316 1343 phanius
2345 1289 2449 1328 una
2480 1285 2726 1345 repertos
2749 1292 2869 1331 esse
2899 1277 3062 1333 libros
3085 1278 3240 1337 alios.
3265 1293 3388 1332 cum
3433 1278 3667 1333 Hebrai-

2081 1379 2194 1430 cos,
2232 1373 2343 1418 tum
2372 1367 2532 1419 etiam
2566 1366 2811 1422 G-racos.
2840 1367 2993 1434 Quod
3015 1369 3060 1423 si
3091 1383 3157 1424 ex
3191 1369 3276 1423 his
3306 1368 3477 1423 fuisse
3498 1368 3665 1437 septi-

2084 1472 2224 1510 mam
2254 1456 2397 1510 illam
2438 1456 2776 1514 Psalmorttm
2805 1461 3098 1515 editionem
3130 1450 3399 1530 dicamus,
3440 1464 3517 1516 ita
3541 1478 3660 1517 cum

2082 1545 2210 1601 aliis
2225 1546 2488 1602 Eusebius
2510 1548 2915 1603 conciliabitur.
2933 1548 3235 1619 Opinantnr
3254 1552 3476 1621 quidam
3500 1551 3662 1620 septi-
3698 1607 3713 1621 ,

2084 1651 2224 1690 mam
2255 1637 2724 1694 illameditionetn
2753 1641 2996 1695 eamdem
3025 1655 3146 1696 esse
3183 1655 3248 1696 ac
3305 1641 3660 1707 Lucianeam,

2082 1729 2187 1784 hoc
2232 1741 2573 1799 argumento,
2628 1733 2770 1802 quod
2820 1733 3173 1799 Athanasius,
3215 1733 3330 1788 sive
3365 1734 3661 1804 Synoimos

2082 1830 2292 1884 auctor,
2325 1822 2546 1877 L'nciani
2581 1823 2898 1887 editionem,
2937 1825 3178 1894 septimo
3203 1826 3324 1879 loco
3353 1837 3661 1894 recenseat,

2079 1921 2134 1967 et
2169 1914 2454 1981 septimam
2499 1915 2732 1986 appellet
2771 1937 2783 1972 :
2821 1917 2914 1970 sed
2953 1917 3175 1970 multum
3207 1917 3496 1980 falluntur;
3540 1934 3658 1972 nam

2079 2001 2304 2058 Luciani
2332 2004 2500 2058 editio
2523 2005 2637 2072 ipsa
2666 2005 2767 2058 l'nit
2791 2005 2963 2077 κοινὴ,
3000 2016 3118 2075 post
3157 2006 3410 2076 Origenis
3448 2018 3658 2061 aztatem

2079 2106 2325 2153 correcta
2353 2106 2408 2152 et
2441 2099 2724 2153 emendata
2757 2114 2786 2152 a
2821 2098 3083 2164 Luciano,
3116 2108 3174 2152 ut
3199 2100 3363 2153 tradit
3393 2099 3661 2171 Hierony-

2079 2203 2199 2244 mus
2231 2189 2385 2244 initio
2415 2189 2657 2258 epistola
2679 2190 2744 2244 ad
2772 2190 2994 2245 Suniam
3012 2198 3066 2246 et
3085 2190 3404 2245 Fretellam.
3432 2192 3548 2260 (93)
3571 2190 3660 2246 Se-

2078 2279 2307 2349 ptimam
2340 2295 2472 2334 vero
2505 2280 2823 2348 editionem,
2852 2295 2971 2349 qum
3004 2280 3256 2351 Ilexaplis
3312 2279 3526 2336 intexta
3555 2290 3653 2342 est,

2078 2369 2428 2426 Hierichunte
2457 2371 2729 2427 inventam
2762 2388 2884 2428 esse
2910 2373 3209 2442 imperante
3231 2373 3519 2428 Caracalta
3555 2373 3655 2427 Eu-

2077 2463 2260 2518 sebius
2281 2474 2558 2518 asseverat
2582 2464 2676 2519 lib.
2704 2480 2755 2519 Vl
2785 2463 2952 2528 ΗΜ..
2989 2480 3108 2535 cap.
3149 2463 3236 2529 l6,
3269 2465 3414 2534 quod
3447 2467 3515 2518 de
3543 2481 3653 2518 κοιι

2075 2556 2149 2625 νῇ·
2176 2564 2323 2609 certe
2351 2556 2458 2609 dici
2497 2571 2604 2609 non
2636 2565 2835 2625 potest.
2877 2556 3120 2623 Ilexapla
3149 2558 3314 2627 igitur
3343 2558 3433 2611 illa
3471 2557 3653 2627 Orige-

2078 2645 2182 2708 nis,
2207 2643 2319 2698 sive
2349 2643 2596 2714 θεωρία,
2647 2660 2782 2714 qnze
2804 2645 2856 2698 in
2890 2645 3010 2699 aliis
3041 2645 3339 2716 Scriptura:
3373 2647 3534 2702 libris
3565 2661 3656 2702 sex

2074 2737 2281 2794 Graecis
2301 2736 2626 2792 constabant
2646 2737 2994 2801 editionibus,
3025 2747 3232 2805 septem
3259 2739 3310 2791 in
3345 2737 3487 2792 libro
3511 2737 3654 2793 Psal-

2079 2843 2288 2881 tnorum
2346 2825 2724 2880 continebant.
2783 2827 2856 2881 lta
2889 2829 3228 2897 postmodum
3259 2829 3459 2882 scribit
3497 2829 3656 2882 Euse-

2075 2919 2195 2974 bius
2231 2933 2246 2972 :
2281 2917 2494 2981 Ταύτας
2511 2917 2571 2970 δὲ
2596 2917 2811 2982 ἁπάσας
2837 2919 2928 2972 ἐπὶ
2958 2919 3156 2972 ταύτὸν
3183 2920 3530 2989 συναγαγὼν,
3557 2921 3656 2975 διε-

2074 3009 2190 3061 λών·
2237 3025 2296 3062 τε
2355 3008 2491 3080 πρὸς
2553 3007 2747 3070 κῶλον,
2799 3010 2894 3062 καὶ
2947 3010 3344 3082 ἀντιπαραθεὶς
3402 3011 3653 3083 ἀλλήλαις

2077 3097 2217 3168 μετὰ
2259 3099 2353 3152 καὶ
2396 3099 2566 3170 αὐτῆς
2603 3101 2702 3169 τῆς
2745 3099 3008 3170 Ἐὗραῑων
3038 3100 3416 3170 σημειώσεως,
3452 3102 3521 3155 τὰ
3549 3103 3653 3154 τῶν

2074 3191 2380 3263 λεγομένων
2445 3191 2724 3257 Ἐξαπλῶν
2788 3194 2920 3263 ἡμῖν
2979 3194 3289 3264 ἀντίγραφα
3333 3195 3654 3265 παραλέλοι-

2077 3298 2196 3335 πεν.
2228 3283 2434 3338 Sensus
2466 3291 2550 3336 est
2581 3296 2594 3330 :
2639 3299 2658 3333 ι
2693 3282 2802 3337 Has
2843 3299 3033 3338 omnes
3065 3299 3186 3338 cum
3227 3285 3281 3338 in
3321 3301 3491 3338 unum
3528 3300 3653 3339 con-

2072 3373 2363 3443 iunxisset,
2392 3380 2445 3425 et
2480 3387 2578 3442 per
2604 3370 2720 3426 cola
2757 3372 3116 3438 distinxisset,
3143 3381 3198 3428 et
3225 3374 3460 3428 invicem
3493 3388 3654 3444 oppo-

2078 3462 2298 3526 suisset,
2343 3475 2448 3515 una
2507 3476 2631 3516 cum
2684 3459 2932 3515 llebraici
2996 3471 3288 3516 contextus
3334 3463 3650 3528 adjectione,

2081 3551 2441 3620 llexaplorum
2461 3551 2616 3607 nobis
2632 3551 2960 3620 exemplaria
2986 3553 3221 3622 reliquit.
3249 3559 3278 3605 ι’
3300 3553 3548 3607 Diximus
3566 3568 3654 3625 ση-

2082 3641 2366 3713 μειοῦσθαι
2396 3642 2448 3698 id
2477 3657 2619 3708 esse,
2652 3662 2670 3691 ι
2705 3640 2976 3712 Scriptura
2998 3643 3215 3713 aliquod
3240 3643 3486 3699 adialiud
3519 3644 3648 3714 adji-

2085 3867 2247 3932 ln'um,
2277 3877 2383 3936 etc.
2418 3865 2659 3920 Zonaras
2709 3865 2921 3936 quidem
2959 3864 3182 3921 inHist.
3216 3867 3406 3933 imper.
3453 3864 3647 3920 Seueri:

2082 3935 2492 4003 et-Nicephorus
2524 3936 2615 3990 lib.
2655 3951 2706 3995 v.
2734 3951 2854 4003 cap.
2886 3935 2972 3998 ll,
3026 3936 3178 3990 aiunt
3209 3937 3503 4002 septimam
3542 3937 3646 3991 edi-

2084 4008 2284 4060 tionem
2318 4004 2668 4060 Hierichunte
2695 4005 2861 4060 fuisse
2893 4005 3200 4069 inventam;
3260 4005 3357 4074 sed
3387 4005 3439 4059 id
3469 4017 3648 4074 aperte

2082 4093 2196 4130 non.
2236 4075 2481 4129 enuntiat
2523 4075 2804 4143 Eusebius.
2837 4075 3103 4143 Quidquid
3133 4075 3278 4129 enim
3315 4073 3545 4130 lluetius
3575 4077 3648 4129 di-

2079 4157 2194 4210 cat,
2213 4145 2337 4198 Ἐπὶ
2369 4147 2497 4217 μιᾶς
2531 4141 2698 4217 αὖθις
2721 4141 3106 4217 σεσημείωταιο
3134 4145 3217 4217 ὼςᾲ
3238 4147 3297 4198 ὲν
3325 4146 3544 4217 Ἱεριχοί
3561 4146 3644 4217 ed-

2083 4217 2291 4287 ρημένη
2322 4213 2380 4268 ὲν
2401 4213 2542 4286 πίθῳ
2575 4215 2734 4287 κατα,
2771 4213 2896 4287 τοῦίς
2947 4214 3172 4286 χρόνους
3206 4213 3526 4287 Ἀντιιινίνου
3559 4216 3646 4270 τοῦ

2079 4285 2196 4340 ιιἱοῦ
2217 4285 2478 4358 Σεὸήρου,
2504 4285 2637 4340 nihil
2670 4285 2813 4358 aliud
2832 4285 3304 4358 sigiiil’icatmuam
3326 4304 3344 4358 ι
3369 4285 3578 4358 Rursus
3595 4288 3645 4358 in

2079 4355 2536 4426 principio'unius
2561 4355 2766 4410 notavit
2797 4355 3066 4426 inventam
3093 4355 3236 4426 illam
3273 4355 3446 4426 fuisse
3477 4355 3645 4426 Hieri-

2076 4425 2276 4482 chunte
2309 4427 2359 4480 in
2389 4426 2553 4490 dolio,
2585 4435 2822 4489 tempore
2849 4425 3246 4493 Antonini,_qui
3290 4425 3480 4480 Severi
3511 4425 3643 4480 illius

2078 4498 2197 4559 luit,
2233 4517 2251 4548 ι
2281 4506 2338 4549 ιιι
2367 4506 2510 4551 recte
2539 4494 2814 4550 transtulit
2841 4494 3082 4549 Valesius
3114 4513 3128 4549 :
3161 4511 3225 4549 ac
3266 4495 3497 4562 proinde
3545 4505 3644 4548 tam

400 4562 685 4643 amborum
721 4562 1215 4643 _iiiterpreta_tiones
1264 4562 1622 4643 conveniunt,
1659 4567 1812 4643 quod
1832 4580 1971 4634 saepe
2006 4589 2046 4643 ο
2077 4567 2141 4621 ad
2169 4569 2411 4643 quintam
2443 4575 2535 4643 aut
2564 4575 2797 4643 sextam;
2835 4580 2994 4643 quam
3027 4565 3092 4618 ad
3129 4565 3433 4643 septimam
3459 4565 3646 4643 editio-

401 4631 685 4702 contingit.
718 4630 809 4702 Ha!
839 4630 1002 4699 porro
1036 4633 1309 4697 lectiones,
1334 4635 1557 4701 perinde
1589 4630 1750 4702 atque
1780 4630 1971 4688 Sama-

402 4700 692 4764 ritani,’ab
725 4701 958 4772 Origene
1001 4700 1765 4772 diligentissimoversinnutn
1815 4705 1973 4759 colle-

398 4780 556 4842 more
601 4781 894 4841 potuerunt
933 4771 1189 4827 etiani’in
1232 4771 1590 4839 Ilexaplorum
1633 4773 1972 4842 marginibus

401 4840 698 4914 collocari:
724 4857 1031 4911 quanquam
1055 4843 1106 4896 id
1129 4843 1348 4896 minime
1370 4853 1597 4898 constet.
1622 4840 1970 4914 llmc‘quippe

401 4911 576 4982 solum
628 4911 927 4982 divinando
966 4913 1193 4967 dicimus
1218 4913 1430 4966 :douec
1475 4915 1619 4967 enim
1660 4911 1838 4982 aliqua
1872 4911 1970 4968 vel

404 4980 612 5053 tantilla
641 4997 767 5051 pars
799 4981 1186 5050 llexaplorum,
1217 4992 1274 5036 ut
1307 4983 1464 5053 initio
1495 4984 1695 5053 scripta
1731 4980 1967 5050 luerunt,

403 5063 438 5106 e
468 5052 708 5124 tenebris
733 5055 1036 5124 emerserit,
1065 5053 1283 5124 plenam
1316 5051 1724 5124 perfectamque
1754 5053 1968 5108 illorum

404 5121 653 5175 notitiam
683 5123 948 5188 expiscari
983 5138 1088 5176 non
1115 5122 1429 5177 valebimus.
1469 5142 1486 5174 ι

389 5219 392 5221 λ
477 5191 604 5261 (9l)-
629 5190 698 5244 In
733 5191 986 5256 Hexaplis
1013 5193 1219 5260 quidem
1250 5191 1640 5262 iPralmorum,
1681 5203 1793 5262 post
1841 5193 1972 5249 insi-

405 5270 778 5332 gnesiqttqtuor
798 5263 1073 5328 editiones,
1090 5261 1350 5332 ethlale
1373 5263 1519 5316 hunc
1544 5262 1758 5316 Eusebii
1793 5264 1969 5318 locum

397 5331 579 5402 vertit.
603 5331 851 5395 Huetius,
892 5334 980 5400 qui
1015 5347 1136 5386 sese
1165 5331 1308 5386 ultro
1346 5332 1590 5401 implicat
1619 5332 1670 5386 in
1704 5333 1971 5402 interpre-

407 5401 611 5473 tatione
657 5401 940 5473 locutionis
974 5402 1238 5473 iniussi-ri.
1269 5403 1396 5473 μιᾶς
1438 5401 1823 5473 σεσημείωται.
1852 5401 1968 5456 Me-

408 5469 514 5524 lius
543 5472 622 5526 sic
651 5471 933 5526 vertisset:
957 5492 974 5522 ι
1008 5473 1065 5526 In
1098 5469 1355 5540 Hexaplis
1385 5469 1602 5540 quidem
1637 5471 1968 5526 Psalmorum

407 5541 832 5610 exemplaribus,
855 5553 974 5609 post
1001 5543 1239 5610 insignes
1267 5541 1386 5595 illas
1415 5552 1648 5609 quatuor
1679 5544 1967 5607 editiones,

408 5624 516 5686 non
545 5612 785 5686 quintam
808 5611 1004 5686 solum,
1039 5614 1136 5666 sed
1169 5622 1222 5667 et
1249 5622 1455 5686 sextam
1481 5621 1534 5665 et
1562 5612 1845 5686 septimam
1878 5614 1970 5686 ad-

407 5681 635 5747 iungens
660 5681 1180 5748 interpretationem,
1209 5695 1394 5736 rursus
1440 5681 1490 5732 in
1522 5681 1786 5749 principio
1814 5682 1970 5734 unius

412 5749 617 5801 notavit.
651 5760 919 5818 repertam
951 5751 1094 5803 illam
1130 5750 1303 5814 fuisse,
1333 5750 1690 5804 Hieriebunte
1735 5751 1786 5804 in
1827 5751 1968 5805 dolio

411 5818 741 5887 temporibus
767 5821 1018 5873 Antonini
1045 5822 1136 5887 qui
1172 5820 1355 5874 Severi
1396 5818 1535 5873 ﬁlius
1569 5819 1685 5873 fuit.
1736 5839 1754 5872 ι

482 5884 730 5955 (θὲγΝεε
763 5884 1222 5953 (ίὶῃῑειιιιιιιέωτει
1249 5891 1385 5961 quod
1421 5890 1592 5944 subest
1625 5892 1764 5944 avud
1797 5889 1968 5947 Euse-

2077 4633 2200 4691 neni
2237 4637 2288 4690 id
2327 4635 2515 4690 referri
2539 4645 2734 4705 potest.
2766 4633 2871 4688 Sed
2900 4649 3020 4705 cum
3054 4645 3268 4688 constet
3306 4649 3384 4705 ex
3408 4635 3644 4705 Athana.

2076 4707 2144 4761 sii
2174 4716 2229 4760 et
2256 4703 2552 4771 Epiphanii
2574 4707 2899 4758 auctoritate
2921 4703 3164 4770 quintam
3186 4704 3485 4758 editionem
3524 4703 3644 4758 Ilie-

2077 4778 2325 4830 ricliunte
2355 4774 2520 4828 fuisse
2541 4774 2814 4828 inventam
2847 4775 3144 4841 imperante
3166 4773 3474 4838 Garat-alla,
3509 4777 3644 4842 quod

2079 4846 2167 4901 hic
2203 4847 2278 4898 ait
2308 4845 2588 4906 Eusebius,
2626 4845 2794 4914 magis
2824 4845 2890 4898 de
2919 4844 3103 4914 quinta
3127 4859 3289 4913 quant
3323 4846 3394 4898 de
3420 4845 3641 4912 septima

2077 4917 2309 4973 editione
2340 4911 2742 4984 intelligendum
2767 4911 3000 4968 videtur.
3035 4911 3251 4984 Negare
3272 4922 3453 4967 tamen
3483 4915 3639 4967 nolim

2076 4986 2359 5053 septimum
2383 4982 2907 5038 hanc'Hierichunte
2959 4984 3202 5053 potuisse
3243 4983 3431 5036 itidem
3499 4998 3646 5051 repe-

2076 5055 2194 5108 riri;
2231 5055 2376 5120 Esto,
2428 5055 2780 5107 concilientur
2805 5053 3042 5106 Zonaras
3075 5064 3129 5106 et
3159 5052 3500 5120 Nicephorus
3524 5069 3639 5106 cum

2076 5124 2374 5194 Epiphanio
2402 5124 2492 5194 qui
2516 5125 2594 5178 ait
2625 5137 2887 5194 unacutn
2915 5124 3099 5193 quinta
3137 5124 3375 5194 editione
3410 5134 3644 5194 repertos

2076 5189 2194 5248 esse
2219 5195 2351 5249 alios
2379 5189 2566 5256 libros,
2595 5209 2714 5248 cum
2739 5189 3052 5255 llebraicos,
3082 5202 3193 5246 tum
3221 5193 3385 5247 etiam
3409 5189 3637 5248 Graecos.

2075 5263 2219 5318 lllud'
2253 5273 2458 5317 tantum
2493 5262 2784 5325 contendo,
2837 5279 2944 5316 non
2991 5276 3307 5317 asseverare
3357 5262 3636 5316 Eusebium

2075 5333 2357 5402 septimam
2386 5333 2673 5388 editionem
2698 5330 3047 5390 Hierichunte
3080 5333 3366 5389 inventam.
3387 5333 3510 5386 esse
3540 5333 3638 5384 iui-

2073 5413 2296 5472 perante
2313 5402 2620 5472 rCaracalla.

2147 5471 2258 5542 (95)
2292 5471 2580 5542 Septimum
2606 5487 2724 5525 vero
2749 5471 3051 5536 editionem,
3075 5481 3182 5526 etc.
3217 5469 3530 5540 Janusupra
3559 5471 3641 5542 de-

2076 5541 2494 5596 moiistravimus
2540 5541 2828 5595 Eusebium
2870 5543 3087 5595 minime
3123 5553 3439 5596 asseverare
3481 5541 3638 5608 septi-

2076 5627 2218 5666 mam
2246 5611 2532 5666 editionem
2579 5609 2926 5666 Hierichunte
2968 5611 3134 5664 fuisse
3167 5620 3442 5679 repertam
3478 5611 3637 5679 impeg

2076 5693 2229 5736 rante
2254 5681 2549 5745 Caracalla,
2569 5681 2660 5734 sed
2679 5681 2820 5735 hunc
2837 5682 2954 5750 ejus
2979 5681 3215 5734 historiae
3233 5677 3421 5744 locum
3451 5677 3634 5732 tamad

2077 5751 2318 5819 quintam
2353 5760 2444 5804 aut
2485 5761 2717 5814 sextam,
2744 5765 2905 5816 quam
2932 5751 2998 5803 ad
3037 5751 3326 5819 septimam
3357 5751 3630 5805 editionem

2077 5819 2277 5896 referri
2292 5837 2465 5896 posse,
2496 5836 2556 5874 ac
2581 5821 2805 5890 proinde
2832 5820 3000 5892 magis
3031 5821 3096 5876 de
3124 5822 3312 5896 quinta
3338 5821 3651 5890 intelligens.

2077 5893 2201 5948 dum
2234 5893 2435 5948 ﬁderi.
