3926 6518
440 433 581 487 1259

1714 441 1776 496 Ρ.
1821 440 2141 498 DANIELIS
2173 440 2410 496 HUETII

3559 434 3721 488 712m

437 554 506 606 ad
532 552 639 610 Tit.
670 568 751 615 tn,
780 558 846 608 9:
873 573 894 604 ι
926 553 1078 609 Unde
1106 565 1160 610 et
1192 556 1347 612 nobis
1375 573 1520 612 curae
1542 559 1848 617 l’uitomues
1870 571 2016 617 vete-
2042 570 2087 624 Λ
2121 562 2284 627 rium,
2335 561 2388 615 in
2434 567 2543 616 tota
2595 557 2898 613 Bibliorum
2949 554 3338 613 denominanda
3381 551 3524 608 mole
3573 550 3720 607 ratio

436 647 514 700 ris
539 646 698 716 Legis
720 647 906 713 libros,
937 662 1072 716 quos
1110 649 1194 702 vir
1220 651 1412 704 doctus
1439 652 1792 709 Adamantius
1819 655 1870 709 in
1900 653 2010 709 H‘e-

435 738 595 805 zapla
630 739 933 808 digesserat
984 740 1050 794 de
1075 738 1399 796 Caesariensi
1452 742 1777 799 bibliotheca
1811 746 2016 800 descri-

432 841 576 897 ptos,
605 845 669 883 ex
713 831 842 898 ipsis
877 831 1205 886 authenticis
1237 834 1562 902 emendare;
1611 837 1663 890 in
1708 840 1902 907 quibus
1961 850 2016 894 et

434 923 550 986 ipsa
587 918 809 974 Hebraea
839 922 1072 991 propriis
1120 932 1246 976 sunt
1288 924 1696 982 character-ibus
1725 929 1887 982 verba
1917 930 2012 985 de-

433 1011 654 1081 scripta,
701 1023 757 1067 et
796 1013 1002 1068 ercis
1041 1013 1237 1070 litteris
1270 1019 1487 1072 tramite
1510 1034 1768 1090 expressa
1813 1023 2010 1078 vicino.

430 1102 625 1172 Aquila
648 1105 835 1168 etiam,
877 1114 932 1158 et
972 1104 1356 1173 Symmachus,
1397 1107 1748 1178 Septuaginta
1775 1125 2014 1180 quoque,

431 1203 486 1246 et
529 1191 829 1248 Theodotio
865 1211 1022 1249 suum
1059 1196 1304 1250 ordinem
1353 1206 1554 1250 tenent.
1600 1197 1849 1253 Nonnulli
1887 1215 2014 1254 vero

430 1285 578 1352 libri,
610 1296 665 1341 et
697 1288 932 1344 maxime
982 1289 1036 1342 hi
1073 1290 1162 1357 qui
1197 1289 1338 1357 apud
1367 1287 1625 1347 Hebrteos
1666 1306 1824 1348 versu
1861 1307 2015 1346 com-

429 1377 593 1444 positi
612 1388 758 1441 sunt,
789 1388 897 1434 tres
913 1380 1045 1434 alias
1066 1383 1330 1438 editiones
1358 1384 1567 1438 additas
1611 1385 1830 1448 habent,
1853 1400 2012 1453 quam

429 1469 699 1537 quintam,
727 1481 783 1526 et
805 1481 1038 1538 sextam,
1065 1484 1121 1528 et
1145 1476 1432 1546 septimam
1468 1475 1883 1531 translationem
1914 1491 2012 1531 vo-

431 1571 588 1628 cant,
645 1565 1028 1620 auctoritatem
1103 1569 1223 1622 sine
1287 1571 1598 1626 nominibus
1655 1570 2011 1642 interpretum

429 1667 774 1710 consecutas.
822 1678 840 1711 ι
873 1659 1057 1726 Itaque
1090 1662 1142 1715 in
1171 1661 1259 1714 illa
1291 1663 1564 1716 variarum
1596 1663 1894 1718 editionum
1916 1679 2011 1720 co-

431 1748 857 1816 agmentatione,
909 1749 1074 1819 aliqui
1137 1752 1259 1806 libri
1308 1763 1544 1821 quatuor
1586 1752 1852 1810 duntaxat
1885 1771 2015 1810 con-

429 1838 650 1892 stabant
682 1839 1032 1906 editionilms,
1063 1858 1184 1896 cmn
1219 1843 1392 1912 Diplis
1417 1843 1731 1912 Hebraicis;
1769 1856 1929 1917 atque
1959 1848 2020 1904 lti

2117 652 2303 706 habita
2353 667 2460 706 non
2507 662 2609 714 est,
2648 650 2882 717 ideoque
2929 664 2960 702 a
3005 647 3226 702 nemine
3259 643 3529 714 Enneapla
3566 642 3714 697 dicta

2113 751 2262 797 sunt.
2287 744 2498 798 Asserit
2531 742 2692 796 etiam
2739 739 3008 810 Origenes
3050 737 3118 792 ab
3158 734 3716 804 interpretationibus

2115 834 2323 904 Aquilae
2345 845 2397 888 et
2429 833 2825 889 Theodotionis
2857 830 3096 886 abfuisse
3146 829 3396 884 Tbreuos
3434 826 3711 884 Jeremiae.

2116 928 2303 998 Itaque
2335 927 2472 982 liber
2507 926 2595 981 ille
2631 924 2799 980 fuerit
2821 921 3192 995 Τετραπλοῦς,
3238 920 3342 975 sed
3381 929 3554 973 totum
3585 932 3716 971 cor-

2115 1037 2216 1092 pus
2241 1020 2542 1076 Bibliorum
2582 1027 2806 1087 propter
2835 1016 2959 1070 libri
2995 1013 3349 1081 exiguitatem
3391 1009 3716 1080 Tetraplnm

2114 1115 2220 1170 dici
2251 1129 2356 1168 non
2385 1112 2591 1168 debuit.
2617 1111 2850 1178 Quidam
2891 1107 3134 1176 Hexapla
3169 1110 3270 1161 ista
3300 1106 3574 1161 volumina
3613 1119 3716 1174 ap.

2114 1207 2402 1279 pellarunt,
2437 1205 2668 1259 fortasse
2691 1202 2857 1257 etiam
2896 1199 3140 1270 Hexapla
3169 1199 3236 1252 ab
3258 1196 3493 1268 Origene
3520 1197 3720 1252 inseri»

2119 1308 2208 1369 pta
2239 1305 2385 1362 sunt,
2411 1296 2555 1366 quod
2585 1309 2777 1363 magna
2810 1292 3020 1347 illorum
3047 1306 3173 1360 pars
3197 1300 3432 1361 quatuor
3459 1287 3723 1343 editioni-

2115 1390 2236 1453 bus,
2261 1388 2490 1458 Aquilae.
2521 1385 2858 1458 Symmachi.
2890 1384 2998 1438 τῶν
3021 1382 3075 1440 0'
3105 1394 3159 1438 et
3207 1382 3619 1440 Theodotionis.
3649 1396 3729 1437 ac

2114 1481 2287 1552 Diptis
2318 1490 2577 1547 [meterea
2625 1477 2908 1534 Hebraicis
2940 1487 3085 1534 esset
3113 1475 3342 1532 conﬂata
3380 1495 3395 1533 :
3427 1475 3521 1529 alii
3579 1487 3719 1530 vero

2115 1589 2238 1632 cum
2278 1573 2363 1628 his
2394 1571 2763 1626 voluminibus
2815 1584 2909 1624 sex
2950 1569 3218 1625 editiones
3257 1569 3480 1624 Grzeeas
3518 1578 3731 1636 praeter

2116 1665 2380 1720 Hebraica
2414 1662 2754 1732 exemplaria
2801 1663 2977 1717 inesse
3030 1660 3422 1730 intelligerent,
3482 1659 3722 1731 Octapla

2116 1755 2362 1811 vocanda
2389 1763 2739 1810 censuerunt.
2783 1753 3124 1823 Quapropter
3154 1767 3316 1807 nemo
3341 1753 3529 1806 mirari
3553 1753 3722 1807 debet

2116 1863 2216 1904 cur
2267 1845 2526 1918 Hexaplis
2585 1862 2680 1902 sex
2731 1847 3001 1902 editiones
3033 1843 3272 1907 Graecas.
3324 1852 3381 1899 et
3412 1845 3548 1901 duos
3590 1859 3720 1898 co-

431 1925 558 1982 libri
586 1942 742 1982 erant
767 1944 892 1984 vere
925 1930 1200 2010 Ἐξατελοέ.
1225 1932 1331 1988 Sex
1354 1950 1484 1990 vero
1517 1935 1789 1992 habebant
1821 1938 2019 1993 editio-
2053 1925 2096 1984 Β
2128 1949 2306 1994 textus
2343 1938 2640 1994 llebraicos
2671 1937 2845 1992 fuisse
2887 1938 3124 1992 iutextos
3153 1937 3395 1992 dixerint
3426 1936 3716 2003 Eusebius,

430 2034 530 2076 nes
557 2019 797 2085 Graecas.
829 2039 950 2078 cum
977 2024 1148 2095 Dtplis
1182 2025 1478 2095 Hebraicis,
1515 2029 1606 2084 alii
1631 2030 1750 2085 libri
1772 2045 1870 2098 per
1896 2045 2019 2086 ver-

432 2127 528 2167 sus
556 2115 863 2184 compositi,
896 2126 1123 2187 excepto
1157 2117 1444 2184 Psalterio,
1472 2136 1666 2191 nempe
1701 2115 2017 2190 Proverbia,

430 2202 790 2260 Ecclesiastes
839 2215 895 2260 et
935 2207 1218 2263 Canticum
1243 2227 1256 2264 :
1279 2225 1342 2265 ae
1373 2203 1597 2280 pruiude
1627 2221 1786 2266 erant
1825 2211 2020 2266 Ὀκτα-

432 2292 578 2346 πλοϊ.
640 2295 711 2348 At
757 2295 892 2351 liber
949 2296 1284 2354 Psalmornm
1346 2311 1543 2370 printer
1611 2303 1857 2372 geminas
1910 2303 2018 2358 lle-

433 2385 606 2439 braiei
655 2397 946 2444 contextus
979 2389 1264 2446 columnas
1303 2402 1511 2462 septem
1543 2392 1808 2448 editiones
1847 2393 2019 2448 conti-

429 2477 618 2543 nebat,
671 2479 976 2549 meritoque
1016 2480 1215 2536 librum
1264 2484 1408 2539 hunc
1448 2483 1807 2539 Ἐννεαπλοῦν
1853 2483 2020 2543 fuisse

432 2571 660 2626 diceres.
678 2572 846 2638 Igitur
870 2589 1004 2642 opus
1038 2574 1178 2629 istud
1203 2573 1453 2643 Origenis
1476 2579 1669 2646 partim
1699 2589 1818 2634 erat
1840 2579 2020 2634 Hexa-

431 2663 603 2732 plum,
629 2666 826 2734 partim
849 2665 1150 2736 Octaplum,
1178 2669 1372 2736 partim
1397 2668 1765 2741 Enneaplum:
1791 2672 1902 2744 (96)
1927 2674 2019 2728 sed

434 2757 680 2827 septima:
709 2760 983 2823 editionis,
1023 2776 1146 2830 qua:
1177 2763 1244 2814 ad
1287 2777 1450 2816 unum
1481 2764 1787 2834 pertinebat
1817 2765 2026 2822 Psalte-

428 2896 802 2971 i’entateucbo
841 2910 1020 2954 autem
1068 2902 1311 2971 quintam
1364 2911 1419 2957 et
1460 2913 1668 2958 sextam
1717 2904 2013 2962 editionem

428 2968 606 3023 locum
649 2984 944 3044 oc_cup_asse
998 2968 1156 3026 suum
1206 2974 1573 3029 testiﬁcantur
1631 2975 1876 3044 exempla
1911 2993 2021 3032 non

432 3053 604 3111 pauca
635 3055 648 3090 :
680 3041 758 3111 sic
792 3039 989 3097 Genvs.
1037 3058 1153 3111 cap.
1186 3059 1372 3108 xxxiv,
1411 3059 1554 3098 vers.
1592 3045 1680 3110 15,
1731 3039 1806 3100 ειί
1831 3049 2021 3102 codice

433 3107 626 3181 llegio
663 3108 890 3164 affertur
934 3107 1134 3181 quinta:
1183 3107 1443 3168 editionis
1476 3107 1673 3181 lectio,’
1701 3117 1787 3170 ubi
1829 3133 2020 3171 vocem

431 3187 566 3239 mm
614 3179 702 3256 hic
730 3179 1010 3256 interpres
1043 3185 1201 3238 vertit
1225 3186 1589 3256 ὲννοήσομεν;
1623 3179 1677 3239 et
1705 3202 1825 3255 cap.
1854 3203 2019 3251 xxxv,

429 3270 575 3308 vers.
606 3250 692 3307 l9.
730 3252 782 3305 iu
818 3253 961 3306 hunc
994 3253 1168 3308 locum
1194 3250 1416 3316 omni:
1445 3250 1545 3316 ista
1562 3250 2020 3318 nnﬁsts-Ambro?

2122 2029 2456 2101 Epiphanius
2504 2041 2560 2086 et
2609 2031 2874 2097 Zonaras,
2912 2030 3132 2085 intextae
3177 2031 3377 2101 quippe
3410 2038 3568 2084 erant
3602 2030 3726 2086 edi-

2125 2125 2302 2180 tiones
2336 2124 2441 2180 illa:
2479 2139 2571 2180 sex
2609 2125 2662 2179 in
2699 2125 2973 2194 aliquibus
2995 2125 3261 2179 duntaxat
3287 2123 3464 2189 libris,
3517 2139 3624 2179 non
3661 2125 3716 2178 in

2123 2217 2425 2285 universis;
2463 2232 2586 2272 nam
2636 2218 2886 2287 quamvis
2929 2217 3155 2273 intexta:
3194 2216 3381 2271 itidem
3430 2226 3619 2271 essent
3657 2215 3716 2271 in

2121 2308 2354 2365 Psalmis
2381 2309 2647 2365 editiones
2677 2319 2910 2380 septem,
2962 2307 3211 2378 Hexapla
3241 2317 3425 2364 tamen
3469 2307 3722 2364 Psalmo-

2124 2416 2244 2455 rum
2305 2400 2450 2456 idem
2501 2401 2640 2455 dixit
2686 2401 2985 2456 Eusebius.
3043 2401 3394 2456 Manifestum
3443 2416 3582 2470 ergo
3632 2409 3718 2455 est

2124 2506 2290 2545 unum
2325 2491 2574 2562 idemque
2600 2507 2735 2562 Opus
2769 2491 2935 2548 luisse
2962 2491 3207 2561 Ilexapia
3233 2502 3289 2548 et
3324 2491 3588 2563 Octapla;
3623 2493 3718 2547 sed

2123 2599 2161 2638 a.
2181 2584 2409 2638 diversis
2447 2585 2640 2654 quibus
2669 2588 2954 2641 constabat
2981 2586 3227 2656 partibus
3260 2586 3514 2641 diversas
3535 2585 3720 2656 appel-

2125 2676 2356 2732 lationes
2413 2677 2684 2734 habuisse.
2721 2679 2837 2749 (97)
2884 2679 3136 2747 Tetrapta
3195 2691 3378 2735 autem
3439 2681 3713 2750 privatum

2127 2767 2230 2823 fuit
2277 2783 2342 2824 ac
2392 2779 2706 2836 separatum
2748 2785 2888 2840 opus
2919 2772 2987 2825 ab
3023 2769 3261 2840 Origene
3310 2780 3437 2841 post
3473 2769 3719 2840 Hexapta

2123 2917 2236 2964 tres
2269 2908 2371 2964 illae
2403 2909 2672 2966 editiones
2717 2911 2914 2965 addita:
2947 2910 3182 2976 fuerant,
3241 2924 3366 2966 esse
3395 2911 3570 2966 libros
3606 2926 3718 2966 me-

2119 2989 2231 3034 tros
2264 2980 2553 3042 metricos;
2597 2995 2790 3046 nempe
2836 2979 2960 3042 Job.
3010 2981 3252 3034 Psalmos
3302 2991 3358 3036 et
3385 2979 3716 3047 Proverbia,

2119 3060 2176 3104 et
2217 3059 2391 3105 tamen
2434 3051 2793 3118 apertissimis
2831 3051 3102 3119 exemplis
3126 3051 3384 3119 superius
3420 3051 3707 3119 probatum
3785 3070 3793 3077 ·

2123 3131 2228 3187 est,
2268 3120 2383 3175 illas
2410 3123 2677 3176 editiones
2700 3119 2942 3175 adfuisse
2969 3122 3020 3174 in
3055 3120 3450 3185 Pentateucho,
3495 3122 3550 3176 in
3588 3137 3714 3190 pro-

2123 3192 2303 3260 phetis
2326 3190 2634 3260 minoribus
2687 3200 2748 3246 et
2775 3191 2827 3245 in
2856 3191 3098 3246 Canticis
3122 3209 3135 3253 ;
3161 3207 3226 3246 ex
3257 3191 3412 3245 libris
3445 3206 3577 3246 vero
3610 3207 3718 3246 me-

2130 3261 2286 3316 tricis
2317 3259 2564 3316 Psalmos
2599 3273 2808 3315 tantum
2853 3262 3014 3315 trium
3047 3262 3266 3315 illarum
3300 3262 3606 3316 editionum
3634 3277 3718 3315 re-

430 3324 626 3414 εευελη
659 3321 830 3414 περί...
886 3324 954 3376 ..ιι
1013 3298 1798 3414 amasse:acestae.
2051 3298 2093 3356 ε
2130 3298 3214 3414 aqua;2.53.15:;transmisi"...
3253 3298 3718 3414 ’ρτξειτςῖ-ιξεηξι,

439 3394 688 3467 traditio,
713 3395 938 3467 ephrata
961 3435 976 3457 ,
1032 3397 1148 3464 ipsa
1179 3407 1262 3452 est
1291 3397 1487 3452 domus
1521 3397 1676 3467 panis
1709 3413 1724 3453 :
1751 3399 1850 3452 hoc
1882 3415 2022 3466 prat-

434 3466 647 3518 teritunt
673 3475 747 3516 est
788 3467 843 3517 in
885 3464 1112 3519 aliorum
1145 3464 1542 3531 traditionibus,
1573 3467 1662 3522 ubi
1702 3464 2026 3522 traditiones

435 3536 528 3606 ille
564 3536 1040 3606 proueditionilms
1090 3547 1333 3606 usurpat.
1373 3537 1437 3590 Et
1460 3536 1635 3592 Levii.
1667 3552 1704 3599 ι,
1748 3538 1837 3598 16,
1866 3539 1932 3593 Α.
1963 3540 2022 3592 Σ.

430 3604 540 3686 τῂν
575 3603 906 3686 σιτίζουσαγ.
1035 3607 1097 3659 Ε.
1134 3603 1236 3678 rip}
1261 3608 1432 3676 ὀσφὺν
1462 3607 1528 3686 ἢ]
1557 3610 1720 3686 tut-£35
1755 3608 2025 3686 italoﬁpev

435 3674 633 3743 φῦσαν.
684 3674 813 3727 ltem
855 3674 1028 3732 Levit.
1058 3674 1282 3745 caplxt,
1313 3674 1456 3732 vers.
1485 3674 1540 3739 3,
1677 3679 1738 3732 E.
1769 3679 1877 3731 ἀπὸ
1893 3674 2024 3742 τῶν,

434 3745 830 3817 καρπωμάτων
875 3746 1100 3817 Kupiou.
1134 3747 1199 3800 Et
1235 3747 1402 3802 Levit.
1436 3764 1494 3811 ιι,
1531 3748 1616 3813 17,
1656 3751 1719 3803 Α.
1758 3750 1821 3806 Ο.
1865 3748 1929 3803 Θ.
1960 3752 2023 3804 Ε.

436 3816 786 3886 νυκτικόραξ.
818 3834 878 3880 ς.
907 3815 1097 3885 γὶζαύξ.
1141 3818 1202 3870 Ε.
1236 3818 1512 3884 Quintam,
1545 3837 1605 3883 ς.
1638 3827 1845 3873 sextam
1883 3820 2025 3874 indi-

437 3896 546 3951 cat,
600 3899 652 3959 et
697 3889 980 3959 utriusque
1014 3890 1394 3954 interpretatio
1421 3889 1665 3942 allertur.
1707 3888 2023 3959 Ibidemque

434 3972 582 4011 vers.
622 3958 712 4021 5i,
747 3959 810 4012 0.
857 3957 921 4011 Θ.
971 3959 1034 4012 Ε.
1085 3959 1264 4014 αὐτῶν
1314 3959 1677 4029 τεθνηκότων.
1722 3959 1879 4014 Hisce
1913 3957 2024 4014 tam

441 4029 645 4099 apertis
679 4030 1000 4082 testimoniis
1034 4031 1292 4099 refragari
1327 4047 1486 4083 nettto
1517 4045 1674 4098 posse
1697 4030 1931 4084 videtur.
1961 4034 2035 4085 At-

439 4098 640 4151 tnirum
665 4109 744 4151 est
787 4100 1032 4168 quintam
1071 4109 1124 4154 et
1159 4098 1368 4154 sextam
1401 4101 1696 4153 editionem
1747 4117 1774 4152 a
1807 4103 2024 4155 nemine

439 4180 684 4220 veterum
715 4168 1034 4222 Graecorum
1079 4172 1170 4238 qui
1202 4173 1253 4223 in
1285 4169 1718 4224 l’cntateuehnm
1757 4181 1838 4222 tot
1863 4171 2026 4224 Cotu—

443 4241 710 4291 mentaria
755 4239 1064 4309 ediderunt.
1097 4251 1450 4294 memoratam
1481 4242 1688 4309 uspiam
1727 4241 1913 4294 fuisse.
1954 4241 2026 4295 De

441 4310 666 4375 septima
726 4311 776 4362 in
828 4308 1196 4365 Pentateucho
1247 4311 1376 4364 nihil
1427 4308 1586 4364 hodie
1627 4326 1641 4360 :
1687 4321 1863 4364 utrum
1899 4325 2027 4364 vero

441 4379 572 4432 olim
623 4379 860 4433 adiuerit
910 4381 1209 4448 ignoratur.
1264 4381 1468 4434 Praeter
1509 4381 1674 4434 hosce
1727 4381 1893 4433 libros
1937 4381 2024 4432 ubi

447 4452 612 4520 trium
639 4451 1001 4516 pus‘terimum
1032 4451 1329 4504 editionum
1362 4453 1583 4520 vestigia
1618 4451 1940 4520 reperimus,
1974 4453 2026 4504 itt

445 4519 566 4573 aliis
598 4521 1075 4590 etiattLexstitisse
1104 4521 1404 4574 subindicat
1468 4519 1825 4590 Hieronymus
1867 4519 2027 4575 Com-

444 4599 618 4642 ment.
655 4589 710 4642 in
742 4587 913 4656 Epist.
953 4593 1020 4642 ad
1052 4589 1222 4643 Titum
1253 4604 1277 4642 :.
1327 4591 1585 4643 Nonnulli
1628 4587 1744 4642 t'éro
1772 4591 1911 4656 libri,
1955 4591 2028 4643 in-

2129 3411 2308 3454 autem
2375 3413 2429 3456 et
2490 3401 2811 3463 Proverbia,
2859 3417 3088 3468 quormn
3145 3401 3382 3456 maxima
3419 3402 3710 3457 lectionunt

2129 3471 2512 3538 Hexaplarium
2562 3472 2698 3526 silva
2745 3481 3021 3542 superest,
3063 3487 3129 3525 ne
3161 3472 3468 3542 vestigium
3502 3473 3720 3539 quidem

2132 3543 2293 3596 trium
2321 3542 2532 3595 illarum
2562 3541 2863 3595 editionum
2901 3543 3133 3600 habere.
3156 3541 3250 3596 llis
3280 3542 3596 3611 conspectis
3628 3559 3716 3596 ne-

2133 3626 2222 3665 mo
2255 3612 2535 3678 negaverit
2556 3613 2845 3666 admodum
2873 3612 3090 3671 dillicile
3120 3627 3244 3666 esse
3271 3614 3532 3678 superius
3556 3612 3712 3666 allata

2127 3683 2375 3750 exetnpla
2405 3697 2525 3735 cum
2555 3683 2732 3736 verbis
2762 3681 3075 3751 Hieronymi
3106 3681 3431 3736 conciliare.
3457 3683 3596 3737 Cum
3620 3699 3714 3734 au-

2132 3761 2238 3806 tem
2270 3752 2492 3805 omnino
2541 3763 2749 3806 certum
2799 3754 2870 3806 sit
2905 3753 3190 3820 Origenem
3218 3767 3323 3805 non
3367 3752 3422 3806 in
3466 3752 3718 3806 omnibus

2129 3820 2426 3890 Scriptura:
2452 3821 2606 3876 libris
2631 3831 2744 3876 tres
2771 3821 2888 3875 illas
2913 3823 3394 3890 interpretationes
3429 3823 3710 3891 adjecisse,

2130 3891 2296 3959 quaeri
2320 3901 2493 3959 potest
2517 3907 2642 3945 num
2677 3901 2786 3946 tres
2819 3892 2890 3946 illi
2923 3892 3443 3960 interpretestotant
3473 3895 3706 3962 Scriptu-

2130 3977 2244 4034 rant
2280 3963 2794 4034 sintintcrpretati,
2823 3978 2906 4034 an
2938 3977 3039 4034 reas
3062 3963 3236 4016 solum
3263 3971 3449 4034 partes
3496 3961 3616 4034 qua:
3637 3961 3714 4034 ab

2130 4031 2360 4100 Origene
2406 4032 2458 4084 in
2492 4030 2733 4097 Octaplis
2766 4033 3020 4086 adhibitae
3052 4041 3195 4085 sunt.
3260 4030 3423 4101 Sa‘pe
3459 4030 3586 4088 cum
3616 4032 3709 4096 illi,

2131 4102 2317 4154 saltem
2361 4103 2467 4156 duo
2490 4102 2738 4168 priores,
2771 4101 3220 4160 Pentateuclmm.
3258 4102 3535 4168 Psalmos,
3561 4114 3612 4158 et
3645 4118 3709 4156 ex

2131 4170 2458 4241 Hieronymo
2478 4167 2578 4224 10b
2600 4179 2655 4224 et
2683 4171 3009 4234 Proverbia;
3046 4185 3170 4225 cum
3207 4174 3337 4226 item
3385 4167 3614 4228 Cantica
3658 4182 3718 4228 et.

2131 4242 2371 4314 minores
2414 4243 2714 4314 prophetas
2771 4241 3175 4314 transtulerint,
3220 4257 3338 4314 non,
3378 4244 3540 4299 video
3587 4245 3710 4314 quid

2131 4327 2308 4384 causa:
2344 4310 2528 4376 fuerit,
2553 4327 2650 4365 cur
2679 4311 3083 4384 medioslibros
3119 4313 3437 4382 omiserint,
3463 4310 3710 4384 quodque

2131 4383 2308 4453 magis
2334 4390 2546 4453 urgeat,
2580 4397 2701 4435 cum
2736 4392 2845 4453 tres
2873 4382 2948 4435 illi
2976 4383 3302 4453 interpretes
3329 4394 3390 4438 ut
3421 4382 3706 4453 plurimum

2133 4452 2185 4505 in
2212 4451 2400 4506 iisdem
2441 4451 2736 4520 Scriptura:
2784 4451 2937 4506 libris
2985 4452 3352 4521 reperiantur,
3403 4451 3532 4509 licet
3575 4452 3714 4508 haud

2133 4522 2294 4592 dubie
2318 4522 2487 4592 Variis
2525 4523 2577 4575 in
2609 4521 2742 4575 locis
2773 4521 3115 4592 scripserint,
3167 4539 3266 4576 cur
3296 4527 3523 4579 eosdem
3553 4525 3710 4578 libros

2132 4607 2200 4644 ex
2233 4591 2500 4646 Hebraieo
2551 4591 2939 4657 converterint,
2982 4593 3204 4646 eosdem
3243 4595 3560 4649 emiserint.
3603 4593 3708 4648 lloc

443 4659 581 4726 quit,
606 4670 651 4711 et
683 4659 912 4733 maxime
935 4661 995 4713 lii.
1015 4661 1106 4733 qui
1136 4661 1274 4728 apud
1315 4660 1560 4733 Hebrteos
1586 4675 1735 4714 versu
1761 4661 2033 4733 compositi
2064 4669 2117 4728 Dr
2137 4671 2284 4733 certe
2312 4676 2486 4733 neque
2520 4677 2673 4724 casu,
2705 4676 2880 4733 neque
2914 4661 3154 4733 consilio
3175 4663 3434 4719 accidere
3478 4665 3708 4733 potuisse

445 4739 588 4793 sunt,
618 4741 722 4780 tres
759 4732 891 4782 altas
928 4731 1178 4783 editiones
1216 4733 1424 4783 additas
1453 4732 1665 4792 habent,
1692 4747 1850 4797 quant
1883 4731 2029 4800 quin-

448 4811 578 4862 tam,
618 4810 665 4852 et
721 4807 941 4864 sea-tant,
991 4811 1038 4853 et
1084 4803 1356 4866 septimam
1385 4800 1776 4853 translationem
1825 4811 2027 4866 vocant,

446 4871 816 4922 auctoritatem
857 4871 970 4924 sine
999 4872 1295 4924 nominibus
1338 4871 1674 4939 interpretum
1703 4879 2026 4925 consecutus.

451 4940 529 4993 Ex
569 4940 722 4994 libris
753 4949 930 4994 tamen
967 4956 1122 4994 versu
1149 4941 1470 5010 cotis-criptis
1498 4941 1596 4994 soli
1627 4940 1827 4994 Psalmi
1866 4945 2028 4994 trium

449 5011 811 5079 posteriorum
853 5011 1360 5078 iuterpretationum
1411 5011 1664 5080 reliquias
1711 5011 2025 5079 praeferunt.

450 5081 506 5134 ln
538 5080 638 5135 Job
665 5095 847 5137 autem
884 5092 937 5134 et
965 5081 1294 5143 Proverbiis,
1321 5083 1422 5134 etsi
1455 5081 1630 5149 ampla
1659 5085 1886 5134 aliarum
1915 5081 2029 5135 edi-

450 5153 655 5223 tionum
688 5167 842 5223 seges
867 5151 1145 5217 oll'eratur,
1167 5151 1298 5204 nihil
1330 5151 1488 5223 hodie
1518 5153 1582 5204 de
1603 5149 1773 5223 tribus
1790 5151 1895 5205 illis
1928 5167 2029 5223 po-_

450 5221 668 5274 strenuis
693 5220 1080 5290 interpretibus
1111 5229 1378 5290 superest.
1407 5220 1462 5274 Si
1488 5231 1689 5274 stemus
1713 5220 2026 5292 Hieronymi

449 5292 630 5346 verbis
655 5293 705 5344 in
725 5293 792 5348 iis
815 5292 987 5354 libris,
1011 5294 1098 5345 ubi
1126 5294 1205 5345 ha:
1231 5302 1512 5360 postrema:
1529 5291 1796 5345 editiones
1813 5291 2031 5346 adlube-

446 5364 660 5424 bantitr,
683 5371 791 5416 tres
809 5379 1021 5431 semper
1037 5363 1280 5424 aderant,
1302 5379 1398 5415 nec
1414 5363 1598 5430 quinta
1617 5362 1732 5414 sine
1748 5370 2028 5427 sexta,nec

448 5441 676 5501 utraque
697 5435 815 5486 sine
848 5434 1071 5502 septima
1101 5438 1272 5486 locum
1307 5433 1512 5500 uspiam
1548 5432 1809 5496 habebat;
1840 5445 2023 5485 verum

451 5503 562 5574 haec
585 5503 944 5574 Hieronymus
961 5505 1248 5556 admodum
1267 5503 1626 5571 perl'unctorie
1645 5503 1904 5574 narravit,
1927 5515 2026 5555 nec

454 5573 661 5625 videtur
683 5571 802 5639 ejus
824 5574 1184 5628 testimonium
1209 5579 1273 5624 ad
1301 5590 1361 5625 ea
1387 5589 1506 5641 qua:
1527 5588 1687 5640 supra
1709 5571 1852 5624 dicta
1877 5580 2036 5636 sunt,

449 5643 661 5712 penitus
685 5645 952 5708 quadrare
981 5658 1156 5712 posse,
1177 5643 1220 5696 si
1240 5645 1479 5712 quidem,
1501 5643 1574 5695 ait
1592 5641 1699 5704 ille,
1726 5641 1778 5694 ιιι
1797 5642 2025 5694 nonnul-

450 5709 519 5763 lis
545 5713 697 5765 libris
717 5726 771 5766 et
793 5709 1024 5765 tiizixinie
1050 5716 1112 5765 iis
1128 5713 1217 5781 qui
1247 5709 1403 5766 versu
1428 5713 1709 5777 compositi
1733 5721 1882 5777 sunt,
1914 5722 2024 5764 tres

453 5781 588 5832 alias
619 5783 902 5844 editiones,
963 5799 1155 5850 netnpc
1186 5785 1464 5850 quintam,
1499 5794 1707 5835 sextam
1751 5791 1804 5835 et
1855 5783 2022 5850 septi-

453 5863 595 5900 mam
636 5853 842 5905 additas
895 5854 1092 5915 fuisse;
1146 5855 1216 5905 ita
1270 5864 1325 5904 ut
1368 5868 1432 5904 ex
1465 5851 1582 5919 ejus
1612 5851 1791 5904 verbis
1834 5851 2020 5904 inl'erti

454 5933 614 5987 posse
645 5922 911 5989 videatur,
961 5924 1250 5976 maximam
1291 5920 1645 5989 Hexaplorum
1688 5931 1894 5988 partem
1933 5922 2018 5976 ubi

2137 4732 2371 4804 videtur.
2400 4731 2458 4786 Si
2488 4732 2938 4804 respondeascur
2957 4747 3086 4804 ergo
3123 4731 3390 4801 Origenes
3417 4731 3716 4804 inquibus-

2134 4801 2258 4874 dam
2282 4801 2453 4865 libris,
2479 4817 2586 4856 non
2611 4803 2661 4855 in
2685 4802 2963 4874 oamilm_s,
2998 4802 3119 4874 illas
3147 4804 3422 4874 editiones
3452 4801 3710 4874 apposue-

2135 4871 2236 4937 rit;
2264 4887 2518 4940 reponam
2543 4887 2663 4940 ego,
2687 4887 2783 4925 cur
2816 4873 2866 4925 in
2890 4872 3121 4926 Tbrenis
3139 4872 3256 4926 sive
3279 4871 3706 4928 Lamentationio

2130 4941 2231 5013 bus
2258 4940 2530 5005 Jeremiae,
2570 4943 2743 4995 solum
2782 4941 3164 5013 Symmachum
3193 4959 3318 4996 cum
3343 4945 3581 4999 editione
3604 4942 3708 4996 τῶν

2133 5009 2191 5082 O'
2213 5013 2430 5076 locavit,
2455 5028 2577 5067 cum
2614 5020 2791 5064 tanien
2823 5009 3433 5081 'Aquilaet'l‘lteodutio
3469 5013 3622 5082 hujus
3643 5013 3712 5064 li-

2131 5081 2232 5148 bri,
2254 5083 2496 5149 perinde.
2515 5094 2676 5148 atque
2694 5081 2920 5136 aliorum
2945 5082 3452 5150 interpretationem
3486 5081 3710 5138 adorna-

2127 5155 2326 5211 verint,
2361 5164 2418 5206 ut
2439 5154 2632 5206 ibidem
2665 5151 2717 5205 in
2751 5152 2950 5206 lllonito
2980 5155 3292 5221 probamus.
3329 5153 3468 5208 Hine
3497 5170 3621 5208 sane
3642 5154 3713 5205 li-

2129 5235 2257 5290 quet
2280 5239 2341 5276 ex
2362 5223 2718 5292 bacUrigenis
2743 5223 3037 5277 omissione
3057 5223 3306 5277 concludi
3325 5241 3432 5279 non
3459 5222 3716 5291 posse,il-

2130 5293 2211 5346 las
2225 5294 2488 5347 editiones
2514 5309 2617 5346 non
2640 5293 2895 5362 integras,
2916 5294 3009 5347 sed
3033 5293 3240 5362 aliquos
3257 5303 3468 5348 tantum
3486 5292 3712 5348 Hebrai-

2128 5378 2204 5416 ca:
2234 5364 2525 5431 Scriptura:
2557 5362 2720 5417 libros
2744 5354 3055 5432 complexus
3082 5354 3268 5419 fuisse.
3302 5364 3566 5418 Caeterum
3599 5377 3714 5416 retis

2131 5446 2464 5502 nonpemtus
2484 5431 2812 5502 exploratam
2829 5431 3260 5503 lectorisjudicio
3283 5436 3657 5503 permittimus.
3682 5449 3720 5483 s-

2201 5503 2312 5574 (96)
2345 5504 2451 5558 Sed
2475 5503 2704 5572 septima:
2730 5503 2999 5566 editionis,
3034 5521 3152 5573 quia
3179 5507 3247 5556 ad
3292 5521 3460 5558 unum
3504 5503 3710 5574 Psalle:

2128 5579 2266 5625 rium
2293 5573 2607 5640 pertinebat.
2639 5574 2880 5641 Septima
2909 5577 3076 5628 editio
3103 5575 3414 5642 pertinebat
3453 5575 3609 5627 etiam
3635 5573 3709 5625 ad

2128 5645 2409 5698 duodecim
2443 5644 2734 5712 prophetas
2762 5645 3024 5711 minores,
3078 5658 3135 5698 ut
3179 5661 3307 5698 mox
3372 5644 3712 5700 ostendimus

2128 5727 2191 5765 ex
2230 5715 2288 5766 D.
2327 5713 2382 5764 ll.
2417 5711 2484 5768 de
2522 5711 2891 5767 Muniiaucun.

2199 5781 2310 5853 (97)
2351 5781 2593 5848 Tetrapla
2625 5791 2799 5836 autem
2828 5784 3084 5851 privatum
3124 5783 3250 5851 fuit,
3281 5795 3390 5841 etc.
3425 5783 3551 5840 Vide
3578 5795 3718 5853 pati—

2129 5851 2353 5978 loriqllfra
2403 5871 2525 5925 cap.
2558 5853 2612 5924 4,
2657 5870 2808 5909 num.
2841 5855 2896 5922 Ξ,
2933 5858 3018 5911 ub:
3059 5859 3174 5914 iure
3213 5854 3395 5913 Huetii
3443 5851 3738 5912 sententi-1.

2130 5939 2186 5978 re
2211 5942 2239 5978 e
2285 5937 2410 5978 lllll‘.

2130 5937 2410 5980 l'ClCl-llllll‘.
