3926 6528
203 431 316 486 l2“

997 434 1577 497 ORIGENIANORUM
1616 440 1748 496 LIB.
1789 440 1880 502 111,
1919 441 2074 497 CAP.
2114 442 2184 509 H,
2228 443 2423 501 SECT.
2466 446 2551 502 IV.

3317 449 3453 509 124%

201 552 509 611 accuratum,
549 546 602 600 in
627 548 992 623 studiosorum
1021 554 1273 620 gratiam,
1297 556 1494 622 quibus
1535 567 1748 614 tantmn
1781 565 1826 621 Α
1858 573 1978 615 xter
2004 564 2241 627 erat,vel
2264 566 2486 622 sinister
2499 566 2797 636 legentium
2814 577 3061 638 respectu
3076 569 3450 641 sinistererat,

200 640 282 693 abs
303 653 473 693 re-sua
496 642 583 694 vel
609 642 706 697 otii
740 645 823 698 vel
852 644 1124 703 facultatis
1151 664 1257 702 non
1281 661 1418 718 erat,
1449 655 1757 723 ntHezapla

201 745 491 798 comparare
532 746 777 800 possent.
833 736 941 793 Nec
989 756 1312 811 quemquam
1363 758 1577 801 moveat
1613 749 1758 819 quod

200 823 366 875 scribit
398 821 766 895 Hieronymus
794 828 871 883 De
898 833 1077 900 script.
1097 835 1382 891 ecclesiast.
1416 839 1468 892 in
1497 838 1718 910 Origen.
1741 858 1755 896 :

206 929 221 961 ‹
259 911 491 980 Exceptis
522 912 874 988 Septuaginta
919 919 1332 991 InterpretibuS,
1379 929 1515 984 alias
1544 947 1759 1001 quoque

201 1000 437 1056 editiones
469 1002 525 1056 in
568 1021 733 1059 unum
765 1023 1121 1080 congregasse
1161 1016 1441 1083 volumen;
1484 1038 1504 1073 ι
1540 1022 1679 1090 quod
1704 1033 1761 1078 et

200 1116 255 1152 ex
300 1100 631 1173 Hieronymo
669 1109 1063 1165 transtulerunt
1100 1112 1434 1184 Freculphns
1467 1116 1762 1175 Lexovien-

198 1192 264 1245 sis
288 1191 475 1247 Chron.
523 1203 659 1249 tom.
692 1194 756 1261 ll,
790 1198 883 1253 lib.
910 1216 993 1266 ιιι,
1021 1216 1141 1271 cap.
1173 1204 1231 1269 ἓ,
1261 1216 1317 1259 et
1351 1206 1621 1265 Honorius
1652 1213 1762 1267 Au-

201 1282 598 1349 gustodunensis
628 1285 703 1340 De
735 1289 915 1356 script.
941 1291 1229 1349 ecclesiast.
1272 1292 1327 1351 Id
1360 1300 1502 1353 enim
1529 1303 1630 1357 sibi
1667 1319 1761 1358 vo-

202 1372 318 1436 lunt,
351 1384 547 1440 praeter
574 1375 927 1449 Septuaginta
954 1381 1305 1454 lnterpretes,
1334 1390 1572 1461 reliquos
1594 1397 1759 1449 etiam

199 1464 460 1533 Origenetn
491 1468 544 1521 in
588 1486 753 1524 nnmn
788 1473 1033 1530 volumen
1070 1492 1448 1551 congregasse.

261 1552 336 1609 Vl.
371 1554 444 1609 Ex
472 1556 561 1612 bis
592 1557 753 1615 facile
790 1563 1106 1635 intelligitur
1132 1582 1393 1637 quantum
1425 1574 1564 1630 ratio
1587 1576 1762 1634 Scali-

198 1663 362 1713 gerum
402 1649 625 1721 fugerit,
655 1651 748 1722 qui
792 1655 843 1709 in
875 1657 1231 1717 delineatioue
1261 1662 1621 1731 Hexaplarum
1664 1688 1757 1727 seu

199 1737 540 1809 Octaplorum,
578 1760 743 1815 quam
786 1748 837 1803 in
860 1766 1040 1804 sacras
1079 1768 1205 1808 suas
1235 1753 1657 1817 Exercitationes
1686 1780 1762 1820 re-

199 1832 303 1886 tulit
322 1833 599 1901 Heinsius,
621 1848 914 1909 utrumque
938 1842 1266 1901 Hebraicum
1293 1861 1608 1907 contextum
1640 1866 1761 1926 post

198 1924 665 1993 interpretationes
713 1931 934 1988 Graecas
968 1948 1062 1989 sex
1099 1935 1151 1991 in
1192 1938 1370 1993 linem
1402 1914 1656 2013 conjecit:
1701 1947 1758 2002 Si
1791 1914 1835 1969 Β

196 2017 334 2072 modo
367 2033 561 2073 revera
598 2019 860 2093 Scaligeri
886 2026 987 2082 fuit
1011 2028 1127 2082 haec
1150 2030 1460 2100 delineatio,
1489 2038 1631 2104 quod
1662 2040 1760 2092 du-

197 2108 321 2161 bium
356 2110 486 2164 mihi
521 2109 736 2169 faciunt
765 2114 1137 2188 Scaligeriana
1174 2138 1345 2192 nuper
1369 2126 1535 2192 edita,
1561 2129 1612 2181 in
1641 2130 1761 2198 qui-

196 2198 280 2252 bus
332 2198 685 2270 Octaplorum
737 2206 1022 2263 columnas
1074 2227 1426 2282 enumerans,
1491 2218 1759 2286 prioribus

195 2291 309 2349 locis
335 2295 646 2353 Hehraicas
669 2300 805 2355 duas
833 2313 1099 2358 recenset.
1127 2305 1233 2359 Nec
1254 2306 1463 2362 felicior
1484 2309 1757 2380 Heinsius,

198 2400 303 2439 cum
336 2386 623 2444 columnas
663 2390 860 2446 ibidem
898 2392 1255 2464 Hexaplorum
1282 2400 1619 2467 describens,
1653 2413 1760 2459 ter-

196 2475 304 2529 tiam
329 2478 583 2533 attribuit
625 2479 981 2551 Septuaginta
1033 2484 1446 2555 lnterpretibus,
1502 2501 1754 2559 quartam

192 2566 398 2635 Aquilze,
428 2572 686 2639 quintam
724 2569 1109 2643 TheodotiOni,
1145 2588 1198 2632 et
1246 2589 1455 2635 sextam
1504 2583 1759 2655 Symma-

196 2659 300 2714 cho.
330 2660 517 2731 Neque
547 2663 617 2717 iis
650 2669 978 2723 excusandis
1001 2670 1201 2725 sullicit
1225 2671 1428 2731 Niceta:
1456 2678 1759 2734 Acominati

194 2754 470 2810 auctoritas
508 2757 583 2818 δ’,
629 2758 721 2825 qui
752 2758 803 2812 in
833 2760 995 2816 simili
1034 2775 1281 2821 versatus
1308 2778 1391 2823 est
1426 2785 1633 2835 errore,
1665 2789 1760 2828 co-

193 2840 367 2897 lumnis
388 2843 678 2900 Hebraicis
707 2846 977 2914 subjectos
1033 2849 1199 2907 fuisse
1228 2855 1358 2918 τοὺς
1382 2858 1437 2909 0'
1468 2858 1555 2911 his
1586 2857 1759 2927 Aqui-

193 2931 302 2998 lam,
328 2943 436 2989 tum
456 2935 877 3007 Symmachum,
903 2941 1029 2997 inde
1052 2942 1505 3013 Theodotionem,
1532 2958 1585 3002 et
1603 2951 1762 3019 quin-

196 3031 287 3076 tam
326 3026 545 3079 demum
605 3028 1117 3099 interpretationem
1177 3050 1517 3093 asseverans.
1570 3038 1763 3096 Peccat

194 3127 387 3184 quoque
401 3116 680 3173 Baronius
707 3120 753 3150 °°
774 3122 936 3175 aliter
956 3122 1007 3176 in
1041 3122 1300 3192 Telraplis
1327 3127 1617 3198 dispositas
1647 3132 1761 3185 edi-

1860 653 2055 709 dexter
2075 654 2198 710 libri
2235 656 2428 726 ipsius.
2459 658 2646 727 Itaque
2674 658 2763 712 alii
2785 660 2976 716 dextro
2994 662 3110 718 loco
3124 664 3284 719 situm
3303 680 3445 731 esse,

1862 743 1954 799 alii
1988 745 2213 800 sinistro
2246 749 2602 818 scripserant.
2632 748 2685 804 Id
2708 767 2830 805 eum
2859 751 3077 821 legisset
3119 752 3446 814 Pbilastrius

1861 834 2197 890 existimavit
2223 836 2475 906 Aquilam
2505 839 2560 895 in
2588 840 2860 910 aliquibus
2880 842 3242 911 Tetraplorum
3265 862 3450 901 exem-

1863 925 2110 995 plaribus
2138 926 2392 983 dextrum
2417 931 2655 986 tenuisse
2677 932 2877 997 locum,
2906 935 2958 987 in
2985 935 3107 989 aliis
3138 937 3447 1005 sinistrum;

1862 1018 1958 1072 sed
2000 1018 2377 1075 hallucinatus
2432 1032 2539 1086 est,
2578 1038 2701 1077 nam
2754 1038 2970 1094 semper
2999 1026 3267 1082 columnae
3323 1029 3451 1086 huic

1862 1112 2153 1181 deputatus
2198 1122 2317 1176 est,
2356 1128 2477 1181 qua.-
2521 1114 2589 1167 ad
2630 1114 2890 1169 lectorum
2951 1116 3136 1171 laevam
3185 1120 3449 1177 collocata

1863 1213 2002 1259 erat.
2042 1203 2177 1259 Utut
2212 1214 2318 1269 est,
2354 1216 2504 1259 certe
2531 1207 2584 1260 in
2614 1208 2794 1261 medio
2825 1224 3103 1278 nunquam
3135 1212 3302 1269 luisse
3324 1230 3454 1270 con-

1862 1304 2011 1350 stat:
2050 1294 2244 1351 fuisset
2300 1307 2500 1359 autem,
2555 1301 2600 1354 si
2637 1302 2873 1371 priorem
2934 1305 3250 1361 columnam
3284 1322 3451 1361 occu-

1861 1397 2090 1454 passent
2127 1387 2483 1460 Septuaginta
2510 1390 2867 1463 lnterpretes,
2899 1398 3095 1466 Aquila
3128 1400 3448 1455 secundam.

1864 1476 2147 1533 Refellitur
2180 1481 2345 1534 etiam
2375 1498 2440 1536 ex
2476 1486 2804 1549 supradictis
2827 1488 3130 1545 Salmasius
3151 1531 3166 1554 ,
3197 1494 3290 1560 qui
3335 1493 3449 1548 brec

1862 1570 2051 1625 scribit
2091 1572 2144 1625 in
2178 1571 2585 1630 Commentario
2605 1578 2669 1631 de
2700 1577 3046 1635 llellenistt'ca
3073 1597 3092 1634 :
3123 1601 3141 1634 ι
3182 1582 3287 1638 Sed
3322 1600 3451 1639 nus-

1862 1677 2025 1731 quam
2070 1662 2430 1736 Hieronymus
2458 1670 2662 1739 quinta:
2684 1683 2737 1726 et
2775 1683 2940 1727 sextae
2970 1674 3442 1730 editionismemi—

1864 1755 1974 1820 nit;
1997 1766 2051 1810 et
2074 1771 2198 1811 cum
2231 1757 2471 1826 Hexapla
2498 1764 2719 1827 vocitat,
2748 1763 2997 1834 intelligit
3017 1764 3260 1835 Tetrapla
3291 1769 3447 1824 Grat-

1866 1849 2079 1913 canica,
2114 1865 2237 1904 cum
2284 1851 2454 1922 Diplt's
2482 1853 2759 1910 Hebraicis
2806 1872 2927 1927 qua).
2990 1857 3231 1927 Hexapla
3280 1859 3449 1917 facie-

1866 1941 2019 1997 bant.
2060 1962 2079 1995 t
2116 1942 2181 1997 Et
2212 1961 2335 2000 mox
2372 1945 2549 2001 allatis
2578 1948 2905 2017 quibusdam
2940 1949 3257 2021 Hieronymi
3291 1952 3447 2019 locis,

1863 2033 1917 2086 in
1960 2035 2160 2103 quibus
2208 2035 2413 2092 Grzccte
2460 2038 2633 2093 solum
2671 2051 2905 2110 quatuor
2944 2042 3215 2097 editiones
3245 2058 3451 2099 memo-

1864 2137 2075 2189 rantur,
2122 2128 2345 2196 subjicit
2382 2148 2395 2184 :
2442 2149 2460 2182 ι
2505 2132 2737 2205 Apparet
2774 2150 2838 2188 ex
2869 2134 2955 2189 his
2996 2134 3286 2204 Origenem
3311 2153 3446 2205 qua-

1867 2226 1989 2271 tuor
2016 2228 2224 2273 tantum
2256 2221 2523 2277 editiones
2556 2223 2700 2277 inter
2729 2240 2790 2279 se
2818 2240 3189 2295 comparasse,
3226 2236 3450 2283 etcom-

1867 2309 2110 2377 posuisse
2149 2311 2202 2369 in
2269 2310 2568 2381 Tetraplis,
2610 2328 2730 2383 qua:
2754 2331 2876 2370 eum
2930 2317 3139 2371 duobus
3172 2316 3449 2373 Hebraicis

1868 2400 2108 2455 textibus
2170 2400 2417 2471 Hexapla
2458 2403 2545 2458 illa
2607 2404 2871 2460 Eeclesiis
2907 2406 3153 2461 dedicata
3190 2419 3448 2464 contexe-

1863 2492 2010 2547 bant.
2052 2513 2073 2549 ι
2103 2492 2264 2549 Certe
2293 2497 2344 2548 in
2377 2494 2691 2566 Hieronymi
2727 2498 2905 2552 verbis
2936 2513 2964 2552 a
2999 2513 3085 2553 me
3104 2514 3266 2569 supra
3303 2499 3441 2553 alla-

1865 2584 1933 2638 tis
1960 2599 1991 2638 e
2016 2583 2434 2639 Commentariis
2464 2588 2517 2639 in
2558 2585 2854 2654 Epistolam
2903 2588 2972 2640 ad
3003 2587 3207 2654 Titum,
3234 2590 3441 2644 mentio

1864 2670 1923 2724 lit
1954 2672 2157 2739 quinta:
2185 2682 2236 2725 et
2270 2682 2438 2727 sexta:
2465 2673 2724 2729 editionis
2749 2716 2764 2738 ,
2807 2685 2864 2729 et
2902 2677 3205 2745 saepissime
3234 2677 3286 2731 in
3316 2679 3449 2749 Epi-

1864 2763 1999 2818 stola
2029 2765 2096 2817 ad
2124 2764 2351 2818 Suniam
2380 2774 2434 2820 et
2467 2764 2783 2833 Fretellam,
2817 2768 3045 2839 aliisque
3077 2768 3231 2825 locis.
3276 2769 3451 2824 ﬂexas

1863 2854 1951 2923 pia
1982 2865 2160 2908 autem
2219 2855 2363 2910 dicta
2414 2866 2542 2911 sunt
2570 2873 2657 2921 ea,
2688 2874 2794 2912 non
2824 2875 2943 2928 qua:
2974 2859 3221 2928 Tetrapla
3272 2861 3448 2917 solum

1863 2944 2195 3008 Grzecanica,
2244 2961 2366 3000 cum
2396 2946 2566 3017 Diplis
2593 2941 2892 3014 Hebraicis,
2922 2952 3016 3005 sed
3045 2967 3164 3019 qua:
3202 2952 3447 3021 quintam

1865 3045 2150 3104 praeterea,
2186 3046 2242 3090 et
2269 3047 2507 3103 sextam,
2547 3055 2611 3095 ac
2661 3042 2950 3109 septimam
2983 3042 3301 3109 editionem,
3339 3058 3448 3099 non

1865 3129 2083 3197 ubique,
2110 3130 2202 3184 sed
2232 3131 2285 3183 in
2309 3130 2587 3199 aliquibus
2618 3132 2792 3186 solmn
2821 3131 2977 3186 libris
3008 3133 3317 3200 adjunctam
3344 3135 3448 3190 ha-

193 3210 345 3261 tiones
374 3208 602 3265 Graecas
630 3225 863 3267 censeas
894 3228 957 3269 ac
993 3215 1043 3268 in
1080 3214 1358 3285 Hexaplis,
1406 3230 1459 3273 et
1519 3223 1753 3289 priorem
1788 3256 1830 3312 c
1867 3219 2078 3276 herent.
2110 3220 2199 3273 Ait
2224 3221 2382 3287 paulo
2409 3234 2531 3291 post
2556 3221 2861 3278 Salmasius
2902 3241 2917 3277 :
2957 3241 2976 3276 ι
3009 3222 3116 3279 Sed
3142 3235 3197 3279 et
3231 3236 3451 3283 veteres
3506 3254 3511 3257 -

191 3296 237 3351 iu
269 3298 367 3353 illis
392 3300 575 3354 locum
602 3304 720 3365 τοῖς
752 3299 808 3356 0’
838 3304 1147 3374 assignans,
1184 3307 1237 3361 in
1275 3308 1631 3366 hister-tium.
1654 3310 1762 3367 Hos

190 3389 236 3443 in
258 3391 497 3447 fraudem
534 3393 757 3448 videtur
785 3394 1021 3451 illexisse
1038 3396 1386 3469 Philoponus,
1412 3403 1502 3470 qui
1539 3404 1592 3456 in
1624 3403 1762 3460 libro

188 3483 311 3552 Περὶ
328 3486 741 3555 κοσμοποιίας
769 3486 883 3541 loca
912 3490 1053 3543 sacri
1087 3502 1375 3548 contextus
1407 3509 1471 3548 ex
1507 3495 1590 3549 his
1627 3510 1762 3564 qua-

190 3583 294 3629 tuor
316 3578 861 3648 interpretationibus
888 3580 1142 3646 aﬂerens,
1180 3586 1359 3653 priore
1394 3585 1511 3640 loco
1541 3588 1672 3651 τοὺς
1700 3588 1756 3642 0'

190 3669 445 3738 collocat;
473 3673 565 3727 his
594 3674 818 3742 subjicit
847 3674 1121 3743 Aquilam,
1148 3678 1275 3732 huic
1308 3677 1759 3748 Theodotionem,

187 3760 253 3815 illi
278 3764 701 3833 Symmachum.
760 3763 871 3819 Nec
906 3766 1051 3821 enim
1083 3767 1326 3838 Tetrapla
1361 3780 1754 3837 repraesentare

185 3854 503 3927 Philoponus
535 3858 809 3922 instituit;
841 3861 935 3914 sed
974 3861 1025 3915 in
1073 3861 1608 3929 interpretationibus
1648 3863 1764 3919 dis-

192 3952 439 4016 ponendis
496 3952 872 4021 interpretum
924 3963 1140 4007 :etatem
1174 3955 1455 4023 respexit:
1499 3970 1621 4009 cum
1649 3955 1761 4009 cla-

184 4055 288 4093 rum
322 4043 395 4097 sit
453 4036 800 4111 cteteroquin'
849 4059 916 4099 ex
982 4044 1278 4113 Epiphanio
1316 4045 1438 4098 libr.
1496 4045 1571 4098 De
1600 4048 1762 4115 pomi.

184 4148 289 4202 cap.
316 4136 403 4201 l9,
434 4147 781 4207 postremam
817 4136 1125 4190 columnam
1182 4140 1490 4193 obtinuisse
1516 4137 1766 4194 Theodo-

186 4223 367 4278 tionem
388 4237 497 4280 tam
528 4228 587 4281 ion
619 4225 877 4294 Tetraplis
898 4243 1059 4295 quam
1079 4228 1132 4281 in
1164 4226 1446 4297 Hexaplis,
1471 4233 1763 4284 secundam

184 4314 599 4387 Symmachum,
629 4326 796 4387 atque
829 4320 927 4373 bos
964 4322 1104 4373 inter
1142 4321 1351 4374 medios
1403 4321 1763 4390 Septuaginta

185 4407 482 4469 incessisse.
518 4409 831 4480 Τετραπλᾶ
854 4409 964 4481 γάρ
987 4411 1114 4476 εἰσι,
1141 4410 1425 4479 ἱηιιιιὶι,τὰ
1457 4410 1766 4491 Ἑλληνικὰ,

182 4499 298 4555 ὅταν
330 4504 386 4555 αἱ
419 4502 521 4557 τοῦ
573 4502 795 4567 Ἀκύλα,
832 4503 929 4555 καὶ
956 4503 1290 4575 Συμμάχου,
1319 4504 1425 4558 καὶ.
1445 4505 1552 4559 τῶν
1587 4506 1773 4560 Ἑϐδοο

1877 3312 2069 3367 Patres
2090 3329 2155 3367 ex
2183 3314 2382 3383 quibus
2411 3316 2726 3385 composita:
2759 3325 2965 3370 catena:
2986 3357 3000 3380 ,
3038 3327 3097 3370 ut
3136 3326 3355 3383 vocant,
3391 3318 3450 3374 in

1864 3407 2109 3460 diversos
2162 3407 2372 3461 Veteris
2399 3407 2735 3463 Testamenti
2772 3409 2939 3466 libros
2986 3410 3276 3480 leguntur,
3309 3425 3451 3465 nun-

1874 3514 2037 3568 quam
2078 3501 2249 3556 citant
2278 3502 2576 3557 varietates
2635 3502 3054 3557 translationum
3100 3516 3131 3556 e
3179 3503 3367 3571 quinta
3396 3513 3453 3559 et

1865 3602 2016 3646 sexta
2065 3594 2326 3671 editione,
2363 3594 2457 3649 sed
2491 3610 2557 3649 ex
2608 3605 2844 3664 quatuor
2900 3594 3010 3649 illis
3047 3604 3255 3648 tantum
3313 3610 3453 3664 quas

1810 3744 1814 3747 _
1865 3685 2092 3740 invicem
2129 3698 2509 3756 composuerat
2559 3688 2840 3758 Origenes,
2865 3703 2932 3743 ex
2968 3689 3165 3757 quibus
3204 3687 3451 3757 Tetrapla

1863 3778 2091 3842 feCerat,
2124 3790 2175 3834 et
2200 3795 2320 3834 cum
2363 3781 2579 3850 gemino
2617 3780 2883 3836 Hebraieo
2927 3779 3217 3846 Ἐξαπλᾶ.
3255 3800 3274 3834 ι
3309 3783 3454 3836 Con-

1864 3872 1982 3925 sule
2011 3872 2177 3928 Notas
2206 3873 2458 3927 Flaminii
2514 3872 2736 3939 Nobilii,
2765 3889 2927 3943 quam
2964 3889 3107 3944 saepe
3140 3874 3343 3942 quintae
3398 3881 3453 3927 et

1864 3974 2029 4017 sextae
2063 3965 2315 4019 editionis
2352 3966 2627 4020 variantes
2655 3964 2914 4019 lecti0nes
2934 3966 3103 4019 citent
3129 3964 3320 4018 Patres
3347 3978 3455 4017 au-

1869 4055 2028 4124 tiqni,
2062 4056 2459 4125 deprehendes.
2515 4056 2733 4111 Falsum
2764 4070 2977 4126 quoque
3009 4070 3129 4109 esse
3182 4064 3457 4125 apparet,

1868 4149 2009 4215 quod
2039 4145 2255 4214 jactant
2303 4151 2633 4202 recentiores
2680 4150 2935 4218 quidam,
2969 4150 3259 4216 Origenem
3306 4147 3455 4202 nulla

1866 4254 2100 4307 unquam
2133 4238 2356 4307 Octapla
2386 4241 2780 4308 composuisse,
2827 4244 2919 4293 sed
2967 4240 3210 4307 Μακαρία
3262 4241 3454 4295 (lauta-

1866 4340 1960 4382 xat
1988 4339 2041 4384 et
2068 4329 2342 4398 Tetrapla.
2380 4332 2604 4401 Octapla
2649 4343 2797 4386 certe
2854 4332 3039 4386 itidem
3092 4343 3149 4385 ut
3202 4331 3447 4400 Hexupla

1868 4423 2174 4490 composuit
2206 4422 2493 4492 Origenes,
2531 4424 2789 4497 quoniam
2818 4423 2960 4477 idem
2989 4439 3124 4494 opus
3151 4423 3464 4491 "emplum,

1869 4520 1927 4566 et
1990 4511 2268 4580 Oetaplum
2319 4514 2490 4570 fuisse
2541 4516 3058 4572 demonstravimus.
3129 4516 3457 4571 Confutatur

185 4594 417 4662 μήκοντα.
442 4595 569 4658 δύο,
591 4594 685 4647 καὶ
706 4594 1060 4658 Θεοδοτίωνος
1083 4597 1370 4668 ἑρμηνεῖαι
1404 4598 1770 4671 συντεταγμὲ-

1872 4602 2039 4657 etiam
2067 4619 2132 4658 ex
2185 4607 2623 4672 praecedentibus
2686 4607 2890 4663 Usserii
2948 4609 3281 4663 Armachani
3313 4622 3465 4673 nova.

181 4687 258 4738 ναι
283 4679 405 4741 ὦσι.
440 4707 471 4739 «ν
501 4688 646 4743 Tum
679 4689 823 4742 enim
846 4690 1118 4743 exsistunt
1150 4687 1464 4745 Graecanica
1490 4690 1766 4760 Tetrapla,

183 4784 389 4848 quando
440 4780 944 4849 interpretationes
980 4782 1192 4850 Aquila:
1221 4823 1236 4847 ,
1282 4783 1619 4853 Symmachi,
1665 4782 1767 4838 Se-

183 4875 456 4943 ptuaginta
492 4873 703 4928 Senum
735 4881 790 4926 et
842 4873 1234 4929 'l‘heodotionis
1269 4875 1320 4928 in
1354 4890 1517 4928 unum
1566 4875 1767 4931 fuerint

183 4971 514 5038 compositae.
565 4988 585 5021 ι
624 4964 760 5018 Tum
799 4966 982 5031 addit,
1017 4971 1064 5025 si
1094 4970 1255 5040 Πενία
1290 4968 1553 5023 Hebraica
1598 4968 1771 5037 praeti-

184 5075 395 5131 gantur,
426 5064 665 5121 conflari
692 5062 957 5134 Hexapla.
985 5065 1089 5119 Pro
1108 5063 1560 5133 Origenianorum
1584 5060 1769 5116 Tetra-

182 5154 378 5221 plorum
418 5156 733 5227 specimine
786 5156 974 5225 haberi
1004 5171 1108 5211 non
1143 5170 1301 5224 posse
1331 5154 1447 5209 loca
1475 5154 1563 5207 illa
1592 5170 1621 5207 a
1650 5154 1781 5209 Phi-

184 5245 371 5317 lopono
406 5265 438 5305 e
469 5261 712 5320 quatuor
732 5250 941 5308 Gratcis
973 5251 1509 5323 interpretationibus
1524 5252 1769 5305 detracta

186 5340 395 5406 probari
437 5357 669 5411 quoque
693 5352 871 5411 potest
902 5358 967 5398 ex
1011 5343 1326 5411 Philastrio,
1359 5345 1451 5412 qui
1483 5343 1612 5396 hzer.
1645 5343 1769 5409 1'57,

180 5436 371 5489 asserit
408 5436 630 5505 Aquilze
655 5437 1043 5493 conversiones
1068 5439 1121 5492 in
1157 5436 1335 5491 medio
1360 5438 1620 5491 librorum
1645 5451 1774 5489 nun-

184 5539 338 5594 quam
375 5528 560 5583 fuisse
587 5529 819 5598 positas,
854 5531 945 5583 sed
970 5529 1177 5586 dextrae
1207 5530 1460 5599 laevzeque
1506 5529 1772 5597 assignari

182 5619 366 5675 solitas
385 5619 799 5688 fuisse.Aquilze
820 5621 1197 5691 interpretatio
1220 5621 1274 5676 in
1300 5620 1559 5689 Tetraplt‘s
1583 5621 1766 5689 priore

184 5709 299 5766 loco
361 5714 712 5783 ponebatur;
746 5716 849 5783 qui-
869 5715 1017 5769 locus
1046 5718 1260 5773 diverso
1296 5724 1541 5784 respectu
1568 5712 1649 5768 vel
1678 5716 1772 5769 de-

250 5832 294 5953 εἶ
352 5830 539 5888 Nicet.
602 5830 756 5885 Thes.
789 5831 928 5889 orth.
963 5832 1092 5902 ﬁdei
1136 5832 1228 5888 lib.
1274 5848 1345 5901 tv,
1405 5830 1597 5887 haeres.
1638 5830 1729 5888 51.

250 5919 263 5953 ε
288 5919 363 5953 ea.

184 5917 363 5958 (cates.

1808 5835 1853 5867 "°
1880 5831 2079 5890 Barea.
2133 5850 2221 5890 an.
2274 5834 2372 5889 25!
2406 5875 2421 5899 ,
2461 5850 2579 5905 cap.
2617 5834 2671 5889 9.

1871 4696 2079 4765 opinio,
2120 4712 2227 4750 non
2256 4714 2446 4767 puram
2481 4700 2658 4756 solum
2697 4713 2752 4775 et
2794 4703 3138 4758 emendatam
3182 4702 3454 4768 interpre-

1874 4788 2137 4843 tationem
2197 4789 2312 4842 τῶν
2341 4795 2420 4857 U',
2478 4795 2573 4848 sed
2607 4794 2794 4864 κοινὴν
2826 4810 3041 4863 quoque
3092 4793 3143 4846 in
3198 4790 3454 4859 Hexaplt's

1873 4882 2113 4937 habitam
2179 4882 2350 4939 fuisse
2401 4890 2699 4942 asserentis
2737 4927 2753 4951 ,
2815 4888 2958 4956 quod
3015 4885 3343 4939 Bellarmino
3369 4882 3463 4947 is“

1872 4989 2088 5046 quoque
2150 4978 2360 5032 videtur
2432 4979 2599 5035 fuisse
2670 4994 3009 5048 persuasum.
3083 4973 3455 5044 Depteltendi-

1880 5076 1967 5122 tur
2019 5083 2236 5138 quoque
2282 5070 2562 5139 multiplex
2616 5067 3153 5139 Magdebnrgensium
3221 5065 3453 5121 halluci-

1877 5159 2022 5213 natio
2059 5160 2111 5212 in
2149 5160 2505 5230 hisvipsorum
2569 5164 2745 5216 verbis
2794 5180 2810 5216 :
2854 5180 2872 5212 ι
2915 5159 3155 5214 Primum
3216 5157 3458 5212 versioni

1882 5252 2264 5324 Septuaginta,
2295 5271 2413 5323 qua:
2448 5266 2559 5309 tum
2600 5255 2765 5308 fuisse
2791 5253 3003 5306 videtur
3033 5250 3402 5319 vulgatissima
3435 5288 3462 5315 ,

1877 5343 2130 5413 adiunxit
2161 5345 2368 5414 Aquila:
2393 5345 2625 5411 Pontici,
2675 5346 3062 5403 Theodotionis
3091 5352 3148 5398 et
3200 5344 3456 5413 Symma-

1881 5438 1969 5492 chi
2005 5437 2272 5492 editiones
2304 5449 2549 5505 repertas
2573 5454 2602 5493 a
2627 5453 2706 5504 se,
2751 5439 2921 5493 multo
2949 5448 3196 5505 tempore
3223 5436 3465 5505 abscon—

1889 5530 2077 5591 ditas;
2115 5529 2274 5585 aliam
2309 5531 2526 5602 quidem
2571 5531 2813 5601 Nicopoli
2864 5530 2915 5584 in
2959 5528 3180 5582 Actiaco
3222 5528 3455 5593 littore;

1887 5620 2049 5675 aliam
2099 5621 2222 5677 aliis
2255 5624 2308 5677 in
2351 5623 2505 5690 locis,
2562 5623 2703 5677 sicut
2754 5623 2869 5691 ipse
2907 5620 3140 5677 scribit:
3198 5618 3465 5675 indicavit

1879 5712 2152 5769 Eusebius
2184 5714 2326 5770 libro
2354 5730 2428 5779 γι,
2460 5731 2580 5785 cap.
2607 5716 2693 5770 l7.
2734 5714 2828 5771 His
2872 5722 3055 5784 postea
3086 5709 3467 5782 superaddidiz

2774 5834 2813 5865 °‘
2844 5831 3096 5887 Bellarm.
3161 5829 3235 5885 De
3274 5827 3474 5897 script...
