3952 6538
500 427 641 482 1285

1771 427 1833 483 P.
1871 426 2190 483 DANIELIS
2229 425 2461 482 llUETll

3660 428 3760 481 9.ἰὶ

496 544 769 615 quintam,
822 553 1030 597 sextam
1060 550 1112 597 et
1144 542 1456 611 septimam,
1489 557 1627 613 quas
1670 543 1925 599 dixerunt
1955 545 2072 601 edi-
2103 549 2149 604 A
2178 543 2353 613 Epist.
2385 544 2454 597 ad
2497 543 2632 599 Sun.
2669 554 2724 599 et
2749 544 3001 609 Fretcll.,
3030 562 3050 596 ι
3083 554 3136 599 et
3180 546 3233 598 in
3263 544 3587 599 Graecorum
3617 542 3763 596 Lati-

499 637 674 690 tioues
706 653 719 689 :
753 651 983 704 quarum
1012 650 1175 688 uuam
1220 636 1496 689 inventam
1545 651 1666 690 esse
1705 637 1965 692 indicavit
2018 639 2070 692 in

494 724 736 789 Jericho.
769 729 820 781 in
874 727 1040 792 dolio,
1081 736 1324 795 tempore
1384 728 1642 785 Antonini
1690 730 2004 784 Caracallae.
2047 749 2065 782 ι

495 818 627 873 Nam
668 828 731 872 ut-
754 819 819 873 de
848 817 1160 888 Symmachi
1187 818 1642 886 interpretatione
1671 820 1884 884 sileam,
1910 822 2074 889 Αριιί-

494 910 556 962 he
582 918 635 963 et
657 909 1043 975 Tlreodotionis
1076 910 1343 963 editiones
1388 910 1455 963 ab
1498 910 1732 981 Origene
1786 912 1954 967 fuisse
1988 929 2073 967 re-

483 1006 673 1065 pertas
701 998 919 1066 probari
947 997 1169 1052 minime
1194 1007 1375 1066 potest
1403 1012 1419 1062 ;
1451 1014 1549 1052 nec
1575 999 1741 1053 ullam
1774 1014 1839 1054 ex
1879 999 1944 1053 iis
1974 999 2073 1053 tri-

493 1091 592 1144 lms
614 1089 858 1158 Nicopoli
915 1092 1191 1146 inventam
1225 1091 1393 1146 fuisse
1433 1107 1619 1146 verum
1651 1103 1756 1158 est,
1796 1094 1889 1147 sed
1946 1109 2072 1148 sex-

497 1166 627 1235 tam.
655 1183 892 1238 Omnino
924 1199 1055 1238 vero
1081 1185 1392 1253 turpissime
1418 1186 1624 1238 erravit
1651 1185 1839 1240 Sixtus
1865 1186 2071 1240 Senen-

498 1273 683 1327 sislib.
713 1290 765 1328 iv
796 1286 847 1331 et
873 1291 964 1330 vui
984 1275 1258 1345 Bibliolli.,
1284 1277 1375 1345 qui
1399 1276 1643 1342 Tel-rapta
1662 1292 1783 1331 cum
1814 1275 2068 1345 Hexaplis

493 1364 774 1421 confundit
808 1377 863 1422 et
915 1368 1253 1437 permiscuit,
1286 1369 1528 1438 Hexapla
1561 1384 1692 1423 vero
1732 1368 1799 1422 ab
1828 1367 2068 1432 Octaplis

492 1458 772 1521 discrevit,
796 1460 1042 1529 idemque
1062 1470 1117 1514 ut
1136 1461 1340 1515 faceret
1369 1462 1483 1513 viro
1503 1460 1715 1515 cuidam
1733 1474 1927 1525 magno
1947 1475 2067 1527 pcr-

493 1551 710 1618 suasit;
745 1554 944 1621 quique
990 1554 1281 1622 septimam
1326 1554 1620 1607 editionem
1665 1566 1762 1605 nec
1797 1552 1847 1604 in
1884 1551 2065 1605 ﬂeam-

486 1643 613 1713 plis,
642 1659 741 1699 nec
777 1646 827 1699 in
885 1645 1124 1711 Demptis
1186 1661 1421 1715 unquam
1477 1643 1647 1699 fuisse
1686 1644 2016 1699 asseveravit
2049 1662 2063 1709 ;

490 1739 828 1790 contrarium
863 1739 1090 1793 disertis
1119 1739 1302 1793 verbis
1328 1737 1640 1792 afﬁrmante
1682 1737 1915 1791 Eusebio
1970 1736 2061 1791 lib.

486 1843 538 1882 VI
567 1828 733 1895 Hisl.,
769 1845 890 1898 cap.
923 1830 1009 1884 16.

559 1919 668 1975 Vll.
736 1921 897 1975 Aliud
948 1932 1219 1991 praeterea
1297 1922 1589 1991 diligentia}
1637 1920 1885 1991 Origenis
1948 1935 2064 1974 mo-

482 2025 803 2067 numentum
869 2012 1113 2081 Hexapla
1184 2012 1565 2081 prchcrebaut.
1617 2013 1913 2067 Notaverat
1974 2012 2063 2065 ille

483 2106 662 2160 Senes
696 2104 1050 2175 Septuaginta
1087 2121 1245 2162 voces
1293 2105 1541 2175 aliquas,
1570 2123 1689 2175 quas.
1720 2107 1772 2160 in
1834 2106 2063 2160 llebrazo

481 2196 840 2262 haberentur,
868 2198 1273 2268 interpretando
1303 2198 1629 2269 neglexisse,
1658 2198 1939 2253 nonnullas
1965 2213 2062 2251 au-

482 2300 590 2344 tem
629 2291 695 2346 de
728 2306 826 2345 suo
856 2292 1173 2356 inseruisse,
1228 2293 1488 2362 variaque
1533 2292 1773 2361 ipsorum
1820 2291 2060 2346 circnm-

477 2383 622 2438 ferri
660 2382 990 2453 exemplaria
1020 2383 1161 2438 inter
1190 2400 1250 2441 se
1271 2384 1514 2448 diversa,
1563 2392 1619 2437 et
1669 2382 1787 2437 sive
1807 2398 1873 2437 ex
1908 2381 2059 2450 supi-

478 2475 651 2530 nitate
708 2475 1091 2540 librariorum.
1151 2478 1266 2532 sive
1296 2492 1361 2531 ex
1399 2476 1713 2533 criticorum
1752 2476 2059 2530 temeritate

480 2568 718 2623 vitiata:
776 2568 903 2623 hinc
952 2570 1241 2624 calumnia:
1301 2585 1487 2624 ansam
1541 2571 1787 2637 arripere
1813 2568 2056 2632 Judams,

473 2655 742 2725 ejusmodi
769 2657 1271 2724 interpretationem
1302 2657 1352 2711 in
1389 2657 1827 2712 Christianorum
1876 2657 2055 2712 eccle-

474 2747 577 2802 siis
605 2746 820 2815 praclegi
853 2747 1029 2802 solere
1055 2758 1364 2812 causantes,
1390 2763 1512 2817 quae
1535 2747 1814 2803 Hebraicte
1843 2747 2055 2802 veritati

484 2842 538 2896 in
568 2841 821 2895 omnilms
844 2856 950 2894 non
980 2840 1338 2896 consentiret.
1364 2840 1737 2896 Consulantur
1768 2842 1939 2911 ipsius
1975 2851 2055 2898 to-

475 2948 596 2988 mus
618 2933 674 2987 in
709 2932 1021 2987 Matthwum
1052 2933 1299 2988 decimus
1332 2934 1577 3002 quintus,
1611 2942 1665 2987 et
1709 2933 1951 3002 Epistola
1985 2935 2055 2989 ad

475 3027 809 3094 Africanum,
843 3025 932 3078 nhi
962 3027 1027 3078 de
1048 3025 1437 3095 exemplarium
1451 3024 1562 3079 τῶν
1598 3023 1652 3078 θ’
1681 3026 2050 3095 corruptione,

472 3127 531 3171 et
558 3115 866 3171 Judazorum
905 3117 1193 3173 calumniis
1218 3119 1457 3173 disserit.
1486 3117 1581 3173 His
1612 3119 1971 3174 incommodis
1995 3128 2054 3174 ut

390 3236 399 3247 ο
472 3219 828 3275 occurreret,
887 3210 1396 3279 interpretationem
1444 3210 1797 3283 Septuaginta
1849 3211 2049 3267 Senum

2180 649 2485 703 norumque
2517 635 2860 702 poematibus
2906 633 3283 697 inveniuntur,
3324 652 3344 685 ι
3390 629 3545 685 unde
3592 639 3648 682 et
3702 632 3764 683 ab

2175 723 2408 793 Origene
2441 723 2705 777 translata
2740 734 2888 781 sunt.
2921 723 3053 789 Quae
3100 723 3170 777 de
3225 721 3501 777 lemnisco
3552 719 3769 787 subiicit

2174 815 2506 887 Epiphanius
2532 818 2624 871 lib.
2660 816 2735 870 De
2767 818 2988 884 ponder.
3014 829 3063 869 et
3093 832 3259 869 mem.
3282 856 3298 880 ,
3326 829 3454 881 cap.
3487 812 3586 875 ΓΙ,
3622 812 3769 863 valde

2179 922 2437 979 corrupta
2474 921 2528 965 et
2558 909 2779 964 confusa
2804 917 2932 962 sunt
2958 926 2972 973 ;
3001 908 3141 961 unde
3171 906 3260 960 vix
3285 906 3427 960 certi
3463 904 3770 972 quidquam

2172 1002 2349 1070 possis
2366 1001 2683 1056 extundere.
2706 999 2762 1054 ιιι
2797 999 2901 1052 sibi
2934 1008 3109 1052 tamen
3132 998 3349 1052 videtur
3371 996 3543 1059 velle,
3578 994 3769 1047 lemni-

2171 1107 2295 1147 scos
2334 1093 2653 1162 ascripsisse
2696 1090 3003 1159 Origeuem,
3030 1092 3463 1158 quotiescunque
3496 1087 3619 1138 duo
3660 1086 3766 1153 plo-

2173 1199 2300 1239 rave
2341 1184 2488 1249 paria
2534 1185 2884 1250 interpretum
2934 1182 3055 1251 (hos
3110 1182 3255 1236 enim
3310 1181 3364 1234 in
3401 1180 3644 1249 triginta
3674 1193 3759 1230 se:

2171 1276 2322 1343 paria
2354 1274 2520 1329 fuisse
2565 1274 2853 1335 disrretos,
2886 1282 2941 1326 et
2971 1273 3023 1327 in
3052 1272 3303 1325 oumibus
3352 1270 3469 1323 fere
3523 1284 3763 1322 consen-

2170 1364 2309 1418 sisse
2348 1372 2613 1423 autumat,
2644 1379 2767 1416 cum
2802 1362 3138 1431 Scriptorum
3169 1376 3381 1417 sacram
3434 1360 3491 1412 in
3526 1357 3766 1427 λείψω

2172 1455 2690 1525 interpretarentm)
2724 1470 2910 1510 vocem
2965 1454 3203 1523 aliquam
3258 1462 3660 1520 usurpassent,
3705 1450 3766 1501 ab

2173 1564 2235 1601 ea
2265 1548 2538 1601 diversam
2568 1547 2830 1614 (ejusdem
2859 1545 2981 1599 licet
3012 1542 3457 1614 significationis)
3522 1556 3639 1609 qua
3691 1542 3763 1593 usi

2175 1637 2408 1692 fuissent
2439 1637 2633 1706 reliqui
2704 1637 3032 1704 interpretes
3071 1634 3232 1706 (quod
3280 1634 3459 1702 ipsum
3517 1634 3643 1687 fere
3678 1634 3761 1685 ba-

2169 1730 2300 1787 beut
2324 1730 2623 1801 Hesychius
2647 1730 2697 1783 in
2722 1729 2984 1797 psalmum
3020 1744 3123 1791 an,
3153 1728 3210 1791 4,
3235 1738 3291 1780 et
3332 1726 3590 1781 Isidorus
3632 1724 3751 1779 Ori-

2167 1823 2276 1893 giu.
2312 1822 2405 1875 lib.
2436 1838 2473 1884 ι,
2505 1836 2623 1889 cap.
2653 1819 2780 1890 20);
2806 1819 3240 1890 hypolemniscos
3266 1833 3395 1873 vero
3421 1819 3753 1877 adnotasse,

2165 1916 2208 1968 si
2240 1913 2456 1983 quando
2486 1927 2672 1967 vocem
2703 1911 3008 1980 huiusmodi
3044 1926 3141 1979 par
3185 1914 3404 1964 unicum
3459 1911 3757 1965 adhibuis-

2166 2017 2268 2061 set.
2300 2007 2508 2072 Quibus
2560 2004 2909 2075 signiticatur
2957 2004 3245 2074 Origencm
3281 2004 3349 2057 56
3386 2003 3756 2071 interpretum

2164 2094 2503 2165 exemplaria
2543 2093 2701 2148 simul
2734 2094 3055 2148 contulisse.
3100 2092 3182 2147 Ab
3212 2091 3520 2162 Epiphanio
3552 2095 3759 2147 dissen-

2166 2188 2229 2242 tit
2255 2187 2498 2241 Andreas
2528 2185 2727 2240 Masius
2758 2185 2975 2240 Praefat.
3008 2185 3061 2239 in
3090 2185 3267 2241 Graec.
3300 2186 3429 2239 edit.
3456 2183 3666 2244 Josue.
3706 2196 3757 2239 et

2164 2280 2350 2334 adnot.
2401 2279 2536 2341 suis,
2575 2287 2630 2332 et
2664 2279 2815 2348 paria
2844 2278 2931 2331 illa
2971 2278 3349 2346 interpretum,
3379 2278 3535 2333 velut
3585 2278 3755 2332 aniles

2164 2371 2376 2427 fabulas
2406 2372 2632 2441 respuit,
2658 2381 2882 2440 tumque
2914 2373 3189 2440 appositos
3234 2380 3383 2441 putat
3416 2373 3749 2427 lemniscum

2160 2474 2215 2519 et
2240 2462 2731 2535 hypolenmiscum,
2754 2477 2877 2516 cum
2900 2463 3076 2518 varias
3103 2462 3314 2534 aliquas
3340 2464 3618 2519 lectiones
3641 2467 3753 2533 plu-

2161 2571 2250 2610 res
2280 2556 2633 2626 paueioresve
2655 2556 2872 2612 codices
2902 2566 3232 2612 assererent.
3268 2557 3443 2611 Alium
3475 2569 3745 2611 notarum

2161 2647 2376 2704 illarum
2416 2664 2572 2703 nsum
2605 2648 2813 2719 profert
2832 2647 3070 2704 Joannes
3097 2647 3378 2703 Curterins
3411 2649 3648 2703 Praefat.
3684 2653 3750 2703 ad

2162 2740 2393 2810 Procop.
2426 2739 2733 2796 Comment.
2758 2741 2817 2794 in
2844 2739 3073 2805 Isaiam,
3104 2755 3204 2795 nec
3243 2741 3389 2795 aliud
3421 2742 3751 2811 significare

2161 2834 2488 2891 lemniscum
2522 2846 2676 2906 putat
2710 2853 2873 2907 quam
2916 2839 3095 2893 verbis
3127 2839 3441 2894 consentire
3469 2840 3752 2907 interpre-

2160 2938 2242 2985 tes
2276 2929 2507 3000 aliquos,
2528 2923 2837 2999 discrepare
2870 2945 3069 2993 sensu;
3092 2930 3563 3001 hypoleinniscum
3596 2947 3752 2993 vero,

2155 3035 2318 3092 quam
2348 3035 2508 3075 sensu
2545 3035 2640 3077 eos
2670 3031 2727 3077 et
2769 3023 2951 3077 verbis
2982 3022 3282 3076 dissonare.
3324 3021 3437 3092 (98)
3467 3021 3584 3076 Sed
3620 3022 3753 3078 mihi

2159 3113 2504 3168 verisimilior
2529 3114 2741 3169 videtur
2790 3113 2943 3168 Masii
2993 3116 3281 3169 sententia.
3336 3116 3750 3170 Asteriscorum

2158 3206 2409 3270 illorum,
2435 3206 2739 3271 obelorum,
2768 3206 3152 3260 lemniscormu
3197 3215 3252 3260 et
3298 3205 3753 3276 hypolemniseo-

472 3299 785 3361 emendavit
819 3315 884 3353 ex
912 3301 1240 3369 Optimorum
1276 3282 1668 3370 exemplarium
1701 3302 1807 3356 fide
1831 3344 1845 3369 ,
1888 3311 2053 3371 atque
2082 3282 2125 3340 (ἶ
2166 3315 2282 3353 rum
2316 3298 2521 3354 formas
2552 3308 2704 3354 notat
2735 3298 3092 3368 Epiphanius,
3124 3308 3178 3352 et
3223 3299 3503 3350 nominum
3528 3299 3751 3369 signiﬁ-

472 3389 590 3456 ejus
614 3389 912 3459 praesertim
946 3390 1090 3459 quod
1139 3391 1192 3445 in
1225 3390 1464 3460 Serapeo
1487 3393 1849 3456 servabatur,
1879 3393 2050 3462 quod-

468 3497 579 3550 que
601 3481 773 3549 ipsum
812 3480 922 3534 τῶν
956 3480 1010 3534 0'
1046 3482 1393 3553 αὐτόγραφον
1435 3482 1603 3537 fuisse
1637 3481 1913 3537 affirmant
1952 3499 2050 3538 ve-

473 3585 621 3630 teres
656 3575 927 3630 nonnulli.
959 3577 1267 3630 Asteriscos
1299 3586 1588 3645 praeterea,
1622 3578 1710 3631 ubi
1739 3578 1868 3644 quid
1894 3579 2047 3632 dces-

470 3678 575 3731 set,
602 3684 725 3722 cum
759 3667 1140 3737 praetermissis
1191 3669 1414 3721 vocibus
1442 3668 1710 3735 inseruit;
1745 3684 1865 3737 qua:
1922 3684 2051 3723 vero

473 3760 549 3815 illi
578 3771 775 3830 przeter
805 3760 1195 3815 llebraicormn
1224 3758 1385 3813 tidem
1425 3759 1755 3828 adiecissent
1783 3800 1798 3824 ,
1832 3758 2052 3828 przefixo

468 3854 629 3910 obelo
651 3854 921 3925 signavit;
960 3872 980 3906 ι
1025 3852 1155 3919 Qua:
1194 3854 1370 3925 signa,
1406 3872 1425 3905 ι
1459 3854 1640 3923 inquit
1689 3852 2052 3925 Hieronymus

542 4011 654 4083 t_98)
691 4012 797 4069 Sed
827 4011 955 4065 mihi
991 4011 1327 4083 verisimilior
1351 4012 1559 4083 videtur
1585 4008 1746 4065 Masii
1771 4011 2049 4083 sententia.

472 4078 589 4139 Non
624 4078 693 4138 ita
726 4085 935 4137 videtur
961 4082 1021 4136 D.
1062 4082 1337 4137 Bernardo
1371 4081 1437 4135 de
1474 4081 1835 4143 Montlaucon,
1877 4082 1967 4148 qni
1998 4081 2049 4134 in

471 4155 934 4209 Prwliminaribus
962 4154 1014 4206 in
1043 4152 1285 4219 Hexapla
1307 4152 1557 4220 Origenis
1587 4167 1705 4219 cap.
1729 4151 1785 4215 Il,
1816 4166 1964 4204 num.
1993 4151 2047 4213 4,

471 4226 552 4279 sic
581 4240 733 4278 suam
766 4224 1091 4278 sententiam
1132 4222 1308 4290 aperit
1335 4240 1348 4276 :
1389 4241 1407 4273 ι
1468 4222 1755 4286 Existimo,
1785 4222 2046 4287 quemad-

472 4294 688 4349 modum
723 4294 1015 4348 asteriscns
1059 4293 1125 4347 ad
1166 4293 1388 4354 omissa,
1446 4308 1565 4360 qua:
1616 4294 1994 4347 inserebantur
2025 4330 2040 4355 ,

472 4365 797 4426 adnotanda,
825 4376 878 4417 et
907 4364 1091 4418 ohelus
1121 4365 1187 4415 ad
1222 4380 1304 4421 ea.
1349 4378 1472 4431 qua:
1532 4364 1927 4423 redundabant,
1953 4362 2040 4425 ju-

472 4436 723 4503 gulamla,
750 4443 805 4487 ut
845 4435 921 4487 ait
954 4434 1335 4503 Hieronymus,
1366 4432 1595 4502 appositi
1641 4443 1806 4503 sunt;
1835 4432 1907 4503 ita
1937 4430 2040 4485 Le-

473 4501 737 4558 inniscum
782 4504 1079 4557 adhibitum
1129 4501 1317 4564 fuisse,
1351 4501 1451 4557 ubi
1487 4502 1836 4572 Septuaginta
1872 4501 2045 4554 Inter-

470 4584 652 4644 pretes
675 4574 954 4627 lectionem
992 4573 1211 4641 quidem
1240 4572 1562 4644 Hebraicam
1615 4572 1994 4639 exprimebaut
2024 4612 2040 4635 ,

2159 3392 2439 3459 cationes;
2474 3391 2584 3463 (99)
2612 3392 2949 3461 multumque
2986 3390 3220 3455 fallitur,
3247 3406 3367 3446 cmn
3396 3392 3751 3456 vocabulum,

2160 3485 2458 3557 λημνίσκος
2484 3485 2691 3539 derivat
2721 3500 2749 3538 a
2784 3483 2975 3539 Gneco
3008 3483 3319 3555 λιμνάζειν·
3348 3498 3472 3537 nam
3502 3482 3748 3555 Syracu-

2161 3579 2297 3632 slam
2322 3592 2445 3632 esse
2477 3593 2664 3633 vocem
2692 3585 2926 3631 constat.
2955 3576 3181 3646 Reliqua
3236 3576 3353 3630 fuse
3393 3578 3752 3645 persequitur

2162 3670 2502 3740 Epiphanius
2533 3670 2585 3723 in
2611 3670 2799 3724 eodem
2825 3668 2965 3723 libro
2992 3686 3007 3723 :
3041 3684 3141 3724 nec
3164 3669 3321 3724 docet
3348 3680 3533 3723 tamen
3561 3681 3749 3723 utrum

2160 3778 2280 3832 qua:
2314 3761 2569 3831 Hexaplis
2606 3763 2811 3817 intexta
2841 3771 2924 3818 est
2946 3762 3321 3831 interpretatio
3368 3762 3479 3815 τῶν
3520 3762 3584 3815 0'
3608 3762 3751 3830 ejus-

2161 3854 2306 3911 modi
2332 3855 2480 3911 notis
2506 3853 2673 3910 fuerit
2697 3854 2972 3925 insignis:
3029 3855 3124 3911 sed
3158 3854 3209 3909 id
3260 3855 3617 3926 perspicuum
3669 3868 3750 3911 est

2159 4009 2505 4080 Montfaucon
2539 4009 2737 4065 ibidem
2761 4024 2869 4080 quo
2902 4023 3087 4077 supra,
3119 4009 3246 4077 quid
3272 4009 3478 4062 sentiat
3512 4010 3601 4061 vir
3620 4026 3749 4064 eru-

2160 4081 2462 4134 ditissimns
2490 4078 2547 4132 ll.
2591 4078 2798 4134 Moneta
2842 4081 3053 4148 pauris.
3100 4090 3156 4133 ut
3185 4082 3252 4131 ab
3287 4095 3353 4133 eo
3386 4081 3602 4147 accepi,
3655 4096 3747 4135 ex-

2165 4165 2432 4218 promam.
2463 4151 2756 4204 Alhenaaus
2788 4165 2908 4219 pag.
2939 4149 3044 4203 200
3098 4149 3351 4220 editionis
3409 4148 3745 4220 Lugdunen-

2157 4222 2235 4275 sis
2278 4222 2330 4291 ιιι
2369 4221 2580 4288 prolixo
2604 4220 2889 4291 Callixenir
2924 4220 3115 4274 Rhodii
3151 4219 3291 4282 loco,
3357 4219 3549 4291 vocem
3582 4219 3748 4291 λημί-

2156 4290 2637 4361 O’XOt;ll3b61,QlliB
2658 4291 2710 4345 in
2728 4290 2969 4361 margine
2988 4290 3065 4361 sic
3087 4295 3426 4350 ememlatur,
3454 4290 3746 4356 λινξσκοις.

2151 4374 2317 4429 atque
2350 4362 2422 4415 ita
2484 4360 2614 4429 legit
2674 4360 2987 4414 Eustathius
3041 4360 3093 4414 in
3155 4375 3372 4415 versum
3402 4361 3512 4415 570
3546 4365 3744 4418 decimi

2151 4431 2328 4485 octavi
2367 4431 2486 4485 libri
2518 4431 2751 4495 Iliados,
2772 4432 2861 4501 ubi
2902 4432 3045 4485 lumc
3072 4432 3244 4501 ipsum
3270 4434 3338 4485 ab
3366 4432 3640 4487 Athenaeo
3671 4434 3747 4487 al-

2152 4502 2319 4556 latum
2372 4501 2550 4555 locum
2609 4501 2797 4556 refert.
2847 4500 3063 4555 lsaacus
3097 4517 3224 4556 vero
3268 4501 3641 4558 Casaulionus
3691 4506 3739 4557 in

2152 4570 2304 4627 Notis
2352 4581 2443 4625 aut
2475 4571 2822 4642 λεμνίσκοις,
2855 4581 2950 4642 aut
2992 4569 3254 4635 λινίσκοις
3290 4573 3580 4641 legendum
3624 4589 3744 4627 esse

470 4640 564 4697 Sed
601 4658 703 4696 non
737 4644 810 4696 ita
847 4640 1100 4697 accurate
1168 4652 1327 4710 atque
1388 4641 1639 4695 distincte
1669 4659 1682 4695 :
1719 4658 1838 4710 quze
1880 4657 2040 4696 causa
2080 4653 2124 4708 ι)
2157 4642 2306 4707 dicit,
2333 4643 2426 4695 sed
2453 4640 2700 4695 neutram
2727 4642 2884 4696 alteri
2910 4640 3196 4695 lectionem
3232 4640 3499 4711 prmferre
3551 4645 3735 4699 audet.

470 4724 591 4768 erat
622 4722 679 4765 ut
704 4714 792 4767 illa
825 4712 877 4765 in
911 4721 1057 4765 textu
1092 4711 1297 4775 relicta,
1332 4711 1501 4765 altera
1535 4726 1654 4780 qum
1687 4712 1877 4765 melior
1903 4712 2048 4766 vide-

471 4783 654 4847 batur,
690 4800 757 4837 ex
791 4783 912 4836 aliis
935 4782 1327 4852 interpretibus
1362 4781 1711 4852 petita,_huic
1755 4781 2049 4852 subjunge-

472 4867 642 4909 retur.
681 4854 867 4923 Neque
891 4853 1036 4907 enim
1069 4850 1373 4923 putandum
1406 4861 1513 4913 est,
1550 4850 2046 4923 Origenemvirum

468 4926 759 4979 admodum
779 4921 1135 4989 'arcuratum,
1167 4923 1257 4992 qui
1314 4933 1420 4977 tam
1473 4923 1756 4992 diligenter
1780 4921 1861 4975 vel
1892 4921 2050 4976 levis-

468 4997 600 5064 sima
626 5010 745 5064 qua:
770 4995 1108 5048 addebantur
1130 4994 1413 5054 asterisco,
1432 5004 1487 5047 et
1508 5009 1625 5062 qua:
1643 4993 1903 5047 demenda
1919 5001 2050 5064 erat

466 5062 1142 5139 obelonotabat,_millatn_
1169 5066 1489 5139 apposuisse
1518 5076 1717 5139 notam
1740 5064 1806 5118 iis
1831 5064 1882 5117 iu
1917 5062 2049 5117 locis

467 5152 601 5189 sane
632 5134 1031 5202 frequentibus,
1058 5136 1145 5188 ubi
1177 5137 1365 5189 relicta
1399 5135 1565 5205 priori
1600 5134 1830 5190 lectione
1854 5149 2047 5187 novam

469 5216 646 5260 tamen
678 5206 908 5259 addebat
948 5219 1014 5257 ex
1043 5205 1223 5271 aliquo
1252 5207 1607 5274 interpretum
1645 5206 2041 5273 desumptam.»

470 5277 669 5343 Deinde
696 5314 711 5334 .
776 5274 939 5328 allato
986 5278 1217 5341 quodam
1252 5278 1498 5344 exemplo
1552 5276 1691 5329 unde
1723 5277 2046 5329 sententiam

467 5362 621 5399 suam
658 5346 963 5410 coMirmat,
985 5349 1063 5399 sic
1095 5347 1441 5414 prosequitur
1460 5348 1708 5401 eruditus
1727 5346 1809 5399 vir
1838 5363 1851 5398 :
1889 5348 2050 5399 «Cre-

468 5418 653 5470 derem
683 5416 1151 5486 hypolemniscum
1198 5425 1323 5470 tunc
1364 5419 1669 5486 appositum
1704 5416 1887 5476 fuisse.
1927 5432 2047 5468 cum

468 5486 629 5541 lectio
682 5485 770 5539 illa
831 5498 1014 5540 notata
1041 5526 1056 5549 ,
1097 5485 1452 5555 Septuaginta
1494 5488 1848 5555 luterpretum
1875 5486 2046 5541 solum

467 5566 607 5620 erat,
643 5559 782 5627 quod
820 5573 925 5611 uno
972 5559 1160 5611 subtus
1198 5558 1391 5610 lineam
1416 5558 1589 5627 posito
1623 5567 1821 5626 puncto
1847 5556 2051 5610 indica-

467 5628 696 5697 batur:
754 5626 1071 5681 lemniscum
1145 5642 1271 5697 vero
1344 5643 1465 5682 cum
1522 5628 1736 5682 duobus
1797 5628 2047 5697 punct-is.

470 5696 695 5767 quando
720 5712 826 5751 non
858 5698 1213 5766 Septuaginta
1249 5696 1613 5767 luterpretum
1666 5696 1897 5764 tantum,
1955 5697 2050 5752 sed

467 5765 633 5817 etiam
659 5766 1047 5821 Theodotiouis
1075 5765 1220 5821 ierat.
1246 5787 1264 5819 ι

543 5834 657 5901 (99)
692 5834 1021 5906 Multumque
1049 5837 1292 5905 fallitur,
1324 5853 1440 5891 cum
1492 5838 1800 5892 vocabulum
1852 5835 2049 5907 λημνί-

470 5920 623 5971 οκος,
653 5916 758 5961 etc.
799 5926 816 5959 ι
856 5909 930 5962 Dc
961 5908 1119 5977 hujus
1144 5908 1378 5964 nominis
1403 5918 1608 5977 ctymo,
1659 5910 1831 5979 inquit
1879 5909 1941 5963 D.
1985 5911 2049 5965 de

2153 4711 2371 4765 Certum
2400 4722 2493 4783 est
2517 4724 2718 4783 autem,
2760 4727 2946 4783 vocem
2981 4711 3304 4783 λημνίσκος.
3344 4728 3470 4783 quae
3491 4718 3743 4781 primitus

2152 4794 2436 4853 angustam
2472 4781 2698 4836 fasciam
2745 4781 3109 4853 significabat,
3128 4798 3195 4837 ex
3220 4781 3556 4853 νοοθλῆνος,
3594 4786 3739 4850 lane,

2152 4851 2455 4923 derivatam
2475 4868 2621 4917 esse,
2656 4854 2782 4922 quia
2801 4851 2893 4907 ἐι)
2920 4853 3037 4923 ipsa
3066 4854 3274 4922 origine
3329 4851 3526 4908 fascia:
3559 4858 3740 4922 hujus-

2152 4922 2294 4995 modi
2326 4922 2495 4978 lanea:
2529 4934 2705 4995 erant.
2745 4924 2882 4995 Hinc
2908 4922 3037 4995 vero
3075 4923 3410 4995 Syracusani
3472 4928 3739 4991 singulari

2151 4992 2498 5066 formatione.
2533 4994 2651 5047 loco
2677 4994 2772 5047 τοῦ
2798 4994 3056 5066 ληννίσκος
3082 4992 3298 5066 inserto
3340 5012 3401 5065 μ,
3436 4995 3740 5066 Inguina;

2152 5064 2398 5138 fecerunt
2431 5081 2445 5116 :
2482 5079 2603 5133 qua:
2634 5079 2795 5138 causa
2839 5064 2939 5138 fuit
2988 5075 3046 5138 ιιι
3080 5065 3196 5138 lucc
3228 5064 3466 5138 vox’pro
3505 5064 3740 5138 Syracu-

2152 5148 2282 5206 sana
2316 5134 2628 5206 haberetur.
2656 5134 2978 5206 Hesychius,
3010 5135 3350 5205 λημνίσκους
3395 5136 3501 5199 τὰς
3548 5134 3739 5198 esse;

2152 5204 2511 5276 Συρακούσιοι
2540 5204 2777 5269 ταινίαςζ
2809 5204 3427 5275 subintelligqléyoum.
3472 5208 3618 5262 llinc
3676 5210 3736 5259 ad

2152 5275 2255 5327 alia
2292 5276 2643 5344 significanda
2677 5286 2933 5345 usurpata
2969 5291 3073 5329 vox
3110 5277 3248 5343 fuit;
3290 5294 3487 5347 nempe
3525 5295 3624 5347 pro
3659 5278 3736 5330 fa-

2152 5347 2300 5409 sciis,
2334 5347 2531 5414 quibus
2565 5362 2783 5401 corona:
2810 5347 3407 5417 circumplicabantur;
3439 5365 3541 5416 pro
3572 5350 3737 5401 linea-

2153 5428 2335 5469 mento
2366 5418 2656 5488 coruvoluto
2679 5416 2992 5488 vulneribus
3026 5419 3355 5488 inserendo;
3409 5422 3736 5488 deinmmpze

2152 5501 2250 5554 pro
2276 5496 2398 5540 nota
2425 5486 2706 5553 librorum,
2742 5490 2808 5541 de
2837 5503 2943 5555 qua
2973 5487 3207 5541 Isidorus
3232 5506 3246 5540 :
3282 5486 3593 5542 Limniscus
3616 5530 3631 5549 ,
3656 5486 3732 5538 ’τά

2150 5567 2245 5621 est,
2275 5557 2477 5625 virgula
2502 5558 2639 5608 inter
2658 5558 2905 5627 geminos
2934 5570 3153 5625 punctos
3173 5558 3362 5627 jnceus
3392 5601 3406 5621 ,
3450 5561 3735 5626 apponitur

2152 5627 2302 5679 inii:
2333 5627 2481 5689 locis,
2514 5643 2630 5694 qum
2651 5643 2820 5680 sacra:
2870 5626 3181 5694 Scriptura?
3209 5629 3523 5695 interpretes
3560 5629 3731 5681 eodem

2150 5713 2326 5756 sensu.
2362 5697 2451 5749 sed
2505 5697 3093 5765 diversissermouibus
3152 5698 3571 5751 transtulerunt.
3626 5698 3731 5750 Hac

2156 5767 2351 5835 triplici
2385 5767 2780 5835 significatione
2812 5783 2911 5821 vox
2938 5766 3238 5838 λημνίσκος
3273 5781 3536 5838 usurpata
3593 5768 3730 5829 fuit,

2153 5853 2345 5905 nempe
2373 5841 2439 5889 ad
2480 5838 2979 5908 ressignificandus
3010 5837 3254 5908 angustis
3290 5837 3476 5893 fasciis
3506 5838 3727 5897 similes,

2154 5923 2289 5977 quas
2324 5909 2647 5979 Syracusani
2680 5906 3005 5979 λεμνίσκους
3033 5906 3317 5965 vdeubuttt.
3350 5908 3477 5963 lude
3515 5920 3731 5963 vocatas
