3926 6550
1923 0 2300 12 __—
2979 10 3060 11 7,
3063 10 3076 11 ψ
3156 5 3872 12 ._—_———

1191 18 1352 26 .~_'_.-
1361 18 1372 24 ν
1379 18 1406 24 ..-
1417 15 3871 50 ψ--ιιιῖάω-*Ἥ

150 439 267 496 1245

145 646 220 698 λον
241 641 406 696 ταῦτα
431 641 490 692 ὲν
509 637 590 711 τῷ
631 639 877 710 Ἑξαπλῷ
905 641 1242 713 ἡστὲρισται,
1267 643 1343 706 ὡς
1393 645 1458 696 ὲκ
1505 643 1694 698 Θεοδο-

147 741 314 800 τξωνος
351 735 744 807 προστεθέντα.
773 754 791 788 σ
823 736 933 790 lmo
960 738 1074 791 haec
1107 738 1156 790 in
1175 737 1414 802 Hexaplo
1427 741 1692 797 asterisco

149 840 306 882 notata
334 838 482 890 sunt,
546 836 732 897 utpote
782 843 902 897 qua:
948 843 1015 882 ex
1058 829 1430 887 Thcodotione
1476 832 1688 902 adjecta

148 922 274 974 sint:
316 937 334 970 ι
365 927 418 972 et
447 934 516 976 ex
562 919 680 974 istis
720 919 1056 991 Hieronymi,
1082 937 1202 992 quae
1237 926 1428 991 repetit
1459 923 1688 981 Ruﬁnus

147 1011 318 1065 hired.
349 1026 387 1065 tt
422 1029 436 1065 :
471 1029 491 1062 ι
543 1009 648 1065 Sed
693 1022 746 1066 et
773 1010 1030 1082 Origenes
1085 1015 1374 1070 asteriscos
1413 1015 1560 1079 fecit,
1622 1032 1688 1073 ex

149 1105 472 1158 translatione
506 1103 896 1160 Tbeodotionis
953 1121 1254 1173 assumens,
1301 1118 1358 1162 ut
1399 1125 1690 1180 compone-

148 1206 216 1250 ret
240 1196 504 1250 volumina
533 1211 655 1264 quae
678 1197 1016 1267 appellantur
1041 1198 1306 1266 Hexapla.
1344 1220 1363 1253 ι
1392 1201 1530 1255 Tum
1564 1206 1692 1258 sub-

145 1285 334 1356 jungit:
377 1303 395 1337 t
425 1287 566 1352 Quia
595 1286 933 1358 frequenter,
965 1292 1010 1345 si
1047 1292 1340 1361 disputatio
1359 1294 1647 1348 accidisset
1670 1336 1687 1360 ,

145 1378 503 1433 velimmutata
541 1395 665 1435 esse
689 1381 984 1450 aliquanta,
1013 1385 1095 1438 vel
1129 1386 1338 1450 deesse,
1393 1387 1479 1440 vel
1527 1387 1692 1441 abun-

147 1473 254 1526 dare
282 1471 332 1525 in
358 1471 563 1526 nostris
592 1473 892 1542 Scripturis
921 1476 1345 1542 mentiebantur,
1374 1477 1540 1530 voluit
1566 1477 1690 1533 Ori-

146 1577 284 1632 genes
317 1565 518 1617 nostris
563 1566 876 1631 ostendere,
905 1566 1083 1635 qualis
1110 1568 1252 1636 apud
1293 1567 1509 1624 Iudaeos
1548 1571 1691 1625 Scri-

146 1665 394 1723 pturarum
426 1654 592 1710 lectio
617 1666 919 1720 teneretur,
949 1666 1004 1712 et
1026 1659 1076 1710 in
1105 1659 1338 1729 propriis
1369 1661 1578 1730 paginis
1605 1663 1690 1716 vel

144 1745 414 1799 columellis
447 1747 723 1802 editiones
769 1763 958 1803 eorum
1009 1751 1254 1820 singulas
1303 1767 1550 1821 quasque
1592 1755 1658 1808 de

144 1838 362 1906 scripsit;
391 1847 447 1893 et
481 1855 545 1894 ea
582 1855 703 1908 quae
732 1822 871 1910 apud
905 1841 1027 1896 illos
1065 1851 1192 1896 sunt
1229 1843 1408 1896 addita
1462 1844 1546 1896 vel
1589 1844 1686 1899 de-

144 1939 324 1996 cerpta,
349 1932 518 1986 certis
550 1933 863 2002 quibusque
891 1935 1064 2004 signis
1091 1933 1290 1989 additis
1327 1937 1392 1990 ad
1445 1937 1687 1991 versicu-

144 2020 287 2077 lorutn
323 2025 498 2093 capita
525 2025 834 2095 designavit
854 2043 868 2090 ;
888 2035 942 2080 et
967 2025 1018 2079 in
1041 2026 1239 2090 alieno,
1269 2042 1373 2080 non
1400 2042 1498 2083 suo
1523 2042 1687 2098 opere

143 2128 245 2167 suas
274 2118 651 2173 tantummodo
681 2127 838 2172 notas
869 2119 1020 2182 ﬁxit;
1049 2129 1106 2171 ut
1133 2118 1398 2173 sciremus
1427 2133 1532 2172 non
1556 2120 1685 2188 quid

143 2206 308 2273 nobis,
365 2209 459 2264 sed
523 2210 663 2279 quid
718 2209 919 2265 ludatis
979 2211 1265 2264 adversum
1315 2226 1412 2265 nos
1463 2220 1678 2264 certan-

144 2297 262 2354 tibus
288 2311 374 2352 aot
400 2302 599 2357 deesse
627 2312 718 2356 aut
745 2303 1019 2357 abundare
1049 2303 1350 2357 videretur:
1377 2312 1456 2356 iet
1485 2302 1678 2356 iterum

142 2391 308 2446 existis
324 2392 640 2464 Hieronymi
661 2395 711 2448 in
729 2395 940 2450 Prael'at.
964 2394 1195 2462 Paralip.
1211 2395 1279 2448 ad
1299 2394 1682 2448 Chromatium:

146 2499 161 2531 ι
195 2481 247 2536 Et
274 2495 412 2538 certe
439 2483 715 2554 Origenes
739 2501 843 2540 non
868 2487 1040 2540 solum
1091 2485 1334 2549 chnpla
1381 2486 1686 2553 composuit

142 2579 339 2636 quatuor
364 2575 700 2638 editionum,
738 2590 768 2630 e
809 2576 1028 2646 regione
1051 2577 1258 2643 singula
1287 2575 1448 2629 verba
1477 2574 1683 2628 descri-

143 2661 264 2728 bens,
283 2675 338 2718 ut
357 2680 497 2720 unus
515 2667 851 2722 dissentiens
879 2667 1066 2722 statim
1087 2667 1304 2722 cmteris
1328 2666 1470 2720 inter
1489 2679 1545 2720 se
1564 2680 1686 2718 con-

142 2754 462 2811 setttientxbus
496 2767 766 2826 arguatur
797 2777 811 2812 :
869 2757 965 2812 sed
1015 2760 1156 2827 quod
1193 2757 1413 2826 majoris
1449 2755 1685 2811 audaci:e

141 2853 223 2908 est,
247 2847 292 2898 in
326 2847 568 2901 editione
599 2847 950 2918 Septuaginta
983 2848 1366 2903 Theodmionis
1395 2847 1682 2904 editionem

144 2931 342 3000 miscuit,
375 2937 670 2992 asteriscis
694 2937 984 3006 designans
1022 2953 1141 3006 qua:
1171 2939 1348 2992 minus
1375 2939 1605 3000 fuerant,
1633 2944 1688 2989 et

140 3021 327 3091 virgulis
350 3041 468 3097 qua:
489 3043 560 3082 ex
590 3027 860 3098 superﬂuo
881 3029 1199 3083 videbantur
1225 3028 1486 3098 apposita.
1521 3045 1541 3078 ι
1578 3025 1682 3079 Sed

140 3113 388 3186 Origeuem
422 3123 608 3190 ipsum
651 3122 836 3175 audire
867 3135 1045 3189 operte
1072 3121 1301 3190 pretium
1331 3129 1411 3172 est
1449 3117 1567 3171 :sic
1597 3116 1686 3170 ille

141 3221 248 3267 toni.
275 3231 335 3268 xv
366 3216 418 3268 in
441 3213 668 3281 Matth,
705 3229 856 3268 num.
890 3214 972 3276 14,
997 3229 1120 3283 pag.
1151 3211 1246 3266 671
1284 3231 1294 3265 :
1337 3211 1470 3264 Νυνὶ
1499 3209 1556 3262 δὲ
1592 3209 1686 3278 δηο
1715 3241 1758 3299 C

139 3303 280 3358 λονότι
301 3305 464 3378 πολλὴ
493 3304 723 3375 γέγονεν
743 3307 776 3376 ἠ
804 3304 912 3358 τῶν
932 3304 1276 3375 ἀντιγράφων
1293 3301 1540 3374 διαφορὰ,
1573 3299 1681 3353 εἴτε

139 3399 224 3452 ἀπὸ
253 3400 517 3472 ῥᾳθυμίας
545 3399 711 3453 τινῶν
731 3399 1008 3470 γραφέων,
1042 3399 1149 3451 εἴτε
1168 3397 1276 3452 ἀπὸ
1294 3396 1496 3468 τόλμης
1524 3394 1684 3448 τινῶν

141 3494 383 3565 μοχθηρᾶς
409 3495 510 3564 τῆς
549 3493 885 3564 διορθώσεως
919 3492 1026 3546 τῶν
1054 3489 1432 3564 γραφομένων,
1459 3487 1567 3541 εἴτε
1591 3486 1686 3540 καὶ

139 3583 224 3636 ἀπὸ
238 3586 335 3640 τῶν
349 3587 416 3640 τὰ
442 3589 663 3649 ἑαυτοῖς
702 3585 960 3640 δοκοῦντα
990 3587 1048 3640 ἐν
1070 3588 1135 3656 τῇ
1162 3565 1441 3656 διορθώσει
1465 3596 1686 3652 προστι-

138 3675 305 3731 θέντων
341 3679 374 3751 ἢ
421 3677 836 3750 ἀφαιρούντων
889 3677 988 3750 τὴν
1027 3679 1124 3749 μὲν
1159 3671 1249 3731 οὗν
1279 3677 1335 3729 ἐν
1377 3675 1491 3738 τοῖς
1537 3673 1687 3726 ἀντιο

193 3795 231 3826 ⁶¹
258 3794 438 3865 Epiph.
468 3795 567 3850 lib.
605 3793 678 3848 De
706 3794 894 3864 pand.,
925 3809 1046 3866 cap.
1075 3794 1133 3848 2.

139 3887 413 3956 lemniscos,
453 3893 575 3945 sive
607 3891 745 3945 linea
797 3892 942 3946 vittae
984 3906 1136 3946 more
1183 3891 1386 3958 depicta
1410 3905 1530 3944 cum
1562 3887 1692 3958 duo-

139 3959 216 4012 bus
240 3963 462 4028 punctis.
497 3961 674 4016 altero
725 3975 974 4030 superne,
1030 3962 1201 4016 altero
1243 3957 1450 4016 inferne
1504 3957 1695 4028 positis

139 4031 276 4102 δίο-ι·
307 4031 748 4102 bypolemniscus
791 4046 919 4086 vero
949 4041 1074 4086 tunc
1128 4041 1352 4102 vocatur
1391 4045 1519 4102 cum
1587 4042 1696 4080 uno

138 4101 281 4154 solum
343 4101 548 4171 puncto
616 4101 753 4156 linea
801 4102 1044 4170 signatur
1080 4102 1158 4156 sic
1193 4115 1255 4155 οε-
1284 4101 1562 4156 obolorum
1599 4112 1698 4171 att-

140 4178 224 4242 tetn
253 4181 302 4242 et
334 4167 726 4226 asteriscorum
759 4167 872 4224 hmé
896 4182 988 4242 est.
1024 4172 1188 4240 ﬁgura
1215 4189 1230 4236 ;
1261 4171 1538 4225 obelorum
1576 4167 1698 4234 qui-

139 4239 236 4310 dem
257 4241 331 4297 sic
359 4257 418 4298 -ο-
453 4242 845 4297 asteriscorum
877 4239 1006 4295 vero
1031 4239 1108 4295 sic
1135 4243 1200 4310 χ(
1229 4256 1347 4310 (νισι
1397 4248 1517 4310 post
1553 4247 1698 4310 aste-

138 4309 306 4382 riscunt
359 4314 742 4382 ponebantur,
794 4312 974 4382 inquit
1018 4327 1137 4381 cap.
1190 4308 1512 4382 μω...ιέ
1551 4308 1692 4360 idem

138 4377 191 4433 D.
215 4377 510 4437 Bernardus
539 4383 606 4436 de
637 4377 974 4436 Montl'aueon
1001 4421 1017 4444 ,
1067 4377 1133 4436 ex
1165 4382 1402 4437 editione
1445 4378 1694 4432 Theodo-

142 4449 274 4523 tioujs
302 4464 358 4506 ut
389 4453 687 4522 plurimum
719 4464 974 4523 excerpta
1006 4463 1186 4523 erant,
1229 4466 1334 4505 non
1376 4447 1693 4523 inl'_requeu-

141 4527 205 4592 ler
224 4515 283 4575 'ex
308 4515 548 4592 Aquila;
601 4515 900 4583 interdum,
928 4523 1031 4592 sed
1084 4521 1280 4585 rarius,
1316 4533 1379 4592 ex
1441 4515 1692 4592 Symma-

971 433 1542 492 ORlGENlANOﬂUM
1584 440 1712 496 LIB.
1756 441 1845 507 ill,
1888 443 2042 499 CAP.
2084 444 2152 506 11,
2191 443 2390 500 SECT.
2435 443 2524 502 IV.

3257 449 3394 504 19.10

147 566 204 605 ex
223 545 470 602 Romanis
503 546 738 601 Scholiis
765 547 873 599 τῶν
917 545 972 600 0'
1010 549 1062 601 in
1115 547 1131 601 Ι
1166 549 1298 619 Reg.
1326 566 1438 615 xlv,
1461 552 1518 618 4,
1553 553 1690 623 μᾶλ-

1794 557 2025 627 γρὰφοις
2049 559 2148 629 τῆς
2172 557 2414 621 Παλαιᾶς
2434 558 2712 628 Διαθήκης
2735 558 3041 629 διαφανιαν,
3059 560 3195 614 Θεοῦ
3227 561 3393 616 διδόν-

1793 664 1905 711 τος,
1941 648 2176 718 εὕρομεν
2237 647 2514 710 ἰάσασθαι,
2571 649 2838 718 κριτηρίῳ
2886 650 3222 719 χρησάμενοι
3269 655 3394 716 ταῖς

1793 737 2005 802 λοιπαῖς
2047 739 2354 792 ἐκδόσεσιν·
2395 738 2502 792 τῶν
2551 737 2662 810 γὰρ
2699 739 3184 810 ἁμφιὸαλλομένων
3239 742 3394 812 παρὰ

1793 833 1906 895 τοῖς
1947 831 2350 901 Ἐϐδομήκοντα
2398 829 2486 884 διὰ
2519 830 2618 900 τὴν
2657 829 2766 884 τῶν
2807 832 3156 903 ἀντιγράφων
3187 833 3393 902 διαφω-

1792 921 1931 984 νίαν,
1967 920 2066 991 τὴν
2102 920 2282 991 κρίσιν
2311 921 2670 990 ποιησάμενοι
2708 921 2816 974 ἀπὸ
2860 922 2968 974 τῶν
3000 922 3205 975 λοιπῶν
3239 925 3388 976 ἐκδό-

1795 1029 1951 1074 σεων,
1979 1011 2042 1064 τὸ
2069 1011 2292 1082 συνᾷδον
2337 1012 2576 1074 ἐκείναις
2600 1011 2945 1082 ὲφυλὰξαμεν
2966 1052 2980 1075 ,
3017 1014 3119 1066 καῖ’
3141 1013 3263 1066 τινὰ
3287 1015 3386 1084 μὲν

1791 1102 2128 1172 ὠὸελίσαμεν
2159 1105 2216 1155 ὲν
2243 1103 2320 1174 τῷ
2356 1102 2630 1174 Ἐϐραῖκῷ
2657 1106 2906 1175 κείμενα,
2936 1106 2997 1158 οὐ
3017 1107 3386 1177 τολμήσαντες

1791 1195 1930 1249 αὐτὰ
1946 1195 2120 1266 πάντη
2151 1197 2422 1266 περιελεῖν
2445 1213 2459 1227 ο
2487 1197 2608 1251 τινὰ
2635 1198 2692 1251 δὲ
2716 1200 2832 1268 μετ’
2852 1201 3190 1270 ἀστερίσκων
3215 1218 3388 1271 προσ-

1791 1287 2086 1357 εθήκαμεν,
2123 1287 2209 1340 ἵνα
2257 1287 2417 1357 δῆλον
2548 1290 2632 1342 ὅτι
2677 1289 2752 1360 μὴ
2803 1291 3030 1361 κείμενα
3075 1292 3225 1364 παρὰ
3273 1295 3386 1357 τοῖς

1803 1377 2222 1448 Ἑϐδομήκοντα,
2246 1379 2311 1432 ὲκ
2335 1379 2445 1432 τῶν
2460 1380 2661 1433 λοιπῶν
2691 1381 2954 1435 ὲκδόσεων
2981 1383 3281 1452 συμφώνως
3305 1381 3386 1454 τῷ

1804 1469 2076 1541 Ἐϐραῖκῷ
2099 1470 2537 1542 προσεθήκαμεν.
2569 1471 2643 1526 Ex
2676 1473 2777 1526 hoc
2803 1474 2920 1528 loco
2941 1475 3203 1542 suspicari
3234 1475 3379 1539 licet,

1793 1579 1897 1616 non
1948 1572 2014 1616 ex
2043 1562 2419 1617 Theodotione
2455 1563 2652 1630 solum,
2702 1567 2796 1619 sed
2818 1577 2871 1620 et
2903 1567 3025 1620 aliis
3054 1567 3381 1621 editiouibus

1789 1657 2040 1711 nonnulla
2082 1657 2248 1712 fuisse
2275 1659 2538 1727 inspersa.
2583 1658 2925 1728 Quapropter
2956 1659 3287 1730 Epiphanius
3308 1663 3376 1728 θ’,

1791 1765 1818 1801 a
1853 1763 1960 1817 quo
1991 1763 2170 1803 rerum
2204 1749 2417 1802 illarum
2473 1761 2730 1804 accurate
2781 1751 2979 1804 tradita
3021 1753 3241 1806 historia
3269 1765 3374 1823 est,

1797 1838 2086 1892 desiderari
2123 1839 2199 1892 ait
2247 1853 2276 1890 a
2330 1838 2579 1907 plurimis
2609 1840 2747 1908 apud
2785 1838 3109 1907 lnterpretes
3149 1840 3378 1912 Septua-

1796 1928 1944 1996 ginta
1976 1943 2096 1997 quaz
2143 1943 2210 1982 ex
2241 1928 2482 1982 ilehraais
2509 1927 2713 1982 referre
2745 1930 3210 1998 praetermiserunt
3252 1931 3375 2000 ipsi,

1792 2018 1984 2088 Aquila
2014 2034 2161 2085 vero,
2217 2030 2272 2074 et
2298 2019 2680 2090 Symmachus,
2717 2034 2783 2073 ac
2817 2021 3005 2088 reliqui
3056 2022 3376 2089 interpretes

1794 2120 2256 2180 reprazsentarunt
2285 2129 2301 2166 :
2328 2127 2394 2165 ex
2433 2126 2542 2165 uno
2571 2121 2752 2164 autem
2777 2111 3146 2166 Tlieodotione
3192 2114 3374 2169 addita

1791 2213 1909 2256 esse
1931 2218 2037 2256 non
2066 2203 2336 2271 apposuit.
2369 2202 2682 2256 Emendatio
2714 2202 2828 2256 hazc
2853 2201 2959 2255 τῶν
2986 2205 3040 2255 0'
3066 2219 3161 2271 per
3187 2203 3376 2260 obelos

1789 2303 1841 2348 et
1867 2295 2178 2361 asteriscos,
2203 2310 2380 2349 causa:
2413 2295 2512 2348 luit
2536 2293 2863 2364 Hieronymo
2887 2309 2986 2347 cur
3015 2295 3088 2348 ita
3116 2296 3373 2364 Augusti-

1788 2402 1916 2441 num
1951 2386 2315 2456 alloqueretttr
2344 2387 2499 2456 epist.
2537 2386 2627 2451 89,
2655 2400 2772 2454 cap.
2793 2385 2826 2439 6
2851 2404 2864 2438 :
2903 2403 2922 2435 ι
2947 2385 3113 2439 Miror
3141 2401 3372 2454 quomo-

1789 2479 1854 2534 do
1884 2479 2231 2548 Septuaginta
2256 2477 2612 2548 luterpretutn
2645 2477 2810 2531 libros
2834 2477 3004 2544 legas,
3031 2493 3135 2531 non
3172 2495 3357 2548 puros,

1789 2580 1847 2624 ut
1874 2571 1943 2624 ab
1965 2573 2042 2624 eis
2071 2569 2202 2625 editi
2239 2581 2383 2633 sunt,
2419 2571 2512 2624 sed
2545 2573 2612 2623 ab
2635 2571 2866 2639 Origene
2894 2569 3225 2634 emendatos,
3256 2571 3370 2627 sive

1787 2673 2074 2731 corruptos
2105 2678 2202 2731 per
2227 2663 2416 2717 obelos
2445 2673 2500 2717 et
2530 2665 2839 2724 asteriscus.
2871 2674 2925 2718 et
2951 2663 3242 2718 Christiani
3279 2665 3372 2721 ho-

1788 2755 1950 2809 minis
1977 2753 2574 2822 interpretatiunculatn
2617 2769 2723 2809 non
2760 2755 3037 2822 sequaris;
3073 2759 3366 2824 przesertim

1788 2861 1912 2901 cum
1971 2861 2034 2900 ea
2083 2860 2203 2915 qua:
2232 2845 2412 2899 addita
2461 2854 2608 2909 sunt,
2650 2860 2716 2899 ex
2748 2846 2981 2900 hominis
3013 2845 3181 2900 Judaei
3209 2857 3371 2916 atque

1790 2937 2111 3007 blasphemi,
2135 2946 2260 3006 pust
2309 2937 2614 3004 passionem
2650 2937 2874 2994 Christi.
2909 2937 3144 2991 editione
3189 2947 3369 2992 trans-

1791 3031 1990 3086 tulerit.
2023 3048 2042 3081 ι
2112 3029 2406 3097 Corruptos
2459 3028 2588 3083 dicit
2650 3027 2816 3083 libros
2861 3029 3210 3100 Septuaginta
3276 3029 3367 3085 ln-

1791 3131 2112 3192 terpretum.
2174 3131 2398 3190 propter
2451 3119 2814 3174 additamenta
2886 3135 2918 3174 e
2974 3122 3364 3188 'l'heodotione,

1789 3228 1911 3268 cum
1964 3213 2181 3282 in-cap.
2237 3224 2368 3266 Lthl
2436 3210 2582 3265 Isaiae
2629 3213 2909 3265 emendata
2971 3227 3036 3266 ac
3085 3228 3211 3267 vera
3263 3229 3363 3284 apo

1793 3305 1949 3374 pellet
1977 3303 2334 3372 Hexatdorum
2384 3301 2734 3372 exemplaria,
2775 3318 2895 3372 quae
2945 3304 3132 3358 eadem
3155 3303 3366 3359 addita-

1793 3409 1974 3453 menta
2017 3396 2407 3467 praelerebant;
2459 3411 2582 3449 nant
2646 3395 2902 3466 neglectis
2961 3397 3238 3453 asteriscis
3272 3399 3366 3467 qui

1792 3490 1876 3546 vel
1930 3491 1981 3544 in
2028 3489 2269 3558 legendo,
2332 3488 2416 3541 vel
2471 3487 2522 3541 in
2588 3487 2942 3543 describeudo
2995 3489 3184 3558 negligi
3212 3500 3366 3558 pote-

1795 3591 1936 3645 rant,
1985 3581 2219 3636 maxima
2279 3580 2575 3635 exsistebat
2602 3580 2988 3636 Theodotionis
3023 3598 3142 3637 cum
3173 3584 3285 3645 τοῖς
3307 3583 3367 3637 0'

1792 3673 2040 3729 conlusio
2074 3691 2088 3728 :
2125 3682 2180 3728 at
2231 3672 2517 3728 observata
2571 3671 2954 3728 asteriscorum
3016 3673 3367 3731 distinctione

1795 3900 2092 3957 asteriscus
2147 3909 2340 3950 nomen
2374 3894 2680 3964 praacedat,
2742 3893 2917 3948 rarius
2949 3902 3126 3946 autem
3169 3906 3362 3948 nomen

1794 3972 2139 4027 asteriscum.
2176 3965 2366 4020 Utrum
2399 3979 2525 4025 vero
2546 3965 2658 4032 ipse
2683 3965 2942 4030 Origenes
2982 3964 3200 4016 nomina
3233 3977 3359 4032 cum

1795 4039 2074 4096 asteriscis
2110 4039 2164 4090 in
2198 4044 2342 4088 textu
2373 4049 2485 4088 suae
2523 4029 3056 4101 editionisposuerit.
3100 4047 3166 4084 an
3215 4029 3266 4087 id
3305 4032 3360 4085 in

1795 4106 2145 4177 subsequenti
2179 4120 2291 4177 aevo
2320 4103 2593 4177 abiisqui
2631 4103 2988 4177 Hexaplorum
3013 4101 3361 4177 collectiones

1797 4170 2233 4248 collegeruttt,_et
2276 4175 2327 4227 in
2350 4170 2550 4248 Δβίωἰίὲ
2578 4182 2903 4248 posuerunt,
2941 4170 3355 4248 fact_utn__l:ue_rit,

1803 4266 1906 4304 non
1935 4237 2008 4302 ita
2044 4245 2200 4300 facile
2219 4253 2301 4297 est
2331 4237 2595 4296 divinare:
2622 4243 2780 4296 Certe
2807 4243 2972 4295 codex
3005 4241 3092 4294 illc
3113 4240 3226 4294 ιιιι.
3251 4237 3356 4297 PP.

1799 4319 2124 4374 .lesuitarutn
2154 4315 2208 4367 in
2235 4313 2468 4367 Ieremia
2509 4323 2556 4366 et
2596 4313 2650 4365 in
2680 4311 2950 4364 Ezechiele
2997 4327 3136 4378 sa-pe
3166 4311 3359 4382 asteri-
3403 4339 3416 4358 α.

1816 4403 1942 4444 sros
1969 4389 2019 4440 in
2050 4388 2164 4455 ipso
2200 4393 2343 4438 textu
2366 4383 2538 4455 ponit,
2563 4383 2844 4455 subjuncto
2874 4382 3184 4455 plerumque
3197 4397 3228 4455 _a
3249 4382 3359 4455 pri-

1805 4476 1888 4514 ma
1922 4449 2092 4512 solum
2145 4455 2318 4508 littera
2369 4449 2586 4506 nomine
2636 4449 2946 4519 interpretis
2977 4465 3042 4504 ex
3071 4449 3357 4518 quuleCtio

1803 4529 1892 4583 illa
1939 4525 2210 4597 adjectitia
2271 4523 2564 4597 desumpta
2586 4523 2703 4586 luit,
2735 4523 2815 4597 sic
2845 4523 2912 4589 Χ
2942 4522 3006 4574 Α.
3041 4522 3253 4597 quando
3289 4535 3355 4574 ex

139 4587 252 4669 £50;
278 4585 766 4669 non-tutuq'uannex
818 4590 1024 4646 duobus
1052 4592 1132 4669 vel
1191 4607 1257 4669 ex
1288 4601 1320 4669 ι
1315 4585 1497 4669 ribus:
1513 4586 1692 4669 simul.
1728 4585 1772 4641 D
1801 4585 2031 4669 Aquila}
2070 4597 2152 4650 vel
2179 4598 2244 4660 χε
2265 4592 2330 4647 Θ.
2357 4585 2482 4669 siex
2505 4585 2912 4669 ’ζἰιεοιέοιίοιεξεξ
2932 4601 3026 4669 aut
3234 4605 3356 4669 cum

141 4657 352 4732 Exempli
409 4656 575 4717 causa
617 4678 631 4715 :
663 4661 788 4732 Job,
827 4677 1000 4732 xxxu.
1048 4661 1144 4732 j2.
1191 4664 1258 4732 χ(
1283 4659 1346 4732 Θ..
1374 4656 1699 4732 ⁸κοιλμμέχρι

137 4726 266 4804 tittth
286 4726 299 4732 ⁷
321 4734 576 4803 συνήσωο
596 4733 709 4804 ,καὶ
756 4731 869 4804 ἰδοὺ,
903 4733 1002 4785 οὐκ
1043 4727 1111 4804 ἦν
1138 4726 1401 4804 ντῴα-Ἱίρϐᾉ
1441 4726 1696 4804 ἐλέγχων,

140 4799 252 4873 tiu-ra.
274 4805 338 4871 χ
375 4799 770 4873 ποκρινόμενος
815 4803 1034 4873 ῥήματα
1068 4799 1251 4854 αὑτοῦ
1297 4799 1355 4873 ἐξ
1383 4801 1534 4873 υμῶν
1555 4815 1568 4828 ⁶
1611 4799 1698 4873 ἵνα

141 4853 1573 4958 μὴ,εεὲᾒτέέιρφῑιένςεςριέῖγξοδοεοῦτεροσδςμενοιο
1608 4870 1694 4958 ,τις

141 4939 545 5006 animadvertas,
601 4939 721 4996 tium
753 4939 953 5011 aliquid
991 4944 1072 4995 vel
1107 4958 1170 4996 ex
1213 4939 1582 4996 Theodutinne
1615 4939 1696 5011 vel

139 5023 189 5060 ex
219 5014 331 5068 aliis
353 5015 768 5082 adjiceretur.si
803 5009 928 5067 idin
965 5013 1137 5075 initio,
1163 5013 1276 5066 sive
1306 5012 1358 5064 in
1394 5011 1593 5082 medio,
1624 5009 1696 5061 si-

140 5082 265 5136 vein
296 5081 427 5138 line
453 5086 611 5137 ηιμ-αι
632 5085 840 5151 jaceret
884 5085 1158 5152 praemisso
1188 5095 1401 5148 semper
1435 5081 1698 5152 asterisco

141 5152 355 5208 additum
380 5155 572 5218 fuisse,
609 5149 868 5223 appositis
885 5149 1010 5221 post
1039 5154 1464 5223 additamentum
1489 5149 1696 5223 duobus

139 5225 348 5286 punctis.
378 5224 434 5280 Si
473 5240 603 5278 vero
631 5221 1055 5278 additamentum
1109 5223 1236 5276 illud
1288 5221 1354 5272 ad
1399 5221 1580 5288 plures
1630 5221 1694 5272 li-

140 5304 253 5345 neas
278 5295 688 5357 extraheretur,
718 5295 871 5348 initio
901 5292 1189 5359 cujuslibet
1211 5291 1365 5344 Iineze
1395 5289 1691 5342 asteriscus

141 5363 510 5432 appiugcbatur
565 5366 742 5418 denec
800 5373 971 5417 toturn
1025 5362 1319 5424 desineret,
1358 5359 1538 5426 ibique
1588 5359 1694 5412 duo

141 5443 316 5502 puncta
341 5435 616 5488 crassiora
654 5436 720 5487 de
749 5450 897 5488 more
926 5433 1288 5502 pingebantur
1321 5445 1336 5482 :
1369 5445 1488 5496 quae
1512 5439 1690 5502 tamen

139 5499 438 5571 plerumque
473 5505 817 5574 negliguntur
857 5499 1342 5574 in’tnaituscriptis,
1393 5499 1690 5574 praesertim

141 5570 360 5638 quando
393 5570 766 5627 additamenta
803 5571 1107 5638 huiusmodi
1167 5570 1494 5636 longiuscula
1545 5579 1689 5620 sunt.

141 5635 188 5690 lu
213 5643 599 5696 vetustissimis
635 5635 914 5697 codicibus
947 5635 1297 5699 Coisliuiano,
1318 5639 1689 5694 Claromouta-

143 5723 223 5778 tto,
269 5713 384 5767 sive
451 5712 564 5766 HR.
630 5712 730 5767 PP.
780 5711 1108 5766 Jesuitarum
1168 5710 1388 5778 Collegii
1435 5705 1690 5762 Ludovici

144 5776 295 5848 Magni
318 5791 372 5836 et
399 5783 542 5844 aliis,
569 5793 690 5852 post
720 5783 1006 5836 asteriscus
1037 5776 1634 5852 nominainterpretum
1657 5793 1686 5826 a

144 5853 328 5924 prunis
361 5848 580 5910 litteris
604 5853 1002 5916 describuntur,
1035 5852 1107 5908 ita
1160 5861 1214 5906 ut
1257 5848 1689 5921 frequentissime

1798 4661 1878 4724 εί
1901 4669 2226 4738 Symmacho
2252 4663 2643 4738 ;_vel_deuique
2667 4666 2732 4731 Ξδ(
2752 4664 2800 4716 οἱ
2827 4662 2944 4726 Γ,εἱ
2972 4676 3035 4738 ex
3057 4662 3227 4738 tribus
3255 4661 3360 4714 illis

1799 4731 1960 4794 simul
1986 4735 2371 4806 interpretibus
2399 4731 2674 4806 lectigiilla
2694 4741 2958 4806 excerpta
2995 4731 3083 4806 sit.
3105 4731 3358 4784 Fortasse

1801 4824 1931 4864 vero
1961 4809 2087 4876 quia
2122 4801 2179 4860 ut
2205 4803 2916 4876 plurimmuTheudogouis
2945 4801 3202 4876 lectiones
3234 4815 3356 4852 cum

1799 4870 2081 4933 asteriscis
2111 4870 2373 4929 all'e'rehat-
2419 4870 2699 4940 Origenes.
2735 4870 3120 4925 Theodotiouis
3163 4883 3355 4940 nomen

1799 4965 1904 5002 non
1929 4947 2139 5002 solebat
2159 4943 2494 5012 exprimere;
2518 4939 2741 5012 V’Aquilae
2771 4956 2896 4994 vero
2925 4940 3051 5012 quia
3082 4939 3276 4999 rarius,
3299 4946 3357 4990 et.

1800 5016 2114 5088 Symmachi
2167 5009 2296 5088 quia
2344 5009 2656 5088 rarissime,
2723 5009 3193 5088 interpretationes
3229 5021 3352 5084 cum

1799 5076 2072 5141 asteriscis
2103 5076 2396 5144 inserebat,
2429 5081 2643 5132 uotuina
2681 5096 2708 5130 a
2750 5080 2916 5147 prima
2949 5076 3125 5128 littera
3163 5077 3354 5147 depin-

1797 5158 1977 5225 gebat,
2011 5163 2073 5207 ut
2105 5154 2371 5225 indicaret
2401 5164 2519 5225 _nou
2555 5164 2618 5201 ex
2653 5145 3024 5225 Theodotione
3055 5160 3150 5212 pro
3196 5145 3356 5225 solito

1796 5214 2232 5292 verba'decerpi.
2267 5221 2374 5274 Sed
2396 5220 2500 5292 hoc
2530 5233 2596 5272 ex
2633 5219 3187 5292 cuttjectttra_t_attt_uttt
3225 5214 3357 5266 diei-

1798 5307 1906 5350 tur.
1941 5285 2232 5354 Caeleruin,
2258 5291 2432 5358 inquit
2463 5304 2612 5341 nutu.
2639 5289 2693 5347 4,
2741 5303 2808 5340 ex
2835 5285 3201 5358 _similitudine
3233 5299 3351 5350 qua:

1799 5363 2171 5420 intercedebat
2203 5353 2389 5416 Obelos
2436 5359 2577 5411 inter
2607 5368 2660 5410 et
2685 5356 2971 5410 lemniscos
2995 5364 3155 5421 atque
3187 5353 3356 5422 hpr

1800 5435 2113 5496 lemniscos,
2169 5447 2271 5485 non
2322 5429 2494 5483 solum
2544 5440 2802 5502 quantum
2856 5427 2921 5478 ad
2962 5421 3354 5502 fortttam,;setl

1797 5507 1961 5558 etiam
1992 5510 2250 5572 quantum
2276 5503 2341 5572 ad
2369 5514 2546 5572 usum,
2583 5499 2782 5551 factum
2811 5506 2893 5548 est
2917 5495 3238 5572 ut‘leuutisei
3259 5504 3356 5558 pro

1783 5574 1962 5632 .obelis
2005 5563 2114 5625 sint
2139 5570 2354 5644 Ababiti.
2383 5569 2514 5622 Nam
2557 5584 2664 5621 uno
2703 5577 2933 5644 excepto
2962 5563 3175 5632 Esychii
3214 5563 3353 5644 loco,

1794 5644 1993 5712 nullam
2028 5641 2516 5712 meletnniscorutu
2551 5631 2877 5712 mentionem
2900 5651 2928 5688 a
2962 5631 3351 5712 tempore

1796 5711 1978 5779 phauii
2004 5721 2057 5766 et
2097 5711 2410 5782 Hieronymi
2457 5707 2665 5782 uspiam
2702 5706 2939 5782 reperire
2965 5706 3243 5782 dilellt'ilti”;
3297 5706 3354 5754 in

1794 5773 1978 5835 Bibliis
2007 5781 2216 5837 scilicet
2255 5773 2658 5850 manuscriptis,
2711 5773 2771 5830 in
2790 5775 3010 5832 Catenis
3035 5783 3089 5828 et
3118 5774 3171 5822 in
3193 5773 3358 5825 om-

1795 5861 2088 5908 utettlat'tts.
2123 5871 2152 5904 »η
