3926 6520
560 423 696 477 tan
1835 407 1915 479 ζΡ.
1956 388 2289 459 DANIELIS
2318 396 2553 453 nomn
3688 386 3807 441 ista

562 542 797 610 legitima
827 536 935 591 τῶν
966 537 1022 588 0'
1058 533 1221 587 verba
1252 547 1281 584 a
1331 530 1702 585 Theodotione
1732 537 1990 584 accurate
2044 540 2133 579 se-
2163 523 2209 582 A
2238 534 2367 587 ergo
2398 518 2567 585 magis
2615 515 2891 584 magisque
2938 512 3039 567 bar.
3076 511 3335 577 editione,
3378 510 3669 565 restituere
3701 526 3803 564 eam

560 602 946 687 cernebantur.
1010 624 1193 692 itaque
1234 638 1331 691 pro
1359 622 1585 692 legentis
1608 620 1905 674 attentione
1937 627 1989 671 et
2020 616 2137 671 dili-
2243 611 2419 667 conati
2469 620 2597 665 sunt
2632 608 2891 663 Eusebius
2922 616 2977 660 et
3016 604 3353 670 Pamphilus,
3389 618 3457 658 ex
3508 602 3627 672 ipso
3666 604 3805 656 αὐτο-

562 722 740 792 gentia
796 726 1048 785 corrupta
1079 726 1257 779 erant,
1291 714 1371 767 vel
1426 714 1735 767 emendata.
1786 710 2050 777 Quocirca
2085 710 2137 763 in
2242 705 2465 777 γράφῳ,
2492 705 2635 771 quod
2664 710 2782 755 erat
2809 699 2861 752 in
2901 695 3218 753 Caesariensi
3257 695 3625 753 bibliotheca;
3667 695 3805 748 resti-

561 788 747 868 eadeui
778 812 848 862 ad
898 807 1253 877 Augustinum
1297 804 1520 874 epistola
1554 805 1627 859 ita
1664 804 1838 873 pergit
1878 803 2142 872 llierony-
2243 810 2413 853 tutam
2443 812 2573 852 vero
2592 804 2648 850 et
2673 807 2915 849 seorsum
2946 807 3137 861 magna
3166 788 3449 859 diligentia
3495 789 3803 855 descriptam

563 917 683 956 tuus
732 917 744 953 :
785 918 804 949 ι
829 900 923 954 Vis
958 909 1170 952 amator
1204 910 1326 950 esse
1370 909 1531 949 verus
1567 894 1917 962 Septuaginta
1968 892 2140 945 lnter—
2244 890 2681 961 publicaverunt.
2715 887 2891 955 Atque
2929 899 2993 939 ea
3022 884 3189 938 editio
3219 882 3510 937 Palzestina
3540 882 3681 933 dicta
3716 892 3802 935 cst.

560 990 811 1060 prelum?
847 988 960 1041 Non
986 988 1129 1057 legas
1156 1001 1218 1039 ea
1252 1000 1372 1054 qua:
1400 982 1500 1039 sub
1525 983 1799 1038 asteriscis
1825 991 1989 1049 sunt;
2032 981 2140 1035 imo
2242 985 2469 1041 Summo
2493 980 2697 1036 scilicet
2734 978 2993 1047 applausu
3041 975 3141 1028 fuit
3166 985 3417 1044 excepta,
3442 970 3576 1027 etin
3604 971 3803 1028 Jeroso-

562 1085 692 1137 rade
720 1084 786 1136 de
813 1081 1196 1136 voluminibus.
1222 1098 1242 1130 ι
2243 1073 2399 1145 lyma:
2451 1072 2681 1140 aliisque
2710 1069 2946 1125 Orientis
2989 1066 3243 1121 Eeclesiis
3290 1066 3573 1121 decantari
3624 1074 3805 1137 empta,

636 1171 871 1226 Editioni
909 1169 1017 1222 τῶν
1044 1167 1121 1235 0',
1154 1182 1274 1237 qua:
1304 1178 1419 1220 erat
1448 1167 1500 1220 in
1528 1165 1810 1234 Tetraplis,
1836 1164 2041 1219 scholia
2071 1166 2139 1219 ad
2241 1176 2292 1221 et
2316 1164 2658 1217 librariorum
2688 1177 2830 1231 saepe
2853 1176 2971 1214 eam
3005 1162 3057 1213 in
3087 1160 3332 1229 publicos
3358 1174 3491 1212 usus
3511 1157 3807 1212 exscriben-

561 1265 786 1319 limbum
820 1264 1000 1332 aliqua
1021 1290 1027 1296 ο
1048 1261 1314 1331 adiecisse
1340 1261 1624 1329 Origeuem
1654 1258 1913 1312 discimus
1933 1273 1998 1311 ex
2029 1272 2140 1311 me—
2244 1256 2373 1309 tium
2410 1254 2597 1309 labore
2620 1252 2964 1307 disseminata
3003 1253 3200 1323 passim
3228 1265 3291 1304 ac
3312 1261 3650 1321 propagata;
3698 1266 3802 1305 cum

562 1365 771 1410 morato
804 1357 989 1409 codice
1025 1352 1305 1414 Marehali,
1360 1367 1521 1421 quem
1576 1351 1778 1406 habent
1818 1350 2139 1403 Claromon-
2242 1360 2462 1417 propter
2513 1349 2755 1403 auctoris
2805 1349 3023 1411 famam,
3060 1357 3109 1400 et
3150 1346 3564 1401 emendatorum
3594 1343 3803 1399 nobilem

562 1448 671 1503 tani
713 1446 902 1501 Patres
948 1446 1235 1500 Societatis
1274 1442 1400 1497 Jesu
1458 1443 1817 1498 :adnotatum
1857 1442 2001 1495 enim
2055 1452 2141 1495 est
2243 1443 2565 1508 doctrinam,
2617 1449 2732 1495 tum
2764 1452 2984 1512 propter
3035 1440 3215 1507 operis
3251 1438 3426 1507 ipsius
3484 1438 3802 1507 dignitatem.

560 1549 686 1593 ante
719 1537 1084 1599 Ezecliielem,
1123 1538 1321 1589 librum
1368 1534 1512 1587 hunc
1557 1549 1621 1587 ex
1649 1532 1903 1600 llexaplis
1931 1532 2139 1587 descri-
2244 1534 2417 1599 Hujus
2444 1534 2697 1588 editionis
2724 1543 2778 1588 et
2831 1532 3223 1587 emendationis
3260 1530 3595 1585 luculentum
3649 1538 3805 1583 exstat

560 1642 710 1702 ptum
738 1646 887 1690 esse;
914 1641 1220 1684 correctum
1275 1642 1404 1681 vero
1432 1628 1498 1681 ad
1533 1626 1897 1693 Tetraplorum
1931 1627 2087 1679 [idem
2123 1645 2136 1680 ε
2246 1630 2657 1675 monumentum
2689 1622 2740 1674 in
2769 1623 2956 1676 codice
2983 1620 3174 1675 Renati
3201 1620 3501 1683 Marchali,
3534 1619 3648 1687 jam
3682 1634 3803 1688 saépe

561 1722 899 1792 postmodum
948 1721 1174 1774 subest:
1215 1720 1407 1771 Ἀτινα
1445 1718 1539 1771 καὶ
1578 1717 1743 1772 αὑτοῦ
1775 1718 2111 1789 (Ὥριγένους

2254 1713 2461 1765 laudato
2481 1753 2495 1776 ,
2532 1713 2583 1767 in
2607 1728 2715 1782 quo
2740 1724 2859 1779 post
2882 1712 3129 1769 Jeretnite
3154 1714 3347 1767 librum
3374 1713 3687 1765 adnotatum
3711 1720 3804 1776 est,

560 1815 703 1886 χειρὶ
727 1812 1022 1884 διώροωτο,
1057 1812 1149 1864 καὶ
1182 1810 1647 1881 ὲσχολιογράφητο
1667 1826 1681 1839 ο
1722 1809 1844 1862 ὃθεν
1881 1808 2110 1861 Εὑσέϐιο

2255 1805 2575 1872 descriptum
2605 1820 2726 1858 eum
2753 1820 2874 1859 esse
2897 1820 2961 1860 ex
2993 1805 3241 1876 Origenis
3266 1803 3551 1874 Hexaplis,
3572 1814 3626 1858 et
3650 1819 3805 1860 emen—

562 1884 674 1977 ἐγὼ
720 1906 790 1959 τὰ
834 1906 1019 1976 σχόλια
1062 1903 1371 1974 παρέθηκα·
1406 1903 1688 1973 Πάμφιλος
1733 1903 1827 1955 καὶ
1874 1902 2112 1954 Ἐυσέδιο

2260 1897 2433 1950 datum
2483 1913 2546 1951 ex
2583 1896 2840 1965 Tetraplis
2898 1913 3057 1951 manu
3117 1899 3286 1968 ipsius
3326 1897 3611 1963 exaratis;
3662 1898 3810 1967 idque

558 1997 964 2071 διωρθώσαντο.
1015 2015 1033 2047 ι
1059 1996 1188 2059 Quae
1213 1992 1502 2063 (Te!rapla)
1528 1994 1692 2062 ipsius
1714 1991 2004 2061 (Origenis)
2032 2004 2147 2043 ma-
2246 2004 2408 2059 opera
2435 1988 2696 2059 Pamphili
2721 1998 2775 2043 et
2797 1987 3031 2043 Eusebii.

562 2106 635 2146 nu
664 2090 972 2151 emendata,
1002 2096 1055 2141 et
1083 2085 1303 2140 scboliis
1326 2085 1601 2137 succincta
1630 2092 1785 2137 erant
1811 2100 1824 2136 :
1848 2082 1984 2150 (99‘)
2005 2081 2146 2135 unde
2316 2082 2395 2135 En
2426 2081 2519 2135 tibi
2551 2082 2664 2152 jam
2706 2084 2887 2152 itaque
2920 2082 3112 2152 triplex
3146 2082 3314 2136 editio
3343 2079 3691 2150 Septuaginta
3720 2082 3803 2136 Se-

560 2196 663 2251 ego
702 2180 961 2235 Eusebius
1006 2176 1206 2233 scholia
1239 2176 1460 2245 apposui
1499 2194 1513 2229 :
1547 2173 1857 2243 Pamphilus
1890 2183 1947 2227 et
1975 2172 2147 2226 Euse-
2244 2189 2411 2239 num;
2454 2174 2775 2244 Origeniana
2827 2176 2942 2230 haec
2986 2191 3103 2242 quae
3128 2175 3179 2227 in
3211 2172 3464 2239 Hexaplis
3517 2175 3804 2230 contineba-

563 2274 684 2329 bius
712 2273 1128 2326 emendarunt.)
2248 2274 2371 2330 tur;
2420 2265 2586 2319 altera
2636 2266 2884 2334 privatim
2923 2268 3065 2319 edita
3100 2266 3166 2319 ab
3209 2264 3445 2320 Eusebio
3476 2274 3532 2319 et
3577 2265 3802 2333 Pamphi-

635 2364 767 2421 Vlll.
802 2365 953 2431 Apud
1005 2364 1201 2420 multos
1250 2363 1391 2417 hanc
1418 2361 1725 2431 opinionem
1770 2360 2147 2429 percrebuisse
2248 2356 2320 2421 lo,
2372 2372 2494 2427 qua:
2534 2357 2730 2426 prioris
2776 2371 2922 2410 mere
2970 2371 3223 2425 germana
3271 2366 3429 2421 erat;
3476 2357 3631 2409 tertla
3667 2366 3799 2408 vetns

562 2458 743 2521 video,
772 2454 1060 2524 Origenem
1093 2468 1201 2521 quo
1236 2452 1531 2521 parabilior
1555 2461 1700 2504 esset
1721 2455 2006 2504 emendata
2032 2467 2059 2501 a
2088 2466 2148 2503 se
2248 2449 2336 2503 illa
2370 2466 2491 2517 qua:
2515 2449 2761 2519 Origenis
2786 2448 3218 2503 emendationem
3252 2449 3555 2517 praicessit,
3584 2457 3636 2501 et
3668 2447 3799 2517 κοινὴ

562 2548 727 2602 editio
758 2547 1042 2600 Seniorum
1068 2544 1447 2614 Septuaginta,
1474 2544 1709 2598 edidisse
1731 2556 1853 2596 eam
1873 2556 2141 2604 seorsum,
2247 2557 2342 2595 seu
2367 2540 2593 2611 Vulgata
2622 2541 2884 2610 appellata
2932 2547 3036 2604 est,
3064 2554 3293 2608 quaeque
3338 2538 3616 2606 multiplex
3658 2548 3707 2591 et
3731 2538 3800 2589 di-

564 2648 621 2693 et
658 2654 722 2692 ex
765 2638 968 2707 ingenti
1002 2636 1365 2705 Ilexaplorum
1405 2634 1545 2688 mole
1574 2634 1878 2697 exemisse;
1927 2635 2062 2688 adeo
2089 2641 2147 2687 ut
2248 2646 2401 2685 versa
2438 2632 2558 2692 fuit.
2589 2642 2775 2701 utpote
2805 2631 2981 2683 varias
3038 2645 3195 2696 passa
3238 2631 3676 2684 adulterationes.
3699 2628 3799 2681 Non

565 2729 805 2782 solitaria
857 2728 966 2790 illa.
1000 2728 1224 2782 alterius
1273 2742 1394 2797 qua:
1428 2725 1734 2781 habebatur
1786 2726 1838 2779 in
1888 2724 2145 2793 Hexoplis
2247 2722 2353 2777 alia
2393 2734 2571 2776 autem
2609 2723 2953 2792 Septuaginta
2996 2722 3359 2792 lnterpretum
3410 2722 3575 2775 editio
3603 2736 3802 2789 usurpa-

563 2821 708 2875 unde
730 2830 847 2875 erat
873 2818 1131 2888 profecta,
1160 2832 1417 2888 germana
1443 2826 1608 2880 esset,
1641 2827 1697 2871 et
1725 2817 1872 2871 omni
1904 2832 1971 2870 ex
1996 2827 2147 2885 parte
2248 2814 2407 2867 batur
2439 2813 2599 2882 vulgo
2622 2824 2747 2868 ante
2789 2812 3101 2882 Origenem,
3132 2829 3295 2883 quam
3328 2829 3449 2883 quae
3490 2814 3643 2885 κοινὴ
3675 2816 3799 2869 diee-

563 2912 775 2967 similis.
810 2911 970 2965 Ratio
1017 2912 1174 2965 istius
1203 2910 1473 2977 opinionis
1498 2909 1672 2963 valida
1711 2909 1851 2962 nulla
1886 2908 2142 2962 'aﬂertur.
2248 2904 2427 2960 batur.
2470 2905 2622 2959 llanc
2663 2906 3074 2973 appellationem
3116 2906 3320 2961 idcirco
3358 2917 3646 2962 consecuta
3678 2915 3796 2971 erat,

565 3002 907 3058 Probabilior
937 3001 1067 3053 mihi
1106 3000 1322 3053 videtur
1376 2999 1643 3053 sententia
1689 2997 1915 3052 Joannis
1959 2997 2145 3068 Bapti-
2246 2997 2390 3065 quod
2429 2998 2568 3051 nulla
2611 3013 2706 3066 per
2734 2999 3010 3053 Orientem
3054 2998 3351 3068 Scriptura:
3376 3000 3547 3055 editio
3573 2999 3797 3069 frequen-

565 3107 663 3149 sta:
705 3095 895 3148 Morini
917 3094 983 3159 “,
1021 3093 1122 3146 viri
1161 3091 1481 3157 doctissimi,
1516 3091 1809 3146 editionem
1840 3092 1999 3155 .illam
2034 3092 2146 3146 τῶν
2249 3090 2371 3143 tiori
2406 3106 2505 3143 usu
2554 3100 2949 3146 contereretur.
3007 3093 3125 3159 Quo
3175 3093 3373 3146 factum
3417 3104 3523 3155 est,
3554 3104 3609 3146 ut
3656 3094 3799 3147 editio

561 3185 619 3240 O’
654 3204 718 3241 ex
749 3185 1092 3255 Origenianis
1126 3183 1381 3251 Ilexaplis
1428 3184 1756 3253 descriptam
1812 3184 1879 3237 ab
1914 3184 2145 3239 Eusebio
2173 3231 2212 3255 η
2248 3182 2403 3253 κοινὴ
2426 3198 2529 3237 non
2566 3199 2725 3237 uuam
2754 3184 2993 3253 aliquant
3029 3198 3077 3240 et
3118 3187 3447 3255 peculiarem
3478 3184 3794 3255 Septuaginta

559 3290 617 3335 et
668 3278 978 3347 Pamphilo,
1036 3286 1096 3330 et
1143 3279 1374 3345 primum
1425 3276 1727 3344 evulgatam
1777 3277 2137 3340 arbitrantis;
2175 3274 2214 3289 "
2252 3274 2450 3330 Senum
2476 3276 2764 3330 editionem
2792 3286 2981 3331 notare
3014 3278 3208 3333 deinde
3232 3278 3487 3346 cceperit,
3524 3276 3614 3332 sed
3651 3277 3793 3345 ipsam

556 3373 713 3441 juxta
761 3369 890 3423 illud
946 3368 1257 3437 llierooymi
1306 3368 1358 3420 in
1408 3366 1625 3421 Przel'at.
1676 3368 1741 3419 ad
1798 3366 2031 3435 Paralip.
2073 3368 2142 3420 ad
2248 3368 2562 3422 eorumdem
2604 3368 2958 3437 interpretum
2997 3348 3410 3423 conversionem
3459 3368 3685 3439 generali
3713 3385 3792 3437 apo

561 3464 921 3519 Chromatium
956 3474 975 3511 :
1025 3480 1041 3510 ο
1066 3459 1390 3515 Alexandria
1425 3469 1477 3513 et
1504 3457 1769 3527 Egyptus
1808 3458 1862 3512 in
1909 3459 2155 3531 Septua—r
2251 3460 2535 3529 pellatione
2576 3460 2979 3529 significaverit.
3026 3460 3155 3515 Rem
3221 3476 3329 3515 uno
3374 3463 3543 3515 verbo
3573 3460 3787 3531 expedio.

562 3558 709 3625 ginta
740 3555 853 3609 suis
882 3552 1206 3623 llesycbiotn
1225 3551 1404 3604 laudat
1435 3559 1731 3605 auctorem.
1762 3530 2167 3606 Constantino-3
2254 3550 2587 3605 Vocabulum
2613 3552 2760 3615 illud,
2790 3552 2966 3623 κοινὴ,
3001 3553 3185 3621 generi
3221 3563 3275 3607 et
3308 3554 3512 3622 speciei
3541 3530 3791 3610 commune

564 3648 702 3716 polis
742 3658 909 3712 usque
956 3642 1297 3696 Antiochiam
1331 3639 1553 3694 Luciaui
1593 3643 1845 3712 martyris
1868 3644 2139 3713 exempla-
2248 3643 2371 3707 fuit,
2404 3655 2460 3697 ut
2490 3644 2610 3696 alia:
2654 3644 2922 3713 pleraeque
2951 3660 3112 3699 voces
3146 3663 3159 3699 :
3205 3647 3414 3713 generi,
3440 3662 3563 3700 cum
3584 3646 3789 3716 qualem-

565 3739 641 3793 ria
678 3738 890 3808 probat.
947 3734 1131 3789 Medize
1170 3735 1309 3787 inter
1344 3734 1443 3787 bas
1484 3734 1776 3801 provinciae
1829 3734 2143 3791 Palmstinos
2247 3752 2459 3804 cunque
2504 3736 2613 3788 τῶν
2645 3740 2699 3789 O’
2731 3737 3021 3791 editionem
3057 3740 3303 3804 notavit;
3360 3740 3581 3807 speciei,
3614 3755 3719 3793 cum
3750 3738 3788 3790 ei

563 3830 777 3885 codices
804 3830 1030 3898 legunt;
1084 3842 1221 3895 quos
1254 3827 1321 3879 ab
1368 3824 1600 3893 Origene
1647 3826 1953 3882 elaboratos
1976 3828 2143 3884 Euse-
2248 3829 2345 3885 soli
2376 3828 2590 3883 addicta
2638 3839 2739 3893 est,
2769 3844 2889 3898 quae
2932 3840 3055 3884 ante
3098 3830 3349 3900 Origenis
3390 3832 3789 3886 emendationem

563 3924 684 3978 bius
714 3932 767 3976 et
793 3918 1107 3988 Pamphilus
1128 3918 1498 3988 vulgaverunt.
1528 3938 1546 3969 ι
1582 3918 1713 3973 Nam
1741 3936 1861 3975 cum
1898 3920 2143 3991 frequen-
2249 3920 2749 3976 circumferebantur.
2792 3920 3001 3988 Speciei
3042 3923 3240 3976 tributa
3282 3933 3369 3978 est
3407 3926 3657 3993 primum,
3689 3922 3790 3977 inde

565 4024 647 4069 ter
676 4012 1119 4067 cxscriberentttr
1144 4010 1385 4079 Hexapla
1426 4010 1479 4065 in
1521 4010 1906 4078 Ecelesiarum,
1952 4016 2139 4071 docto-
2248 4016 2314 4069 ad
2364 4030 2533 4085 genus
2589 4015 2760 4082 ipsum
2804 4015 3077 4072 transivit.
3121 4016 3485 4082 Quamobrem
3536 4017 3792 4086 aliquando

563 4120 792 4175 rumque
830 4104 1105 4158 hominum
1144 4120 1322 4167 usum,
1357 4104 1509 4158 novis
1534 4104 1584 4158 in
1625 4105 1739 4159 dies
1763 4105 2140 4162 deformabau-
2250 4106 2611 4178 Hieronymus
2636 4108 2763 4171 τοὺς
2787 4111 2864 4173 Ο’,
2901 4110 2966 4162 ab
2989 4106 3221 4178 Origene
3255 4110 3465 4165 scilicet
3492 4111 3787 4169 emendatos.

566 4210 651 4254 tur
680 4201 917 4254 sordium
955 4199 1414 4268 inquinamentis;
1468 4214 1589 4254 cum
1617 4202 1915 4269 praesertim
1949 4205 2139 4259 asteri-
2248 4217 2277 4253 a
2307 4203 2459 4271 κοινῇ
2491 4200 2808 4270 distinguit;
2841 4201 3130 4270 aliquando
3164 4218 3285 4256 cum
3338 4220 3402 4257 ea
3443 4204 3716 4271 permiscet
3748 4209 3791 4253 et

559 4309 781 4347 seorum
808 4302 861 4345 et
894 4293 1175 4346 obelorum
1208 4293 1610 4347 adnatationem
1628 4294 1712 4348 vel
1740 4296 2135 4363 insuperhabe-
2249 4294 2549 4348 confundit.
2586 4292 2878 4362 Distinguit
2905 4294 3119 4363 quidem
3144 4296 3195 4349 in
3234 4295 3507 4350 Prommiu
3534 4298 3598 4349 ad
3622 4296 3786 4349 librum

563 4392 685 4436 rent
733 4382 959 4442 librarii,
1009 4380 1091 4435 vel
1134 4396 1237 4435 non
1278 4383 1411 4436 satis
1450 4383 1738 4451 diligenter
1788 4387 2141 4441 administra-
2250 4402 2337 4441 xvi
2368 4385 2730 4441 Commentar.
2756 4387 2810 4437 in
2848 4384 3071 4444 Isaiam.
3107 4405 3126 4438 ο
3151 4386 3401 4455 Liquido,
3434 4388 3622 4457 inquit,
3650 4385 3789 4440 conﬁ-

562 4484 681 4527 rent
707 4490 720 4525 :
749 4473 888 4526 unde
918 4472 1106 4539 ingens
1129 4472 1397 4526 incidebat
1420 4488 1598 4526 rerum
1624 4475 1976 4542 perturbatio,
2013 4490 2143 4530 cou-
2251 4490 2422 4533 tentes
2447 4478 2497 4531 in
2528 4478 2790 4531 llebraico
2822 4493 2926 4531 non
2972 4477 3182 4542 haberi,
3212 4494 3315 4534 nec
3356 4494 3482 4534 esse
3512 4481 3561 4533 in
3591 4479 3787 4546 Septua-

560 4565 694 4618 fusis
719 4575 773 4617 et
797 4564 1073 4631 permistis
1102 4579 1223 4617 cum
1256 4564 1607 4633 Septuaginta
1638 4565 2130 4632 Senum‘interpre
2170 4594 2217 4653 υ
2250 4571 2397 4640 ginta
2431 4568 2849 4636 lnterpretihus,
2879 4572 2971 4623 sed
3018 4570 3069 4625 in
3123 4570 3363 4626 editione
3397 4572 3651 4640 Vulgata,
3691 4582 3789 4637 quae

561 4658 766 4711 tatione
788 4656 1175 4709 Thcodotionis
1223 4656 1606 4711 additantentis
1649 4676 1663 4711 :
1718 4675 1735 4707 ι
1770 4656 2135 4711 Misericordia
2246 4661 2434 4716 Graece
2462 4658 2616 4730 κσινὴ
2668 4661 2889 4725 dicitur,
2923 4669 2976 4715 et
3029 4661 3082 4715 in
3117 4671 3229 4715 toto
3261 4663 3397 4715 orbe
3425 4664 3632 4717 diversa
3656 4669 3781 4714 est.»

558 4759 608 4804 et
655 4750 869 4811 verilas,
904 4749 1078 4817 inquit
1123 4748 1481 4818 Hieronymus
1519 4750 1570 4803 in
1608 4749 1779 4819 Epist.
1817 4752 1883 4805 ad
1914 4751 2049 4808 Sun.
2082 4764 2137 4811 et
2247 4753 2594 4821 Septuaginta
2624 4750 2953 4821 Interpretes
2992 4753 3169 4822 signat
3195 4753 3263 4806 ab
3293 4753 3528 4823 Origene
3565 4750 3785 4808 emenda.

562 4840 803 4903 Fretell.,
823 4841 1155 4893 obviaverunt
1176 4840 1276 4892 sibi
1302 4840 1346 4870 “
1370 4859 1382 4894 :
1403 4850 1457 4893 et
1477 4840 1658 4895 dicitis
1681 4842 1822 4909 quod
1852 4843 1902 4895 in
1924 4842 2133 4907 Grzeco,
2248 4855 2329 4899 tos
2350 4855 2402 4899 et
2428 4844 2480 4897 in
2511 4842 2746 4912 Epistola
2769 4844 2837 4896 ad
2873 4841 3007 4897 Sun.
3034 4852 3089 4898 et
3110 4844 3326 4899 Fretell.
3354 4865 3369 4902 :
3398 4867 3414 4898 ι
3444 4847 3609 4917 Κοινὴ
3635 4858 3785 4901 autem

558 4932 681 4996 sibi,
740 4946 843 4984 non
896 4930 1158 4984 habeatur
1203 4950 1215 4985 :
1263 4931 1409 4995 ἔλεος
1462 4933 1554 4985 καὶ
1596 4932 1820 5004 ἀλήθεια
1871 4937 2105 5008 συνήντη

2246 4936 2368 4998 ista,
2403 4935 2504 4989 hoc
2544 4946 2626 4989 est
2670 4935 2974 4990 communis
2995 4936 3181 5002 editio,
3223 4937 3336 5005 ipsa
3380 4950 3463 4993 est
3488 4956 3600 5010 quae
3626 4949 3675 4993 et
3709 4939 3786 4991 Sc—

560 5040 689 5075 σαν·
746 5022 930 5085 idest,
972 5020 1336 5076 Misericordia
1378 5032 1427 5076 et
1478 5024 1666 5078 veritas
1724 5040 2137 5092 concurrerunt;
2249 5024 2559 5093 ptuagiuta;
2597 5026 2689 5078 sed
2720 5025 2823 5079 boc
2868 5028 3093 5081 interest
3138 5028 3281 5084 inter
3331 5041 3629 5101 utramque,
3667 5030 3783 5099 quod

556 5115 636 5168 sic
669 5116 720 5169 in
760 5114 987 5169 llebra'o
1022 5115 1274 5179 habetur,
1313 5125 1369 5168 et
1417 5116 1556 5184 apud
1591 5115 1941 5185 Septuaginta
1983 5119 2139 5173 obelo
2254 5116 2403 5187 κοινὴ
2433 5133 2529 5185 pro
2557 5117 2686 5172 locis
2707 5127 2761 5172 et
2786 5122 3149 5190 temporibus.
3181 5132 3237 5177 et
3258 5139 3358 5191 pro
3386 5124 3646 5178 voluntate
3675 5121 3785 5177 stri-

556 5214 913 5273 praenotatum
950 5214 1034 5259 est
1070 5222 1083 5259 ε
1130 5220 1250 5273 qua:
1286 5205 1435 5274 signa
1489 5207 1615 5259 dum
1665 5222 1760 5274 per
1810 5208 2138 5276 scriptorum
2248 5219 2458 5276 ptoruut
2489 5219 2730 5263 veterum
2763 5224 3018 5281 corrupta
3056 5214 3223 5268 editio
3252 5224 3356 5271 est.
3382 5214 3455 5269 Ea
3486 5230 3653 5270 autem
3685 5229 3785 5281 qux

559 5298 947 5367 negligentiam
980 5314 1008 5349 a
1058 5297 1328 5365 plerisque
1356 5296 1510 5366 quasi
1534 5298 1799 5365 superﬂua
1827 5299 2142 5368 reliuqnun-
2251 5299 2483 5353 habetur
2518 5301 2568 5354 in
2612 5301 2917 5368 Ἑξαπλοῖς,
2953 5314 3007 5358 et
3037 5319 3199 5375 quam
3233 5320 3332 5359 nos
3380 5306 3647 5367 vertimus,
3692 5304 3783 5370 ipsa

565 5398 676 5450 ῑιιτι
724 5404 952 5455 magnus
988 5388 1040 5442 in
1084 5388 1307 5454 legendo
1341 5402 1495 5440 error
1538 5387 1803 5441 oboritur.
1828 5407 1845 5438 ι
1876 5388 2141 5451 Loquitur
2246 5404 2330 5448 est
2352 5409 2471 5462 quae
2505 5395 2555 5449 in
2587 5397 2920 5451 eruditorum
2952 5397 3105 5451 libris
3143 5398 3451 5469 incorrupta
3482 5408 3535 5453 et
3558 5399 3783 5452 imntaru-

558 5480 623 5532 de
650 5479 885 5533 editione
909 5480 1015 5533 τῶν
1038 5481 1091 5533 0'
1119 5495 1236 5549 qua:
1269 5478 1524 5548 Hexaplis
1552 5481 1741 5534 inerat.
1770 5480 2139 5550 Degenerante
2249 5484 2355 5538 lata
2388 5484 2735 5557 Septuaginta
2772 5487 3133 5558 lnterpretum
3171 5490 3452 5545 translatio
3488 5495 3781 5545 reservatur.

630 5640 677 5671 ⁸⁸
693 5637 848 5694 Joan.
873 5639 932 5694 Β.
965 5640 1156 5694 Morio.
1187 5642 1238 5693 in
1272 5640 1431 5695 Praef.
1469 5641 1533 5694 ad
1571 5641 1737 5694 LXX.
1814 5642 1860 5674 “
1887 5642 2029 5697 Psal.
2057 5657 2279 5713 Lxxxrv,
2310 5647 2393 5703 ll.

603 5735 762 5813 ⁸(9Ψ)
797 5732 945 5815 Uade:
977 5734 1361 5815 engusebius
1396 5737 1593 5815 sciiolia
1636 5739 1873 5815 apposui.
1909 5748 2011 5815 etc.
2058 5739 2134 5815 Ex
2240 5756 2294 5798 ut
2322 5745 2548 5815 videtur.
2581 5759 2741 5812 quam
2775 5743 3099 5815 Origeniano
3134 5743 3466 5811 exemplari,
3514 5741 3639 5810 quod
3699 5748 3784 5815 po-

562 5802 646 5888 his
677 5816 821 5888 pallui.
855 5802 1115 5888 Tetruplis
1155 5822 1288 5888 nova
1310 5806 1603 5888 .Eusebiutn
1626 5802 1902 5888 .ailjecisse
1927 5809 2131 5888 scholia
2240 5824 2497 5872 sti-cntum
2522 5802 2783 5883 Painpltili
2808 5802 3110 5871 etvEuscbii
3145 5802 3310 5885 operai
3346 5802 3667 5872 emendatum
3688 5802 3787 5861 ἀδιι

566 5874 617 5924 in
642 5874 957 5940 quibusdam
986 5874 1175 5928 saltem
1203 5875 1495 5943 Scriptura:
1520 5876 1669 5931 libris
1702 5874 1715 5929 ί
1737 5876 1896 5946 idque
1926 5878 1977 5931 iu
2005 5878 2139 5947 alio,
