3926 6554
131 500 235 558 ιλιι)
955 485 1527 546 ORICENIANORUM
1566 483 1695 540 [ΑΒ.

1868 481 2020 537 CAP.
2062 479 2128 544 ll,
2171 477 2367 535 SECT.
2410 476 2492 533 IV.
3240 472 3378 528 1250

132 611 367 684 Quidquid
421 624 559 679 ergo
589 612 658 665 ab
698 610 802 663 bac
832 606 1123 674 discrepat.
1179 601 1309 657 nulli
1355 600 1579 654 dubium
1611 606 1695 652 est
1726 604 1769 659 Α
1800 595 1909 649 bat.
1941 592 2129 648 Media:
2161 606 2319 646 mter-
2351 592 2453 646 bas
2485 589 2782 661 provincia:
2812 586 3129 642 Palaestinos
3164 586 3381 642 codices

132 678 231 780 quin
258 678 329 759 ita
366 713 426 759 et
469 678 541 757 ab
586 700 930 755 Hebraeorum
979 695 1303 750 auctoritate
1346 691 1639 745 discordet.
1667 705 1687 740 ι
1796 688 2015 755 legunt;
2059 700 2195 754 quos
2248 685 2317 739 ab
2364 683 2603 754 Origene
2657 681 2963 737 elaboratus
3014 678 3280 733 Eusebius
3330 687 3386 733 et

134 771 397 856 Confuudit
436 810 570 849 vero
594 795 724 856 τοὺς
753 790 806 844 0'
830 807 951 846 cum
983 786 1209 858 Vulgata
1247 785 1340 841 lib.
1370 797 1427 839 ιι
1455 782 1511 836 in
1532 780 1694 835 Isaia:
1791 778 2110 848 Pamphilus
2143 776 2510 846 vulgaverant
2537 817 2553 838 ,
2600 783 2856 842 totusque
2908 772 3057 827 orbis
3102 771 3206 826 hac
3242 772 3387 826 inter

133 909 236 954 xxx,
264 890 357 944 ΞΟ.
410 906 430 940 σ
454 888 709 949 Multum,
754 884 948 955 inquit,
986 882 1037 936 iu
1064 882 1164 936 hoc
1191 879 1310 933 loco
1341 876 1695 947 Septuaginta
1797 884 1858 925 se
1888 867 2094 923 trifaria
2122 868 2390 923 varietate
2414 875 2763 937 compugnat.
2797 883 2816 918 ι

134 983 290 1045 editio,
319 978 767 1047 Hebraicumque
800 973 1136 1029 discordant.
1186 971 1429 1025 Primum
1465 980 1601 1038 ergo
1632 966 1700 1019 de

138 1075 336 1144 Vulgata
368 1072 757 1126 tractabimus.
788 1088 806 1121 ι
848 1067 1129 1136 Vulgatam
1174 1064 1465 1118 editionem
1514 1058 1702 1130 appel-

136 1169 333 1231 ικιτοὺς
365 1167 445 1228 O’,
480 1179 715 1237 quorum
766 1161 931 1216 verba
989 1158 1194 1230 profert
1244 1175 1261 1213 ;
1291 1154 1495 1227 profert
1524 1164 1702 1207 autem

136 1262 186 1315 de
236 1258 519 1327 Hexaplia.
579 1257 642 1310 Et
674 1254 726 1309 in
757 1252 975 1308 Pt'aefat.
1019 1251 1324 1306 Comment.
1358 1251 1411 1301 in
1451 1246 1655 1300 Daniel.
1685 1262 1700 1297 :

1872 1000 1940 1055 X.
1970 999 2236 1055 Craterum
2268 999 2380 1052 veri
2415 997 2546 1052 mihi
2574 998 2785 1052 videtur
2820 995 3170 1062 simillimum,
3193 994 3388 1049 Lucia—

1803 1110 1933 1151 num
1961 1092 2160 1163 ipsum,
2198 1100 2253 1145 et
2280 1088 2608 1159 Hesycltium
2634 1104 2754 1143 cum
2787 1087 2971 1159 κοινὴν
3004 1087 3386 1148 emendabant,

1806 1195 1864 1239 ut
1891 1182 2143 1253 Origenis
2188 1179 2544 1234 imitabantur
2584 1179 2844 1242 studium,
2883 1180 2953 1233 ita
2995 1177 3390 1233 emendationis

1809 1277 2076 1333 rationem
2116 1273 2376 1337 tenuisse.
2411 1280 2466 1326 et
2499 1270 2672 1327 obelis
2709 1286 2775 1323 ac
2805 1269 3079 1325 asteriscis
3102 1268 3286 1341 κοινὴν
3310 1269 3393 1322 di-

140 1352 433 1421 tOrigenes
481 1350 552 1404 de
587 1345 979 1402 Tbeodotionis
1008 1357 1171 1413 opere
1200 1342 1266 1409 ‘in
1312 1340 1548 1395 editione
1580 1336 1709 1391 Vul-

137 1458 244 1515 gata
277 1442 579 1496 asteriscos
616 1438 816 1509 posuit.
850 1454 869 1488 i
907 1436 972 1489 Et
1012 1434 1066 1489 in
1103 1432 1341 1504 Epistola
1376 1431 1441 1485 ad
1483 1429 1707 1485 Suuiam

136 1547 177 1590 et
206 1533 427 1589 Fretell.
465 1551 483 1583 ι
524 1529 677 1585 Licet
705 1529 755 1583 in
787 1526 1141 1598 Septuaginta
1173 1533 1228 1578 et
1270 1524 1324 1577 in
1359 1521 1612 1590 Hexaplis
1638 1520 1711 1573 ita

139 1626 444 1695 repererim.
473 1643 491 1675 ι
538 1621 649 1677 1-1οε
684 1629 769 1676 est
803 1620 855 1673 in
887 1617 1137 1688 Vulgata,
1170 1604 1223 1670 et
1254 1615 1307 1669 in
1337 1614 1425 1669 illa
1454 1610 1717 1683 Hexaplo-

137 1735 258 1773 rum.
301 1714 534 1785 Vulgata
578 1711 861 1783 speciatim
898 1719 954 1764 et
992 1709 1210 1779 proprie
1252 1706 1395 1762 dicta
1430 1705 1718 1759 utebantur

140 1814 289 1866 Sunia
323 1820 375 1864 et
409 1806 667 1870 Fretella,
700 1803 802 1873 pia:
842 1813 898 1858 ct
936 1802 1165 1857 erudita:
1196 1798 1411 1854 femina:
1440 1815 1455 1851 :
1491 1794 1717 1849 multum

139 1906 217 1959 illa
244 1920 270 1957 a
298 1900 629 1972 primigenio
661 1895 958 1966 exemplari
985 1891 1302 1948 deﬂexerat.
1340 1888 1433 1944 Ha:
1463 1894 1723 1957 rogarunt

141 1954 543 2064 Hieronymum,
578 2000 637 2045 ut
671 1988 1026 2058 plurimorum
1066 1981 1319 2038 Psalterii
1364 1980 1629 2041 locorum,
1660 1976 1712 2031 in
1747 1954 1792 2013 Β

139 2090 318 2159 quibus
353 2086 545 2141 Graeca
584 2098 613 2136 a
647 2080 855 2135 Latinis
897 2075 1269 2139 dissonabattt,
1310 2070 1602 2141 legitimam
1639 2067 1715 2121 le-

139 2183 360 2238 ctionem
390 2194 459 2232 ex
492 2175 757 2231 Hebraica
790 2173 1020 2228 veritate
1073 2168 1175 2224 sibi
1212 2167 1466 2222 traderet.
1510 2161 1712 2216 Morem

140 2274 290 2347 gessit
312 2271 702 2341 Hieronymus,
728 2275 783 2320 et
812 2265 1073 2335 prolixam
1100 2260 1384 2328 rescripsit
1406 2253 1714 2326 epistolam,

141 2384 199 2423 ex
241 2365 395 2436 cujus
435 2362 752 2419 evolutioue
800 2359 1002 2420 discas,
1059 2353 1192 2424 quid
1230 2350 1517 2420 vulgatam
1573 2347 1717 2401 inter

138 2458 442 2519 editionem,
468 2464 526 2508 et
553 2452 701 2506 illam
741 2464 861 2520 qua:
889 2446 1111 2517 iacebat
1144 2446 1197 2499 in
1227 2438 1504 2511 Uexaplis,
1532 2437 1719 2493 discri-

144 2552 292 2607 minis
316 2545 655 2605 interfuerit.

204 2684 292 2741 11.
332 2684 470 2738 Dum
506 2681 651 2736 banc
689 2674 1056 2732 emaculandis
1106 2670 1459 2742 Septuaginta
1489 2665 1719 2722 Senibus

145 2780 412 2835 navabant
456 2788 685 2843 operam
724 2767 990 2824 Eusebius
1039 2775 1096 2822 et
1122 2763 1471 2833 Pamphilus;
1524 2759 1720 2815 similis

146 2886 271 2926 cura
314 2863 651 2937 llesychium
690 2860 1017 2915 menacbum
1065 2858 1119 2911 in
1150 2854 1406 2927 Egypto,
1442 2862 1497 2907 et
1523 2850 1720 2906 Lucia-

150 2978 266 3017 nunt
293 2959 601 3015 Antiochia:
651 2953 842 3009 eodem
877 2950 1099 3005 circiter
1143 2959 1382 3015 tempore
1409 2943 1719 2999 exercebat.

148 3054 212 3109 Hi
243 3054 474 3124 priscam
530 3048 683 3103 illam
709 3043 1029 3106 editionem,
1057 3037 1241 3109 κοινὴν
1279 3037 1506 3098 dictam,
1547 3032 1723 3088 defor-

150 3162 282 3202 mem
312 3142 547 3206 meudis,
601 3148 654 3194 et
690 3135 962 3193 sexcentis
987 3132 1232 3186 vitiatam
1264 3129 1397 3183 locis
1436 3135 1645 3180 mutare
1670 3124 1721 3177 in

148 3238 332 3293 melius
364 3231 608 3306 aggressi
635 3237 783 3286 sunt.
821 3225 1093 3282 Adltibitis
1115 3236 1245 3292 ergo
1280 3218 1508 3274 vetustis
1532 3215 1725 3285 Vulga-

1810 1371 2087 1434 stinxisse,
2115 1369 2273 1439 eique
2301 1367 2686 1423 Tbeodotionis
2713 1366 2939 1421 lacinias
2969 1366 3227 1421 assuisse.
3255 1363 3391 1419 Cum

1814 1463 1958 1518 enim
1987 1472 2196 1517 eertum
2243 1461 2313 1515 sit
2358 1458 2652 1531 [Egyptum
2688 1474 2751 1513 ac
2794 1458 3007 1529 Syriam
3054 1457 3396 1531 Hesycbiiet

1816 1554 2038 1610 Luciani
2075 1553 2403 1608 editionibus
2436 1567 2557 1607 esse
2592 1567 2754 1617 usas;
2804 1566 2903 1606 nec
2960 1552 3139 1605 minus
3184 1527 3393 1604 certum

1819 1649 1889 1704 sit
1916 1662 2035 1717 qua:
2081 1646 2146 1700 iis
2199 1646 2251 1699 in
2302 1645 2616 1715 regionibus
2678 1644 3080 1713 usurpabantur
3130 1643 3396 1698 editiones

1818 1741 1925 1794 τῶν
1949 1742 2022 1801 0’.
2047 1737 2216 1794 obelis
2240 1737 2407 1793 fuisse
2433 1748 2488 1793 et
2507 1738 2783 1793 asteriscis
2810 1738 3069 1808 signatas,
3096 1736 3249 1806 plane
3273 1720 3400 1790 hinc

1822 1833 2047 1888 efﬁcitur
2069 1831 2317 1902 Hesycltii
2343 1828 2396 1885 et
2428 1829 2651 1885 Luciani
2684 1831 2945 1886 editiones
2979 1840 3192 1884 notatas
3231 1830 3402 1885 fuisse

1823 1925 1995 1981 obelis
2033 1934 2085 1978 et
2119 1922 2414 1979 asteriscis.
2452 1922 2814 1993 Hieronymus
2850 1924 2900 1976 in
2932 1922 3205 1978 Proemio
3236 1922 3399 1977 Com-

1825 2027 1990 2074 ment.
2040 2017 2249 2071 Daniel.
2302 2035 2319 2067 ι
2348 2014 2453 2069 Sed
2507 2024 2559 2070 et
2605 2012 2867 2085 Origenes
2910 2016 2977 2069 de
3020 2013 3405 2069 Tbeodotionis

1816 2125 1978 2180 opere
2014 2109 2065 2164 iu
2094 2109 2329 2163 editione
2371 2107 2601 2177 Vulgata
2636 2108 2930 2163 asteriscos
2956 2109 3161 2179 posuit,
3203 2107 3406 2163 docens

1817 2203 2052 2259 defuisse
2082 2217 2201 2273 quae
2229 2202 2412 2256 addita
2439 2212 2598 2267 sunt;
2632 2210 2687 2256 et
2714 2216 2901 2255 rursus
2925 2202 3188 2271 quosdam
3216 2216 3406 2256 versus

1816 2296 1988 2351 obelis
2001 2296 2344 2366 pramotavit,
2368 2292 2639 2362 superflua
2661 2308 2889 2363 quaeque
2912 2294 3224 2363 designans.
3242 2293 3404 2347 Cum-

1818 2403 1922 2457 que
1952 2402 2139 2442 omues
2169 2386 2374 2441 Christi
2408 2386 2688 2451 Ecclesiae,
2740 2397 2846 2441 tam
2886 2386 3201 2440 Graecorum
3244 2402 3406 2456 quant

1817 2480 2154 2544 Latinorum,
2190 2477 2568 2549 Syrorumque
2625 2491 2678 2533 et
2703 2478 3111 2551 Egyptiorum,
3141 2480 3281 2533 lianc
3307 2479 3408 2533 sub

1819 2573 2096 2627 asteriscis
2127 2582 2181 2627 et
2207 2572 2389 2626 obelis’
2412 2572 2712 2626 editionem
2752 2573 2953 2642 legant,
3003 2573 3288 2641 ignoscant
3329 2574 3411 2626 in-

1818 2668 1929 2722 vidi
1983 2666 2158 2721 labori
2211 2682 2353 2731 meo.
2388 2667 2481 2736 qui
2535 2667 2679 2721 volui
2732 2668 2937 2721 habere
2992 2679 3230 2730 nostros.
3265 2672 3409 2737 quod

1820 2759 1993 2815 Graeci
2047 2761 2099 2814 in
2149 2758 2381 2829 Aquilrc,
2439 2770 2495 2813 et
2526 2758 2941 2824 Tbeodotionis,
3006 2775 3071 2815 ac
3103 2760 3412 2831 Symmachi

1822 2850 2149 2906 editionibus
2180 2850 2468 2905 lectitant:
2505 2870 2524 2903 ι
2558 2862 2614 2906 et
2640 2851 2694 2905 iu
2732 2853 2906 2922 Epist.
2943 2852 3034 2916 89,
3065 2853 3134 2908 ad
3152 2854 3411 2922 Augusti-

1825 2961 1974 3011 num,
1999 2958 2117 3014 cap.
2149 2944 2182 2997 6
2212 2962 2225 2999 :
2261 2962 2281 2995 r
2312 2944 2402 2998 Vis
2453 2955 2664 2998 amator
2704 2959 2825 3000 esse
2848 2962 3005 3000 verus
3058 2946 3414 3016 Septuaginta

1822 3037 2226 3107 luterpretum?
2265 3052 2369 3091 non
2402 3038 2550 3107 legas
2581 3053 2642 3091 ea
2671 3053 2792 3107 quae
2827 3039 2926 3091 sub
2960 3039 3243 3092 asteriscis
3266 3049 3413 3103 sunt,

1826 3131 1934 3186 imo
1964 3130 2090 3185 rade
2138 3133 2207 3185 de
2235 3130 2620 3193 voluminibus,
2672 3140 2729 3182 ut
2760 3139 3002 3184 veterum
3050 3140 3100 3184 te
3144 3131 3412 3184 fautorem

1826 3222 2023 3293 probes
2055 3240 2069 3276 :
2104 3222 2244 3291 quod
2274 3222 2317 3275 si
2356 3220 2570 3282 feceris,
2608 3236 2797 3275 omnes
2837 3220 3198 3274 Ecclesiarttm
3234 3221 3422 3275 biblio-

151 3341 218 3386 ιω
246 3303 901 3398 hujusvinterpretationis
930 3315 1329 3387 exemplaribus
1362 3326 1474 3366 rem
1508 3310 1580 3363 ita
1608 3322 1725 3379 ges-
1754 3303 1794 3359 C
1831 3317 2016 3371 thecas
2066 3315 2327 3369 damnare
2349 3314 2598 3384 cogeris;
2634 3315 2718 3367 νίχ
2763 3316 2905 3367 enim
2943 3328 3081 3367 unus
3133 3324 3223 3367 ειυι
3278 3314 3416 3369 anc,-

148 3433 349 3487 scrunt,
387 3432 442 3476 ut
466 3432 716 3475 recusam
737 3416 805 3470 ab
834 3411 1103 3483 Hesychio
1135 3408 1424 3463 editionem
1458 3402 1728 3472 Egyptus

152 3518 394 3589 amplexa
429 3516 505 3569 sit
540 3530 556 3567 :
594 3523 760 3580 quam
783 3522 913 3561 vero
954 3504 1160 3559 recoxit
1190 3500 1487 3559 Lucianus,
1516 3494 1585 3548 ab
1611 3492 1730 3546 uui-

150 3585 319 3666 versis
343 3607 572 3678 probata
600 3612 658 3658 et
688 3607 947 3670 usurpata
978 3597 1050 3653 sit
1077 3593 1405 3665 regionibus,
1447 3601 1566 3658 qua:
1591 3585 1732 3678 Gon-

153 3674 557 3770 stautiuopolim
612 3702 670 3749 et
698 3689 1043 3747 Antiochiam
1086 3683 1440 3752 interiacent:
1472 3693 1595 3770 nam
1627 3674 1732 3730 He-

154 3769 401 3848 braicam
419 3790 587 3843 etiam
634 3786 919 3838 veritatem
947 3776 1288 3835 consuluisse
1324 3773 1520 3834 fertur,
1548 3769 1616 3822 ab
1636 3781 1732 3822 eo-

157 3899 256 3953 que
280 3879 573 3938 emendata
617 3875 785 3931 Vetus
820 3873 910 3928 illa
947 3871 1174 3940 Vulgata
1215 3866 1433 3922 nomine
1464 3864 1630 3933 ipsius
1657 3859 1737 3913 af-

159 3976 288 4030 fecta
316 3984 422 4031 est.
456 3972 826 4039 Hieronymus
850 3965 901 4020 in
932 3964 1103 4033 Epist.
1137 3961 1202 4014 ad
1230 3959 1366 4014 Sun.
1389 3966 1445 4012 et
1478 3952 1732 4009 Fretell.:

162 4086 179 4117 ι
208 4064 259 4119 lu
297 4079 410 4135 quo
455 4059 702 4117 breviter
747 4055 878 4109 illud
908 4054 1198 4113 admoneo,
1234 4059 1293 4102 ut
1340 4045 1526 4135 sciatis
1574 4043 1734 4096 aliam

159 4172 272 4211 esse
303 4118 629 4214 editionem,
667 4162 830 4218 quant
861 4144 1121 4214 Origenes
1152 4150 1206 4195 et
1247 4118 1597 4193 Caesariensis
1628 4133 1735 4187 Eu-

161 4250 356 4313 sebius,
397 4254 703 4310 omnesque
735 4236 960 4292 Graeciae
992 4244 1310 4288 traetatores
1338 4225 1543 4297 κοινὴν,
1575 4223 1626 4279 id
1657 4233 1742 4278 est

161 4342 500 4396 Communem
543 4330 839 4403 appellant,
879 4340 1042 4396 atque
1078 4323 1381 4392 Vulgatatu,
1409 4328 1464 4373 et
1490 4333 1519 4370 a
1551 4315 1741 4384 pleris-

161 4449 264 4506 que
310 4448 455 4487 nunc
507 4428 860 4488 Λουκιάνειος
906 4421 1143 4481 dicitur;
1190 4413 1347 4468 aliam
1391 4406 1739 4506 Septuaginta

163 4499 546 4596 interpretum,
572 4536 693 4592 qua:
714 4528 770 4573 et
798 4517 851 4571 in
880 4507 1206 4579 Ἐξαπλοῒς
1233 4504 1525 4573 codicibus.
1544 4499 1745 4569 reperi-

166 4629 271 4685 tur,
296 4631 351 4674 et
381 4635 411 4674 a
442 4616 603 4671 nobis
628 4615 680 4667 in
706 4611 957 4665 Latinum
1003 4616 1305 4661 sermonem
1336 4597 1565 4652 fideliter
1588 4607 1744 4649 versa

168 4723 268 4774 est,
298 4722 354 4766 et
387 4706 765 4775 .lerosolyutar,
809 4711 971 4770 atque
1002 4698 1054 4752 in
1098 4693 1338 4751 Orientis
1367 4686 1626 4746 Ecclesiis
1650 4686 1746 4740 dea

169 4815 437 4859 cantatur.
468 4820 487 4853 Ρ

244 4933 405 5005 Igitur
432 4925 755 5002 quintuplcx
801 4933 920 4994 post
953 4923 1093 4977 hanc
1140 4928 1352 4975 aetatem
1397 4914 1751 4986 Septuaginta

170 5025 529 5097 lnterpretum
554 5021 723 5077 editio
756 5019 935 5073 Itabita
967 5025 1050 5070 est
1074 5032 1088 5079 ;
1122 5011 1351 5083 Vulgata
1376 5020 1548 5073 vetus,
1574 5007 1757 5075 Orige-

174 5120 355 5182 ttiana,
409 5113 743 5178 Eusebiana,
799 5110 885 5165 illa
926 5106 1174 5169 Luciani,
1215 5115 1269 5157 et
1302 5103 1489 5173 quinta
1542 5102 1754 5154 demum

176 5207 450 5280 llcsychii.
490 5208 600 5262 Sed
636 5203 890 5275 quoniam
938 5216 1006 5255 ex
1046 5196 1302 5266 Hexapfis
1352 5194 1589 5265 profecta
1637 5201 1757 5245 erat

177 5301 506 5362 Eusebiana.
533 5313 634 5369 pro
668 5312 775 5349 una
826 5293 1125 5361 eademque
1177 5298 1409 5357 utraque
1446 5284 1626 5339 habita
1653 5292 1755 5338 est.

177 5398 310 5461 Quae
340 5410 468 5450 vero
500 5393 603 5464 τῆς
635 5388 822 5459 κοινῆς
860 5384 1185 5453 exemplaria
1223 5387 1539 5452 supererant
1566 5377 1618 5430 in
1647 5387 1760 5430 stu-

178 5489 451 5543 diosorum
501 5482 853 5540 bibliothecis
880 5478 1291 5533 delitescebant.
1333 5475 1506 5542 Atque
1536 5472 1605 5524 ita
1635 5468 1762 5523 licet

179 5584 416 5651 quinque
445 5593 642 5634 revera
693 5581 971 5629 exstarent
1028 5573 1132 5625 hoc
1181 5578 1424 5636 tempore
1474 5564 1761 5628 editiones,

183 5676 341 5726 lritttn
370 5675 645 5727 duntaxat
666 5681 798 5720 usus
833 5664 1029 5718 eratin
1062 5661 1347 5717 Ecclesiis.
1385 5677 1405 5710 ‹
1432 5655 1763 5711 Alexandria

181 5774 241 5815 et
277 5764 564 5834 Egyptus,
619 5758 793 5827 inquit
823 5756 1206 5826 Hieronymus,
1256 5773 1274 5806 ι
1323 5755 1373 5807 in
1413 5738 1764 5819 Septuaginta

183 5856 297 5908 suis
326 5852 663 5927 llesycltium
720 5849 901 5903 laudat
947 5858 1223 5902 auctorem
1273 5841 1770 5910 Constantinopolis

186 5961 354 6017 usque
383 5943 736 6005 Antiochiam
760 5937 981 5998 Luciani
1011 5941 1268 6009 martyris
1288 5935 1616 6007 exemplaria
1643 5948 1771 6005 pro-

1833 3406 2104 3461 iuvenitur
2133 3405 2290 3470 liber,
2337 3406 2428 3474 qui
2470 3405 2571 3458 ista
2624 3419 2729 3458 non
2787 3402 3005 3459 habeat.
3035 3421 3052 3453 ι
3100 3402 3306 3474 Quippe
3332 3407 3420 3459 vix

1833 3499 1937 3551 ulla
1970 3497 2204 3568 reperire
2236 3491 2353 3551 erat
2392 3496 2703 3568 Hieronymi
2738 3505 2897 3551 aetate
2919 3496 3270 3566 exemplaria,
3300 3514 3421 3567 qua:

1833 3605 1942 3644 non
1970 3590 2057 3644 vel
2093 3592 2160 3644 ab
2187 3588 2440 3660 Origene.
2473 3590 2555 3644 vel
2590 3606 2619 3643 a
2664 3587 2923 3653 Luciauo,
2946 3590 3028 3644 vel
3060 3593 3125 3644 ab
3154 3588 3423 3661 Hesychio

1834 3682 2061 3738 fuissent
2085 3693 2354 3739 correcta.
2382 3683 2517 3739 Cum
2552 3684 2737 3754 itaque
2770 3684 2980 3753 vulgata
3028 3686 3210 3739 omnia
3239 3702 3425 3741 exem-

1836 3779 2004 3848 plaria
2038 3779 2366 3834 insedissent
2415 3778 2661 3833 asterisci
2695 3786 2749 3833 et
2781 3778 2947 3845 obeli,
2998 3793 3097 3833 nec
3153 3778 3260 3833 ulla
3314 3779 3427 3834 fere

1835 3879 2015 3923 essent
2038 3869 2091 3923 in
2124 3884 2250 3933 usu,
2281 3884 2443 3938 quam
2476 3884 2595 3938 qua:
2629 3882 2741 3925 tres
2764 3870 2836 3924 illi
2870 3872 3226 3941 castigatores
3248 3887 3433 3926 emen-

1838 3966 2121 4024 daverant,
2156 3962 2401 4029 sequitur
2436 3964 2504 4014 ita
2530 3962 2819 4018 distinctos
2858 3964 3027 4018 fuisse
3067 3965 3303 4032 ipsorum
3335 3980 3433 4019 eo-

1840 4054 2006 4107 dices.
2062 4052 2227 4119 Cujus
2284 4052 2771 4108 discriminationis
2820 4067 3088 4123 quosnam
3151 4056 3434 4124 assignare

1841 4159 1937 4212 par
1962 4152 2044 4197 est
2067 4153 2341 4207 auctores,
2380 4153 2741 4213 pra'terquam
2775 4144 3072 4200 Lucianttm
3130 4147 3330 4215 ipsum,
3376 4159 3437 4204 et

1842 4235 2194 4305 ilesycbium,
2221 4236 2362 4304 quod
2397 4236 2465 4290 ab
2488 4232 2720 4306 Origene
2763 4238 2994 4307 primum
3035 4239 3215 4295 fuerat
3245 4243 3435 4297 inven—

1846 4340 1957 4382 tum
1984 4329 2265 4395 imitantes
2314 4330 2655 4398 postmodum
2710 4339 2765 4385 et
2811 4331 3159 4387 excolentes?
3196 4334 3334 4401 Quin
3380 4342 3435 4387 et

1845 4422 1910 4476 ad
1940 4422 2203 4476 editiones
2237 4437 2453 4493 quoque
2483 4420 2706 4477 Latinas
2736 4424 2983 4493 pervenit
3016 4424 3276 4495 ejusmodi
3322 4427 3438 4480 στί-

1853 4513 1938 4581 et;
1963 4530 1978 4576 ;
2015 4530 2136 4567 nam
2166 4512 2529 4586 Hieronymus
2557 4515 2606 4568 in
2646 4514 2817 4585 Epist.
2846 4515 2936 4581 89,
2960 4516 3026 4571 ad
3058 4519 3437 4588 Augustinum,

1849 4621 1972 4675 cap.
1999 4604 2055 4671 6,
2097 4605 2301 4662 Latium
2324 4623 2434 4662 sua:
2470 4607 2578 4661 τῶν
2600 4610 2654 4662 O'
2683 4611 3117 4680 interpretationi
3149 4613 3444 4668 asteriscos

1835 4715 2070 4793 .quoque
2096 4710 2150 4755 et
2172 4699 2360 4756 obelos
2389 4716 2513 4758 sese
2534 4702 2807 4758 addidisse
2836 4713 3083 4757 testatur.

1930 4839 2009 4894 Ex
2060 4838 2146 4893 his
2186 4854 2349 4908 porro
2389 4837 2595 4894 Graecis
2637 4838 2988 4902 editionibus,
3034 4839 3114 4894 vel
3141 4857 3202 4894 ea
3248 4857 3443 4911 nempe

1860 4946 1979 5001 qua:
2000 4938 2117 4984 erat
2144 4929 2197 4982 iu
2230 4929 2506 4995 Hexaplis,
2538 4929 2650 4983 sive
2679 4928 3006 4993 Eusebiana,
3032 4932 3113 4984 vel
3143 4930 3441 4997 Lucianea,

1861 5021 1948 5075 vel
1982 5018 2347 5089 llesycbiana,
2395 5018 2674 5072 hodierna:
2718 5028 2917 5071 nostrae
2961 5034 3149 5072 omnes
3193 5020 3447 5074 videntur

1865 5110 2177 5182 prodiisse:
2223 5112 2327 5163 hac
2359 5109 2525 5174 enim,
2580 5117 2637 5161 ιιι
2673 5110 2748 5162 ait
2802 5108 3185 5179 Hieronymus,
3235 5111 3440 5165 trifaria

1864 5204 2126 5257 varietate
2166 5212 2312 5255 totus
2367 5202 2517 5257 orbis
2552 5205 2985 5272 compuguabat;
3034 5202 3258 5273 Vulgata
3318 5216 3448 5258 vero

1865 5294 2107 5350 omnium
2136 5293 2573 5361 inquinatissima
2607 5310 2743 5361 pene
2784 5296 3146 5355 obsoleverat.
3183 5297 3316 5351 Cum
3352 5312 3451 5351 au-

1869 5395 1975 5439 tem
2008 5383 2061 5437 in
2109 5394 2322 5438 veteres
2357 5384 2475 5439 illas
2501 5389 2751 5453 magnam
2788 5396 2998 5441 constet
3036 5388 3301 5443 invectam
3328 5403 3451 5441 esse

1869 5476 2240 5533 confusionem
2304 5492 2372 5531 ex
2428 5478 2775 5533 librariorum
2820 5480 3131 5546 oscitantia,
3195 5483 3320 5535 dum
3365 5481 3451 5535 vel

1872 5570 2149 5625 obelorum
2185 5580 2239 5623 et
2266 5571 2652 5626 asteriscorum
2685 5574 3014 5629 notationem
3039 5576 3338 5645 negliguut,
3366 5574 3455 5629 vel

1873 5676 1968 5716 eos
1989 5660 2105 5714 suis
2137 5676 2242 5714 non
2270 5661 2552 5716 ascribunt
2584 5663 2739 5727 locis,
2784 5665 2968 5734 negari
3002 5681 3103 5718 non
3139 5675 3316 5735 potest
3352 5666 3457 5720 im-

1875 5768 2035 5823 puras
2066 5767 2187 5808 esse
2218 5754 2553 5808 recentiores
2585 5755 2851 5810 editiones
2883 5755 2995 5809 τῶν
3022 5754 3102 5818 0'.
3135 5767 3189 5811 et
3214 5757 3454 5822 vitiatas,

1877 5855 2059 5916 utpote
2095 5860 2215 5914 quae
2237 5859 2302 5898 ex
2328 5845 2568 5913 antiquis
2592 5844 2696 5900 illis
2719 5847 3055 5914 prodierunt.
3086 5847 3215 5902 Nam
3242 5849 3456 5904 etiamsi

1878 5936 2134 6009 profectm
2162 5945 2344 5993 essent
2379 5936 2448 5992 ab
2482 5935 2758 6009 Hexuplis,
2793 5940 2844 5995 in
2884 5941 3079 6011 quibus
3109 5940 3299 5996 scribit
3328 5940 3459 5996 llic-
