3952 6548
598 472 733 528 1251
1880 463 1941 518 Ρ.
1985 461 2190 518 ΒΑΝΙΕ

597 587 924 658 ronymtts“
977 584 1142 639 fuisse
1195 583 1540 654 Septuaginta
1608 583 1884 638 emendata
1944 594 1994 636 et
2053 599 2173 637 vera

595 681 916 750 exemplaria
946 681 1050 749 (I).;
1071 677 1437 732 additamenta
1460 686 1610 732 certe
1630 673 2042 740 Thcodotionis,
2061 689 2181 746 quo:

2195 459 2302 516 LIS
2341 460 2576 516 llUETIl
3669 470 3757 528 ηεξ

2203 589 2251 647 Α
2277 593 2402 635 eum
2427 579 2635 648 reliquo
2667 585 2947 644 contextu,
2978 579 3279 635 obliteratis
3320 582 3598 644 asteriscis,
3631 587 3678 638 ad
3699 605 3758 644 not

2287 671 2603 725 transmissa
2623 679 2766 732 sunt,
2788 671 3076 726 editionem
3097 671 3470 726 adulterantet
3485 687 3756 743 comtmpmt.

1663 901 3753 934 ________._..____._______________

1911 1048 2300 1138 CAPUT
2356 1049 2544 1136 Ill.

1726 1241 2106 1303 ORIGENIS
2149 1242 2188 1302 S

675 1546 892 1601 CAPITIS
920 1560 1106 1600 τειτιι
1132 1559 1410 1626 marino.
1437 1554 1511 1583 —-'-
1534 1573 1599 1583 ——-
1628 1543 1860 1600 Gemina
1899 1544 2142 1600 sectione

607 1626 860 1684 tagmata,
894 1631 1120 1683 quorum
1172 1625 1430 1668 memoria
1483 1625 2189 1684 superest,enuttternntnr

604 1683 777 1756 deque
809 1687 1032 1740 vetustis
1063 1686 1182 1740 Iihri
1207 1685 1346 1753 Περὶ
1377 1683 1581 1754 ἀρχῶν
1618 1685 2186 1754 interpretationibus.

1139 1973 1380 2030 SECTIO
1421 1928 1656 2045 PRIMA.

673 2079 899 2121 BINGULA
937 2080 1182 2120 ORIGE‘NIS
1208 2079 1584 2124 SYNTAGMA'I‘A,
1615 2078 1832 2126 ουοῐιυιι
1867 2078 2110 2120 MEMORIA

1017 2150 1287 2190 SUPEREST
1345 2150 1769 2189 ENUMERANTUR.

604 2218 647 2274 Ι.
705 2220 1058 2276 Recensentur
1117 2221 1360 2290 Origenis
1426 2221 1776 2292 Syntagmota
1839 2224 1904 2276 ab
1955 2221 2183 2278 Eusebio

673 2304 1101 2346 commemorata.
1130 2293 1188 2346 Il.
1217 2293 1300 2346 Ea:
1324 2295 1404 2345 Itis
1431 2295 1610 2359 aliqua
1630 2295 1999 2362 expenduntur
2025 2312 2185 2348 accn-

677 2365 880 2426 ratius;
929 2380 991 2415 ac
1040 2366 1267 2428 primum
1317 2364 1438 2416 libri
1493 2363 1566 2417 De
1609 2365 2048 2429 resurrectione,
2094 2365 2182 2420 III.

677 2432 1050 2504 Στρωμᾳῄτεῖς,
1080 2431 1168 2488 ιν.
1197 2432 1270 2486 De
1307 2435 1586 2504 martyrio,
1607 2433 1670 2487 V.
1703 2433 1936 2501 Dialogi,
1961 2433 2044 2489 Vl.
2063 2435 2188 2498 Epi-

678 2504 827 2571 stolte
853 2543 867 2567 ,
898 2503 1004 2556 VII.
1053 2505 1429 2571 Interpretatio
1454 2503 1457 2504 ⁷
1487 2504 1873 2570 Ηοιιηπίοοηιιη
1907 2505 2186 2558 nominum

675 2569 810 2643 lfinvi
861 2569 1216 2636 Testamenti,
1261 2572 1403 2643 VIII.
1435 2573 1588 2625 Liber
1623 2569 1708 2626 De
1736 2573 2034 2643 loration'e,
2095 2574 2184 2628 IX.

677 2641 1072 2712 Disputationes
1098 2644 1351 2712 fadversus
1384 2642 1678 2704 htt’relicos.
1714 2641 1770 2695 in
1793 2643 1958 2712 iisque
1981 2642 2189 2700 Parvus

677 2711 1061 2781 Labyrinthus.
1094 2711 1162 2765 Χ.
1199 2709 1472 2776 Quwritnr
1496 2713 1624 2782 quid
1656 2715 1760 2766 sint
1803 2709 2048 2782 Origenis
2077 2713 2188 2767 Μο-

679 2782 908 2851 nobtlilia
929 2822 943 2844 ,
971 2791 1018 2835 et
1058 2782 1186 2850 quid
1208 2781 1375 2849 ipsius
1404 2781 1590 2851 prose
1619 2783 1876 2851 Apologia
1902 2781 1932 2835 a
1965 2781 2192 2837 Vincen-

681 2851 754 2904 tio
795 2849 1157 2905 Bellovacensi
1209 2849 1636 2906 comme'morata.
1668 2849 1805 2907 ‘Xl.’
1834 2853 2186 2908 Philocaliam

676 2937 880 2992 quoque
938 2921 996 2976 in
1054 2920 1498 2993 Origenianorum
1542 2940 1756 2993 operum
1823 2939 1981 2977 censu
2034 2927 2192 2994 poni-

679 3008 820 3049 mus.

679 3103 723 3158 l.
770 3104 1035 3159 Eusebius
1078 3103 1332 3174 Origenis
1367 3105 1530 3158 vitam
1563 3103 1703 3160 libro
1743 3113 1906 3160 sexto
1935 3102 2192 3160 Historia:

611 3205 924 3267 pertexens,
951 3195 1237 3264 plerasque
1269 3196 1441 3266 ipsius
1479 3197 1806 3268 scriptiones
1833 3197 2010 3253 obiter
2040 3212 2193 3252 eom-

611 3296 897 3350 memorat,
933 3287 1112 3352 plures
1146 3287 1538 3355 praetermittit,
1581 3296 1769 3356 utpote
1813 3287 1907 3358 qui
1941 3287 1997 3342 in
2034 3289 2190 3342 tertio

618 3374 755 3432 Vita:
806 3373 1074 3444 Pamphili
1123 3376 1266 3430 libro
1316 3376 1560 3448 singulas
1609 3376 1804 3433 luisset
1852 3379 2186 3449 complexus.

607 3464 763 3522 Nunc
793 3482 913 3521 cum
955 3481 1020 3520 eo
1076 3481 1364 3522 careamus
1403 3467 1566 3534 libro,
1604 3469 1984 3540 confugiamus
2013 3473 2078 3525 ad
2105 3474 2190 3540 ip-

608 3557 724 3612 sius
773 3555 1104 3621 Historiam,
1153 3566 1206 3612 et
1252 3573 1373 3627 quas
1405 3559 1457 3612 itt
1507 3573 1571 3612 ea
1613 3557 1912 3614 laudantur
1941 3559 2191 3631 Origenis

611 3649 985 3721 Syntagtnata,
1013 3651 1201 3705 eodem
1233 3651 1320 3706 hic
1359 3651 1552 3706 ordine
1584 3668 1990 3708 recenseamus.
2022 3653 2188 3708 Primi

609 3751 906 3795 occurrunt
932 3740 1321 3797 Comntentarii
1357 3742 1410 3795 in
1444 3741 1650 3797 Veteres
1673 3743 2031 3814 philosophos,
2056 3760 2192 3814 quo-

612 3848 731 3886 rum
786 3831 1189 3889 lucubrationes
1221 3849 1324 3889 non
1377 3834 1825 3901 praelectionibus
1876 3841 2055 3900 modo,
2096 3837 2192 3892 sed

611 3923 831 3992 scriptis
862 3925 1024 3977 etiam
1072 3925 1124 3977 in
1171 3924 1406 3994 gratiam
1440 3925 1830 3994 discipulorum
1859 3925 2189 3996 explicabat.

612 4014 857 4069 Meminit
891 4031 1079 4070 eorum
1123 4015 1386 4071 Eusebius
1425 4016 1551 4070 libr.
1600 4033 1651 4071 vr
1706 4015 1874 4082 Hist.,
1911 4033 2031 4087 cap.
2081 4019 2190 4082 18,

609 4109 790 4177 capite
825 4122 956 4162 vero
995 4107 1106 4170 24.
1152 4108 1381 4162 duorum
1431 4108 1550 4175 ejus
1597 4108 1670 4162 De
1715 4111 2097 4163 resurrectione
2127 4109 2194 4164 Ii-

609 4197 863 4262 brorum;
918 4210 1031 4254 tum
1062 4201 1244 4268 operis
1296 4202 1436 4269 Περὶ
1475 4199 1700 4269 ἀρχῶν,
1757 4211 1995 4269 quatuor
2039 4200 2192 4256 libris

608 4283 888 4351 distincti;
930 4287 1056 4340 item
1080 4287 1479 4357 Στρωματέων
1508 4305 1733 4344 numero
1762 4292 1982 4355 decem;
2014 4301 2070 4345 et
2101 4305 2194 4344 ca-

609 4378 720 4448 pite
752 4375 822 4430 98
868 4376 992 4431 libri
1032 4377 1106 4430 De
1130 4381 1407 4449 martyrio,
1458 4380 1734 4435 Ambrosio
1781 4391 1829 4436 et
1883 4381 2189 4436 Protocteto

610 4468 959 4523 Caesariensis
991 4469 1247 4524 Ecclesia:
1274 4471 1594 4542 presbytero
1630 4473 1975 4539 consecrati;
2013 4483 2068 4528 et
2100 4489 2194 4528 ca-

610 4557 720 4626 pite
746 4557 814 4610 33
849 4558 1280 4628 Disputationunt
1311 4578 1445 4631 quas
1471 4578 1592 4617 cum
1641 4563 1858 4635 Beryllo
1907 4565 2188 4620 Bostrensi

611 4650 872 4718 Origenes
901 4654 1146 4706 exercuit
1178 4670 1192 4718 ;
1242 4664 1296 4708 et
1331 4656 1510 4725 capite
1538 4655 1886 4711 561ibrorum
1917 4669 2042 4713 octo
2069 4675 2192 4712 con-

609 4753 694 4795 ira
750 4742 989 4808 Celsum;
1036 4755 1089 4798 et
1137 4747 1312 4815 capite
1356 4746 1424 4800 59
1470 4761 1783 4801 sermonum
1832 4748 2216 4817 quorumdam'

611 4835 678 4890 iis
707 4836 939 4903 utilium,
964 4838 1160 4906 quibus
1192 4840 1245 4892 in
1277 4839 1564 4893 tormentis
1595 4853 1696 4908 pro
1725 4838 1927 4895 Christi
1966 4840 2071 4896 ﬁde
2107 4850 2192 4896 to-

608 4927 800 4983 leratis
835 4931 1217 4986 consolatione
1248 4947 1386 5002 opus
1413 4943 1596 4998 esset;
1642 4941 1698 4986 et
1747 4931 1946 5001 passim
1986 4932 2192 5002 episto-

608 5020 804 5076 larnm.
837 5023 959 5078 "ch
985 5023 1052 5079 de
1080 5023 1331 5095 Origenis
1358 5024 1738 5096 Syntagmatis
1765 5022 2056 5088 Eusebius,
2074 5038 2193 5092 qua:

606 5108 665 5166 in
690 5125 1032 5168 antecessum
1064 5115 1468 5184 proposuimus,
1504 5114 1880 5170 lidelissimum
1913 5115 2193 5171 huncOri-

681 5295 725 5325 “
758 5293 1068 5364 llieronym.
1107 5295 1159 5347 in
1195 5293 1357 5348 Isaia:
1380 5310 1534 5359 mu,
1561 5294 1646 5351 ll.
1726 5296 1771 5328 ⁶⁶
1804 5295 1987 5351 Ruﬁn.
2013 5295 2188 5351 Invect

677 5478 758 5549 (t)
787 5478 1159 5532 Additamento
1200 5487 1337 5532 certe
1371 5476 1763 5549 Theodotionis,
1795 5487 1902 5549 etc.
1947 5475 2178 5549 VitleﬂD.

608 5547 938 5602 Bernardum
963 5550 1026 5601 de
1051 5549 1392 5604 Montfaucon
1420 5550 1472 5600 in
1511 5547 1968 5603 Prteliminartbus
1993 5550 2044 5601 in
2071 5547 2178 5602 He-

545 5636 551 5640 ‘
605 5618 766 5684 (κηρία
813 5617 1062 5687 Origenis
1093 5636 1212 5690 pag.
1241 5619 1334 5680 40,
1371 5619 1462 5681 45,
1509 5619 1578 5674 44
1611 5618 1772 5690 etdt‘i,
1814 5619 1903 5672 ubi
1934 5619 2179 5686 pluribus

607 5691 676 5739 de
696 5690 873 5742 causis
915 5689 1237 5744 recentiores
1264 5690 1527 5743 editiones
1555 5689 1888 5741 adulteratas
1915 5703 2037 5742 esse
2079 5691 2175 5750 ait,

608 5757 661 5810 ‘l'
693 5759 816 5824 quia
842 5758 894 5812 in
927 5757 1177 5827 ﬂexaplis
1217 5760 1466 5814 asterisei
1502 5768 1556 5812 et
1583 5759 1725 5812 obe’li
1765 5773 1792 5810 a
1823 5758 2061 5811 librariis
2086 5775 2179 5811 nc-

607 5827 765 5899 διεξειί
796 5838 950 5891 sunt;
982 5830 1040 5882 2'
1074 5831 1199 5899 quia
1225 5846 1288 5882 ex
1317 5829 1667 5883 similitudine
1687 5843 1808 5895 qua:
1827 5829 2014 5882 obelos
2038 5829 2180 5882 inter

603 5906 662 5950 et
683 5895 970 5955 letttniscos
1005 5895 1165 5969 atque
1205 5900 1637 5970 hypolemniscos
1673 5899 2068 5966 intercedebat,
2100 5900 2182 5952 [ειη

2196 1241 2726 1304 YN'I'AGMATA.

2193 1542 2494 1621 absolvitur
2537 1547 2682 1621 istud
2710 1556 2892 1621 caput
2922 1561 2938 1600 :
2969 1545 3158 1621 [friore
3197 1546 3415 1621 singula
3443 1548 3658 1618 Origenis
3675 1547 3764 1621 Syl-

2219 1634 2234 1668 :
2266 1616 2436 1670 altera
2483 1619 2665 1688 agitur
2691 1619 2760 1673 de
2789 1618 3039 1688 Origenis
3079 1616 3451 1690 Syntaginatis
3474 1616 3581 1689 qua:
3605 1616 3763 1685 exstitit,
3842 1616 3843 1684 ἲ

2217 1981 2640 2051 Bgenianarum
2711 1997 2896 2038 rerum
2949 1993 3288 2038 narratorem
3347 1998 3460 2054 pra:
3505 1985 3676 2038 exteris
3709 2000 3764 2054 pro

2290 2088 2442 2128 more
2476 2085 2663 2128 nostro
2693 2075 3060 2132 consulentes.

2358 2164 2419 2222 Il.
2443 2164 2597 2220 Nunc
2622 2177 2986 2223 retractemus
3013 2183 3076 2224 ex
3105 2168 3190 2224 his
3213 2168 3418 2239 aliqua,
3438 2179 3488 2225 et
3514 2169 3648 2239 paulo
3665 2185 3764 2223 aecu-

2290 2260 2462 2314 ratius
2509 2261 2900 2330 expendamus.
2944 2261 3060 2315 Duo
3091 2264 3360 2316 duntaxat
3387 2261 3464 2317 De
3494 2263 3765 2316 resurrectio»

2289 2350 2410 2406 libri
2466 2351 2536 2405 ab
2578 2352 2806 2407 Eusebio
2852 2366 3377 2412 commemorantur.
3421 2353 3765 2423 Atliieronymns

2291 2443 2431 2511 apud
2466 2442 2721 2499 Ruﬁnum
2753 2446 2878 2502 libr.
2905 2461 2942 2501 tt
2969 2446 3190 2513 lnvect.,
3225 2448 3511 2518 scripsisse
3533 2446 3764 2502 narratOri-

2291 2550 2482 2606 genem
2503 2539 2550 2570 “
2590 2557 2608 2590 ι
2641 2536 2717 2592 De
2743 2541 3121 2594 resurrectione
3155 2542 3327 2596 libros
3361 2542 3511 2604 duos,
3535 2549 3581 2596 et
3604 2541 3700 2594 alios
3724 2538 3765 2592 De

2293 2631 2697 2685 resurrectione
2739 2631 2983 2700 dialogos
3033 2634 3187 2688 duos.
3241 2653 3260 2686 ι
3317 2634 3464 2688 Idem
3509 2633 3764 2704 lliemnynas

2293 2721 2452 2790 epist.
2471 2722 2562 2790 61,
2589 2725 2654 2779 ad
2675 2723 3007 2787 Pammach.,
3023 2741 3141 2794 cap.
3169 2725 3225 2789 8.
3253 2728 3392 2782 citat
3412 2726 3590 2780 librum
3607 2725 3766 2795 ejusdem

2291 2813 2473 2882 operis
2494 2824 2769 2882 quartum.
2787 2814 2963 2883 Atque
2987 2816 3084 2872 bos
3111 2815 3282 2872 libros
3311 2814 3766 2886 Methodiusejttsden

2295 2906 2435 2959 tituli
2462 2922 2627 2974 opere
2655 2907 2974 2966 confutavit.

2365 2998 2451 3052 Ill.
2476 2999 2664 3054 Libros
2687 3002 3051 3070 Στρωματεῖς
3078 3003 3346 3074 Origenes
3366 3001 3591 3060 elimavit
3629 3001 3678 3054 ad
3695 2997 3768 3052 Cle-

2295 3092 2495 3147 mentis
2515 3093 2845 3162 exemplum,
2870 3111 2899 3147 a
2923 3111 3031 3165 quo
3059 3097 3210 3166 paris
3235 3097 3536 3167 argumenti
3575 3105 3620 3149 et
3645 3093 3764 3147 instri-

2295 3183 2495 3252 ptionis
2552 3183 2959 3242 lucubrationes
3007 3189 3170 3244 hodie
3220 3191 3536 3260 superstites
3573 3188 3768 3245 elaborat:
3842 3183 3843 3260 ξ

2296 3285 2441 3328 sunt.
2491 3272 2853 3347 Hieronymus
2890 3278 3052 3347 epist.
3089 3279 3190 3342 84.
3232 3295 3356 3350 quae
3407 3293 3488 3338 est
3520 3281 3578 3334 ad
3600 3279 3765 3347 lingunt:

2297 3363 2581 3420 Oratorem
2609 3364 2915 3421 Romanum
2948 3382 2965 3421 :
2996 3385 3015 3418 ι
3061 3367 3314 3426 Clemens
3347 3371 3680 3426 Alexandrina
3709 3365 3767 3418 Εί·

2298 3458 2478 3512 etesias
2510 3461 2814 3532 presbyter,
2847 3476 2968 3515 meo
3019 3461 3227 3530 judicio
3269 3467 3508 3520 omnium
3558 3459 3766 3518 eruditissi-

2299 3566 2440 3615 mus,
2456 3564 2580 3607 octo
2597 3553 2818 3621 scripsit
2837 3553 3167 3609 Stromatum
3185 3556 3377 3624 libros,
3397 3567 3450 3613 et
3467 3554 3767 3612 totidem'l‘so-

2297 3645 2633 3713 τυπόσεων,
2655 3659 2709 3703 et
2725 3648 2889 3702 alium
2915 3659 3101 3703 contra
3130 3660 3332 3720 gentes;
3357 3649 3614 3721 Pa-dogogi
3633 3660 3766 3717 quoque

2299 3735 2402 3789 tria
2438 3735 2736 3791 volumina.
2761 3737 2903 3804 Quid
2928 3741 2981 3794 in
3015 3739 3121 3794 illis
3153 3740 3478 3795 indoctum?
3514 3739 3620 3811 quid
3655 3748 3767 3791 none

2300 3830 2474 3884 media
2499 3830 2834 3902 philosophia
2865 3842 2956 3888 est
2981 3833 3003 3885 ?
3037 3833 3190 3887 Hune
3226 3833 3468 3888 imitatus
3487 3833 3692 3903 Origenes
3711 3830 3791 3891 dea

2299 3934 2418 3975 cem
2474 3922 2699 3990 scripsit
2735 3923 3075 3978 Slromateas
3104 3963 3119 3988 ,
3151 3921 3574 3978 Christianorum
3597 3915 3768 3987 etphilo-

2299 4007 2594 4080 sophorum
2641 4012 2783 4068 inter
2814 4027 2873 4068 se
2901 4014 3202 4068 sententias
3238 4027 3569 4083 comparans,
3587 4020 3631 4065 et
3653 4005 3764 4062 omni:
3842 4073 3843 4082 χ

2301 4112 2502 4160 nostrae
2541 4104 2816 4174 religionis
2845 4106 3094 4176 dogmata
3119 4107 3186 4162 de
3218 4106 3448 4162 Platone
3475 4115 3526 4160 et
3549 4096 3766 4156 Aristotele.

2299 4196 2566 4252 Nutnenio
2619 4195 2967 4269 Cornutoque
3009 4198 3361 4255 conﬁrmans.
3421 4220 3440 4254 ι
3497 4199 3623 4254 llunc
3655 4195 3764 4264 ipsi!m

2303 4288 2690 4360 Hieronymum
2719 4289 2918 4345 alicubi
2963 4290 3148 4347 dicere
3197 4293 3274 4346 ait
3309 4293 3546 4356 Ruﬁnus,
3581 4282 3765 4343 tCoan‘

2300 4382 2517 4436 deratos
2547 4396 2670 4436 esse
2697 4383 2956 4450 quosdam
2980 4381 3203 4453 Origeni
3228 4383 3295 4436 ad
3316 4383 3606 4453 periurium,
3624 4373 3766 4432 etistnd

2302 4473 2545 4544 mysticae
2573 4471 2695 4542 ejus
2723 4474 3038 4528 traditionis
3061 4490 3318 4528 arcanum
3357 4473 3765 4530 absconditumesse

2301 4565 2355 4619 in
2379 4574 2534 4619 sexto
2575 4564 2900 4620 Stromatum
2935 4566 3112 4631 libro;
3145 4583 3245 4622 nec
3278 4568 3346 4622 ab
3376 4567 3483 4621 ullo
3526 4563 3617 4618 alio
3648 4561 3685 4614 in
3717 4561 3764 4606 ιοι

2301 4658 2532 4722 saeculis,
2563 4658 2666 4713 nisi
2695 4676 2723 4710 a
2747 4673 2806 4712 se
2835 4658 2950 4713 solo
2978 4659 3404 4727 deprehensum.
3444 4679 3463 4713 ι
3507 4661 3558 4712 In
3584 4647 3763 4708 Proculo

2297 4765 2424 4804 vero
2469 4749 2842 4806 Commentar.
2885 4753 2940 4805 in
2991 4750 3165 4820 Epist.
3221 4754 3290 4805 ad
3344 4749 3538 4815 Galat.,
3572 4747 3763 4814 Οτίεεοω

2296 4842 2486 4896 scribit
2534 4844 2804 4898 decimum
2856 4843 3192 4899 Stromateon
3237 4860 3459 4900 suorum
3486 4845 3644 4897 librum
3666 4836 3763 4890 Com-

2297 4933 2496 4986 matico
2531 4947 2692 5000 super
2718 4933 3100 5001 explanatione
3137 4935 3396 5011 Epistolte
3418 4936 3482 4992 ad
3510 4934 3762 4990 Galatasset-

2297 5037 2457 5077 mone
2480 5023 2835 5092 complet/isse
2865 5045 2876 5079 :
2909 5035 2964 5079 et
2993 5026 3046 5079 in
3079 5036 3241 5096 caput
3277 5044 3374 5083 snt
3441 5023 3639 5082 Danielis
3672 5031 3761 5084 qua“

2298 5115 2422 5169 dam
2457 5116 2535 5171 ait
2566 5116 2740 5186 ipsum
2785 5118 2838 5171 in
2885 5119 3075 5174 eodem
3117 5118 3455 5175 Stromateon
3487 5118 3602 5173 libro
3633 5111 3682 5167 de
3703 5105 3763 5158 δυ’

2219 3331 2261 3388 C

2225 4697 2267 4750 D

2283 5487 2430 5532 ctum
2461 5487 2544 5533 est
2567 5487 2624 5530 ut
2647 5476 2888 5532 lemnisci
2921 5492 3018 5546 pro
3060 5477 3232 5533 obelis
3267 5477 3378 5532 sint
3411 5475 3594 5546 habiti;
3626 5467 3758 5546 3W?"

2285 5528 2595 5602 litterariae
2611 5528 2659 5602 VG
2670 5528 2934 5602 isses-.1...“
2961 5528 3467 5603 ;.;te}‘.;agi;.‘.iii..:..
3491 5528 3694 5613 {retinens
3709 5528 3759 5606 ta;
3842 5575 3843 5584 η

2285 5630 2370 5672 cta
2398 5629 2480 5673 est
2512 5619 2898 5682 commutatio;
2926 5617 2985 5670 4ο
3019 5619 3274 5686 denique,
3312 5619 3438 5686 quia
3469 5622 3644 5686 propter
3663 5614 3759 5686 sua}:

2285 5665 2564 5743 iitmliineut
2593 5665 2954 5742 verboruufct
2985 5689 3124 5751 soni,
3151 5665 3506 5757 pro'Ie-Igitimro
3531 5665 3759 5757 vcrbo'aliltil

2287 5760 2550 5812 interdum
2586 5760 2842 5811 mendose
2878 5749 3200 5825 ponebat-nr.
3251 5749 3380 5823 Qua:
3420 5749 3757 5826 coutinuis“???
3842 5765 3843 5770 ‘

2285 5839 2337 5882 et
2371 5829 2709 5898 negligentia:
2739 5838 2791 5882 ut
2824 5813 3114 5899 plurimum
3149 5831 3202 5884 itt
3237 5813 3503 5884 ltiidiernis
3530 5813 3757 5877 editionibus

2289 5910 2692 5954 remanserunt.
