3926 6532
192 451 305 508 1255

1021 451 1595 509 ORIGENIANORUM
1633 451 1762 507 LIB.
1803 449 1892 515 Ill,
1933 449 2087 506 CAP.
2131 449 2219 515 lli,
2264 448 2457 505 SECT.
2502 449 2545 502 Ι.

3298 454 3435 509 1234

190 586 345 628 salinae
380 582 435 627 et
463 571 612 628 Belis
646 573 846 629 fabulis
876 573 1102 628 dixisse.
1126 574 1265 640 Quin
1294 574 1460 628 etiam
1498 575 1552 629 in
1585 574 1747 643 epist.
1784 578 1827 634 Α
1861 568 2031 625 fuisse
2055 570 2341 637 collectas,
2393 581 2446 624 et
2496 569 2550 625 in
2586 570 2833 641 proprios
2860 570 3027 627 libros
3060 571 3298 642 digestas
3328 584 3437 629 tra-

192 663 266 727 65,
291 663 351 716 ad
385 663 713 720 Pammaclt.
739 674 793 720 et
822 664 1047 730 Ocean.,
1074 680 1193 733 cap.
1227 665 1283 729 2,
1326 666 1594 720 neminem
1645 664 1750 717 La-

191 754 399 808 tinorum
425 752 664 833 aﬂirmat
691 765 817 809 ante
858 769 1013 809 suam
1049 763 1266 809 aetatem
1299 754 1748 827 librosOrigenis

194 843 256 897 De
277 847 655 901 resurrectione
696 846 836 914 Περὶ
870 842 1094 914 ἀρχῶν,
1113 842 1467 907 Stromatcas.
1490 857 1546 902 et
1573 856 1747 913 tomos

193 935 461 989 transferre
495 936 734 992 voluisse
757 976 773 1002 ,
808 945 1030 1006 propter
1071 936 1367 991 novitatem
1410 936 1621 992 scilicet
1653 938 1749 992 do-

192 1029 371 1081 ctrinaa.
421 1028 697 1095 Quoniam
733 1029 900 1100 igitur
947 1028 1012 1082 ad
1059 1026 1403 1082 Stromatcon
1453 1026 1749 1083 Clementis

191 1120 470 1190 exemplum
503 1136 635 1176 suos
664 1128 1045 1191 composuerat
1071 1120 1339 1191 Origenes
1363 1160 1379 1185 ,
1417 1129 1478 1175 ut
1524 1135 1749 1175 accura-

191 1215 279 1269 tius
298 1216 649 1284 ‘perspectum
680 1216 886 1270 habere
908 1214 1084 1284 possis
1110 1230 1217 1284 quo
1244 1214 1315 1268 illi
1344 1214 1397 1268 in
1426 1225 1749 1286 argumento

191 1309 384 1373 versati,
410 1324 518 1377 qua
547 1318 668 1362 arte
697 1308 898 1363 conditi
926 1308 1074 1371 sint,
1132 1307 1249 1378 lege
1291 1306 1616 1362 Eusebianae
1653 1306 1752 1360 Hi-

190 1403 341 1453 storia:
372 1401 499 1454 libri
535 1402 673 1455 sexti
724 1413 889 1470 caput
934 1401 1203 1455 decitnum
1257 1400 1477 1455 tertium
1507 1438 1525 1469 ,
1559 1401 1649 1455 ubi
1682 1402 1752 1456 de

191 1494 275 1548 hac
294 1493 589 1549 Clementis
619 1494 919 1565 scriptione
941 1494 1251 1548 disseritur.

235 1585 325 1641 'lV.
377 1588 534 1654 Quod
565 1587 762 1642 attinet
791 1587 859 1641 ad
898 1586 1093 1641 librutn
1148 1585 1222 1639 De
1271 1584 1551 1655 martyrio,
1586 1584 1653 1639 de
1688 1599 1752 1639 eo

191 1678 249 1733 ita
300 1679 753 1736 commemoravit
812 1679 1172 1750 Hieronymus
1222 1679 1317 1734 lib.
1374 1678 1451 1734 Dc
1507 1680 1750 1748 scriptor.

188 1772 479 1835 ecclesiast.,
523 1786 648 1842 cap.
677 1772 778 1839 67,
809 1772 892 1827 his
918 1772 1098 1828 verbis
1132 1790 1146 1827 :
1186 1791 1204 1824 ‹
1243 1771 1562 1827 Ambrosius
1607 1786 1741 1826 con-

188 1865 418 1921 fessionis
448 1866 744 1921 Dominieae
786 1867 957 1937 gloria
990 1866 1217 1937 insignis
1256 1864 1401 1931 fuit,
1447 1866 1533 1920 cui
1579 1865 1751 1920 Tbeo-

1850 665 1929 719 dit
1955 663 2224 719 Eusebius
2256 664 2378 718 libr.
2419 680 2471 716 vt
2523 663 2693 728 llist.,
2724 680 2845 733 cap.
2874 666 2963 727 56,
3005 680 3229 721 numero
3256 679 3435 725 autem

1852 756 2024 811 fuisse
2088 757 2207 811 illas
2262 756 2550 826 plusquam
2616 768 2855 810 centum.
2909 756 3440 817 Conﬁcieutissimus

1851 849 2047 919 quippe
2075 848 2379 902 litterarum
2426 847 2693 918 Origenes
2740 848 2865 904 fuit.
2896 847 3123 904 Librum
3156 852 3438 909 collectio-

1854 942 1939 996 nis
1960 941 2421 1010 hujus-quartum
2453 942 2585 995 citat
2623 941 2855 995 Ruﬁnus
2886 943 2937 995 in
2977 942 3157 997 libello
3184 943 3261 999 De
3289 945 3438 997 adul-

1853 1033 2109 1086 teratione
2161 1032 2419 1086 librorum
2473 1032 2737 1103 Origenis.
2790 1033 2871 1087 Ex
2914 1033 3017 1088 hoc
3069 1034 3434 1105 Epistolarum

1853 1123 2203 1194 Syutagmate
2234 1124 2368 1177 istas
2396 1124 2463 1177 ab
2496 1124 2734 1181 Eusebio
2780 1137 3239 1184 commemoratas
3268 1129 3312 1161 ⁸⁷
3349 1145 3434 1184 re-

1852 1216 2046 1286 perio:
2082 1216 2255 1284 prima
2294 1215 2341 1246 ⁸⁸
2368 1227 2451 1271 eSt
2497 1219 2563 1271 ad
2602 1217 2892 1274 Leonidem
2940 1221 3199 1291 martyrio
3252 1224 3438 1293 proxi-

1854 1320 1999 1359 mum
2026 1305 2292 1359 :alteram
2324 1307 2368 1339 "
2394 1309 2615 1377 scripsit
2638 1309 2903 1381 Origenes
2926 1312 3191 1368 adversus
3222 1330 3317 1370 eos
3344 1317 3436 1386 qui

1853 1412 2012 1454 suum
2053 1400 2105 1453 in
2145 1398 2362 1454 litteras
2390 1401 2743 1457 humaniores
2788 1404 3028 1458 studium
3071 1406 3436 1461 criminaban-

1856 1501 1975 1557 tur;
2021 1492 2270 1562 proxitna
2324 1492 2662 1569 diversarum
2712 1495 3064 1564 epistularum
3100 1512 3436 1554 commemo-

1856 1586 1994 1640 ratio
2039 1597 2160 1649 est,
2194 1584 2248 1638 in
2298 1586 2495 1655 quibus
2543 1587 2815 1642 indicatur
2846 1591 3238 1659 persecutionis
3269 1602 3440 1646 sextae

1857 1686 2090 1748 tempus.
2122 1692 2350 1747 quarum
2403 1688 2585 1735 tamen
2634 1681 3021 1753 inscriptiones
3048 1692 3102 1739 et
3135 1684 3319 1739 titulos
3364 1687 3439 1740 si-

1854 1771 2081 1840 gillatim
2117 1770 2383 1825 Eusebius
2412 1787 2520 1826 non
2556 1774 2903 1842 persequitur
2937 1792 2953 1828 :
2984 1783 3095 1829 tum
3136 1774 3185 1806 "'
3231 1776 3440 1832 mentio

1855 1862 1915 1916 ﬁt
1963 1862 2217 1932 Epistolas
2249 1864 2315 1917 ad
2356 1863 2679 1918 Africanum
2737 1867 2804 1921 de
2854 1866 3116 1921 Susanna}
3151 1868 3376 1923 historia
3417 1885 3438 1927 :

189 1957 330 2012 ctisto
354 1958 684 2029 presbytero
724 1956 862 2012 liber
891 1956 1142 2027 Origenis
1166 1956 1242 2010 De
1268 1956 1526 2026 martyrio
1552 1956 1749 2011 scribi-
1782 1944 1825 1999 Β
1856 1953 2111 2010 laudatur
2137 1956 2336 2011 deinde
2358 1957 2403 1987 τί
2438 1957 2679 2026 Epistola
2705 1959 2772 2012 ad
2797 1958 3103 2029 Philippum
3139 1961 3438 2031 imperato-

188 2060 277 2104 tur.
316 2069 334 2100 ι
376 2050 695 2118 Lugendum
730 2050 996 2105 omnino:
1029 2051 1112 2103 cui
1147 2060 1194 2103 et
1234 2048 1554 2103 Theoctisto.
1597 2048 1655 2103 ld
1704 2049 1749 2104 si

186 2145 387 2199 vidisset
442 2146 719 2215 interpres
754 2141 976 2198 Graecus
1004 2183 1020 2209 ,
1058 2142 1352 2197 absurdum
1413 2143 1553 2196 hanc
1597 2142 1752 2197 nobis

185 2237 675 2307 interpretationem
716 2237 1026 2306 neutiquam
1069 2236 1306 2289 dedisset
1347 2253 1360 2289 :
1399 2234 1588 2306 Τούτῳ
1624 2234 1753 2288 Θεο-

186 2328 382 2381 animos
409 2328 783 2400 πρεσϐυτέρου
822 2328 1000 2399 βίϐλος
1035 2329 1344 2401 Ὠριγένους
1367 2329 1509 2399 Περὶ
1535 2348 1753 2400 μαρτυ-

179 2423 297 2489 ρίου
320 2421 621 2493 γράφεται.
653 2421 881 2477 Videtur
910 2422 1107 2493 legisse
1141 2442 1155 2477 :
1184 2422 1280 2477 Cui
1321 2422 1603 2479 Theoctiin
1634 2441 1752 2492 pre-

184 2516 360 2583 sbyteri
390 2515 549 2579 liber,
588 2526 698 2569 etc.
748 2514 1126 2570 Theoctistum
1180 2516 1434 2570 nominat
1488 2514 1752 2588 Hierony-

184 2621 309 2671 mus,
345 2610 437 2676 qui
476 2610 545 2661 ab
577 2608 811 2663 Eusebio
848 2609 1191 2663 Protoctetus
1218 2610 1536 2679 appellatur.
1570 2607 1751 2663 Theo-

186 2699 366 2754 ctistus
427 2699 792 2756 Caesariensis
860 2700 963 2754 fuit
1016 2700 1347 2771 episcopus;
1408 2700 1755 2755 Protoctetus

184 2790 408 2858 ejusdem
466 2790 728 2847 Ecclesia:
777 2793 1110 2863 presbyter:
1147 2807 1428 2862 perperam
1484 2808 1579 2848 eos
1625 2809 1756 2848 cou-

184 2882 343 2939 lundit
376 2884 765 2955 Hieronymus.
800 2884 1114 2942 Protocteto
1138 2926 1152 2951 ,
1191 2902 1298 2941 non
1333 2886 1649 2942 Theoctisto
1676 2888 1755 2940 in-

185 2977 372 3048 criptus
420 2989 506 3033 est
558 2979 699 3033 liber
750 2978 876 3044 iste,
907 2978 986 3048 (2)
1040 2988 1097 3033 ut
1135 2977 1379 3034 ostendit
1411 2979 1530 3049 ejus
1569 2994 1755 3033 exent-

176 3072 287 3141 .plar
314 3073 555 3127 nondum
590 3072 820 3138 editum,
862 3075 1005 3141 quod
1051 3087 1218 3142 penes
1245 3086 1329 3127 me
1356 3081 1462 3126 est.
1500 3070 1752 3140 Ejusdem

186 3165 472 3236 argumenti
522 3164 822 3234 Epistolam
854 3165 919 3219 ad
963 3164 1175 3219 Patrem
1210 3165 1476 3234 martyrio
1515 3163 1755 3218 destina-

181 3268 279 3311 tum
310 3259 614 3329 scripserat
640 3256 1003 3311 Adamantius
1033 3258 1332 3312 etiamnum
1374 3271 1540 3325 puer;
1599 3255 1752 3324 cujus
1780 3290 1822 3347 ο

166 3351 403 3420 epistola;
456 3352 624 3406 verba
658 3350 904 3421 quaedam
950 3350 1145 3418 repetit
1192 3349 1456 3405 Eusebius
1503 3348 1629 3404 libr.
1695 3364 1749 3403 Vl

170 3440 366 3499 .Histor.
379 3482 395 3508 ,
428 3459 550 3513 cap.
585 3442 643 3497 2.

241 3535 301 3591 η.
352 3536 487 3591 Acta
522 3536 948 3592 concertationis
996 3536 1213 3607 Origeni
1247 3552 1370 3592 cum
1401 3536 1616 3607 Beryllo
1646 3536 1745 3591 ha-

174 3628 291 3685 bita:
316 3630 567 3684 eamdem
601 3628 772 3684 fuisse
796 3629 1035 3685 arbitror
1057 3639 1217 3698 atque
1245 3630 1520 3699 Dialogum
1551 3630 1751 3683 utrius-

174 3737 288 3792 que,
318 3738 425 3793 quo
454 3724 733 3778 bmreseos
762 3723 1005 3795 Beryllus
1027 3723 1364 3793 coarguitur.
1399 3723 1551 3777 Hunc
1592 3732 1751 3777 aatate

174 3827 263 3865 sua
291 3813 569 3867 exstitisse
597 3812 791 3868 scribit
831 3813 1191 3885 Hieronymus
1228 3813 1355 3868 libr.
1393 3812 1468 3868 De
1500 3814 1747 3883 scriptor.

100 3931 109 3937 -
172 3905 348 3960 eccles.
379 3922 503 3976 cap.
547 3906 635 3959 7i.
669 3906 872 3961 Prteter
930 3908 1074 3961 hunc
1112 3906 1408 3977 dialogum,
1448 3908 1586 3962 alios
1612 3922 1751 3977 quo-

174 4011 268 4065 que
310 3997 510 4053 litteris
540 3997 809 4066 Origenes
838 3998 1125 4052 mandasse
1173 3999 1368 4054 fertur.
1414 3997 1643 4053 Ruﬁnus
1696 3999 1747 4053 in

172 4088 345 4144 libello
399 4090 475 4144 De
523 4090 915 4143 adulteratione
960 4090 1213 4144 librorum
1256 4090 1523 4160 Origenis,
1560 4105 1750 4161 quem-

172 4183 285 4237 dam
323 4185 389 4238 ab
417 4199 483 4239 eo
506 4183 899 4253 conscriptum,
930 4195 984 4238 et
1007 4201 1035 4237 a
1067 4184 1309 4240 Candida
1333 4186 1588 4240 haeretica
1618 4200 1751 4255 quo-

168 4288 286 4328 cum
344 4276 569 4331 habitus
631 4274 854 4338 fuerat,
908 4276 1272 4330 adulteratum
1333 4286 1745 4332 commemorat.

167 4364 665 4421 Circumferebatur
713 4366 798 4421 ille
831 4365 1146 4436 Hieronymi
1178 4367 1536 4436 temporibus,
1574 4368 1627 4421 in
1658 4383 1749 4423 eo-

167 4471 266 4527 que
307 4459 575 4528 Origenes
602 4500 617 4525 ,
663 4468 719 4512 et
762 4459 1037 4513 Candidus
1072 4456 1455 4512 Valentinianre
1495 4456 1748 4512 defensor

168 4552 434 4608 haareseos
491 4554 638 4607 inter
672 4551 776 4605 alia
806 4552 1151 4622 disputabant
1177 4592 1192 4618 ,
1236 4550 1477 4606 Filiusne
1509 4562 1655 4606 esset
1685 4550 1750 4605 de

1860 2062 1996 2114 rem,
2030 2046 2136 2102 alia
2163 2048 2229 2102 ad
2261 2048 2549 2119 conjugem
2586 2050 2755 2117 ipsius
2789 2050 3069 2115 Severum,
3102 2052 3208 2106 alia
3243 2054 3310 2107 ad
3339 2051 3441 2106 Fs-

1855 2140 2077 2195 bianutn
2107 2154 2302 2210 papam
2329 2181 2345 2206 ,
2386 2142 2505 2195 alite
2537 2142 2603 2195 ad
2631 2141 2768 2198 alios
2796 2143 3105 2211 complures
3130 2145 3438 2215 episcopos,

1856 2233 2054 2301 quibus
2100 2233 2221 2287 ﬁdei
2257 2234 2525 2303 professio
2552 2236 2970 2301 continebatur;
3003 2244 3058 2290 et
3087 2237 3317 2293 diversae
3347 2239 3441 2294 de-

1858 2326 2023 2394 nique
2068 2326 2325 2381 distincte
2362 2343 2469 2382 non
2510 2338 2756 2382 notatae:
2797 2332 3142 2399 postmodum
3194 2330 3440 2400 plurima

1855 2417 2094 2471 citantur
2124 2419 2365 2488 epistola
2391 2421 2460 2487 ⁷³,
2490 2436 2612 2490 quas
2656 2421 3014 2479 declarabant
3061 2438 3223 2492 quam
3279 2424 3440 2479 utiles

1857 2508 1925 2562 iis
1956 2522 2236 2566 sermones
2269 2512 2620 2582 reliquisset,
2657 2516 2748 2583 qu-i
2799 2514 2995 2569 solatio
3029 2516 3081 2568 in
3112 2516 3443 2571 cruciatibus

1858 2601 2192 2672 indigebant.
2257 2603 2383 2659 Haec
2441 2606 2724 2660 Eusebius.
2778 2607 3029 2662 Testatur
3083 2607 3443 2679 Hieronymus

1857 2694 1950 2749 lib.
1982 2694 2058 2750 De
2092 2698 2340 2764 scriptor.
2393 2698 2577 2753 eccles.
2608 2714 2727 2768 cap.
2766 2698 2836 2754 65
2862 2741 2876 2764 ,
2910 2715 3005 2754 sua
3043 2710 3204 2756 attale
3248 2716 3440 2771 super-

1859 2785 2026 2841 fuisse
2070 2785 2325 2857 Origenis
2358 2788 2629 2858 Epistolas
2675 2793 2740 2845 ad
2791 2790 3119 2863 Philippum,
3168 2794 3445 2863 ipsiusque

1857 2889 2122 2945 matrem;
2170 2897 2292 2935 cum
2341 2881 2606 2937 Eusebius
2644 2898 2675 2937 e
2721 2898 2828 2952 quo
2877 2884 3022 2938 hunc
3062 2885 3257 2939 librum
3312 2884 3442 2940 Hie-

1856 2983 2115 3042 ronymus
2157 2974 2558 3027 consarcinavit
2581 3014 2598 3039 ,
2656 2977 2884 3038 habeat,
2916 2974 3015 3046 τὴν
3047 2975 3236 3029 τούτου
3264 2993 3445 3047 γαμε-

1854 3063 1977 3135 τήν,
2021 3067 2295 3134 conjugem
2328 3067 2516 3133 ipsius.
2562 3067 2706 3121 Idem
2752 3067 2945 3122 scribit
2990 3067 3055 3121 de
3096 3067 3291 3123 litteris
3317 3067 3440 3123 Ori-

1855 3156 2007 3224 genis
2039 3158 2105 3211 ad
2126 3157 2396 3229 Beryllum
2431 3158 2777 3213 Bostrensem
2814 3159 3126 3228 episcopum
3175 3159 3440 3230 Hierony-

1857 3264 1976 3304 mus
2003 3250 2200 3306 ibidem
2233 3265 2357 3320 cap.
2386 3250 2475 3304 7l.
2510 3250 2741 3306 Ruﬁnus
2794 3266 3013 3322 quoque
3060 3252 3112 3304 in
3145 3250 3327 3306 libello
3363 3251 3439 3305 De

1853 3340 2086 3395 adulter.
2120 3341 2303 3398 libror.
2358 3341 2605 3412 Origenis
2655 3344 2981 3397 testimoniis
3028 3343 3198 3396 utitur
3223 3358 3288 3397 ex
3315 3344 3437 3412 epi-

1853 3433 1989 3488 stola
2020 3434 2090 3489 ab
2125 3434 2358 3505 Origene
2391 3435 2458 3487 ad
2494 3436 2701 3490 amicos
2728 3435 2989 3504 quosdam
3042 3450 3171 3490 suos
3201 3434 3440 3488 Alexan-

1853 3523 2040 3579 drinos
2068 3525 2267 3594 scripta
2296 3542 2308 3578 :
2342 3534 2397 3578 et
2425 3523 2652 3578 alteram
2688 3524 2869 3578 laudat
2898 3536 3159 3594 praeterea
3196 3525 3437 3594 ejusdem

1852 3616 2172 3681 argumenti.
2206 3616 2446 3686 Epistola
2492 3614 2733 3684 ejusdem
2777 3618 2844 3671 ad
2888 3618 3211 3688 Gregorium
3257 3617 3443 3672 Thau-

1853 3716 2156 3778 maturgum
2182 3706 2394 3763 decimo
2441 3709 2604 3764 tertio
2634 3708 2951 3763 Pliilocalia:
2980 3710 3161 3780 capite
3194 3709 3442 3763 contineo

1854 3807 1960 3854 tur.
1998 3800 2213 3855 Partem
2249 3800 2483 3871 denique
2515 3800 2758 3871 epistolae
2789 3798 3074 3869 cujusdam
3122 3799 3437 3855 Adamantii

1851 3892 2135 3963 proferunt
2157 3893 2437 3949 Cedrenus
2474 3902 2529 3948 et
2558 3893 2777 3948 Suidas.

1922 4007 2034 4062 VII.
2072 4008 2315 4061 Aliarum
2345 4017 2605 4076 praeterea
2661 4006 3022 4078 quarumdam
3073 4007 3439 4077 scriptionum

1851 4099 2101 4168 Origenis
2152 4100 2480 4155 mentionem
2535 4100 2675 4169 apud
2729 4109 2941 4154 veteres
2996 4099 3233 4153 invenio.
3281 4097 3439 4153 Philo

1849 4191 2066 4247 Iudaeus
2117 4192 2364 4247 ediderat
2428 4192 2627 4245 librum
2693 4191 3084 4246 Hebraicnrutn
3151 4189 3434 4245 nominum

1852 4285 2067 4341 Veteris
2098 4266 2453 4349 Testamenti,
2484 4298 2788 4354 eorumque
2817 4284 3170 4354 etymologias
3195 4292 3248 4337 et
3275 4283 3443 4337 inter-

1850 4379 2185 4448 pretationes
2214 4375 2487 4445 adjecerat
2518 4392 2533 4430 :
2570 4392 2729 4447 quem
2770 4376 2970 4432 librum
3010 4375 3197 4429 Latina
3234 4375 3440 4429 oratio-

1852 4486 1917 4525 ne
1957 4469 2318 4540 Hieronymus
2346 4485 2634 4539 expressu.
2668 4469 2825 4537 Quod
2861 4472 2913 4525 in
2950 4469 3297 4525 Testamento
3333 4470 3440 4524 Ve-

1854 4565 1952 4619 teri
1991 4565 2198 4619 lecerat
2225 4563 2402 4626 Philo,
2437 4564 2573 4618 idem
2598 4564 2651 4616 in
2677 4563 2827 4619 Novo
2856 4562 3121 4618 factitavit
3145 4559 3435 4633 Origenes,

166 4640 337 4699 Patris
368 4644 708 4709 substantia,
738 4652 793 4697 et
822 4654 1005 4697 utrum
1047 4641 1297 4697 diabolus
1339 4643 1454 4712 ejus
1482 4652 1626 4699 esset
1652 4658 1750 4697 na-

1859 4672 2125 4727 suumque
2155 4671 2289 4726 Opus
2318 4656 2384 4711 ad
2412 4671 2547 4724 opus
2576 4655 2819 4709 Philonis
2856 4654 3141 4725 adjunxit;
3185 4653 3237 4707 in
3267 4667 3441 4721 eoque

166 4746 316 4808 turaz,
343 4756 470 4810 quas
523 4739 758 4794 salutem
792 4738 1016 4806 adipisci
1070 4752 1176 4792 non
1217 4748 1418 4807 posset.
1461 4737 1750 4793 Africanus

164 4831 413 4903 Origenis
445 4832 675 4902 aequalis
699 4842 753 4885 et
804 4832 1011 4885 amicus
1043 4830 1199 4885 initio
1234 4830 1508 4899 Epistulae,
1533 4846 1637 4901 qua
1671 4832 1751 4900 ip-

164 4924 271 4981 sius
305 4928 641 4982 scntenliam
671 4927 737 4979 de
768 4923 1033 4979 Susanna:
1069 4925 1298 4979 historia
1352 4927 1601 4996 rogavit,
1634 4925 1750 4978 lau-

163 5018 250 5071 dat
276 5019 566 5090 Dialogum
598 5016 715 5086 ejus
747 5016 814 5070 ad
843 5017 1213 5086 Agnomonetn
1244 5056 1259 5081 ,
1295 5017 1346 5069 in
1396 5031 1503 5084 quo
1536 5027 1748 5084 partem

162 5108 304 5164 illam
338 5112 461 5168 libri
484 5109 730 5163 Danielis
764 5109 815 5163 in
854 5108 1224 5163 testimOnium
1269 5106 1586 5170 adduxerat,
1626 5120 1747 5175 quae

163 5202 429 5259 Susanna:
462 5217 657 5259 casum
706 5210 913 5255 narrat.
970 5201 1160 5254 Exstat
1207 5198 1440 5268 denique
1487 5198 1747 5267 Dialogus

158 5296 219 5348 de
253 5310 395 5353 recta
426 5300 480 5352 in
520 5296 689 5350 Deum
730 5294 856 5363 ﬁde,
884 5292 976 5364 qui
1030 5302 1079 5348 et
1130 5300 1313 5346 contra
1367 5289 1746 5344 Marcionistas

159 5387 511 5455 inscribitur;
556 5389 653 5443 sed
685 5388 902 5457 spurius
940 5396 995 5441 et
1035 5384 1413 5455 supposititius
1439 5422 1454 5449 ,
1507 5393 1567 5437 ut
1606 5382 1745 5437 infra

155 5483 686 5541 demonstrabimus.

226 5577 314 5632 Ἠ.
343 5578 625 5650 Epistolas
658 5574 907 5644 Origenis
950 5581 1212 5644 quotquot
1250 5580 1368 5627 erat
1396 5579 1607 5637 nactus,
1633 5585 1663 5624 a
1687 5585 1747 5626 se

222 5695 265 5725 ⁸⁷
302 5696 501 5751 Euseb.
541 5692 667 5746 libr.
699 5707 752 5746 vt
784 5688 953 5757 Hist.,
980 5702 1100 5758 cap.
1124 5687 1179 5741 2.
1258 5688 1305 5719 ⁶⁸
1346 5688 1474 5744 ibid.
1506 5701 1626 5756 cap.
1683 5688 1770 5743 l9.

152 5757 199 5795 ⁷³
228 5764 361 5822 ibid.
393 5780 523 5836 cap.
555 5762 646 5817 39.

223 5880 303 5951 (2)
351 5883 426 5937 Ut
477 5879 708 5934 ostendit
756 5877 871 5951 eius
921 5878 1189 5951 exemplar
1236 5878 1465 5951 nondum
1515 5877 1739 5951 editum,

146 5949 291 6010 quod
335 5970 492 6022 penes
523 5968 604 6006 me
635 5958 734 6004 est.
780 5949 911 6007 Vide
956 5950 1084 6005 totni
1139 5950 1306 6005 nostri
1360 5949 1559 6018 prioris
1611 5963 1733 6017 pag.

1858 4750 2241 4820 llierouymum
2290 4748 2620 4802 imitatorem
2656 4746 2841 4800 habuit
2873 4764 2886 4799 :
2922 4745 3077 4813 cujus
3128 4745 3289 4797 verba
3324 4743 3439 4796 haec

1857 4852 1983 4899 Sunt
2026 4844 2076 4896 in
2107 4840 2327 4896 Prmlat.
2355 4840 2419 4893 ad
2457 4839 2653 4893 librum
2690 4838 2941 4892 Hebraic.
2969 4837 3279 4891 nominum:
3310 4852 3327 4884 ι
3360 4836 3438 4887 Ac

1856 4950 1923 4989 ne
1974 4933 2112 4988 forte
2141 4940 2519 4986 consummato
2546 4930 2778 4984 mdilicio
2823 4933 2977 4997 quasi
3008 4939 3249 4980 extrema
3281 4925 3440 4978 dees-

1856 5033 1939 5080 set
1972 5040 2183 5085 manus,
2222 5022 2356 5078 Novi
2390 5022 2725 5079 Testamenti
2776 5021 2944 5073 verba
2981 5030 3035 5072 et
3083 5016 3302 5070 nomina
3356 5016 3440 5071 in-

1861 5124 2187 5186 terpretatus
2222 5131 2365 5178 sum,
2394 5113 2595 5168 imitari
2622 5112 2808 5166 volens
2834 5127 2897 5164 ex
2928 5118 3086 5179 parte
3120 5105 3437 5176 Origenem,

1861 5223 2018 5277 quem
2060 5215 2179 5275 post
2208 5205 2480 5275 apostolos
2510 5202 2875 5258 Ecclesiarum
2916 5201 3236 5270 magistrum
3280 5213 3441 5254 nemo

1863 5299 1963 5354 nisi
2000 5298 2280 5365 imperitus
2321 5306 2500 5367 negat.
2542 5296 2688 5350 Inter
2721 5305 2918 5350 caetera
2947 5295 3089 5348 enim
3122 5290 3319 5361 ingenii
3355 5291 3438 5345 sui

1856 5392 2113 5462 praeclara
2172 5399 2520 5445 monumenta
2571 5388 2735 5443 etiam
2780 5389 2832 5441 in
2871 5388 2977 5441 hoc
3025 5384 3332 5448 laboravit,
3383 5392 3441 5436 ut

1856 5482 1995 5553 quod
2021 5480 2173 5534 Philo
2201 5479 2359 5548 quasi
2387 5477 2607 5533 Judteus
2639 5477 2923 5542 omiserat,
2968 5476 3057 5530 hic
3088 5484 3145 5528 ut
3172 5473 3438 5528 Christia-

1860 5590 1960 5629 nus
1994 5570 2261 5642 impleret.
2292 5589 2310 5622 ι
2344 5569 2490 5624 Libri
2523 5567 2762 5637 ejusdem
2795 5568 3249 5623 meminitauctor
3275 5564 3440 5629 Qua:-

1851 5686 1895 5719 ⁶⁹
1923 5685 2056 5743 ibid.
2086 5700 2206 5755 cap.
2229 5685 2322 5740 28.
2399 5684 2447 5714 ⁷⁰
2480 5683 2613 5739 ibid.
2643 5697 2765 5753 cap.
2790 5682 2880 5736 5|.
2958 5682 3001 5713 ⁷¹
3037 5680 3165 5735 ibid.
3197 5694 3315 5748 cap.
3345 5677 3436 5733 56.

1851 5876 1976 5938 275,
2025 5874 2115 5933 ubi
2160 5874 2249 5931 hic
2294 5872 2432 5929 liber
2480 5880 2587 5926 tam
2630 5868 2819 5926 Graece
2860 5882 3019 5939 quam
3071 5866 3262 5922 Latine
3310 5865 3440 5922 edi-

1852 5960 1958 6001 tur.
