3926 6524
477 450 616 511 ίεὸὄ

1762 429 1826 486 P.
1867 423 2184 481 DANIELIS
2223 422 2458 477 IlUE'l’ll

3606 410 3742 465 i256

477 575 708 618 stionum
737 556 807 609 ad
834 548 1188 612 orthodoxa,
1224 546 1313 615 qui
1352 543 1488 599 falso
1519 543 1778 597 tribuitur
1810 540 2051 606 Justino,
2086 548 2133 605 Α
2162 537 2305 591 enim
2353 531 2638 604 exegctica
2691 535 3072 584 enumerasset
3119 524 3510 595 Hieronymus,
3544 531 3660 575 tum
3691 520 3744 576 in

479 662 673 726 quaest.
707 650 778 706 82
814 657 869 703 et
893 645 983 711 86,
1019 644 1073 697 in
1100 656 1276 711 eoque
1305 648 1502 709 praeter
1527 635 1790 691 Hebraica
1814 632 2056 695 nomina,

482 724 770 801 mensuras
816 742 979 794 etiam
1034 736 1417 803 interpretatas
1463 743 1587 783 esse
1636 727 1814 781 docet.
1865 724 2059 778 Videat

478 851 609 905 ergo
636 833 860 887 Rufinus
888 845 992 898 qua
1028 826 1133 880 fide
1156 822 1456 891 scripserit,
1485 818 1687 873 lnvect.
1722 831 1759 870 II
1790 818 1843 871 in
1870 814 2060 869 Hiero-

482 903 725 991 nymum,
759 932 826 971 ne
848 930 1012 970 unum
1045 911 1265 982 quidem
1290 907 1587 978 Scriptum
1616 906 1839 962 verbum
1863 903 2059 974 Orige-

480 1025 604 1068 nem
632 1011 882 1063 vertisse.

554 1103 686 1158 VIII.
720 1101 942 1156 Librum
974 1096 1315 1153 De.oratione
1336 1090 1588 1148 emisisse
1620 1090 1911 1159 Origenem
1946 1100 2063 1140 me-

479 1196 672 1250 moria:
716 1190 952 1262 prodidit
994 1186 1308 1256 Pamphilus
1343 1183 1395 1236 in
1436 1181 1813 1251 Apologetico:
1849 1196 1868 1228 ι
1906 1175 2063 1229 Deni-

481 1302 609 1356 que,
643 1284 852 1352 inquit,
902 1280 954 1334 in
1007 1288 1113 1332 tarn
1165 1276 1390 1339 multis,
1427 1284 1484 1329 et
1512 1284 1621 1327 tam
1669 1270 1899 1325 diversis
1944 1269 2060 1339 ejus

477 1376 773 1449 (Origenis)
806 1372 959 1426 libris
986 1383 1250 1436 nusquam
1273 1366 1496 1419 omnino
1518 1362 1793 1417 invenitur
1816 1376 1959 1415 unus
1994 1360 2062 1414 ab

477 1486 549 1527 eo
587 1470 724 1523 liber
746 1464 962 1535 proprie
988 1460 1065 1515 De
1096 1460 1280 1512 anima
1330 1456 1671 1523 conscriptus
1690 1494 1705 1517 ,
1735 1453 1872 1506 sicut
1902 1451 2065 1505 habet

482 1561 568 1616 vel
600 1561 675 1614 De
724 1556 977 1626 martyrio
1004 1590 1021 1616 ,
1059 1549 1144 1605 vel
1178 1549 1253 1603 De
1287 1549 1525 1602 oratione
1547 1584 1565 1611 ,
1608 1544 1692 1598 vei
1722 1544 1796 1597 De
1828 1558 2064 1598 resurre-

478 1652 677 1706 ctione.
734 1648 853 1714 Quo
906 1646 1031 1699 licet
1099 1652 1417 1696 careremus
1473 1634 1830 1697 testimonio,
1887 1633 2061 1701 ipsum

482 1757 623 1813 opus
647 1741 790 1810 quod
836 1737 905 1793 ad
940 1736 1079 1790 banc
1114 1733 1258 1788 diem
1303 1735 1591 1798 superest,
1625 1740 1720 1795 per
1763 1738 1823 1780 se
1852 1723 2066 1778 innote-

484 1841 684 1889 sceret.

557 1944 651 2000 IX.
687 1941 1068 1997 Tlieodoretus
1121 1938 1175 1993 in
1229 1934 1383 1989 libris
1425 1933 1813 1987 (hereticorum
1853 1926 2064 1998 fabula-

486 2034 933 2105 rum'Origenem
980 2045 1125 2100 sirpe
1164 2028 1384 2097 allegat,
1425 2036 1479 2080 et
1517 2024 1682 2079 libros
1714 2021 1881 2090 ipsius
1909 2021 1961 2074 in
1991 2030 2070 2073 te-

490 2128 805 2183 stimonium
853 2124 1094 2178 adducit.
1132 2120 1297 2175 Libro
1343 2116 1562 2187 quidem
1616 2113 1801 2183 priore
1830 2125 1953 2180 cap.
2011 2109 2067 2175 2,

490 2219 775 2288 scripsisse
806 2232 929 2270 eum
949 2214 1025 2268 ait
1047 2213 1311 2267 adversus
1338 2207 1690 2265 Menandrum
1718 2204 2068 2272 hzereticum;

483 2322 545 2367 et
571 2310 743 2380 capite
774 2308 807 2363 4
834 2309 1094 2362 adversus
1124 2304 1415 2380 Basilidem
1449 2311 1505 2357 et
1530 2301 1835 2361 Isidorum;
1870 2305 1927 2351 et
1980 2309 2072 2349 ca-

492 2376 654 2472 pite'i
693 2399 954 2453 adversus
984 2376 1361 2457 Ilelcesaitas,,
1397 2402 1451 2446 et
1478 2390 1659 2459 capite
1685 2387 1772 2451 l9,
1811 2385 2073 2440 adversus

491 2492 884 2559 Hermogenem
915 2498 970 2542 et
991 2483 1371 2546 Valentinum;
1408 2480 1656 2549 etcspite
1684 2478 1780 2541 2i,
1812 2477 2073 2530 adversus

490 2583 787 2647 Severum;
819 2591 872 2634 et
903 2577 1078 2648 capite
1109 2575 1204 2641 25,
1247 2574 1511 2628 adversus
1532 2568 1771 2639 Apellem
1804 2584 1818 2621 :
1851 2575 1907 2622 et
1934 2565 2074 2620 libro

491 2691 546 2738 tt,
577 2672 753 2741 capite
781 2670 848 2732 Ξ,
881 2669 1142 2724 adversus
1177 2664 1427 2722 haeresim
1460 2661 1846 2717 Nasarzcorum
1879 2675 1895 2712 :
1929 2667 1984 2712 et
2011 2655 2074 2710 li-

492 2766 593 2819 bro
625 2778 683 2817 Ill
711 2800 727 2825 ,
758 2760 934 2828 capite
963 2758 1029 2823 ι,
1057 2758 1320 2811 adversus
1374 2751 1691 2807 Nicolaitas.
1742 2747 1910 2802 Libro
1944 2759 2074 2800 vero

492 2853 755 2915 secundo,
785 2851 964 2920 capite
993 2849 1057 2913 5,
1096 2848 1260 2902 tradit
1301 2843 1524 2913 Origeni
1559 2842 1800 2895 tribuere
1848 2836 2075 2891 nonnul-

493 2946 575 3000 los
600 2941 834 2997 Parvum
875 2938 1237 3010 labyrinthum
1259 2978 1275 3002 ,
1328 2937 1419 3007 qui
1451 2936 1586 2988 liber
1608 2934 1872 2988 adversus
1898 2928 2077 2982 Theo-

491 3037 681 3092 dotum
715 3033 1029 3089 lnereticum
1061 3031 1298 3101 scriptus
1326 3038 1429 3083 est.
1476 3024 1818 3093 Nicephorus
1852 3035 2072 3092 quoque

490 3127 631 3183 libro
659 3143 714 3190 κ,
742 3140 865 3195 cap.
890 3125 986 3188 '56,
1032 3122 1327 3191 Origenem
1366 3128 1594 3174 testatur
1629 3114 1850 3185 scriptis
1884 3113 2078 3167 libellis

491 3216 798 3272 luculenter
826 3213 1092 3269 refellisse
1123 3211 1434 3266 Marcellum
1464 3208 1710 3264 Galatam
1759 3218 1815 3262 et
1846 3205 2081 3275 Porphy-

2168 641 2330 680 nnam
2359 626 2591 679 classem
2626 628 2971 691 syntagmata
3024 615 3275 685 conjicit,
3318 614 3386 667 ad
3437 625 3619 679 eaque
3653 622 3745 663 suo

2170 717 2364 770 ordine
2388 716 2755 784 percensenda
2785 709 3073 771 accedens,
3116 725 3136 757 ι
3174 705 3339 769 Item,
3384 704 3590 772 inquit,
3622 700 3746 755 scri-

2165 806 2272 877 psit
2310 801 2656 867 Monobiblia,
2685 800 2823 869 Περὶ
2850 796 3051 867 ἀρχῶν
3082 797 3247 850 libros
3268 803 3527 863 quatuor,
3571 809 3591 842 ι
3621 798 3744 853 etc.;

2168 897 2325 967 quasi
2360 895 2588 951 dixisset
2619 914 2632 947 :
2661 894 2792 948 Item
2822 890 3107 961 sequentia
3136 888 3361 955 scripsit
3390 888 3746 955 Syntagutata

2168 992 2312 1060 (qua:
2351 998 2408 1043 et
2458 986 2715 1055 opuscula
2754 984 2949 1040 deinde
2990 980 3219 1035 Ituflnus
3258 976 3519 1049 appellat)
3565 986 3748 1042 nempe

2164 1086 2332 1140 libros
2364 1082 2505 1151 Περὶ
2537 1079 2762 1149 ἀρχῶν,
2793 1090 2900 1134 etc.
2939 1078 3113 1146 Atque
3151 1076 3287 1139 haec,
3318 1070 3465 1141 quod
3495 1083 3607 1122 non
3624 1066 3749 1119 alio-

2167 1191 2286 1230 rum
2316 1175 2579 1229 libroruin
2612 1187 2778 1227 causa
2807 1179 2996 1225 essent
3024 1168 3330 1229 elaborata,
3358 1177 3465 1217 nec
3488 1160 3617 1214 aliis
3662 1156 3750 1211 ad—

2162 1266 2432 1335 iungenda
2468 1273 2655 1319 essent
2683 1263 2840 1317 libris
2860 1303 2877 1328 ,
2908 1257 3211 1329 cnjusmodi
3242 1265 3402 1310 erant
3433 1249 3749 1320 esegetica;

2166 1361 2262 1414 sed
2296 1358 2515 1429 proprio
2558 1356 2970 1409 continerentur
3002 1357 3350 1419 argumento,
3391 1355 3447 1399 ct
3480 1343 3631 1398 circa
3659 1354 3749 1410 pe-

2168 1450 2428 1505 culiarem
2455 1448 2557 1500 sibi
2588 1445 2876 1500 materiem
2912 1449 3287 1501 versarentur,
3326 1436 3540 1490 idcirco
3572 1432 3752 1485 Mono-

2170 1541 2334 1595 biblia
2362 1538 2631 1609 appellata
2685 1545 2832 1591 sunt.
2876 1532 2982 1587 Sed
3022 1531 3139 1585 haec
3172 1544 3271 1600 pro
3307 1526 3632 1595 conjectura
3667 1522 3753 1576 ha-

2169 1632 2286 1687 beri
2316 1632 2457 1685 volo.

2239 1724 2323 1778 Ad
2360 1731 2696 1794 postremum
2747 1718 3064 1775 Vincentius
3099 1710 3507 1770 Bellovacensis
3549 1704 3757 1777 Speculi

2170 1815 2487 1871 doctrinalis
2520 1815 2650 1869 libr.
2702 1830 2859 1879 xvtn,
2902 1828 3022 1883 cap.
3069 1812 3161 1874 45,
3206 1806 3463 1875 Origenis
3504 1803 3758 1856 lucubra-

2095 1914 2138 1969 B
2170 1911 2341 1964 tiones
2369 1923 2491 1977 quae
2519 1908 2585 1961 ad
2610 1920 2705 1960 sua
2730 1916 3097 1975 pervenerant
3126 1912 3373 1968 tempora
3404 1906 3753 1954 enumerans,

2167 2002 2248 2055 sic
2284 2000 2599 2068 auspicatur
2633 2013 2647 2050 :
2692 1995 2948 2065 Apologia
2999 2009 3095 2062 pro
3146 2009 3221 2059 se,
3271 1998 3541 2043 tractatus
3575 1986 3628 2041 1.
3666 1984 3758 2036 Do-

2169 2093 2363 2147 ctrinte
2393 2091 2613 2160 quidem
2645 2103 2756 2142 suae
2791 2087 3168 2142 defensionem
3202 2084 3269 2137 ad
3307 2081 3617 2137 Fabianum
3664 2089 3758 2143 pa-

2168 2199 2294 2254 pam
2325 2185 2539 2239 misisse
2572 2183 2861 2252 Origenem
2911 2193 3075 2248 supra
3106 2179 3421 2231 notavimus
3451 2189 3465 2225 :
3497 2187 3566 2224 an
3590 2183 3653 2224 ea
3678 2167 3759 2223 bis

2171 2276 2507 2345 significetur
2551 2272 2821 2327 Vincentii
2869 2270 3054 2325 verbis
3085 2307 3101 2334 ,
3156 2283 3226 2321 an
3280 2265 3431 2320 aliud
3482 2260 3759 2334 quidpiam

2170 2381 2309 2435 opus
2332 2366 2502 2419 lector
2526 2365 2812 2435 perspicax
2839 2362 3165 2416 arbitretur.

2244 2456 2335 2511 XI.
2367 2456 2588 2511 Minime
2618 2470 2749 2509 vero
2782 2456 2833 2507 in
2862 2454 3005 2508 hunc
3048 2465 3277 2506 censum
3311 2443 3651 2504 conferenda
3678 2440 3757 2494 vi-

2174 2550 2395 2605 deretur
2417 2562 2540 2603 esse
2571 2546 2893 2605 Pliilocalia.
2912 2552 2971 2597 ut
2996 2557 3117 2612 qua:
3134 2556 3162 2595 a
3185 2539 3389 2595 Basilio
3415 2546 3471 2592 et
3500 2532 3756 2603 Gregorio

2176 2641 2449 2711 Theologo
2479 2639 2699 2695 confuta
2729 2648 2785 2694 et
2814 2636 3194 2692 consarcinata
3232 2632 3325 2686 sit.
3380 2628 3649 2696 Quoniam
3683 2634 3758 2678 ta-

2175 2745 2297 2786 men
2325 2744 2390 2782 ex
2416 2728 2731 2783 Adamantii
2784 2727 2982 2797 pannis
3012 2734 3123 2779 tota
3151 2729 3415 2778 contexta
3444 2729 3530 2774 est
3551 2759 3565 2781 .
3593 2725 3647 2771 et
3692 2728 3760 2767 ex

2175 2822 2451 2876 ventilatis
2514 2835 2677 2890 supra
2728 2818 2981 2889 Origenis
3043 2816 3306 2885 operibus
3352 2812 3472 2867 fere
3524 2812 3758 2865 detracta

2176 2926 2301 2970 sunt
2332 2914 2641 2984 fragmenta
2689 2914 2895 2982 quibus
2930 2911 3022 2965 illa
3071 2915 3321 2972 constat;
3366 2905 3490 2959 ideo
3523 2919 3627 2957 non
3664 2915 3757 2970 pro

2179 3008 2393 3061 diverso
2424 3005 2611 3075 aliquo
2647 3019 2813 3074 Opere
2852 3000 3100 3057 habenda
3147 3007 3269 3063 est,
3298 2996 3397 3051 sed
3429 3009 3531 3065 pro
3574 2992 3757 3059 Orige-

2179 3098 2342 3152 niano
2374 3107 2581 3151 tantum
2613 3106 2883 3159 centone,
2930 3095 2984 3148 in
3032 3108 3144 3163 quo
3191 3090 3531 3160 Origeniana
3580 3084 3753 3139 omnia

2181 3199 2303 3244 sunt
2325 3202 2523 3261 praeter
2555 3196 2866 3243 contextum
2898 3205 2912 3241 :
2946 3195 3348 3258 proptereaque
3398 3181 3453 3235 in
3494 3179 3634 3232 hanc
3667 3188 3753 3230 se-

488 3309 672 3372 rium;
711 3309 886 3376 iisque
912 3306 1067 3359 libris
1092 3304 1143 3358 id
1173 3303 1391 3373 assequi
1421 3310 1674 3355 conatum
1701 3314 1846 3362 esse,
1882 3306 1938 3350 ut
1973 3299 2068 3351 ob-
2106 3259 2148 3316 ϐ
2183 3282 2317 3335 ι’ίθιη
2349 3297 2378 3335 ³
2404 3280 2560 3336 υοίιῖε
2588 3281 2928 3336 θάωἱιιθιυτ.

492 3402 637 3457 scuri
668 3398 981 3453 et'intricati
1014 3397 1307 3466 Scriptura:
1349 3394 1451 3449 loci
1477 3434 1493 3459 ,
1524 3394 1720 3463 quibus
1753 3390 1903 3446 abuti
1934 3390 2081 3444 sole-

488 3489 623 3544 bant
643 3488 903 3552 brcretici,
932 3487 998 3540 ad
1035 3501 1218 3540 verum
1248 3500 1466 3540 sensum
1493 3482 1929 3537 dellecterentur.
1962 3478 2077 3534 Non

487 3579 747 3650 equidem
779 3578 1107 3633 crediderim
1150 3577 1371 3631 tetidem
1404 3576 1573 3629 libros
1596 3572 1948 3629 confutandis
1976 3572 2081 3626 haec

494 3670 684 3723 reticis
717 3668 965 3723 emisisse
1006 3667 1301 3735 Origenem
1327 3706 1343 3732 ,
1391 3675 1527 3736 quot
1577 3664 1861 3720 haereticos
1900 3663 1970 3717 ab
2013 3678 2079 3719 eo

496 3758 807 3815 confutatos
857 3767 1047 3814 narrat
1102 3758 1517 3824 Theodoretus;
1572 3758 1665 3813 sed
1719 3755 1984 3827 plurimos
2010 3770 2078 3811 ex

494 3851 607 3906 illis
650 3852 704 3905 in
740 3851 969 3906 alterius
994 3851 1303 3923 argumenti
1356 3848 1743 3920 scriptionibus
1781 3846 1959 3902 obiter
2012 3846 2081 3901 ab

493 3942 736 4012 Origene
770 3944 1089 4010 perstrictos
1131 3943 1422 4008 existimo;
1472 3938 1930 4011 quemadmodmn
1980 3937 2081 3993 IIe-

498 4035 805 4089 racleonem
830 4036 882 4089 in
914 4035 1336 4091 Commentariis
1357 4035 1416 4087 in
1450 4033 1713 4088 Joannem
1748 4046 1890 4103 strpe
1916 4032 1984 4087 ab
2014 4045 2080 4086 eo

492 4129 810 4199 sugillatum
846 4129 1119 4192 videmus,
1175 4138 1231 4183 et
1287 4127 1488 4196 ubique
1536 4124 1648 4181 fere
1697 4124 2078 4189 Valentinum,

499 4217 792 4275 Basilidem
846 4231 903 4275 et
941 4221 1291 4276 Marcionem.
1323 4221 1394 4273 At
1434 4218 1647 4288 aliquos
1688 4228 1864 4273 tamen
1895 4216 2082 4272 adver-

494 4328 593 4368 sus
644 4314 925 4369 haereticos
980 4324 1036 4370 et
1094 4313 1345 4369 ethnicos
1401 4313 1662 4381 quosdam
1721 4326 1785 4364 es
1834 4310 2082 4365 instituto

498 4405 736 4459 edidisse
772 4416 978 4459 certum
1016 4416 1100 4460 est
1133 4424 1147 4471 ;
1204 4405 1384 4477 qualis
1441 4412 1526 4459 est
1563 4403 1701 4457 liber
1749 4412 1932 4456 contra
1964 4401 2082 4456 Cel-

496 4512 649 4559 sum;
723 4497 901 4565 qualis
959 4496 1059 4550 fuit
1106 4496 1310 4550 Parrus
1360 4495 1449 4550 ille
1496 4494 1831 4563 labyrinthus
1885 4494 2079 4549 adver-

497 4601 595 4641 sus
624 4584 961 4642 Theodotum
990 4626 1005 4651 ,
1049 4588 1095 4640 si
1130 4588 1289 4641 modo
1336 4584 1626 4653 Origenem
1673 4592 1950 4639 auctorem
1986 4582 2083 4637 lia-

502 4688 653 4751 linit;
683 4683 857 4754 qualis
887 4681 983 4735 fuit
1020 4679 1349 4733 Lucubratio
1380 4678 1641 4732 adversus
1675 4676 2016 4732 Helcesaitas
2060 4716 2079 4744 ,

496 4795 640 4851 quos
666 4774 924 4848 peculiari
960 4786 1120 4842 opere
1150 4769 1428 4825 convictos
1462 4769 1628 4824 fuisse
1651 4769 1945 4824 verisimile
1968 4777 2073 4824 est.

576 4894 644 4948 Χ.
679 4892 1043 4960 Hieronymus
1074 4887 1217 4957 apud
1245 4884 1495 4942 Ruﬁnem
1528 4884 1729 4940 Invect.
1758 4900 1819 4949 ιι,
1851 4885 2081 4938 indicem

502 4983 767 5037 librorum
803 4978 1056 5047 Origenis
1091 4986 1425 5045 pertexens,
1469 4976 1548 5030 sic
1588 4976 1850 5030 disserit:
1896 4993 1915 5026 ‹
1959 4974 2086 5028 Vul-

509 5076 575 5127 tis
606 5086 833 5126 nosccre
861 5080 1061 5139 quanta
1107 5067 1310 5138 ingenii
1342 5068 1423 5137 sui
1460 5066 1747 5135 reliquerit
1772 5080 2086 5119 monumen-

508 5167 608 5219 ta?
647 5166 893 5233 Sequens
918 5162 1103 5217 titulus
1126 5161 1409 5216 ostendit:
1449 5159 1679 5227 Scripsit
1728 5158 1780 5211 in
1830 5158 2083 5212 Gcnesinn

506 5256 676 5310 libros
732 5254 992 5309 tredecim
1040 5270 1055 5306 :
1107 5252 1459 5322 mysticarum
1527 5249 1872 5304 bomiliarum
1921 5249 2087 5303 libros

504 5348 643 5401 duos
677 5366 690 5401 :
729 5347 781 5399 in
829 5346 1011 5399 Exodo
1049 5356 1350 5413 excerpta:
1389 5343 1441 5395 in
1498 5340 1738 5405 Levitico
1778 5326 2035 5410 excerpta
2070 5356 2085 5395 :

509 5438 641 5494 item
674 5437 1001 5491 Monobiblia
1024 5476 1039 5498 ,
1090 5436 1231 5504 Περὶ
1272 5433 1475 5502 ἀρχῶν
1504 5432 1677 5488 libros
1712 5441 1964 5502 quatuor,
2011 5430 2089 5484 De

506 5529 890 5582 resurrectione
936 5527 1106 5580 libros
1146 5529 1279 5581 duos
1301 5564 1316 5589 ,
1345 5536 1397 5579 et
1429 5525 1567 5578 alios
1597 5526 1663 5578 de
1691 5523 2090 5581 resurrectione

510 5619 752 5688 dialogos
821 5618 975 5671 duos.
1020 5637 1038 5669 ι
1089 5618 1226 5684 Quid
1283 5617 1391 5669 sint
1445 5614 1767 5668 Monobiblia
1824 5615 2086 5667 incertum

510 5720 617 5763 est.
645 5709 897 5762 Fortasse
943 5725 1047 5762 non
1087 5707 1361 5778 peculiare
1403 5707 1620 5775 aliquod
1662 5705 1910 5773 Origenis
1953 5717 2089 5771 opus

512 5799 618 5852 boc
664 5801 880 5852 nomine
915 5800 1191 5869 signatur,
1242 5797 1337 5851 sed
1378 5812 1439 5851 ea
1484 5796 1598 5863 ejus
1642 5795 1923 5864 epuscnla,
1970 5808 2090 5863 quae

515 5902 616 5942 nos
647 5888 1055 5967 Syntagmatnm
1088 5890 1453 5959 appellatione
1484 5887 1916 5956 complectimur.
1952 5885 2083 5941 Cum

2800 3415 3044 3473 SECTIO
3080 3416 3142 3470 Il.

2182 3533 2249 3573 DE
2306 3531 2552 3575 ORIGENIS
2607 3530 2976 3573 SYN'IA'GIA‘I'IS
3031 3527 3150 3579 θῦε
3203 3525 3534 3573 δυνειεωετ,
3591 3519 3754 3569 υεριτι

2253 3606 2512 3646 vswsns
2560 3603 2830 3644 LIBROBUI
2861 3584 3004 3653 Περὶ
3051 3582 3257 3654 ἀρχῶν
3297 3593 3754 3637 mrsapnsrsriu—

2250 3677 2425 3717 IIBUS.

2181 3754 2222 3810 I.
2264 3754 2454 3832 Agitur
2485 3752 2550 3805 de
2596 3750 2747 3805 libris
2790 3748 2870 3832 De
2907 3748 3349 3832 resurrectione,
3384 3743 3450 3828 II.
3486 3744 3623 3832 gspl

2255 3815 2400 3894 χῶν,
2451 3830 3013 3894 eoru_mque__retustts
3076 3818 3643 3894 interpretntionibusn
3666 3815 3747 3867 III.

2251 3886 2701 3964 Στρὼματεῦσὶ,
2749 3890 2863 3964 IV._
2906 3888 3261 3964 Pratrepticon
3298 3888 3368 3964 nd
3412 3886 3753 3964 martyrium,

2256 3953 2505 4018 γ.Ἷὶὄώ
2537 3972 2729 4017 contra
2775 3960 3010 4015 Celsum.
3048 3959 3135 4025 VI,
3213 3955 3491 4026 Epistolis,
3540 3953 3641 4010 \ll.
3684 3956 3755 4005 lia

2265 4037 2357 4089 bro
2399 4034 2475 4089 De
2506 4033 2777 4096 oratione,
2825 4029 2953 4085 \‘lll.
2988 4041 3034 4084 et
3077 4028 3395 4083 Philocalia.

2254 4126 2295 4182 I.
2334 4126 2413 4181 Ex
2448 4125 2783 4179 enumeratis
2810 4122 3059 4192 proxime
3093 4119 3410 4174 Adamantii
3440 4116 3757 4187 Syntagma—

2185 4216 2253 4272 tis
2307 4218 2421 4272 fere
2474 4214 2746 4279 omnibus,
2794 4213 2874 4267 vel
2925 4212 3023 4266 toti
3070 4210 3217 4276 libri,
3258 4210 3345 4263 vel
3390 4208 3614 4275 insignia
3645 4204 3757 4257 fra-

2184 4319 2420 4379 gmenta,
2472 4307 2557 4362 vel
2610 4306 2888 4377 particula:
2935 4304 3129 4372 aliqua:
3179 4302 3246 4355 ad
3292 4312 3477 4356 nostra
3522 4310 3756 4368 tempora

2182 4410 2563 4473 pervenerunt.
2594 4399 2635 4454 E
2660 4399 2811 4452 libris
2834 4398 3049 4466 quidem
3081 4396 3155 4449 De
3189 4395 3571 4449 resurrectione
3588 4393 3759 4462 primo

2183 4506 2239 4549 et
2272 4493 2509 4548 secundo
2542 4491 2843 4561 fragmenta
2883 4488 3089 4558 aliquot
3152 4488 3424 4556 depromit
3458 4481 3759 4552 Pamphilus

2113 4606 2156 4660 ι)
2186 4587 2239 4640 in
2272 4583 2629 4654 Apologetico,
2661 4584 2729 4635 ad
2763 4581 3053 4651 septimam
3098 4578 3475 4648 depellendam
3510 4574 3761 4632 crimina-

2190 4679 2412 4741 tionem,
2449 4690 2552 4744 qua
2587 4677 2653 4729 de
2683 4673 3084 4728 resurrectione
3120 4670 3261 4725 male
3304 4670 3538 4723 sensisse
3575 4665 3761 4735 Orige-

2188 4784 2287 4823 nes
2330 4766 2632 4820 dicebatur.
2684 4763 2765 4818 Ex
2819 4764 3007 4818 eodem
3062 4775 3281 4830 quoque
3348 4774 3532 4829 opere,
3571 4756 3761 4825 capitis

2190 4854 2383 4911 decimi
2414 4854 2533 4908 libri
2569 4852 2793 4907 secundi
2827 4852 2967 4921 Περὶ
2996 4848 3224 4921 ἀρχῶν,
3257 4848 3468 4905 fatente
3501 4851 3606 4919 ipso
3629 4844 3759 4901 Ori-

2187 4960 2343 5016 gene,
2375 4958 2500 5011 pars
2535 4942 2713 5012 aliqua
2751 4942 3009 4996 translata
3033 4952 3136 4996 est.

2257 5057 2322 5112 Il.
2358 5055 2621 5110 Baronius
2662 5070 2753 5109 an.
2783 5054 2913 5117 232.
2953 5070 3072 5125 cap.
3105 5055 3159 5120 4,
3189 5055 3359 5109 libros
3388 5054 3525 5122 Περὶ
3560 5048 3764 5119 ἀρχῶν

2188 5148 2255 5202 ad
2288 5148 2597 5217 exemplum
2631 5145 2857 5215 Longini
2893 5148 3205 5201 elaboratus
3233 5145 3302 5199 ab
3334 5144 3562 5214 Origene
3579 5142 3764 5209 suspi-

2188 5248 2363 5296 catur.
2403 5239 2705 5307 Longinum
2734 5239 3002 5307 siquidem
3035 5237 3196 5306 hujus
3226 5237 3367 5291 tituli
3403 5238 3589 5291 librqu
3618 5233 3766 5287 scri-

2189 5332 2369 5402 psisse
2406 5330 2569 5385 refert
2606 5330 2942 5401 Porphyrius
2976 5331 3028 5384 in
3099 5328 3220 5383 Vita
3251 5328 3478 5382 Plotini.
3523 5327 3575 5381 Si
3626 5324 3767 5393 quis

2188 5422 2809 5492 econtrario.l..onginum
2830 5419 3055 5475 afﬁrmet
3077 5421 3259 5491 operis
3281 5420 3364 5474 sui
3390 5425 3763 5489 argumentum

2189 5516 2257 5569 ab
2299 5514 2530 5585 Origene
2565 5514 2885 5582 sumpsisse,
2920 5529 2949 5567 a
2985 5528 3112 5566 vero
3148 5512 3366 5579 longius
3414 5526 3512 5565 non
3557 5506 3762 5567 abibit;

2189 5621 2339 5674 teque
2368 5606 2513 5659 enim
2555 5616 2846 5677 utrumque
2893 5606 3161 5658 incertum
3211 5615 3318 5660 est.
3368 5601 3511 5656 Libri
3560 5597 3768 5651 inscri-

2190 5699 2426 5765 ptionem
2463 5711 2657 5766 parum
2690 5706 2974 5750 assecutus
2998 5705 3081 5749 est
3125 5696 3373 5759 ltulinus,
3418 5692 3501 5762 qui
3536 5691 3583 5743 in
3611 5686 3769 5741 Pro-

2190 5789 2312 5857 logo
2361 5791 2428 5843 ad
2466 5790 2633 5844 libros
2663 5787 2803 5856 Περὶ
2834 5786 3036 5856 ἀρχῶν
3086 5788 3237 5842 reddi
3282 5802 3401 5842 eam
3450 5796 3591 5854 posse
3624 5782 3773 5834 dicit

2200 5879 2279 5933 De
2318 5882 2619 5952 principiis,
2669 5882 2754 5938 vel
2806 5880 2885 5937 De
2921 5882 3293 5949 potestatibus.
3340 5879 3469 5948 Quis
3496 5888 3611 5931 vero
3653 5887 3774 5928 non
