3926 6518
221 418 351 474 {251

1062 416 1630 477 ORIGENIANORUM
1667 421 1796 477 LIB.
1837 421 1925 486 lll,
1965 420 2116 478 CAP.
2156 421 2245 488 lli,
2290 421 2483 478 SECT.
2527 422 2592 480 ll.

3330 434 3357 488 4
3367 433 3468 489 258

222 542 458 611 intelligit
488 541 820 597 Christianae
846 540 1145 611 religionis,
1170 558 1235 599 ac
1264 559 1408 600 verae
1430 545 1786 616 philosophiae
1813 556 1861 612 Α
1888 546 2278 612 dissimulatos,
2308 547 2455 602 nullo
2486 547 2635 602 falsa
2667 546 3139 619 interpretationis
3166 555 3295 610 luco
3327 558 3469 614 obli-

218 635 469 688 elementa
534 633 639 689 hoc
696 634 835 688 libro
888 634 1104 689 tradere
1162 636 1498 704 propositum
1555 637 1780 705 Origeni

221 724 409 778 fuisse?
429 706 800 790 Quamobrem
826 739 1012 779 revera
1040 736 1185 793 sunt,
1212 728 1507 797 utsubjicit
1536 731 1780 797 Ruﬁnus,

218 824 267 870 et
289 816 684 881 obscurissimi,
717 827 774 872 et
795 816 1112 875 diliicillinii.
1148 820 1358 875 Addere
1393 830 1605 889 poterat
1638 841 1651 876 :
1694 839 1783 878 er-

220 907 418 962 roribus
445 922 693 977 quoque,
719 918 774 964 et
812 908 1161 981 ψευδωνύμου
1198 909 1451 979 γνώσεως
1485 916 1783 972 seminibus

219 996 543 1051 relertissimi
573 1017 588 1052 :
620 1000 676 1053 in
710 999 777 1054 iis
798 1001 996 1070 quippe
1019 1003 1285 1071 praecipua
1311 1005 1619 1071 dogmatttm
1652 1022 1781 1063 suo-

218 1103 321 1141 rum
369 1087 724 1144 fundamenta
766 1092 1027 1163 Origenes
1076 1094 1274 1161 posuit.
1323 1093 1588 1161 Quocirca
1620 1099 1781 1170 Didy-

216 1194 321 1234 mus
346 1181 605 1236 brevibus
626 1198 723 1237 eos
746 1184 1033 1239 illustravit
1052 1190 1531 1256 commentariolis,
1555 1191 1781 1248 Ruﬁnus

216 1286 331 1326 vero
367 1274 614 1327 Romana
658 1275 870 1345 loquela
896 1281 1169 1347 exposuit.
1212 1281 1405 1336 Verum
1444 1294 1502 1337 ut
1530 1301 1777 1341 errorum

213 1378 414 1417 suorum
455 1368 643 1435 capita
690 1368 744 1421 in
794 1369 894 1424 hac
926 1371 1608 1432 lucubrationeconclusit
1650 1379 1777 1433 Ori-

211 1470 377 1524 genes,
414 1459 488 1510 ita
521 1458 577 1512 in
611 1460 805 1515 eadem
842 1462 995 1518 make
1023 1478 1135 1518 suae
1177 1474 1229 1518 et
1257 1465 1415 1521 ﬂuxa:
1448 1471 1661 1535 penitus
1693 1472 1777 1525 iti-

213 1552 547 1618 terpretando
602 1553 726 1607 lidei
783 1556 1059 1625 egregium
1110 1558 1383 1627 specimen
1429 1562 1589 1615 edere
1640 1564 1779 1618 velle

210 1642 339 1695 visus
369 1653 450 1696 est
475 1643 712 1698 Ruﬁnus
737 1663 751 1700 :
784 1647 861 1701 sic
885 1648 1028 1700 enim
1062 1648 1206 1702 l'atttr
1229 1649 1280 1703 iu
1306 1650 1533 1721 Prologo
1558 1672 1571 1707 :
1603 1673 1622 1705 r
1659 1654 1779 1710 Sic-

213 1735 287 1787 ubi
319 1750 446 1805 ergo
506 1752 610 1792 nos
669 1738 723 1792 in
784 1738 919 1793 libro
952 1741 1068 1810 ejus
1100 1742 1274 1812 (Περὶ
1308 1745 1546 1816 ἀρχῶν)
1577 1749 1776 1818 aliquid

211 1825 338 1880 circa
388 1827 440 1881 id
488 1828 821 1895 invenimus,
855 1833 996 1900 quod
1031 1834 1100 1887 ab
1136 1835 1253 1903 ipso
1305 1838 1356 1891 in
1396 1841 1608 1895 caeteris
1643 1842 1776 1898 locis

1887 646 2002 704 tos;
2034 638 2182 692 utab
2213 638 2279 694 iis
2307 639 2359 692 in
2385 640 2667 709 propatulo
2688 640 2879 708 positis
2910 642 3125 697 facilius
3153 647 3259 702 sibi
3296 648 3471 707 lector

1881 732 2105 786 faceret.
2134 730 2332 785 Verum
2377 732 2444 785 ad
2486 732 2627 787 hanc
2651 742 2867 788 aetatem
2900 751 3039 791 nova
3069 738 3265 795 isthiec
3292 741 3463 798 inter-

1880 824 2114 891 pretatio
2146 839 2249 878 non
2285 826 2551 892 pervenit.

1956 913 2154 967 Narrat
2201 928 2267 968 ex
2314 915 2544 969 aliorum
2579 917 2681 971 ﬁde
2714 918 2957 974 Andreas
3003 920 3230 979 Rivetus
3271 923 3463 981 Critici

1880 1007 2021 1060 sacri
2071 1006 2209 1060 libro
2252 1023 2313 1074 tt,
2338 1023 2457 1075 cap.
2506 1009 2605 1074 l2,
2642 1009 2810 1065 libros
2850 1013 2989 1079 Περὶ
3025 1015 3231 1083 ἀρχῶν
3275 1016 3463 1074 Graios

1880 1100 2116 1166 scriptos
2143 1112 2361 1153 exstare
2404 1102 2455 1154 lll
2484 1102 2805 1169 quibusdam
2823 1103 3198 1162 bibliothecis.
3231 1106 3458 1165 Falsum

1881 1190 1932 1243 id
1972 1206 2093 1246 esse
2145 1192 2413 1247 allirmare
2462 1196 2679 1248 ausim:
2727 1210 2849 1249 nam
2898 1212 3074 1267 neque
3122 1201 3175 1254 iit
3213 1201 3461 1265 Gallicis,

1879 1289 1973 1331 aut
2012 1279 2231 1343 Italicis,
2277 1293 2371 1336 aut
2407 1282 2769 1348 Germanicis,
2807 1295 2901 1339 aut
2942 1289 3249 1357 llispanicis
3301 1308 3457 1363 repe-

1881 1369 1978 1422 riri
2010 1384 2102 1424 eos
2136 1372 2500 1425 certissimum
2545 1382 2648 1426 est.
2695 1374 2961 1428 Incertum
3009 1392 3137 1431 vero
3184 1389 3271 1433 est
3299 1394 3364 1434 au
3393 1396 3461 1435 ex

1879 1460 2056 1517 aliena
2084 1462 2207 1525 ﬁde.
2238 1479 2306 1517 an
2338 1478 2405 1518 ex
2432 1480 2532 1519 suo
2558 1465 2774 1535 ingenio
2800 1467 3093 1534 conjecerit
3117 1470 3463 1528 Abrahamus

1880 1556 2152 1610 Sculletus
2176 1556 2244 1622 ⁷⁸,
2270 1556 2774 1625 Auacephalteosin,
2802 1576 2920 1628 qua:
2963 1571 3211 1628 quartum
3261 1564 3463 1620 claudit

1878 1644 2074 1699 librum
2119 1648 2301 1715 Operis
2342 1646 2414 1699 De
2460 1646 2753 1715 principiis,
2798 1663 2917 1703 esse
2962 1648 3143 1704 Ruﬁni
3187 1653 3269 1706 vel
3302 1653 3462 1707 Pam-

1881 1738 2035 1807 phili.
2071 1736 2224 1803 Quod
2257 1746 2315 1790 ιιι
2361 1738 2509 1793 ηιιΙΙο
2544 1751 2791 1804 auctore,
2831 1741 2971 1795 nulla
3011 1744 3222 1799 ratione
3271 1746 3462 1801 subni-

1881 1846 2008 1882 xum
2043 1831 2382 1901 proponitur,
2428 1831 2503 1884 ita
2548 1832 2699 1887 nullo
2729 1832 2959 1889 adducto
3000 1846 3322 1906 argumento
3375 1852 3462 1893 re-

210 1919 283 1983 pie
302 1919 363 1972 de
397 1918 675 1974 Trinitate
702 1920 879 1975 fuerat
901 1925 1207 1991 deﬁnitum,
1236 1928 1382 1983 velut
1411 1930 1769 1988 adulteratum
1804 1912 1849 1970 Β
1877 1923 2152 1991 Fumat“?-

210 2006 300 2061 hoc
325 2017 378 2062 et
412 2010 686 2077 alienum,
720 2024 812 2066 aut
838 2017 1304 2083 praetermisimus,
1347 2032 1440 2075 aut
1478 2025 1772 2078 secundum

205 2115 311 2153 eam
347 2104 591 2172 regulam
633 2106 986 2173 protulimus,
1012 2124 1174 2177 quam
1209 2112 1279 2166 ab
1312 2111 1429 2182 ipso
1464 2113 1775 2184 frequenter

206 2193 495 2252 invenimus
548 2198 899 2254 alﬁrmatam.
953 2200 1010 2256 Si
1058 2219 1165 2273 qua
1216 2219 1347 2260 sane
1385 2207 1532 2262 velut
1583 2209 1774 2278 peritis

197 2285 295 2352 jam
327 2298 379 2341 et
420 2291 735 2346 scientibus
782 2291 1030 2362 loquens,
1075 2296 1204 2351 dum
1249 2298 1490 2353 breviter
1537 2303 1773 2358 transire

202 2377 321 2440 vult,
370 2380 670 2434 obscurius
716 2383 976 2449 protulit;
1014 2400 1111 2441 nos
1151 2396 1211 2440 ut
1246 2388 1586 2445 manifestior
1621 2394 1773 2447 lieret

168 2514 171 2517 γ
201 2467 350 2531 locus,
384 2486 447 2523 ea
471 2487 599 2541 qua:
631 2473 701 2527 de
730 2474 845 2543 ipsa
874 2491 933 2531 re
960 2477 1012 2531 in
1045 2478 1167 2533 aliis
1194 2479 1311 2548 ejus
1344 2481 1494 2536 libris
1527 2485 1770 2552 apertius

200 2559 511 2629 legeremus,
537 2564 865 2634 adjecimus,
893 2569 1257 2638 explanationi
1283 2573 1562 2629 studentes
1586 2592 1598 2628 :
1636 2577 1771 2631 nihil

202 2661 358 2707 tamen
395 2665 651 2710 nostrum
680 2657 935 2724 diximus,
958 2662 1050 2714 sed
1078 2660 1201 2714 licet
1229 2662 1279 2715 iu
1302 2662 1421 2716 aliis
1444 2664 1577 2719 locis
1602 2665 1769 2730 dicta,

202 2752 362 2797 tamen
381 2762 485 2800 sua
505 2748 612 2801 sibi
644 2748 995 2803 reddidimus.
1024 2769 1043 2802 ι
1063 2752 1163 2819 Qui
1184 2753 1309 2807 licet
1330 2767 1483 2807 suam
1514 2755 1771 2810 voluisset

195 2838 355 2892 celare
385 2840 709 2908 perfidiam,
734 2840 895 2897 facile
939 2843 1028 2896 illa
1060 2860 1181 2899 sese
1215 2846 1565 2914 prodidisset.
1591 2847 1669 2917 (5)
1693 2849 1767 2902 Ex

194 2943 248 2982 eo
295 2933 495 3002 quippe
541 2932 689 2987 libro
739 2935 903 2988 multa
964 2936 1016 2989 in
1062 2936 1458 3004 Apologeticum
1489 2941 1764 2996 transtulit

196 3019 513 3089 Pamphilus.
546 3040 671 3092 quae
705 3026 757 3078 in
782 3025 1063 3081 Ruﬁniana
1091 3029 1534 3097 interpretatione
1563 3031 1770 3086 deside-

194 3122 363 3167 rantur
394 3132 405 3168 :
441 3114 595 3169 velut
637 3115 693 3168 in
722 3130 787 3171 eo
818 3117 1015 3185 capite,
1045 3118 1138 3171 tibi
1174 3118 1353 3188 agitur
1381 3119 1444 3172 de
1471 3117 1765 3174 Cowterni-

190 3214 281 3257 tate
312 3203 439 3259 Filii
468 3206 590 3272 Dei,
624 3218 677 3259 et
714 3207 1172 3274 inseparabilitale
1196 3208 1309 3276 ejus
1342 3226 1373 3261 a
1408 3207 1592 3273 Patre,
1627 3210 1765 3263 reci-

1949 2012 2036 2068 lll.
2077 2013 2428 2068 Ostendimus
2458 2028 2620 2082 supra
2660 2022 2884 2071 auctore
2918 2016 3250 2089 Hieronymo
3277 2023 3461 2086 Στρω-

1871 2103 2079 2172 ματεῑς
2106 2103 2377 2174 Origeuis,
2424 2105 2492 2158 ad
2529 2105 2869 2160 Stromateon
2899 2106 3195 2162 Clementis
3230 2110 3459 2164 Alexan-

1877 2196 2017 2250 drini
2040 2198 2344 2265 exemplum
2369 2197 2723 2266 compositos,
2743 2198 3179 2254 Christianorum
3202 2201 3457 2269 dogmata

1878 2301 2000 2341 cum
2044 2286 2491 2356 philosophorum
2551 2290 2841 2344 sententiis
2890 2291 3207 2355 contulisse,
3250 2293 3453 2361 illaque

1875 2391 1944 2431 ex
1993 2377 2059 2432 iis
2085 2378 2459 2433 conﬁrmasse.
2499 2379 2783 2449 Specimen
2832 2380 3043 2436 illorum
3074 2398 3105 2438 e
3133 2391 3289 2439 sexto
3318 2384 3458 2440 libro

1876 2470 2220 2540 desumptum
2282 2471 2503 2526 exhibet
2562 2471 2919 2544 Hieronymus
2964 2474 3101 2529 libro
3158 2491 3174 2530 ι
3231 2476 3453 2547 Apolog.

1874 2562 2080 2616 advers.
2116 2561 2324 2631 Ruﬁn.,
2355 2578 2480 2632 cap.
2511 2564 2568 2630 4,
2599 2580 2709 2635 quo
2736 2579 2863 2620 cum
2900 2564 3181 2622 Platonem
3214 2569 3459 2625 induxis-

1873 2660 1959 2707 set
2001 2652 2282 2724 Origenes,
2330 2656 2651 2724 probautem
2699 2657 2985 2712 mendacio
3038 2659 3115 2712 uti
3159 2659 3457 2729 aliquando

1875 2742 2059 2810 licere,
2096 2745 2236 2798 idem
2266 2760 2543 2800 sacrorqu
2585 2746 2849 2800 librorum
2881 2750 3235 2817 auctoritate,
3268 2762 3321 2806 et
3358 2750 3457 2807 ιιι-

1873 2834 2059 2900 dithae,
2126 2834 2370 2891 Esthera:
2427 2851 2489 2891 ac
2564 2835 2751 2892 Jacobi
2804 2838 3133 2908 patriarcha:
3200 2843 3455 2914 exemplo

1872 2928 2091 2982 astruit.

1942 3018 2030 3074 IV.
2073 3019 2457 3089 Fragmentum
2496 3035 2527 3075 e
2558 3020 2890 3089 Protreptico
2916 3022 3168 3094 Origenis
3191 3027 3262 3079 ad
3304 3044 3453 3083 mar-

1871 3109 2071 3178 tyrium
2108 3108 2447 3164 Bibliotheca
2494 3111 2660 3182 Regia
2705 3115 3033 3182 suppeditat.
3075 3115 3271 3171 Totum
3315 3134 3448 3175 vero

1868 3215 2002 3270 opus
2054 3201 2404 3256 illustrissimi
2432 3204 2638 3257 domini
2686 3205 2753 3259 de
2793 3206 2840 3259 la
2866 3204 3060 3274 Barde,
3095 3207 3447 3265 Christianis—

190 3300 919 3353 taturlestimoniumistude
943 3301 1081 3353 libro
1099 3301 1306 3370 primo:
1341 3300 1619 3356 Videamus
1641 3319 1765 3373 ergo
1794 3292 1838 3351 C
1870 3294 1993 3346 Sinti
2043 3294 2186 3362 τθείε
2228 3295 2371 3360 apud
2404 3294 2882 3364 Ηε¹νειίοδ¹θ8³ιίν
2917 3313 3046 3352 (ευηι
3091 3316 3121 3355 θ
3154 3300 3443 3359 Βεείιίειιεῖ

187 3391 301 3459 quid
340 3393 405 3445 sit
458 3390 723 3445 Salvator
758 3402 953 3448 noster.
992 3393 1252 3458 Splendor
1298 3394 1494 3446 dicitur
1522 3395 1589 3459 ",
1635 3404 1762 3455 etc.,

188 3486 314 3551 quod
361 3486 568 3540 frustra
604 3486 659 3538 iu
693 3484 871 3538 Ruﬁni
911 3487 1267 3542 conversione
1313 3488 1585 3557 requiras.
1631 3488 1765 3543 Tale

187 3579 234 3621 et
261 3570 384 3625 illud
406 3581 492 3626 est
515 3571 707 3625 elibro
727 3570 910 3623 itidem
934 3570 1110 3639 primo
1139 3573 1365 3640 petitum
1397 3589 1411 3624 :
1444 3570 1603 3625 Exeo
1624 3573 1763 3641 quod

187 3660 301 3713 dicit
328 3662 609 3730 apostolus
631 3661 839 3715 Paulus
869 3678 918 3714 :t
941 3660 1055 3714 Non
1081 3663 1147 3716 ab
1168 3662 1475 3717 hominibus
1501 3665 1600 3726 7‘,»
1628 3675 1758 3730 etc.,

185 3755 317 3823 quod
358 3756 601 3809 habetur
648 3757 702 3809 in
742 3770 807 3810 eo
852 3756 1029 3825 capite
1069 3756 1157 3810 ubi
1194 3758 1371 3811 tertia:
1392 3758 1759 3813 criminationi

187 3828 489 3917 ram‘puitus
510 3849 834 3917 respondet.
864 3848 1021 3903 Aliud
1050 3865 1265 3919 quoque
1292 3850 1530 3905 indidem
1554 3852 1763 3920 profert

184 3940 243 3993 ad
274 3954 532 4009 quartam
571 3941 1009 3995 criminationem
1041 3942 1416 4007 refellendam,
1465 3945 1609 4011 quod
1647 3944 1759 3996 Rn-

186 4032 312 4086 ﬁnus
339 4035 393 4087 iu
421 4033 878 4102 interpretatione
904 4035 1111 4089 omisit.
1139 4034 1465 4104 Fragmenta
1497 4048 1757 4104 praeterea

183 4121 488 4179 Philocaliw
520 4141 587 4179 ex
628 4126 731 4179 hoc
762 4110 925 4193 opere
948 4134 1186 4179 mutuata
1218 4143 1486 4181 summam
1516 4129 1635 4196 ejus
1666 4144 1759 4181 va-

183 4217 400 4271 nitatem
430 4226 759 4286 coarguuut,
791 4217 838 4271 si
863 4232 986 4271 cum
1023 4218 1193 4287 ipsius
1221 4221 1401 4275 verbis
1425 4224 1756 4274 contendan-

182 4316 278 4363 tur.
326 4310 656 4380 Quanquam
706 4311 940 4364 dubitari
983 4322 1157 4381 potest
1202 4328 1382 4368 annon
1428 4313 1610 4383 aliqua
1662 4316 1757 4368 de-

182 4403 443 4456 traxerint
479 4401 721 4457 Basilius
753 4412 806 4455 et
850 4401 1142 4473 Gregorius
1184 4403 1501 4460 Pliilocalire
1531 4415 1756 4460 contex-

182 4500 337 4560 tores,
364 4510 487 4564 qua:
512 4495 583 4547 ab
618 4494 923 4549 orthodoxa
961 4495 1065 4550 ﬁde
1095 4496 1470 4552 dissentirent.
1500 4497 1755 4552 Certissi-

180 4602 315 4642 mum
372 4604 501 4643 vero
546 4589 756 4657 petitur
803 4588 1060 4643 indicium
1094 4606 1160 4644 ex
1208 4590 1554 4645 conﬂictione
1605 4592 1749 4645 loco-

179 4684 313 4746 rum,
359 4697 496 4750 quos
534 4696 566 4736 e
610 4681 766 4734 libris
799 4681 938 4749 Περὶ
966 4680 1171 4750 ἀρχῶν
1202 4693 1477 4752 acceptos,
1513 4683 1754 4736 Ruﬁnia-

178 4789 364 4829 norum
393 4775 555 4830 valde
588 4774 889 4829 dissimiles
919 4773 1263 4829 Justinianus
1298 4776 1352 4829 in
1402 4773 1645 4841 Epistola
1684 4777 1753 4828 ad

181 4865 382 4922 Menam
415 4869 849 4938 repraesentavit.
885 4867 1067 4936 Itaque
1098 4882 1164 4920 ex
1201 4869 1301 4921 hac
1348 4868 1526 4921 Ruﬁni
1564 4868 1755 4923 inﬁdev

178 4957 323 5014 litate
353 4969 558 5030 quanta
607 4956 934 5011 Christiana:
972 4958 1163 5024 pietati
1210 4968 1265 5011 et
1310 4958 1569 5011 doctrinae
1607 4958 1753 5025 peri-

175 5053 289 5104 cula
351 5055 707 5115 exsisterent,
752 5049 1063 5117 intelligens
1120 5048 1505 5117 Hieronymus,
1556 5064 1752 5103 novam

176 5142 675 5212 interpretationem
710 5140 919 5196 meliori
965 5142 1071 5196 lide
1106 5141 1411 5207 adornavit,
1446 5150 1502 5194 et
1541 5140 1749 5195 Latinae

175 5235 424 5293 Ecclesia:
471 5236 731 5307 Origenis
772 5235 1036 5290 revelavit
1077 5248 1316 5301 errores,
1354 5234 1517 5288 nullis
1540 5234 1751 5288 artibus

1868 3385 2190 3440 bibli0theca
2237 3388 2636 3455 depromptum,
2692 3388 2810 3457 ejus
2846 3390 3014 3443 lrater
3048 3391 3305 3448 Ecclesia:
3342 3396 3446 3448 ιιι.-

1868 3477 2117 3532 risiensis
2145 3479 2464 3537 canonicus.
2500 3493 2638 3532 rarae
2667 3480 2752 3533 vir
2792 3479 3032 3547 pietatis,
3084 3481 3443 3539 humanitatis

1863 3576 1918 3620 et
1966 3567 2314 3636 iutegrilatis,
2351 3568 2454 3622 mei
2498 3569 2640 3639 juris
2666 3568 2813 3632 fecit,
2864 3586 3069 3639 suoque
3107 3589 3135 3625 a
3183 3588 3270 3629 me
3303 3575 3447 3630 inter

1864 3658 2116 3729 Origenis
2144 3662 2501 3729 Syntagmata
2533 3663 2725 3716 ordine
2758 3662 3135 3720 collocabitur.

1934 3748 2000 3803 V.
2048 3751 2122 3804 De
2150 3751 2304 3806 libris
2325 3762 2511 3805 contra
2541 3752 2751 3805 Celsum
2793 3753 2867 3806 ita
2908 3753 3148 3823 loquitur
3180 3755 3445 3813 Eusebius

1865 3843 1918 3897 in
1944 3843 2306 3896 Antirrhetico
2343 3846 2604 3898 adversus
2640 3844 2944 3899 Hieroclem
2972 3865 2985 3899 :
3013 3846 3249 3917 Δυνάμει
3272 3849 3315 3900 δ’
3341 3850 3445 3921 ήδη

1860 3938 1921 3988 οὐ
1958 3936 2094 4007 πρὸς
2119 3937 2216 4006 τῆς
2249 3936 2384 4000 ἰδίας
2415 3939 2535 3991 κατ’
2558 3938 2738 3991 αὐτῶν
2770 3940 2988 4009 γραφῆς
3012 3941 3441 4012 ἀνατέτραπται,

1862 4029 1955 4080 καὶ
2016 4028 2530 4099 προαπελήλεγκται.
2578 4031 2636 4083 ὲν
2665 4030 2807 4094 ὅλοις
2844 4032 2991 4084 ὀκτὼ
3024 4032 3441 4105 ξυγγράμμασι,

1860 4122 1969 4182 τοῖς
1993 4120 2254 4189 Ὠριγένει
2278 4124 2554 4191 γραφεῖσι,
2574 4123 2709 4193 πρὸς
2739 4124 2830 4176 τὸν
2849 4125 3327 4199 ἀλαζωνικώτερον
3347 4132 3441 4184 τοῦ

1858 4213 2233 4279 Φιλαλήθους
2255 4213 2732 4285 ἐπιγεγραμμένον
2756 4218 2965 4270 Κέλσου
2983 4220 3194 4289 Ἀληθῆ
3232 4222 3439 4292 λόγον,

1855 4294 1900 4369 ᾧ
1924 4303 2022 4365 τὰς
2057 4302 2284 4368 εὐθύνας
2308 4306 2756 4378 ἁπαραλείπτως,
2794 4313 2851 4363 ὲν
2877 4312 3023 4375 ὅσοις
3053 4314 3387 4385 εὑρήκαμεν,
3411 4319 3442 4370 ὁ

1855 4395 2222 4468 δεδηλωμένοις
2240 4399 2580 4470 παραγαγὼν
2603 4401 2902 4476 ξυλλήΰδην
2923 4405 3025 4459 ὅσα
3049 4408 3129 4469 εἰς
3151 4406 3249 4478 τὴν
3272 4409 3443 4481 αὐτὴν

1858 4490 2111 4543 ὑπόθεσιν
2141 4493 2301 4545 παντί
2330 4510 2408 4564 τῳ
2446 4494 2664 4566 εἴρηταί
2691 4513 2751 4549 τε
2777 4498 2872 4552 καὶ
2897 4500 3197 4571 εἰρήσεται,
3237 4502 3440 4574 προλα-

1854 4581 1966 4635 ὅὼν
1998 4583 2300 4640 διελύσατο.
2336 4605 2355 4637 ι
2388 4586 2504 4640 .Iam
2538 4599 2716 4643 autem
2748 4600 3032 4659 potestate,
3060 4592 3186 4647 licet
3213 4610 3317 4650 non
3348 4598 3443 4651 de-

1857 4677 2059 4732 stinato
2101 4690 2287 4733 contra
2323 4694 2388 4733 ea
2422 4681 2648 4750 scripto,
2684 4684 2884 4737 obtrita
2916 4694 2971 4739 et
3010 4685 3285 4741 confutata
3314 4700 3440 4743 sunt

1856 4770 2094 4839 (scripta
2162 4772 2455 4843 Hieroclis)
2504 4775 2556 4828 iu
2610 4786 2732 4830 octo
2781 4777 2936 4832 libris
2988 4793 3123 4847 quos
3178 4779 3439 4849 Origenes

1857 4864 2181 4931 conscripsit
2221 4866 2483 4919 adversus
2547 4867 2691 4921 Celsi
2749 4868 2938 4922 Verum
2985 4887 3293 4933 sermonem,
3347 4873 3435 4940 ja-

1855 4959 2176 5010 Ctautiorem
2205 4972 2371 5025 opere
2413 4958 2831 5028 illo(llieroclis)
2868 4961 2958 5028 qui
2997 4960 3316 5016 Philam/tes
3350 4965 3435 5017 in-

1853 5050 2109 5105 scribitur
2150 5067 2165 5102 :
2221 5050 2275 5102 in
2316 5051 2512 5116 quibus
2553 5066 2747 5105 causas
2786 5067 2977 5106 omnes
3021 5063 3076 5107 et
3119 5066 3433 5122 argumenta

1856 5141 2169 5211 complexus
2197 5143 2279 5195 vir
2308 5142 2417 5209 ille,
2464 5144 2647 5196 omnia
2696 5144 2856 5197 simul
2901 5160 3238 5213 quaecunque
3272 5163 3435 5216 super

1854 5248 1920 5290 ea
1950 5250 2010 5288 re
2042 5249 2072 5287 a
2104 5250 2376 5304 quoquam
2410 5236 2492 5290 vel
2527 5236 2669 5289 dicta
2704 5245 2851 5303 sunt,
2887 5238 2971 5292 vel
3008 5239 3259 5294 dicentur
3288 5252 3437 5311 post-

222 5404 288 5437 ‘"
319 5404 480 5460 llebr.
519 5421 559 5459 ι.
599 5405 675 5469 3;
711 5404 841 5474 Sap.
877 5420 975 5469 vn,
1004 5403 1093 5460 26.
1178 5406 1223 5437 "
1255 5405 1434 5461 Galat.
1480 5422 1518 5471 ι,
1555 5406 1608 5461 1.
1683 5404 1728 5434 ’⁷⁸
1763 5403 1779 5457 ξ

1877 5406 1990 5459 ltet.
2013 5403 2067 5456 in
2104 5401 2323 5457 Medull.
2354 5403 2579 5472 tlteolog.
2614 5402 2791 5468 Patr.,
2812 5404 2923 5491 lib.
2954 5422 3025 5471 Vl,
3052 5422 3173 5475 cap.
3198 5406 3251 5460 4.

242 5537 424 5607 (3)1312:
483 5535 560 5593 eo.
594 5529 793 5608 quippe
826 5540 960 5594 libro
1014 5545 1182 5596 multa
1234 5542 1289 5594 in
1342 5540 1748 5609 Apologeticum

170 5612 433 5681 transtulit
484 5610 821 5677 Pamphilus.
858 5624 964 5664 etc.
1019 5612 1073 5664 lu
1128 5613 1361 5681 vulgatis
1423 5611 1749 5665 editionibus

170 5677 429 5748 Apologia)
457 5681 723 5749 Pamphili
756 5684 1008 5749 martyris
1040 5689 1139 5736 tria
1170 5677 1449 5749 scqueutia
1474 5682 1585 5734 loca
1628 5696 1748 5747 qua:

169 5757 297 5823 citat
324 5754 574 5815 lluetius,
604 5767 671 5803 ex
696 5749 865 5823 libris
888 5752 1027 5820 Περὶ
1062 5751 1265 5823 ἀρχῶν
1314 5753 1592 5818 desumpta
1627 5752 1746 5817 qui-

168 5819 284 5869 dem
310 5823 586 5883 dicuntur,
615 5822 709 5873 sed
751 5835 1061 5888 perperam,
1096 5819 1400 5877 et'incuria
1450 5824 1742 5887 editorum,

169 5894 226 5939 ut
260 5903 350 5945 suo
384 5892 505 5945 loco
542 5891 850 5947 monuimus
881 5905 945 5945 ex
989 5907 1121 5946 mss.
1157 5894 1404 5946 codicum
1440 5889 1565 5945 ﬁde.
1622 5891 1741 5945 Pri-

478 5988 758 6047 Pn‘ttOL.
806 5988 924 6048 Gtt.
971 5988 1177 6050 XVII.

1859 5555 1977 5595 mus
1996 5538 2146 5593 locus
2183 5541 2392 5593 erttitttr
2424 5555 2491 5593 ex
2524 5540 2743 5594 liontilia
2776 5540 2808 5596 9
2860 5544 2914 5593 in
2965 5540 3248 5593 Jeremiam
3281 5540 3434 5608 cujus

1856 5613 2074 5665 Graccus
2099 5620 2386 5664 contextus
2421 5612 2716 5664 etiamnum
2769 5620 2968 5665 exstat.
3026 5612 3310 5666 Secundus
3365 5630 3429 5666 ex

1857 5680 2010 5752 initio
2050 5680 2173 5733 libri
2209 5681 2365 5752 primi
2385 5680 2779 5752 VinnEpistolam
2809 5682 2878 5752 ad
2902 5679 3142 5752 Galatas,
3172 5685 3433 5735 cttcrtius

1853 5768 1918 5807 ex
1952 5748 2828 5823 Commentarioinﬂpistolam‘ad
2856 5751 3231 5823 Philemonem.
3251 5753 3430 5807 Adco-

1853 5835 1965 5890 que
1992 5820 2125 5873 nihil
2155 5816 2335 5873 exstat
2364 5816 2703 5889 in'A'pologia
2738 5820 3001 5890 Pamphili
3034 5825 3177 5889 quod
3224 5840 3330 5876 ttou
3363 5828 3431 5877 sit

1854 5888 1907 5947 in
1939 5888 2226 5945 Ruliniaua
2251 5888 2510 5948 librorum
2550 5888 2686 5958 Περὶ
2723 5889 2926 5960 ἀρχῶν
2956 5888 3426 5960 interpretatione.

3048 5988 3125 6047 [ιο
