3926 6522
194 458 307 514 1261

1211 455 1781 516 ORIGENIANORUM
1821 456 1946 513 LIB.
1989 458 2075 523 III,
2117 456 2269 515 CAP.
2313 454 2402 511 IV.

3300 460 3428 518 me
3498 421 3508 432 ’

188 577 465 645 pangimus,
493 575 695 642 paucis
726 590 939 645 quoque
970 577 1037 631 de
1064 591 1125 632 ea
1165 580 1429 646 agendum
1473 588 1579 633 est.
1616 580 1743 632 Phi-
1773 584 1817 637 A
1846 578 2020 645 Atque
2047 579 2157 631 haec
2184 592 2249 631 eo
2281 576 2534 630 libentius
2572 576 2767 639 refero,
2807 577 2951 645 quod
2996 578 3063 631 iis
3097 578 3246 633 vocis
3277 580 3427 648 φιλο-

188 668 354 725 localia
378 667 508 736 quid
536 668 613 721 sit
641 667 879 723 breviter
902 670 1136 725 declarat
1162 672 1453 739 epigrapbe
1490 673 1587 740 ipsi
1617 688 1746 741 prac-

187 760 259 827 ﬁgi
285 758 465 813 solita:
505 758 830 830 Ἐκλογὴνὴ
865 760 1114 831 παροῦσα
1144 762 1386 833 περίεχει
1404 761 1581 832 βίϐλος
1607 777 1745 834 γρα-

186 849 335 921 φικῶν
354 849 692 920 ζητημάτων
718 853 811 905 καὶ
833 853 1145 917 διαλύσεων,
1171 856 1233 906 ὲκ
1256 853 1523 925 διαφόρων
1552 854 1748 925 βίϐλων

183 943 247 1012 τῷ
294 942 555 1011 Ὠριγὲνει
620 943 949 1014 ποιηθεισῶν
988 946 1352 1017 ἠθροισμένην
1398 946 1502 1000 ὑπὸ
1531 948 1639 1001 τῶν
1680 948 1747 1001 τὰ

184 1034 283 1086 θεῖα
331 1031 511 1099 σοφῶν
548 1032 857 1105 Γρηγορίου
898 1036 992 1089 καὶ
1040 1037 1345 1092 Βασιλείου.
1404 1058 1423 1089 ι
1477 1038 1744 1092 Deiectum

182 1125 397 1179 continet
432 1126 596 1179 bicce
635 1126 775 1180 liber
802 1130 1156 1197 quaestionum
1185 1139 1239 1184 et
1272 1130 1597 1184 solutionum
1625 1146 1745 1201 qure

182 1216 424 1284 pertinent
454 1217 525 1270 ad
553 1215 922 1287 Scripturam,
950 1235 1016 1275 ex
1043 1220 1210 1275 variis
1240 1221 1394 1277 libris
1422 1223 1489 1276 ab
1514 1221 1746 1293 Origene

180 1308 467 1374 elaboratis,
496 1310 591 1379 qui
619 1310 883 1365 collectus
909 1322 991 1366 est
1019 1329 1047 1367 a
1074 1314 1207 1369 viris
1229 1315 1531 1369 divinarum
1560 1330 1739 1370 rerum

181 1402 338 1468 peritis
370 1401 648 1473 Gregorio
673 1413 729 1458 et
756 1404 979 1458 Basilio.
1015 1424 1034 1457 ι
1075 1405 1209 1460 Tum
1246 1406 1587 1477 subjungitur
1628 1406 1741 1475 epi-

179 1495 316 1554 stola,
347 1509 455 1561 qua
493 1496 546 1548 id
579 1510 722 1566 opus
756 1497 823 1549 ad
855 1495 1198 1551 Theodorum
1228 1497 1501 1568 Tyaneum
1532 1498 1742 1567 episco-

179 1600 282 1653 pum
318 1584 621 1655 Gregorius
664 1587 1042 1643 Nazianzenus
1076 1589 1397 1643 transmisit.
1433 1588 1740 1644 Ostendunt

175 1691 358 1743 quoque
373 1678 509 1745 quid
544 1679 619 1732 sit
644 1676 945 1733 Philocnlia
972 1679 1252 1748 elegantes
1280 1680 1465 1745 iambi,
1502 1680 1740 1734 nondum

176 1765 303 1830 editi,
323 1781 460 1834 quos
486 1768 539 1821 in
560 1768 791 1838 antiquo
805 1770 1138 1827 collectionis
1156 1769 1317 1838 hujus
1339 1770 1527 1825 codice
1547 1786 1739 1824 manu-

176 1857 351 1925 scripto
387 1859 704 1927 reperimus
730 1877 746 1914 :

174 1943 237 2025 ρῦ
253 1948 267 2015 l
282 1949 473 2025 ‘th_y.)
500 1950 624 2025 τῶν
640 1954 840 2023 λόγων
858 1954 975 2007 νῦν
992 1954 1264 2024 ἁρμότὴν
1281 1956 1424 2023 ὁρᾷς
1454 1953 1662 2025 ξένην,

174 2020 469 2074 Βασιλείου
501 2020 848 2091 κρίνανὲος,
871 2026 951 2091 ὠς
976 2020 1285 2093 κρἐτὲοὺς
1306 2020 1487 2081 item

174 2116 312 2185 Cujus
328 2119 530 2187 (Οιὶςι.)
542 2138 845 2176 sermonum
861 2139 995 2176 nunc
1010 2123 1363 2178 collectionem
1379 2124 1515 2179 vides
1527 2138 1729 2187 novam,

175 2187 293 2251 Quos
317 2189 557 2246 Basilius
586 2195 813 2262 optimos
839 2210 948 2248 esse
965 2194 1249 2262 judicavit.

1852 669 2075 733 κοιλίας,
2110 685 2217 738 quo
2264 684 2424 723 sensu
2458 685 2486 721 a
2519 666 2717 722 Basilio
2763 678 2819 722 et
2864 668 3130 739 Gregorio
3170 684 3431 740 usurpata

1849 771 1951 823 est,
1978 759 2298 827 signiﬁcatio
2322 761 2649 816 continetur.
2669 758 3007 814 Nihilautem
3026 762 3342 816 sonataliud
3370 780 3432 819 ea

1854 867 1960 905 vox
2010 865 2169 918 quam
2219 850 2484 904 delectum
2528 850 2852 904 eximiorum
2896 853 3253 919 quorumdam
3285 853 3431 908 loco-

1848 959 1964 998 rum
2003 959 2033 998 e
2093 943 2257 996 variis
2308 941 2461 995 libris
2499 940 2783 1010 scriptoris
2819 940 3046 1009 alicujus
3084 942 3427 1012 :cujusmodi

1848 1045 1974 1089 sunt
2057 1033 2359 1101 fragmenta
2406 1047 2437 1086 e
2486 1032 2739 1086 Petronio
2794 1031 2861 1085 ab
2926 1032 3105 1099 aliquo
3166 1034 3412 1087 studioso

1849 1128 2091 1183 collecta.
2144 1126 2345 1179 Lucum
2391 1126 2477 1179 bic
2532 1139 2635 1178 non
2683 1123 2843 1179 habet
2895 1125 3060 1179 altera
3108 1126 3425 1193 φιλοκαλίας

1848 1217 2077 1281 notatio,
2110 1232 2272 1286 quam
2301 1214 2455 1270 aliert
2488 1215 2821 1284 Augustinus
2852 1215 2972 1269 libr.
3013 1232 3049 1269 ll
3078 1227 3261 1270 contra
3284 1219 3426 1272 Aca-

1846 1308 2011 1371 dem.,
2068 1322 2186 1376 cap.
2220 1306 2274 1369 l,
2308 1315 2361 1360 et
2384 1306 2478 1360 lib.
2510 1320 2525 1359 ι
2566 1304 2876 1368 Retractat.,
2906 1320 3030 1374 cap.
3062 1308 3113 1373 l,
3140 1322 3259 1361 eam
3291 1324 3414 1364 esse

1847 1398 2095 1450 scribens
2146 1410 2328 1450 rerqu
2358 1395 2660 1448 divinarum
2703 1408 2770 1448 ex
2812 1395 2993 1449 divina
3045 1397 3328 1461 relatione,
3369 1412 3424 1454 et

1844 1486 2023 1542 Verbo
2050 1487 2142 1541 Dei
2169 1486 2509 1557 cognitarutn
2541 1486 2809 1550 studium;
2845 1501 2951 1554 quo
2983 1502 3146 1543 sensu
3186 1505 3418 1560 usurpat-

1850 1590 1960 1633 tum
1986 1593 2107 1632 esse
2135 1593 2165 1631 a
2192 1577 2457 1646 Gregorio
2486 1586 2542 1631 et
2575 1575 2777 1630 Basilio
2807 1576 2909 1631 hoc
2950 1579 3271 1635 vocabulum
3298 1583 3417 1651 opis

1844 1669 1954 1723 nati
1978 1677 2102 1722 sunt
2131 1667 2510 1722 Genebrardus
2540 1680 2595 1721 et
2620 1666 2853 1722 Tarinus
2880 1684 2895 1726 :
2926 1669 3018 1738 qui
3041 1670 3184 1724 enim
3214 1672 3265 1727 id
3289 1688 3422 1728 ςοη.

1843 1771 2000 1831 gruet
2024 1776 2145 1817 cum
2166 1759 2612 1829 Origenianorum
2642 1758 2844 1823 aliquot
2861 1759 3097 1814 locorqu
3119 1763 3420 1833 EclogaiAt

1847 1867 1913 1907 eo
1942 1866 2132 1915 sensu,
2161 1864 2323 1919 quem
2354 1858 2502 1902 notat
2553 1850 2914 1919 Augustinus,
2973 1854 3286 1923 accipienda
3333 1868 3418 1910 est

1774 1926 1818 1980 Β
1846 1958 1948 1996 vox
1978 1940 2292 2011 φιλόκαλος,
2335 1954 2496 2010 quam
2542 1939 2767 2009 Origeni
2806 1942 3045 1998 tribuere
3092 1945 3415 2015 Gregorium

1843 2035 2181 2101 Theologum
2207 2033 2263 2087 in
2286 2033 2532 2103 epistolis
2563 2034 2757 2089 scribit
2804 2033 3026 2091 Photius
3076 2037 3420 2097 Bibliotheca:

1837 2129 1955 2182 cod.
1983 2141 2218 2181 ccxxx“.

171 2417 3405 2444 ww“.—

1494 2574 1875 2665 CAPUT
1934 2577 2100 2666 IV.

421 2767 567 2840 Quo
613 2766 870 2841 ordino,
915 2767 1154 2846 quibus
1199 2765 1600 2846 temporibus
1654 2764 1957 2843 Origenis
2000 2769 2153 2832 libri
2199 2771 2521 2835 lucubrati
2564 2773 2693 2834 sint
2734 2775 3130 2852 exploratur.

1738 2939 1810 2953 .-

167 3065 202 3121 l.
250 3065 419 3118 Variis
462 3063 714 3133 Origenis
742 3065 1113 3129 scriptionibus
1155 3082 1283 3119 suns
1315 3066 1465 3127 ordo,
1493 3082 1587 3119 sua
1631 3076 1965 3136 tempora__ca:
1990 3063 2217 3119 Eusebio
2258 3064 2615 3136 assignantur.
2650 3062 2711 3118 II.
2746 3062 2862 3127 Quo
2891 3072 3114 3131 tempore
3141 3064 3416 3136 Tetrapla,

226 3136 480 3204 Hexapla,
518 3148 565 3188 et
609 3136 843 3203 Octapla
887 3138 1303 3202 concinnaverit,
1334 3137 1699 3203 investigatur.
1742 3135 1828 3187 ΙΙΙ.
1862 3134 2136 3190 Notantur
2159 3134 2421 3206 nonnulla
2466 3136 2605 3206 circa
2648 3136 2887 3186 ordinent
2917 3145 3210 3206 ac‘tempus
3235 3134 3420 3206 exege-

225 3202 391 3267 ticam,
422 3223 486 3258 ac
512 3202 905 3276 syntagmatum
926 3207 1091 3273 ipsius
1115 3208 1488 3277 quorumdam.
1516 3202 1605 3262 IV.
1645 3206 2059 3274 Distinguuntur
2120 3203 2356 3274 ejusdem
2395 3202 2627 3256 humilia:
2671 3204 3057 3270 extemporales
3109 3202 3156 3256 et
3205 3207 3261 3260 in
3310 3202 3416 3260 οἰίο

224 3278 525 3330 elaboratas.

1731 3370 1797 3384 _-

226 3515 262 3571 l.
290 3516 347 3571 Si
374 3528 681 3585 temporum
700 3513 980 3585 eﬂ’ugisset
1013 3516 1266 3586 iniuriam
1298 3518 1433 3574 liber
1457 3518 1545 3574 ille
1571 3519 1739 3574 Euse-
1767 3527 1811 3585 (ζ
1845 3518 2039 3587 hisque
2062 3531 2185 3572 sese
2208 3516 2379 3571 libros
2421 3513 2498 3569 De
2525 3515 2906 3569 resurrectione
2928 3514 3037 3583 jam
3068 3523 3193 3569 ante
3232 3515 3417 3570 elabo—

164 3608 226 3661 hii
272 3609 347 3663 De
393 3608 509 3663 Vita
549 3607 844 3679 Pamphili,
900 3614 954 3666 in
984 3626 1140 3678 quem
1184 3610 1442 3664 librorum
1484 3610 1735 3679 Origenis

166 3698 382 3753 indicem
415 3700 736 3765 inferserat,
762 3710 1082 3772 argumento
1112 3702 1237 3755 huic
1263 3702 1405 3771 quod
1449 3702 1732 3771 persequi-

164 3805 272 3844 mur
320 3807 508 3861 magna
540 3792 632 3845 lux
684 3796 1012 3849 accederet:
1042 3808 1147 3864 quo
1196 3795 1453 3862 quoniam
1484 3810 1733 3849 caremus

170 3882 415 3948 subsidio,
441 3886 571 3954 quid
604 3886 659 3939 in
680 3885 852 3955 ipsius
873 3886 1112 3939 Historia
1142 3887 1297 3942 nobis
1324 3888 1443 3957 opis
1480 3890 1642 3942 situm
1665 3889 1732 3941 sit

166 3975 448 4031 videamus.
483 3976 638 4032 Hunc
666 3978 836 4041 enim,
869 3989 925 4031 ut
950 3979 1001 4031 in
1040 3979 1262 4048 reliquis
1295 3993 1416 4047 quae
1447 3980 1513 4033 ad
1544 3980 1732 4048 Orige-

168 4080 277 4119 nem
312 4069 601 4133 pertinent,
636 4070 710 4123 ita
745 4068 844 4123 hac
887 4071 1048 4123 etiam
1082 4070 1134 4124 in
1168 4081 1320 4140 parte
1338 4075 1526 4126 ducem
1548 4074 1735 4142 prteci-

166 4172 258 4223 pue
290 4159 674 4228 spectabimus,
704 4160 757 4213 in
794 4175 899 4229 qua
932 4162 1085 4216 nobis
1105 4164 1486 4232 proposuimus
1508 4162 1735 4216 investi-

167 4248 398 4313 gandum,
424 4265 532 4318 quo
552 4249 752 4303 ordine
780 4250 972 4319 singuli
1005 4253 1309 4307 Adamantii
1340 4252 1485 4319 libri,
1504 4268 1733 4323 quorum

169 4341 404 4392 memoria
433 4352 708 4409 superest,
757 4342 952 4410 quibus
978 4346 1309 4415 temporibus
1340 4345 1534 4399 fuerint
1587 4344 1734 4397 lucu-

168 4428 312 4483 brati.
334 4430 461 4497 Qua:
480 4434 631 4502 prior
648 4433 719 4486 ab
744 4447 809 4486 eo
830 4432 1133 4491 celebratur
1152 4436 1459 4489 Adamantii
1485 4434 1731 4499 scriptio,

168 4520 200 4573 ii
216 4534 327 4576 sunt
341 4524 727 4579 commentarii
744 4526 798 4577 in
817 4534 1024 4577 veteres
1041 4526 1408 4595 philosophos,
1423 4526 1511 4595 qui
1535 4526 1737 4578 diutur-

169 4615 315 4668 nitate
343 4618 603 4687 temporis
627 4630 818 4670 omnes
849 4618 1258 4673 interciderunt.
1288 4618 1553 4673 Proxima:
1584 4633 1734 4671 com-

170 4720 517 4762 memorantur
536 4708 835 4776 Scripturze
860 4721 1059 4763 sancta:
1084 4710 1581 4779 interpretationes,
1601 4724 1735 4779 qna-

170 4809 274 4849 rum
296 4814 396 4852 non
413 4798 814 4853 contemnenda
838 4813 962 4868 pars
989 4800 1053 4852 ad
1082 4800 1222 4854 hanc
1239 4800 1379 4853 diem
1401 4810 1612 4852 servata
1628 4810 1730 4853 est.

1842 3626 1992 3666 rasse
2025 3610 2377 3678 signiﬁcavit.
2412 3608 2606 3662 Libros
2638 3623 2855 3677 quoque
2894 3607 3033 3675 Περὶ
3081 3606 3307 3677 ἀρχῶν,
3363 3614 3419 3664 et

1838 3701 2228 3771 Στρωματεῒς,
2251 3713 2542 3770 antequam
2571 3699 2905 3753 Alexandria
2939 3703 3245 3767 excederet,
3270 3718 3418 3756 com-

1839 3796 2042 3864 posuit.
2084 3794 2293 3863 Adepto
2328 3793 2613 3863 imperium
2647 3793 2963 3857 Maximino,
3014 3793 3207 3847 librum
3251 3794 3417 3848 edidit

1840 3886 1917 3940 De
1941 3887 2224 3956 martyrio.
2264 3885 2341 3940 Eo
2371 3900 2501 3941 vero
2552 3885 2788 3950 sublato,
2836 3900 2961 3939 cum
2992 3898 3173 3937 rerum
3205 3886 3415 3955 potire-

1842 3986 1928 4032 tur
1952 3976 2283 4043 Gordianus,
2326 3977 2379 4031 in
2411 3976 2602 4030 Isaiam
2638 3986 2691 4029 et
2722 3975 3057 4029 Ezechielem
3084 3986 3416 4030 commenta-

1841 4078 1926 4121 tus
1960 4075 2043 4122 est
2078 4068 2131 4120 in
2188 4065 2503 4121 Caesariensi
2534 4066 2795 4135 ;secessu.
2852 4064 3096 4119 Meminit
3148 4075 3413 4134 praeterea

1838 4159 2106 4213 Eusebius
2134 4159 2230 4213 lib.
2268 4174 2315 4211 vn
2350 4158 2518 4222 υἱεῖ..
2552 4173 2673 4227 cap.
2709 4158 2798 4222 3i,
2827 4157 3082 4225 Epistula:
3105 4158 3171 4211 ad
3201 4158 3412 4213 Africa-

1839 4268 1990 4317 num,
2015 4265 2118 4321 qua
2150 4250 2394 4305 historiae
2437 4251 2700 4305 Susanna:
2725 4251 2854 4305 ﬁdes
2875 4259 2932 4305 et
2972 4253 3267 4307 auctoritas
3297 4268 3416 4323 pro-

1841 4354 2160 4412 pugnatur:
2193 4352 2407 4410 tempus
2456 4356 2585 4396 vero
2643 4357 2748 4412 quo
2800 4342 2922 4396 data
2962 4344 3075 4414 ipsa
3133 4354 3240 4405 est,
3304 4358 3411 4398 non

1838 4434 2101 4501 assignat.
2144 4432 2333 4487 Refert
2385 4432 2515 4486 illud
2566 4431 2818 4486 Petavius
2856 4434 2923 4486 ad
2970 4450 3170 4487 annum
3210 4432 3413 4490 Christi

1835 4524 1980 4589 2:22;
2012 4539 2118 4593 quo
2145 4539 2288 4577 anno
2322 4523 2603 4591 imperium
2635 4522 3283 4592 capessivitAlexander;
3317 4540 3413 4580 cur

1840 4617 1912 4670 ita
1953 4617 2202 4681 sentiret,
2238 4616 2549 4685 neutiquam
2589 4615 2863 4683 ascripsit.
2906 4618 2976 4670 At
3005 4631 3125 4670 cum
3161 4616 3412 4672 Nicome-

1838 4706 1937 4761 dia:
1964 4707 2163 4777 scripta
2192 4706 2257 4762 sit
2281 4714 2545 4776 praesente
2569 4705 2876 4769 Ambrosio,
2906 4706 3084 4759 datam
3114 4706 3257 4759 illam
3278 4719 3410 4759 con-

1834 4800 1967 4868 jicio
2023 4801 2309 4869 imperium
2363 4810 2578 4855 tenente
2633 4800 2926 4865 Gordiano,
2989 4817 3190 4854 annum
3238 4800 3412 4853 aetatis

171 4885 316 4942 Sacra
333 4890 610 4944 volumina
635 4904 742 4942 non
774 4887 929 4956 longe
946 4899 1065 4956 post
1093 4888 1244 4944 initia
1265 4888 1555 4942 Alexandri
1573 4887 1734 4942 Com-
1767 4917 1810 4972 ο
1840 4904 2029 4962 agente
2057 4892 2292 4959 Origene
2320 4893 2539 4947 circiter
2562 4894 3065 4962 quinquagesimum
3090 4892 3408 4955 secundum,

170 4982 425 5036 mentariis
447 4981 725 5049 explicare
746 4994 865 5032 eum
886 4982 1117 5049 coepisse
1144 4981 1375 5050 reperio.
1395 4981 1470 5033 Ac
1503 4980 1731 5047 primum

169 5083 197 5119 a
238 5070 442 5127 Joannis
479 5071 777 5142 Evangelia
835 5074 1147 5140 auspicatus
1201 5082 1320 5135 est,
1381 5070 1434 5123 in
1501 5085 1733 5139 eumque

170 5161 360 5227 priores
413 5166 662 5234 quinque
742 5172 918 5217 tomos
972 5164 1317 5219 Alexandria:
1385 5164 1725 5232 composuit;

173 5267 358 5308 necnon
404 5257 457 5311 in
510 5254 773 5310 Genesim
826 5256 1037 5324 priores
1097 5264 1224 5312 octo
1258 5272 1287 5310 e
1314 5255 1598 5309 duodecim
1626 5254 1723 5326 (7).

173 5344 481 5408 Quinetiam
518 5349 714 5418 viginti
749 5348 991 5417 quinque
1021 5350 1231 5418 priores
1264 5347 1523 5416 psalmos,
1556 5360 1610 5403 et
1638 5348 1729 5403 Je-

171 5438 332 5493 remiae
364 5440 616 5495 'l‘hrenos
646 5437 845 5493 ibidem
863 5439 1296 5509 expositionibus
1319 5438 1642 5505 illustravit;
1677 5438 1727 5489 in

170 5579 328 5647 gagni
354 5579 613 5633 momenti
640 5587 726 5632 est
754 5578 894 5647 quod
926 5577 1044 5630 libri
1078 5575 1217 5647 Περὶ
1246 5573 1453 5643 εὐχῆς,
1487 5590 1633 5626 num.
1662 5572 1720 5647 9.,

171 5638 371 5716 Taliane
403 5660 661 5716 tauquam
685 5638 949 5716 provectae
973 5638 1511 5716 aetatis-describitur,
1540 5643 1722 5716 etsuh

176 5715 312 5787 linem
344 5712 529 5786 operis
556 5712 699 5787 ipsa:
715 5727 773 5770 et
801 5718 1122 5787 Ambrosius
1164 5713 1526 5787 γνησιῲτατοι
1557 5712 1717 5765 ἀδελ-ο

174 5785 248 5855 φοί
291 5785 615 5841 salutantur.
646 5785 781 5839 Nam
818 5786 1105 5855 utrobique
1133 5794 1312 5853 potest
1342 5785 1564 5855 ﬁgurata
1596 5796 1723 5835 esse

176 5849 373 5922 locutio,
409 5874 510 5915 nec
534 5857 695 5914 aliter
726 5857 863 5913 forte
911 5849 1069 5912 ambo
1104 5849 1490 5926 germanisin'mi
1527 5855 1721 5923 fratres

1842 4998 1964 5036 cum
1998 4983 2246 5037 Caesarea
2300 4984 2547 5038 Athenas
2596 4983 2894 5052 profectus,
2926 4980 3247 5035 Nicomediae
3278 4982 3407 5034 Am-

1840 5072 2083 5125 brosium
2122 5069 2298 5125 obiter
2342 5071 2497 5125 adiit.
2530 5071 2819 5138 Postquam
2865 5070 3117 5137 migravit
3144 5070 3404 5134 Athenas,

1837 5162 2116 5216 inchoalos
2162 5163 2216 5215 in
2266 5162 2593 5215 Ezecltielem
2620 5162 3054 5216 Commentarios
3087 5164 3153 5215 ad
3195 5164 3407 5217 umbili-

1834 5268 1953 5306 cum
1988 5252 2241 5322 perduxit
2277 5270 2292 5305 :
2327 5253 2534 5308 Cantici
2567 5268 2695 5310 vero
2727 5253 3064 5309 canticorum
3110 5254 3403 5323 expositio-

1833 5359 1955 5397 nem
1989 5359 2299 5413 aggressus,
2327 5344 2625 5399 lucubratis
2652 5346 2925 5415 prioribus
2946 5347 3184 5414 quinqne
3215 5344 3369 5399 libris
3389 5388 3401 5410 ,

1838 5436 2074 5504 reliquos
2118 5436 2361 5507 quinque
2390 5436 2691 5492 Caesaream
2737 5439 2910 5492 redux
2962 5437 3215 5497 absolvit.
3248 5438 3399 5490 Anno

1832 5573 2190 5641 appellantur,
2222 5588 2380 5643 quam
2420 5576 2472 5627 in
2502 5575 2741 5640 Christo,
2804 5576 2995 5629 eodem
3028 5587 3194 5643 prope
3226 5574 3396 5643 AlllOth

1832 5640 1938 5712 qua
1972 5640 2317 5697 Ambrosium
2356 5646 2527 5712 ipsum
2562 5647 2781 5699 fratrem
2815 5661 2975 5699 suum
3024 5640 3177 5696 vocat
3212 5640 3391 5711 Orige-

1832 5729 1930 5768 nes
1962 5713 2111 5766 initio
2141 5714 2268 5768 tomi
2290 5730 2328 5767 ιι
2357 5713 2882 5771 Commentariorum
2909 5718 2964 5769 in
2994 5714 3281 5768 Joannem.

1832 5782 1981 5853 _-(7)
2013 5780 2138 5852 Leg.
2170 5786 2451 5840 tredecim.
