  <div class='ocr_page' id='page_1' title='image "/cluster/home/n/w/nwhite01/storage/ocr_20150623/17/hvd.32044051719607/643.png"; bbox 0 0 3952 6542; ppageno 0'>
   <div class='ocr_carea' id='block_1_1' title="bbox 432 415 576 470">
    <p class='ocr_par' dir='ltr' id='par_1_1' title="bbox 432 415 576 470">
     <span class='ocr_line' id='line_1_1' title="bbox 432 415 576 470; baseline 0.014 -2"><span class='ocrx_word' id='word_1_1' title='bbox 432 415 576 470; x_wconf 67' lang='grc'><strong>1265</strong></span> 
     </span>
    </p>
   </div>
   <div class='ocr_carea' id='block_1_2' title="bbox 1744 418 2433 480">
    <p class='ocr_par' dir='ltr' id='par_1_2' title="bbox 1744 418 2433 480">
     <span class='ocr_line' id='line_1_2' title="bbox 1744 418 2433 480; baseline 0.009 -8"><span class='ocrx_word' id='word_1_2' title='bbox 1744 418 1804 473; x_wconf 88' lang='grc' dir='ltr'><strong>Ρ.</strong></span> <span class='ocrx_word' id='word_1_3' title='bbox 1849 419 2164 477; x_wconf 84' lang='lat' dir='ltr'><strong>DANIELIS</strong></span> <span class='ocrx_word' id='word_1_4' title='bbox 2196 422 2287 480; x_wconf 84' lang='grc' dir='ltr'>ιιι]</span> <span class='ocrx_word' id='word_1_5' title='bbox 2300 422 2433 478; x_wconf 83' lang='lat' dir='ltr'><strong>ETll</strong></span> 
     </span>
    </p>
   </div>
   <div class='ocr_carea' id='block_1_3' title="bbox 3574 430 3709 484">
    <p class='ocr_par' dir='ltr' id='par_1_3' title="bbox 3574 430 3709 484">
     <span class='ocr_line' id='line_1_3' title="bbox 3574 430 3709 484; baseline -0.015 0"><span class='ocrx_word' id='word_1_6' title='bbox 3574 430 3709 484; x_wconf 56' lang='lat'><strong>£253</strong></span> 
     </span>
    </p>
   </div>
   <div class='ocr_carea' id='block_1_4' title="bbox 438 531 3712 613">
    <p class='ocr_par' dir='ltr' id='par_1_4' title="bbox 438 531 3712 613">
     <span class='ocr_line' id='line_1_4' title="bbox 438 531 3712 613; baseline 0.004 -26"><span class='ocrx_word' id='word_1_7' title='bbox 438 531 669 601; x_wconf 80' lang='lat' dir='ltr'><strong>Philippi</strong></span> <span class='ocrx_word' id='word_1_8' title='bbox 698 531 857 586; x_wconf 88' lang='lat' dir='ltr'><strong>tertio</strong></span> <span class='ocrx_word' id='word_1_9' title='bbox 892 532 1317 601; x_wconf 73' lang='lat' dir='ltr'><strong>sexagenarium</strong></span> <span class='ocrx_word' id='word_1_10' title='bbox 1354 547 1555 588; x_wconf 86' lang='lat' dir='ltr'><strong>annum</strong></span> <span class='ocrx_word' id='word_1_11' title='bbox 1592 544 2014 605; x_wconf 68' lang='lat' dir='ltr'><strong>praetergressus</strong></span> <span class='ocrx_word' id='word_1_12' title='bbox 2042 545 2084 597; x_wconf 78' lang='grc' dir='ltr'><strong>Α</strong></span> <span class='ocrx_word' id='word_1_13' title='bbox 2114 539 2265 606; x_wconf 86' lang='lat' dir='ltr'><strong>prius</strong></span> <span class='ocrx_word' id='word_1_14' title='bbox 2307 539 2488 593; x_wconf 89' lang='lat' dir='ltr'><strong>animo</strong></span> <span class='ocrx_word' id='word_1_15' title='bbox 2533 537 2858 606; x_wconf 76' lang='lat' dir='ltr'><strong>informata,</strong></span> <span class='ocrx_word' id='word_1_16' title='bbox 2924 541 3189 597; x_wconf 61' lang='lat' dir='ltr'><strong>Caesarea</strong></span> <span class='ocrx_word' id='word_1_17' title='bbox 3211 542 3578 613; x_wconf 64' lang='lat' dir='ltr'><strong>Cappadocia:</strong></span> <span class='ocrx_word' id='word_1_18' title='bbox 3628 547 3712 599; x_wconf 88' lang='lat' dir='ltr'><strong>in-</strong></span> 
     </span>
    </p>
   </div>
   <div class='ocr_carea' id='block_1_5' title="bbox 438 626 2017 694">
    <p class='ocr_par' dir='ltr' id='par_1_5' title="bbox 438 626 2017 694">
     <span class='ocr_line' id='line_1_5' title="bbox 438 626 2017 694; baseline 0.002 -14"><span class='ocrx_word' id='word_1_19' title='bbox 438 626 695 681; x_wconf 91' lang='lat' dir='ltr'><strong>homilias</strong></span> <span class='ocrx_word' id='word_1_20' title='bbox 722 640 790 680; x_wconf 82' lang='lat' dir='ltr'><strong>ex</strong></span> <span class='ocrx_word' id='word_1_21' title='bbox 813 640 909 680; x_wconf 90' lang='lat' dir='ltr'><strong>ore</strong></span> <span class='ocrx_word' id='word_1_22' title='bbox 936 639 1057 693; x_wconf 90' lang='lat' dir='ltr'><strong>suo,</strong></span> <span class='ocrx_word' id='word_1_23' title='bbox 1089 626 1215 679; x_wconf 91' lang='lat' dir='ltr'><strong>dum</strong></span> <span class='ocrx_word' id='word_1_24' title='bbox 1243 626 1693 694; x_wconf 90' lang='lat' dir='ltr'><strong>concionaretnr,</strong></span> <span class='ocrx_word' id='word_1_25' title='bbox 1731 641 1759 680; x_wconf 92' lang='lat' dir='ltr'><strong>a</strong></span> <span class='ocrx_word' id='word_1_26' title='bbox 1788 629 2017 683; x_wconf 86' lang='lat' dir='ltr'><strong>notariis</strong></span> 
     </span>
    </p>
   </div>
   <div class='ocr_carea' id='block_1_6' title="bbox 436 717 2015 789">
    <p class='ocr_par' dir='ltr' id='par_1_6' title="bbox 436 717 2015 789">
     <span class='ocr_line' id='line_1_6' title="bbox 436 717 2015 789; baseline 0.002 -16"><span class='ocrx_word' id='word_1_27' title='bbox 436 719 616 789; x_wconf 79' lang='lat' dir='ltr'><strong>excipi</strong></span> <span class='ocrx_word' id='word_1_28' title='bbox 650 728 760 773; x_wconf 93' lang='lat' dir='ltr'><strong>tum</strong></span> <span class='ocrx_word' id='word_1_29' title='bbox 784 718 1019 788; x_wconf 88' lang='lat' dir='ltr'><strong>primum</strong></span> <span class='ocrx_word' id='word_1_30' title='bbox 1048 732 1241 788; x_wconf 90' lang='lat' dir='ltr'><strong>passus</strong></span> <span class='ocrx_word' id='word_1_31' title='bbox 1270 728 1375 773; x_wconf 90' lang='lat' dir='ltr'><strong>est.</strong></span> <span class='ocrx_word' id='word_1_32' title='bbox 1404 717 1558 774; x_wconf 84' lang='lat' dir='ltr'><strong>Unde</strong></span> <span class='ocrx_word' id='word_1_33' title='bbox 1583 729 1799 774; x_wconf 89' lang='lat' dir='ltr'><strong>constat</strong></span> <span class='ocrx_word' id='word_1_34' title='bbox 1821 722 2015 776; x_wconf 84' lang='lat' dir='ltr'><strong>bonam</strong></span> 
     </span>
    </p>
   </div>
   <div class='ocr_carea' id='block_1_7' title="bbox 437 812 2018 881">
    <p class='ocr_par' dir='ltr' id='par_1_7' title="bbox 437 812 2018 881">
     <span class='ocr_line' id='line_1_7' title="bbox 437 812 2018 881; baseline 0.001 -14"><span class='ocrx_word' id='word_1_35' title='bbox 437 828 628 867; x_wconf 87' lang='lat' dir='ltr'><strong>earum</strong></span> <span class='ocrx_word' id='word_1_36' title='bbox 662 823 891 881; x_wconf 89' lang='lat' dir='ltr'><strong>partem,</strong></span> <span class='ocrx_word' id='word_1_37' title='bbox 923 827 1043 881; x_wconf 70' lang='lat' dir='ltr'><strong>qua:</strong></span> <span class='ocrx_word' id='word_1_38' title='bbox 1068 812 1135 865; x_wconf 83' lang='lat' dir='ltr'><strong>ad</strong></span> <span class='ocrx_word' id='word_1_39' title='bbox 1164 819 1405 866; x_wconf 86' lang='lat' dir='ltr'><strong>nostram</strong></span> <span class='ocrx_word' id='word_1_40' title='bbox 1431 819 1648 865; x_wconf 64' lang='lat' dir='ltr'><strong>aetatem</strong></span> <span class='ocrx_word' id='word_1_41' title='bbox 1680 813 2018 869; x_wconf 70' lang='lat' dir='ltr'><strong>transmissa:</strong></span> 
     </span>
    </p>
   </div>
   <div class='ocr_carea' id='block_1_8' title="bbox 438 904 2016 974">
    <p class='ocr_par' dir='ltr' id='par_1_8' title="bbox 438 904 2016 974">
     <span class='ocr_line' id='line_1_8' title="bbox 438 904 2016 974; baseline -0.002 -11"><span class='ocrx_word' id='word_1_42' title='bbox 438 916 586 972; x_wconf 87' lang='lat' dir='ltr'><strong>sunt,</strong></span> <span class='ocrx_word' id='word_1_43' title='bbox 617 922 723 962; x_wconf 90' lang='lat' dir='ltr'><strong>non</strong></span> <span class='ocrx_word' id='word_1_44' title='bbox 754 907 825 962; x_wconf 89' lang='lat' dir='ltr'><strong>ab</strong></span> <span class='ocrx_word' id='word_1_45' title='bbox 864 906 971 961; x_wconf 90' lang='lat' dir='ltr'><strong>alio</strong></span> <span class='ocrx_word' id='word_1_46' title='bbox 993 920 1114 960; x_wconf 89' lang='lat' dir='ltr'><strong>esse</strong></span> <span class='ocrx_word' id='word_1_47' title='bbox 1143 914 1386 974; x_wconf 90' lang='lat' dir='ltr'><strong>tempore</strong></span> <span class='ocrx_word' id='word_1_48' title='bbox 1411 904 1753 973; x_wconf 89' lang='lat' dir='ltr'><strong>repetendas.</strong></span> <span class='ocrx_word' id='word_1_49' title='bbox 1783 904 2016 961; x_wconf 87' lang='lat' dir='ltr'><strong>llomilia</strong></span> 
     </span>
    </p>
   </div>
   <div class='ocr_carea' id='block_1_9' title="bbox 438 999 2016 1075">
    <p class='ocr_par' dir='ltr' id='par_1_9' title="bbox 438 999 2016 1075">
     <span class='ocr_line' id='line_1_9' title="bbox 438 999 2016 1075; baseline -0.003 -17"><span class='ocrx_word' id='word_1_50' title='bbox 438 1012 569 1075; x_wconf 89' lang='lat' dir='ltr'><strong>puta</strong></span> <span class='ocrx_word' id='word_1_51' title='bbox 607 1002 659 1057; x_wconf 89' lang='lat' dir='ltr'><strong>in</strong></span> <span class='ocrx_word' id='word_1_52' title='bbox 689 1003 953 1072; x_wconf 83' lang='lat' dir='ltr'><strong>psalmum</strong></span> <span class='ocrx_word' id='word_1_53' title='bbox 985 1015 1195 1068; x_wconf 78' lang='lat' dir='ltr'><strong>Lxxxtt,</strong></span> <span class='ocrx_word' id='word_1_54' title='bbox 1220 999 1373 1067; x_wconf 88' lang='lat' dir='ltr'><strong>cujus</strong></span> <span class='ocrx_word' id='word_1_55' title='bbox 1402 999 1768 1069; x_wconf 76' lang='lat' dir='ltr'><strong>fragmentum</strong></span> <span class='ocrx_word' id='word_1_56' title='bbox 1811 1016 1875 1056; x_wconf 88' lang='lat' dir='ltr'><strong>ex</strong></span> <span class='ocrx_word' id='word_1_57' title='bbox 1908 1000 2016 1055; x_wconf 88' lang='lat' dir='ltr'><strong>Eu-</strong></span> 
     </span>
    </p>
   </div>
   <div class='ocr_carea' id='block_1_10' title="bbox 439 1093 2016 1166">
    <p class='ocr_par' dir='ltr' id='par_1_10' title="bbox 439 1093 2016 1166">
     <span class='ocr_line' id='line_1_10' title="bbox 439 1093 2016 1166; baseline -0.003 -13"><span class='ocrx_word' id='word_1_58' title='bbox 439 1098 595 1153; x_wconf 90' lang='lat' dir='ltr'><strong>sebio</strong></span> <span class='ocrx_word' id='word_1_59' title='bbox 616 1094 1078 1166; x_wconf 88' lang='lat' dir='ltr'><strong>deprompsimns,</strong></span> <span class='ocrx_word' id='word_1_60' title='bbox 1115 1093 1378 1149; x_wconf 91' lang='lat' dir='ltr'><strong>adversus</strong></span> <span class='ocrx_word' id='word_1_61' title='bbox 1404 1108 1648 1148; x_wconf 85' lang='lat' dir='ltr'><strong>errorem</strong></span> <span class='ocrx_word' id='word_1_62' title='bbox 1677 1093 2016 1149; x_wconf 83' lang='lat' dir='ltr'><strong>Helcesaita-</strong></span> 
     </span>
    </p>
   </div>
   <div class='ocr_carea' id='block_1_11' title="bbox 439 1186 2016 1258">
    <p class='ocr_par' dir='ltr' id='par_1_11' title="bbox 439 1186 2016 1258">
     <span class='ocr_line' id='line_1_11' title="bbox 439 1186 2016 1258; baseline -0.004 -10"><span class='ocrx_word' id='word_1_63' title='bbox 439 1207 560 1248; x_wconf 87' lang='lat' dir='ltr'><strong>rum</strong></span> <span class='ocrx_word' id='word_1_64' title='bbox 584 1192 691 1246; x_wconf 88' lang='lat' dir='ltr'><strong>hac</strong></span> <span class='ocrx_word' id='word_1_65' title='bbox 712 1199 875 1245; x_wconf 73' lang='lat' dir='ltr'><strong>aetate</strong></span> <span class='ocrx_word' id='word_1_66' title='bbox 900 1198 1153 1245; x_wconf 87' lang='lat' dir='ltr'><strong>exortum</strong></span> <span class='ocrx_word' id='word_1_67' title='bbox 1188 1187 1369 1243; x_wconf 90' lang='lat' dir='ltr'><strong>habita</strong></span> <span class='ocrx_word' id='word_1_68' title='bbox 1408 1196 1511 1242; x_wconf 91' lang='lat' dir='ltr'><strong>est.</strong></span> <span class='ocrx_word' id='word_1_69' title='bbox 1552 1186 1667 1244; x_wconf 88' lang='lat' dir='ltr'><strong>Hac</strong></span> <span class='ocrx_word' id='word_1_70' title='bbox 1720 1189 1837 1258; x_wconf 87' lang='lat' dir='ltr'><strong>ipsa</strong></span> <span class='ocrx_word' id='word_1_71' title='bbox 1880 1200 2016 1244; x_wconf 90' lang='lat' dir='ltr'><strong>tem-</strong></span> 
     </span>
    </p>
   </div>
   <div class='ocr_carea' id='block_1_12' title="bbox 437 1281 2016 1353">
    <p class='ocr_par' dir='ltr' id='par_1_12' title="bbox 437 1281 2016 1353">
     <span class='ocr_line' id='line_1_12' title="bbox 437 1281 2016 1353; baseline -0.001 -15"><span class='ocrx_word' id='word_1_72' title='bbox 437 1293 650 1353; x_wconf 89' lang='lat' dir='ltr'><strong>pestate</strong></span> <span class='ocrx_word' id='word_1_73' title='bbox 682 1282 900 1337; x_wconf 86' lang='lat' dir='ltr'><strong>Celsum</strong></span> <span class='ocrx_word' id='word_1_74' title='bbox 952 1281 1109 1336; x_wconf 78' lang='lat' dir='ltr'><strong>libris</strong></span> <span class='ocrx_word' id='word_1_75' title='bbox 1149 1292 1276 1337; x_wconf 93' lang='lat' dir='ltr'><strong>octo</strong></span> <span class='ocrx_word' id='word_1_76' title='bbox 1308 1281 1648 1346; x_wconf 83' lang='lat' dir='ltr'><strong>confutavit;</strong></span> <span class='ocrx_word' id='word_1_77' title='bbox 1684 1282 1737 1335; x_wconf 92' lang='lat' dir='ltr'><strong>in</strong></span> <span class='ocrx_word' id='word_1_78' title='bbox 1772 1281 2016 1337; x_wconf 61' lang='lat' dir='ltr'><strong>Matthxi</strong></span> 
     </span>
    </p>
   </div>
   <div class='ocr_carea' id='block_1_13' title="bbox 437 1374 2017 1445">
    <p class='ocr_par' dir='ltr' id='par_1_13' title="bbox 437 1374 2017 1445">
     <span class='ocr_line' id='line_1_13' title="bbox 437 1374 2017 1445; baseline 0 -14"><span class='ocrx_word' id='word_1_79' title='bbox 437 1376 791 1445; x_wconf 83' lang='lat' dir='ltr'><strong>Evangelium</strong></span> <span class='ocrx_word' id='word_1_80' title='bbox 821 1385 875 1430; x_wconf 90' lang='lat' dir='ltr'><strong>et</strong></span> <span class='ocrx_word' id='word_1_81' title='bbox 927 1377 1221 1444; x_wconf 81' lang='lat' dir='ltr'><strong>prophetas</strong></span> <span class='ocrx_word' id='word_1_82' title='bbox 1264 1374 1547 1430; x_wconf 86' lang='lat' dir='ltr'><strong>duodecim</strong></span> <span class='ocrx_word' id='word_1_83' title='bbox 1579 1374 2017 1431; x_wconf 84' lang='lat' dir='ltr'><strong>Commentarios</strong></span> 
     </span>
    </p>
   </div>
   <div class='ocr_carea' id='block_1_14' title="bbox 439 1468 2015 1542">
    <p class='ocr_par' dir='ltr' id='par_1_14' title="bbox 439 1468 2015 1542">
     <span class='ocr_line' id='line_1_14' title="bbox 439 1468 2015 1542; baseline -0.003 -14"><span class='ocrx_word' id='word_1_84' title='bbox 439 1474 821 1539; x_wconf 82' lang='lat' dir='ltr'><strong>concinnavit;</strong></span> <span class='ocrx_word' id='word_1_85' title='bbox 848 1471 1109 1542; x_wconf 91' lang='lat' dir='ltr'><strong>plurimas</strong></span> <span class='ocrx_word' id='word_1_86' title='bbox 1138 1472 1304 1525; x_wconf 90' lang='lat' dir='ltr'><strong>etiam</strong></span> <span class='ocrx_word' id='word_1_87' title='bbox 1323 1469 1582 1541; x_wconf 85' lang='lat' dir='ltr'><strong>epistolas</strong></span> <span class='ocrx_word' id='word_1_88' title='bbox 1610 1470 1678 1524; x_wconf 92' lang='lat' dir='ltr'><strong>ad</strong></span> <span class='ocrx_word' id='word_1_89' title='bbox 1708 1468 2015 1539; x_wconf 88' lang='lat' dir='ltr'><strong>Philippum</strong></span> 
     </span>
    </p>
   </div>
   <div class='ocr_carea' id='block_1_15' title="bbox 440 1563 2018 1637">
    <p class='ocr_par' dir='ltr' id='par_1_15' title="bbox 440 1563 2018 1637">
     <span class='ocr_line' id='line_1_15' title="bbox 440 1563 2018 1637; baseline -0.003 -15"><span class='ocrx_word' id='word_1_90' title='bbox 440 1570 915 1637; x_wconf 86' lang='lat' dir='ltr'><strong>imperatorem,et</strong></span> <span class='ocrx_word' id='word_1_91' title='bbox 946 1567 1009 1619; x_wconf 91' lang='lat' dir='ltr'><strong>ad</strong></span> <span class='ocrx_word' id='word_1_92' title='bbox 1035 1563 1317 1635; x_wconf 75' lang='lat' dir='ltr'><strong>coniugem</strong></span> <span class='ocrx_word' id='word_1_93' title='bbox 1342 1564 1514 1634; x_wconf 92' lang='lat' dir='ltr'><strong>ipsius</strong></span> <span class='ocrx_word' id='word_1_94' title='bbox 1542 1565 1826 1626; x_wconf 88' lang='lat' dir='ltr'><strong>Severam,</strong></span> <span class='ocrx_word' id='word_1_95' title='bbox 1850 1563 2018 1617; x_wconf 82' lang='lat' dir='ltr'><strong>alios-</strong></span> 
     </span>
    </p>
   </div>
   <div class='ocr_carea' id='block_1_16' title="bbox 438 1656 2015 1731">
    <p class='ocr_par' dir='ltr' id='par_1_16' title="bbox 438 1656 2015 1731">
     <span class='ocr_line' id='line_1_16' title="bbox 438 1656 2015 1731; baseline -0.003 -17"><span class='ocrx_word' id='word_1_96' title='bbox 438 1676 545 1731; x_wconf 85' lang='lat' dir='ltr'><strong>que</strong></span> <span class='ocrx_word' id='word_1_97' title='bbox 573 1659 881 1730; x_wconf 90' lang='lat' dir='ltr'><strong>complures</strong></span> <span class='ocrx_word' id='word_1_98' title='bbox 914 1659 1081 1720; x_wconf 89' lang='lat' dir='ltr'><strong>dedit,</strong></span> <span class='ocrx_word' id='word_1_99' title='bbox 1114 1673 1237 1726; x_wconf 74' lang='lat' dir='ltr'><strong>qua:</strong></span> <span class='ocrx_word' id='word_1_100' title='bbox 1265 1657 1494 1727; x_wconf 87' lang='lat' dir='ltr'><strong>sparsim</strong></span> <span class='ocrx_word' id='word_1_101' title='bbox 1545 1656 1598 1710; x_wconf 92' lang='lat' dir='ltr'><strong>in</strong></span> <span class='ocrx_word' id='word_1_102' title='bbox 1630 1670 1695 1711; x_wconf 89' lang='lat' dir='ltr'><strong>eo</strong></span> <span class='ocrx_word' id='word_1_103' title='bbox 1732 1656 1871 1710; x_wconf 90' lang='lat' dir='ltr'><strong>libro</strong></span> <span class='ocrx_word' id='word_1_104' title='bbox 1910 1656 2015 1710; x_wconf 83' lang='lat' dir='ltr'><strong>Eu-</strong></span> 
     </span>
    </p>
   </div>
   <div class='ocr_carea' id='block_1_17' title="bbox 438 1751 1494 1820">
    <p class='ocr_par' dir='ltr' id='par_1_17' title="bbox 438 1751 1494 1820">
     <span class='ocr_line' id='line_1_17' title="bbox 438 1751 1494 1820; baseline -0.004 -12"><span class='ocrx_word' id='word_1_105' title='bbox 438 1754 573 1809; x_wconf 90' lang='lat' dir='ltr'><strong>sebii</strong></span> <span class='ocrx_word' id='word_1_106' title='bbox 614 1753 729 1807; x_wconf 89' lang='lat' dir='ltr'><strong>suis</strong></span> <span class='ocrx_word' id='word_1_107' title='bbox 757 1752 1090 1818; x_wconf 83' lang='lat' dir='ltr'><strong>temporibus</strong></span> <span class='ocrx_word' id='word_1_108' title='bbox 1124 1751 1494 1820; x_wconf 81' lang='lat' dir='ltr'><strong>assignantur.</strong></span> 
     </span>
    </p>
   </div>
   <div class='ocr_carea' id='block_1_18' title="bbox 510 1844 2015 1915">
    <p class='ocr_par' dir='ltr' id='par_1_18' title="bbox 510 1844 2015 1915">
     <span class='ocr_line' id='line_1_18' title="bbox 510 1844 2015 1915; baseline -0.003 -14"><span class='ocrx_word' id='word_1_109' title='bbox 510 1847 575 1905; x_wconf 86' lang='lat' dir='ltr'><strong>ll.</strong></span> <span class='ocrx_word' id='word_1_110' title='bbox 606 1846 972 1915; x_wconf 79' lang='lat' dir='ltr'><strong>Tetraplorum</strong></span> <span class='ocrx_word' id='word_1_111' title='bbox 1000 1854 1055 1899; x_wconf 88' lang='lat' dir='ltr'><strong>et</strong></span> <span class='ocrx_word' id='word_1_112' title='bbox 1084 1844 1468 1914; x_wconf 71' lang='lat' dir='ltr'><strong>Hexaplorum.</strong></span> <span class='ocrx_word' id='word_1_113' title='bbox 1510 1860 1737 1914; x_wconf 88' lang='lat' dir='ltr'><strong>quorum</strong></span> <span class='ocrx_word' id='word_1_114' title='bbox 1778 1844 2015 1898; x_wconf 87' lang='lat' dir='ltr'><strong>mentio-</strong></span> 
     </span>
    </p>
   </div>
   <div class='ocr_carea' id='block_1_19' title="bbox 2120 632 3711 700">
    <p class='ocr_par' dir='ltr' id='par_1_19' title="bbox 2120 632 3711 700">
     <span class='ocr_line' id='line_1_19' title="bbox 2120 632 3711 700; baseline 0.005 -17"><span class='ocrx_word' id='word_1_115' title='bbox 2120 632 2340 696; x_wconf 88' lang='lat' dir='ltr'><strong>choata,</strong></span> <span class='ocrx_word' id='word_1_116' title='bbox 2392 632 2620 685; x_wconf 80' lang='lat' dir='ltr'><strong>Athenis</strong></span> <span class='ocrx_word' id='word_1_117' title='bbox 2665 642 2720 687; x_wconf 90' lang='lat' dir='ltr'><strong>et</strong></span> <span class='ocrx_word' id='word_1_118' title='bbox 2770 632 3032 689; x_wconf 71' lang='lat' dir='ltr'><strong>Caesarea:</strong></span> <span class='ocrx_word' id='word_1_119' title='bbox 3076 636 3351 690; x_wconf 84' lang='lat' dir='ltr'><strong>Stratonis</strong></span> <span class='ocrx_word' id='word_1_120' title='bbox 3382 635 3605 700; x_wconf 78' lang='lat' dir='ltr'><strong>affecta,</strong></span> <span class='ocrx_word' id='word_1_121' title='bbox 3650 655 3711 691; x_wconf 86' lang='lat' dir='ltr'><strong>ac</strong></span> 
     </span>
    </p>
   </div>
   <div class='ocr_carea' id='block_1_20' title="bbox 2121 724 3714 797">
    <p class='ocr_par' dir='ltr' id='par_1_20' title="bbox 2121 724 3714 797">
     <span class='ocr_line' id='line_1_20' title="bbox 2121 724 3714 797; baseline 0.003 -19"><span class='ocrx_word' id='word_1_122' title='bbox 2121 724 2247 797; x_wconf 87' lang='lat' dir='ltr'><strong>Tyri</strong></span> <span class='ocrx_word' id='word_1_123' title='bbox 2282 726 2501 779; x_wconf 90' lang='lat' dir='ltr'><strong>demum</strong></span> <span class='ocrx_word' id='word_1_124' title='bbox 2531 727 2770 781; x_wconf 92' lang='lat' dir='ltr'><strong>arbitror</strong></span> <span class='ocrx_word' id='word_1_125' title='bbox 2804 727 2975 783; x_wconf 87' lang='lat' dir='ltr'><strong>fuisse</strong></span> <span class='ocrx_word' id='word_1_126' title='bbox 3019 727 3280 797; x_wconf 82' lang='lat' dir='ltr'><strong>perfecta.</strong></span> <span class='ocrx_word' id='word_1_127' title='bbox 3336 730 3417 782; x_wconf 86' lang='lat' dir='ltr'><strong>Ita</strong></span> <span class='ocrx_word' id='word_1_128' title='bbox 3472 729 3714 784; x_wconf 83' lang='lat' dir='ltr'><strong>Eusebio</strong></span> 
     </span>
    </p>
   </div>
   <div class='ocr_carea' id='block_1_21' title="bbox 2120 818 3712 892">
    <p class='ocr_par' dir='ltr' id='par_1_21' title="bbox 2120 818 3712 892">
     <span class='ocr_line' id='line_1_21' title="bbox 2120 818 3712 892; baseline 0.003 -21"><span class='ocrx_word' id='word_1_129' title='bbox 2120 818 2444 873; x_wconf 75' lang='lat' dir='ltr'><strong>conciliatur</strong></span> <span class='ocrx_word' id='word_1_130' title='bbox 2491 818 2863 888; x_wconf 84' lang='lat' dir='ltr'><strong>Epiphanius,</strong></span> <span class='ocrx_word' id='word_1_131' title='bbox 2921 836 3154 891; x_wconf 90' lang='lat' dir='ltr'><strong>quorum</strong></span> <span class='ocrx_word' id='word_1_132' title='bbox 3204 823 3295 875; x_wconf 89' lang='lat' dir='ltr'><strong>ille</strong></span> <span class='ocrx_word' id='word_1_133' title='bbox 3341 824 3585 892; x_wconf 78' lang='lat' dir='ltr'><strong>aliquam</strong></span> <span class='ocrx_word' id='word_1_134' title='bbox 3660 826 3712 876; x_wconf 88' lang='lat' dir='ltr'><strong>in</strong></span> 
     </span>
    </p>
   </div>
   <div class='ocr_carea' id='block_1_22' title="bbox 2117 911 3717 985">
    <p class='ocr_par' dir='ltr' id='par_1_22' title="bbox 2117 911 3717 985">
     <span class='ocr_line' id='line_1_22' title="bbox 2117 911 3717 985; baseline 0.001 -19"><span class='ocrx_word' id='word_1_135' title='bbox 2117 913 2503 967; x_wconf 86' lang='lat' dir='ltr'><strong>concinnandis</strong></span> <span class='ocrx_word' id='word_1_136' title='bbox 2521 911 2771 982; x_wconf 77' lang='lat' dir='ltr'><strong>Ilexuplis</strong></span> <span class='ocrx_word' id='word_1_137' title='bbox 2792 916 3364 985; x_wconf 73' lang='lat' dir='ltr'><strong>Alexandrizeoperam</strong></span> <span class='ocrx_word' id='word_1_138' title='bbox 3387 918 3458 971; x_wconf 89' lang='lat' dir='ltr'><strong>ab</strong></span> <span class='ocrx_word' id='word_1_139' title='bbox 3479 914 3717 983; x_wconf 48' lang='lat' dir='ltr'><strong>Origene</strong></span> 
     </span>
    </p>
   </div>
   <div class='ocr_carea' id='block_1_23' title="bbox 2119 1004 3712 1082">
    <p class='ocr_par' dir='ltr' id='par_1_23' title="bbox 2119 1004 3712 1082">
     <span class='ocr_line' id='line_1_23' title="bbox 2119 1004 3712 1082; baseline 0.006 -27"><span class='ocrx_word' id='word_1_140' title='bbox 2119 1004 2348 1071; x_wconf 88' lang='lat' dir='ltr'><strong>positam</strong></span> <span class='ocrx_word' id='word_1_141' title='bbox 2375 1004 2593 1059; x_wconf 89' lang='lat' dir='ltr'><strong>videtur</strong></span> <span class='ocrx_word' id='word_1_142' title='bbox 2620 1006 2965 1076; x_wconf 78' lang='lat' dir='ltr'><strong>significare;</strong></span> <span class='ocrx_word' id='word_1_143' title='bbox 3001 1008 3089 1063; x_wconf 90' lang='lat' dir='ltr'><strong>hic</strong></span> <span class='ocrx_word' id='word_1_144' title='bbox 3119 1008 3249 1082; x_wconf 84' lang='lat' dir='ltr'><strong>Tyri</strong></span> <span class='ocrx_word' id='word_1_145' title='bbox 3283 1010 3455 1065; x_wconf 87' lang='lat' dir='ltr'><strong>fuisse</strong></span> <span class='ocrx_word' id='word_1_146' title='bbox 3487 1026 3712 1080; x_wconf 85' lang='lat' dir='ltr'><strong>compo-</strong></span> 
     </span>
    </p>
   </div>
   <div class='ocr_carea' id='block_1_24' title="bbox 2118 1098 3713 1171">
    <p class='ocr_par' dir='ltr' id='par_1_24' title="bbox 2118 1098 3713 1171">
     <span class='ocr_line' id='line_1_24' title="bbox 2118 1098 3713 1171; baseline 0.006 -23"><span class='ocrx_word' id='word_1_147' title='bbox 2118 1098 2221 1150; x_wconf 91' lang='lat' dir='ltr'><strong>sita</strong></span> <span class='ocrx_word' id='word_1_148' title='bbox 2256 1108 2446 1167; x_wconf 90' lang='lat' dir='ltr'><strong>aperte</strong></span> <span class='ocrx_word' id='word_1_149' title='bbox 2480 1100 2673 1163; x_wconf 86' lang='lat' dir='ltr'><strong>docet;</strong></span> <span class='ocrx_word' id='word_1_150' title='bbox 2704 1101 2847 1169; x_wconf 91' lang='lat' dir='ltr'><strong>quod</strong></span> <span class='ocrx_word' id='word_1_151' title='bbox 2879 1102 2950 1153; x_wconf 91' lang='lat' dir='ltr'><strong>ita</strong></span> <span class='ocrx_word' id='word_1_152' title='bbox 2988 1102 3403 1171; x_wconf 75' lang='lat' dir='ltr'><strong>intelligendum</strong></span> <span class='ocrx_word' id='word_1_153' title='bbox 3446 1111 3572 1165; x_wconf 86' lang='lat' dir='ltr'><strong>est,</strong></span> <span class='ocrx_word' id='word_1_154' title='bbox 3605 1119 3713 1157; x_wconf 85' lang='lat' dir='ltr'><strong>non</strong></span> 
     </span>
    </p>
   </div>
   <div class='ocr_carea' id='block_1_25' title="bbox 2119 1188 3713 1264">
    <p class='ocr_par' dir='ltr' id='par_1_25' title="bbox 2119 1188 3713 1264">
     <span class='ocr_line' id='line_1_25' title="bbox 2119 1188 3713 1264; baseline 0.005 -23"><span class='ocrx_word' id='word_1_155' title='bbox 2119 1188 2248 1258; x_wconf 88' lang='lat' dir='ltr'><strong>Tyri</strong></span> <span class='ocrx_word' id='word_1_156' title='bbox 2275 1190 2450 1244; x_wconf 91' lang='lat' dir='ltr'><strong>solum</strong></span> <span class='ocrx_word' id='word_1_157' title='bbox 2482 1206 2545 1243; x_wconf 92' lang='lat' dir='ltr'><strong>ea</strong></span> <span class='ocrx_word' id='word_1_158' title='bbox 2566 1191 2878 1248; x_wconf 88' lang='lat' dir='ltr'><strong>elaborasse</strong></span> <span class='ocrx_word' id='word_1_159' title='bbox 2903 1194 3217 1264; x_wconf 89' lang='lat' dir='ltr'><strong>Origenem,</strong></span> <span class='ocrx_word' id='word_1_160' title='bbox 3242 1196 3338 1251; x_wconf 89' lang='lat' dir='ltr'><strong>sed</strong></span> <span class='ocrx_word' id='word_1_161' title='bbox 3365 1198 3420 1249; x_wconf 90' lang='lat' dir='ltr'><strong>in</strong></span> <span class='ocrx_word' id='word_1_162' title='bbox 3452 1197 3524 1250; x_wconf 90' lang='lat' dir='ltr'><strong>iis</strong></span> <span class='ocrx_word' id='word_1_163' title='bbox 3549 1198 3713 1251; x_wconf 87' lang='lat' dir='ltr'><strong>etiam</strong></span> 
     </span>
    </p>
   </div>
   <div class='ocr_carea' id='block_1_26' title="bbox 2119 1282 3717 1356">
    <p class='ocr_par' dir='ltr' id='par_1_26' title="bbox 2119 1282 3717 1356">
     <span class='ocr_line' id='line_1_26' title="bbox 2119 1282 3717 1356; baseline 0.006 -23"><span class='ocrx_word' id='word_1_164' title='bbox 2119 1282 2272 1345; x_wconf 91' lang='lat' dir='ltr'><strong>locis,</strong></span> <span class='ocrx_word' id='word_1_165' title='bbox 2308 1283 2371 1336; x_wconf 89' lang='lat' dir='ltr'><strong>.in</strong></span> <span class='ocrx_word' id='word_1_166' title='bbox 2416 1284 2616 1352; x_wconf 87' lang='lat' dir='ltr'><strong>quibus</strong></span> <span class='ocrx_word' id='word_1_167' title='bbox 2637 1294 2759 1337; x_wconf 85' lang='lat' dir='ltr'><strong>octo</strong></span> <span class='ocrx_word' id='word_1_168' title='bbox 2792 1295 2849 1339; x_wconf 90' lang='lat' dir='ltr'><strong>et</strong></span> <span class='ocrx_word' id='word_1_169' title='bbox 2876 1286 3064 1356; x_wconf 79' lang='lat' dir='ltr'><strong>viginti</strong></span> <span class='ocrx_word' id='word_1_170' title='bbox 3106 1297 3232 1341; x_wconf 90' lang='lat' dir='ltr'><strong>ante</strong></span> <span class='ocrx_word' id='word_1_171' title='bbox 3270 1297 3513 1342; x_wconf 84' lang='lat' dir='ltr'><strong>mortem</strong></span> <span class='ocrx_word' id='word_1_172' title='bbox 3555 1288 3717 1342; x_wconf 86' lang='lat' dir='ltr'><strong>anuis</strong></span> 
     </span>
    </p>
   </div>
   <div class='ocr_carea' id='block_1_27' title="bbox 2120 1376 3717 1449">
    <p class='ocr_par' dir='ltr' id='par_1_27' title="bbox 2120 1376 3717 1449">
     <span class='ocr_line' id='line_1_27' title="bbox 2120 1376 3717 1449; baseline 0.005 -24"><span class='ocrx_word' id='word_1_173' title='bbox 2120 1385 2368 1430; x_wconf 86' lang='lat' dir='ltr'><strong>versatus</strong></span> <span class='ocrx_word' id='word_1_174' title='bbox 2400 1385 2507 1441; x_wconf 88' lang='lat' dir='ltr'><strong>est,</strong></span> <span class='ocrx_word' id='word_1_175' title='bbox 2538 1391 2672 1444; x_wconf 87' lang='lat' dir='ltr'><strong>quos</strong></span> <span class='ocrx_word' id='word_1_176' title='bbox 2719 1376 2845 1447; x_wconf 82' lang='lat' dir='ltr'><strong>Tyri</strong></span> <span class='ocrx_word' id='word_1_177' title='bbox 2913 1388 3215 1434; x_wconf 81' lang='lat' dir='ltr'><strong>transactus</strong></span> <span class='ocrx_word' id='word_1_178' title='bbox 3265 1394 3561 1449; x_wconf 80' lang='lat' dir='ltr'><strong>perperam</strong></span> <span class='ocrx_word' id='word_1_179' title='bbox 3591 1379 3717 1448; x_wconf 77' lang='lat' dir='ltr'><strong>Epi-</strong></span> 
     </span>
    </p>
   </div>
   <div class='ocr_carea' id='block_1_28' title="bbox 2119 1468 3714 1543">
    <p class='ocr_par' dir='ltr' id='par_1_28' title="bbox 2119 1468 3714 1543">
     <span class='ocr_line' id='line_1_28' title="bbox 2119 1468 3714 1543; baseline 0.003 -23"><span class='ocrx_word' id='word_1_180' title='bbox 2119 1468 2354 1536; x_wconf 90' lang='lat' dir='ltr'><strong>phanius</strong></span> <span class='ocrx_word' id='word_1_181' title='bbox 2385 1469 2638 1524; x_wconf 86' lang='lat' dir='ltr'><strong>credidit.</strong></span> <span class='ocrx_word' id='word_1_182' title='bbox 2660 1468 2869 1524; x_wconf 88' lang='lat' dir='ltr'><strong>Firmat</strong></span> <span class='ocrx_word' id='word_1_183' title='bbox 2888 1482 3127 1526; x_wconf 88' lang='lat' dir='ltr'><strong>nostram</strong></span> <span class='ocrx_word' id='word_1_184' title='bbox 3161 1472 3543 1543; x_wconf 80' lang='lat' dir='ltr'><strong>conjecmram</strong></span> <span class='ocrx_word' id='word_1_185' title='bbox 3570 1476 3714 1541; x_wconf 83' lang='lat' dir='ltr'><strong>quod</strong></span> 
     </span>
    </p>
   </div>
   <div class='ocr_carea' id='block_1_29' title="bbox 2120 1561 3716 1635">
    <p class='ocr_par' dir='ltr' id='par_1_29' title="bbox 2120 1561 3716 1635">
     <span class='ocr_line' id='line_1_29' title="bbox 2120 1561 3716 1635; baseline 0.002 -21"><span class='ocrx_word' id='word_1_186' title='bbox 2120 1562 2197 1615; x_wconf 88' lang='lat' dir='ltr'><strong>ait</strong></span> <span class='ocrx_word' id='word_1_187' title='bbox 2256 1561 2521 1618; x_wconf 88' lang='lat' dir='ltr'><strong>Eusebius</strong></span> <span class='ocrx_word' id='word_1_188' title='bbox 2553 1561 2646 1617; x_wconf 87' lang='lat' dir='ltr'><strong>lib.</strong></span> <span class='ocrx_word' id='word_1_189' title='bbox 2684 1578 2735 1617; x_wconf 78' lang='lat' dir='ltr'><strong>\‘l</strong></span> <span class='ocrx_word' id='word_1_190' title='bbox 2774 1561 2942 1629; x_wconf 63' lang='grc' dir='ltr'><strong>Βᾶθι..</strong></span> <span class='ocrx_word' id='word_1_191' title='bbox 2977 1580 3095 1633; x_wconf 89' lang='lat' dir='ltr'><strong>cap.</strong></span> <span class='ocrx_word' id='word_1_192' title='bbox 3130 1563 3218 1628; x_wconf 73' lang='grc' dir='ltr'><strong>Π,</strong></span> <span class='ocrx_word' id='word_1_193' title='bbox 3273 1564 3599 1635; x_wconf 78' lang='lat' dir='ltr'><strong>Symmachi</strong></span> <span class='ocrx_word' id='word_1_194' title='bbox 3632 1564 3716 1618; x_wconf 87' lang='lat' dir='ltr'><strong>in-</strong></span> 
     </span>
    </p>
   </div>
   <div class='ocr_carea' id='block_1_30' title="bbox 2121 1655 3716 1729">
    <p class='ocr_par' dir='ltr' id='par_1_30' title="bbox 2121 1655 3716 1729">
     <span class='ocr_line' id='line_1_30' title="bbox 2121 1655 3716 1729; baseline 0.003 -21"><span class='ocrx_word' id='word_1_195' title='bbox 2121 1656 2569 1725; x_wconf 85' lang='lat' dir='ltr'><strong>terpretationem</strong></span> <span class='ocrx_word' id='word_1_196' title='bbox 2643 1658 2695 1711; x_wconf 91' lang='lat' dir='ltr'><strong>in</strong></span> <span class='ocrx_word' id='word_1_197' title='bbox 2758 1655 2969 1712; x_wconf 85' lang='lat' dir='ltr'><strong>Juliana</strong></span> <span class='ocrx_word' id='word_1_198' title='bbox 3026 1658 3351 1713; x_wconf 84' lang='lat' dir='ltr'><strong>bibliotheca</strong></span> <span class='ocrx_word' id='word_1_199' title='bbox 3417 1659 3716 1729; x_wconf 63' lang='lat' dir='ltr'><strong>Origene!!!</strong></span> 
     </span>
    </p>
   </div>
   <div class='ocr_carea' id='block_1_31' title="bbox 2121 1749 3719 1821">
    <p class='ocr_par' dir='ltr' id='par_1_31' title="bbox 2121 1749 3719 1821">
     <span class='ocr_line' id='line_1_31' title="bbox 2121 1749 3719 1821; baseline 0.001 -19"><span class='ocrx_word' id='word_1_200' title='bbox 2121 1752 2407 1818; x_wconf 88' lang='lat' dir='ltr'><strong>reperisse.</strong></span> <span class='ocrx_word' id='word_1_201' title='bbox 2442 1749 2688 1805; x_wconf 88' lang='lat' dir='ltr'><strong>Nondum</strong></span> <span class='ocrx_word' id='word_1_202' title='bbox 2721 1754 2905 1821; x_wconf 83' lang='lat' dir='ltr'><strong>itaque</strong></span> <span class='ocrx_word' id='word_1_203' title='bbox 2935 1750 3177 1818; x_wconf 74' lang='lat' dir='ltr'><strong>Hexapla</strong></span> <span class='ocrx_word' id='word_1_204' title='bbox 3206 1752 3290 1806; x_wconf 82' lang='lat' dir='ltr'><strong>vel</strong></span> <span class='ocrx_word' id='word_1_205' title='bbox 3313 1751 3719 1820; x_wconf 76' lang='lat' dir='ltr'><strong>Tetraplacon—</strong></span> 
     </span>
    </p>
   </div>
   <div class='ocr_carea' id='block_1_32' title="bbox 2120 1844 3721 1916">
    <p class='ocr_par' dir='ltr' id='par_1_32' title="bbox 2120 1844 3721 1916">
     <span class='ocr_line' id='line_1_32' title="bbox 2120 1844 3721 1916; baseline -0.001 -19"><span class='ocrx_word' id='word_1_206' title='bbox 2120 1845 2470 1911; x_wconf 87' lang='lat' dir='ltr'><strong>ciunaverat,</strong></span> <span class='ocrx_word' id='word_1_207' title='bbox 2508 1861 2739 1914; x_wconf 90' lang='lat' dir='ltr'><strong>quorum</strong></span> <span class='ocrx_word' id='word_1_208' title='bbox 2773 1860 2899 1913; x_wconf 87' lang='lat' dir='ltr'><strong>pars</strong></span> <span class='ocrx_word' id='word_1_209' title='bbox 2935 1860 3125 1913; x_wconf 84' lang='lat' dir='ltr'><strong>magna</strong></span> <span class='ocrx_word' id='word_1_210' title='bbox 3156 1844 3254 1897; x_wconf 91' lang='lat' dir='ltr'><strong>fuit</strong></span> <span class='ocrx_word' id='word_1_211' title='bbox 3289 1844 3614 1916; x_wconf 82' lang='lat' dir='ltr'><strong>Symmachi</strong></span> <span class='ocrx_word' id='word_1_212' title='bbox 3639 1844 3721 1896; x_wconf 86' lang='lat' dir='ltr'><strong>in-</strong></span> 
     </span>
    </p>
   </div>
   <div class='ocr_carea' id='block_1_33' title="bbox 439 1931 3711 2007">
    <p class='ocr_par' dir='ltr' id='par_1_33' title="bbox 439 1931 3711 2007">
     <span class='ocr_line' id='line_1_33' title="bbox 439 1931 3711 2007; baseline -0.002 -13"><span class='ocrx_word' id='word_1_213' title='bbox 439 1954 562 1994; x_wconf 88' lang='lat' dir='ltr'><strong>nem</strong></span> <span class='ocrx_word' id='word_1_214' title='bbox 619 1939 749 1994; x_wconf 88' lang='lat' dir='ltr'><strong>fecit</strong></span> <span class='ocrx_word' id='word_1_215' title='bbox 800 1938 1064 1993; x_wconf 87' lang='lat' dir='ltr'><strong>Eusebius</strong></span> <span class='ocrx_word' id='word_1_216' title='bbox 1114 1938 1207 1992; x_wconf 89' lang='lat' dir='ltr'><strong>lib.</strong></span> <span class='ocrx_word' id='word_1_217' title='bbox 1257 1954 1303 1991; x_wconf 79' lang='grc' dir='ltr'><strong>νι</strong></span> <span class='ocrx_word' id='word_1_218' title='bbox 1376 1936 1582 1992; x_wconf 72' lang='grc' dir='ltr'><strong>Ηὶειον.</strong></span> <span class='ocrx_word' id='word_1_219' title='bbox 1633 1954 1753 2007; x_wconf 89' lang='lat' dir='ltr'><strong>cap.</strong></span> <span class='ocrx_word' id='word_1_220' title='bbox 1800 1937 1889 2002; x_wconf 89' lang='lat' dir='ltr'><strong>l6,</strong></span> <span class='ocrx_word' id='word_1_221' title='bbox 1921 1936 2009 1991; x_wconf 90' lang='lat' dir='ltr'><strong>cui</strong></span> <span class='ocrx_word' id='word_1_222' title='bbox 2044 1931 2083 1984; x_wconf 83' lang='grc' dir='ltr'><strong>Β</strong></span> <span class='ocrx_word' id='word_1_223' title='bbox 2117 1938 2449 2006; x_wconf 86' lang='lat' dir='ltr'><strong>terpretatlo.</strong></span> <span class='ocrx_word' id='word_1_224' title='bbox 2494 1938 2728 1993; x_wconf 85' lang='lat' dir='ltr'><strong>Eusebio</strong></span> <span class='ocrx_word' id='word_1_225' title='bbox 2768 1938 2953 1991; x_wconf 90' lang='lat' dir='ltr'><strong>itidem</strong></span> <span class='ocrx_word' id='word_1_226' title='bbox 2979 1937 3309 2006; x_wconf 86' lang='lat' dir='ltr'><strong>astipulatur</strong></span> <span class='ocrx_word' id='word_1_227' title='bbox 3339 1936 3711 2007; x_wconf 79' lang='lat' dir='ltr'><strong>Epiphanius,</strong></span> 
     </span>
    </p>
   </div>
   <div class='ocr_carea' id='block_1_34' title="bbox 435 2031 2013 2104">
    <p class='ocr_par' dir='ltr' id='par_1_34' title="bbox 435 2031 2013 2104">
     <span class='ocr_line' id='line_1_34' title="bbox 435 2031 2013 2104; baseline -0.004 -16"><span class='ocrx_word' id='word_1_228' title='bbox 435 2032 665 2104; x_wconf 91' lang='lat' dir='ltr'><strong>tempori</strong></span> <span class='ocrx_word' id='word_1_229' title='bbox 686 2032 1021 2102; x_wconf 73' lang='lat' dir='ltr'><strong>adiungenda</strong></span> <span class='ocrx_word' id='word_1_230' title='bbox 1039 2032 1107 2085; x_wconf 92' lang='lat' dir='ltr'><strong>sit</strong></span> <span class='ocrx_word' id='word_1_231' title='bbox 1123 2031 1437 2101; x_wconf 88' lang='lat' dir='ltr'><strong>descriptio,</strong></span> <span class='ocrx_word' id='word_1_232' title='bbox 1454 2040 1693 2085; x_wconf 85' lang='lat' dir='ltr'><strong>statuere</strong></span> <span class='ocrx_word' id='word_1_233' title='bbox 1710 2039 2013 2100; x_wconf 90' lang='lat' dir='ltr'><strong>promptum</strong></span> 
     </span>
    </p>
   </div>
   <div class='ocr_carea' id='block_1_35' title="bbox 436 2122 2015 2194">
    <p class='ocr_par' dir='ltr' id='par_1_35' title="bbox 436 2122 2015 2194">
     <span class='ocr_line' id='line_1_35' title="bbox 436 2122 2015 2194; baseline -0.002 -14"><span class='ocrx_word' id='word_1_234' title='bbox 436 2140 542 2180; x_wconf 90' lang='lat' dir='ltr'><strong>non</strong></span> <span class='ocrx_word' id='word_1_235' title='bbox 574 2134 678 2179; x_wconf 90' lang='lat' dir='ltr'><strong>est.</strong></span> <span class='ocrx_word' id='word_1_236' title='bbox 731 2123 958 2178; x_wconf 87' lang='lat' dir='ltr'><strong>Factum</strong></span> <span class='ocrx_word' id='word_1_237' title='bbox 1014 2124 1065 2177; x_wconf 88' lang='lat' dir='ltr'><strong>id</strong></span> <span class='ocrx_word' id='word_1_238' title='bbox 1123 2124 1435 2194; x_wconf 83' lang='lat' dir='ltr'><strong>significare</strong></span> <span class='ocrx_word' id='word_1_239' title='bbox 1491 2125 1704 2178; x_wconf 87' lang='lat' dir='ltr'><strong>videtur</strong></span> <span class='ocrx_word' id='word_1_240' title='bbox 1747 2122 2015 2177; x_wconf 84' lang='lat' dir='ltr'><strong>Eusebius</strong></span> 
     </span>
    </p>
   </div>
   <div class='ocr_carea' id='block_1_36' title="bbox 434 2216 2011 2288">
    <p class='ocr_par' dir='ltr' id='par_1_36' title="bbox 434 2216 2011 2288">
     <span class='ocr_line' id='line_1_36' title="bbox 434 2216 2011 2288; baseline -0.003 -15"><span class='ocrx_word' id='word_1_241' title='bbox 434 2219 603 2274; x_wconf 91' lang='lat' dir='ltr'><strong>multo</strong></span> <span class='ocrx_word' id='word_1_242' title='bbox 638 2229 931 2288; x_wconf 87' lang='lat' dir='ltr'><strong>antequam</strong></span> <span class='ocrx_word' id='word_1_243' title='bbox 993 2217 1319 2272; x_wconf 83' lang='lat' dir='ltr'><strong>Alexandria</strong></span> <span class='ocrx_word' id='word_1_244' title='bbox 1368 2217 1630 2288; x_wconf 81' lang='lat' dir='ltr'><strong>Origenes</strong></span> <span class='ocrx_word' id='word_1_245' title='bbox 1661 2216 2011 2278; x_wconf 78' lang='lat' dir='ltr'><strong>excessisset,</strong></span> 
     </span>
    </p>
   </div>
   <div class='ocr_carea' id='block_1_37' title="bbox 434 2308 2014 2368">
    <p class='ocr_par' dir='ltr' id='par_1_37' title="bbox 434 2308 2014 2368">
     <span class='ocr_line' id='line_1_37' title="bbox 434 2308 2014 2368; baseline -0.003 -1"><span class='ocrx_word' id='word_1_246' title='bbox 434 2323 561 2368; x_wconf 92' lang='lat' dir='ltr'><strong>tunc</strong></span> <span class='ocrx_word' id='word_1_247' title='bbox 607 2313 865 2367; x_wconf 92' lang='lat' dir='ltr'><strong>nimirum</strong></span> <span class='ocrx_word' id='word_1_248' title='bbox 917 2326 1042 2366; x_wconf 91' lang='lat' dir='ltr'><strong>cum</strong></span> <span class='ocrx_word' id='word_1_249' title='bbox 1093 2311 1438 2365; x_wconf 90' lang='lat' dir='ltr'><strong>Ambrosium</strong></span> <span class='ocrx_word' id='word_1_250' title='bbox 1494 2311 1559 2363; x_wconf 88' lang='lat' dir='ltr'><strong>ad</strong></span> <span class='ocrx_word' id='word_1_251' title='bbox 1594 2308 1795 2365; x_wconf 89' lang='lat' dir='ltr'><strong>Christi</strong></span> <span class='ocrx_word' id='word_1_252' title='bbox 1854 2309 2014 2363; x_wconf 81' lang='lat' dir='ltr'><strong>fidem</strong></span> 
     </span>
    </p>
   </div>
   <div class='ocr_carea' id='block_1_38' title="bbox 436 2402 2011 2473">
    <p class='ocr_par' dir='ltr' id='par_1_38' title="bbox 436 2402 2011 2473">
     <span class='ocr_line' id='line_1_38' title="bbox 436 2402 2011 2473; baseline -0.005 -12"><span class='ocrx_word' id='word_1_253' title='bbox 436 2408 811 2461; x_wconf 80' lang='lat' dir='ltr'><strong>convertebat.</strong></span> <span class='ocrx_word' id='word_1_254' title='bbox 851 2405 1181 2473; x_wconf 84' lang='lat' dir='ltr'><strong>Epiphanius</strong></span> <span class='ocrx_word' id='word_1_255' title='bbox 1208 2414 1387 2458; x_wconf 91' lang='lat' dir='ltr'><strong>autem</strong></span> <span class='ocrx_word' id='word_1_256' title='bbox 1444 2402 1570 2473; x_wconf 85' lang='lat' dir='ltr'><strong>Tyri</strong></span> <span class='ocrx_word' id='word_1_257' title='bbox 1618 2403 1895 2456; x_wconf 81' lang='lat' dir='ltr'><strong>lncuhrata</strong></span> <span class='ocrx_word' id='word_1_258' title='bbox 1949 2415 2011 2455; x_wconf 89' lang='lat' dir='ltr'><strong>ea</strong></span> 
     </span>
    </p>
   </div>
   <div class='ocr_carea' id='block_1_39' title="bbox 437 2494 2014 2567">
    <p class='ocr_par' dir='ltr' id='par_1_39' title="bbox 437 2494 2014 2567">
     <span class='ocr_line' id='line_1_39' title="bbox 437 2494 2014 2567; baseline -0.005 -13"><span class='ocrx_word' id='word_1_259' title='bbox 437 2517 541 2556; x_wconf 87' lang='lat' dir='ltr'><strong>non</strong></span> <span class='ocrx_word' id='word_1_260' title='bbox 571 2499 738 2555; x_wconf 89' lang='lat' dir='ltr'><strong>semel</strong></span> <span class='ocrx_word' id='word_1_261' title='bbox 771 2498 1105 2552; x_wconf 85' lang='lat' dir='ltr'><strong>asseveravit</strong></span> <span class='ocrx_word' id='word_1_262' title='bbox 1152 2496 1253 2567; x_wconf 88' lang='lat'><strong>(8).</strong></span> <span class='ocrx_word' id='word_1_263' title='bbox 1305 2496 1414 2565; x_wconf 82' lang='lat' dir='ltr'><strong>Ego</strong></span> <span class='ocrx_word' id='word_1_264' title='bbox 1442 2512 1573 2549; x_wconf 84' lang='lat' dir='ltr'><strong>vero</strong></span> <span class='ocrx_word' id='word_1_265' title='bbox 1610 2495 1754 2549; x_wconf 88' lang='lat' dir='ltr'><strong>aliud</strong></span> <span class='ocrx_word' id='word_1_266' title='bbox 1786 2494 1864 2548; x_wconf 85' lang='lat' dir='ltr'><strong>rei</strong></span> <span class='ocrx_word' id='word_1_267' title='bbox 1892 2494 2014 2548; x_wconf 86' lang='lat' dir='ltr'><strong>huic</strong></span> 
     </span>
    </p>
   </div>
   <div class='ocr_carea' id='block_1_40' title="bbox 434 2587 2014 2661">
    <p class='ocr_par' dir='ltr' id='par_1_40' title="bbox 434 2587 2014 2661">
     <span class='ocr_line' id='line_1_40' title="bbox 434 2587 2014 2661; baseline -0.004 -14"><span class='ocrx_word' id='word_1_268' title='bbox 434 2603 649 2661; x_wconf 88' lang='lat' dir='ltr'><strong>tempus</strong></span> <span class='ocrx_word' id='word_1_269' title='bbox 676 2591 899 2660; x_wconf 87' lang='lat' dir='ltr'><strong>deputo,</strong></span> <span class='ocrx_word' id='word_1_270' title='bbox 922 2588 1142 2657; x_wconf 82' lang='lat' dir='ltr'><strong>quando</strong></span> <span class='ocrx_word' id='word_1_271' title='bbox 1177 2589 1385 2643; x_wconf 91' lang='lat' dir='ltr'><strong>scilicet</strong></span> <span class='ocrx_word' id='word_1_272' title='bbox 1405 2587 1746 2641; x_wconf 90' lang='lat' dir='ltr'><strong>Christianos</strong></span> <span class='ocrx_word' id='word_1_273' title='bbox 1783 2594 2014 2641; x_wconf 86' lang='lat' dir='ltr'><strong>vexante</strong></span> 
     </span>
    </p>
   </div>
   <div class='ocr_carea' id='block_1_41' title="bbox 436 2677 2011 2749">
    <p class='ocr_par' dir='ltr' id='par_1_41' title="bbox 436 2677 2011 2749">
     <span class='ocr_line' id='line_1_41' title="bbox 436 2677 2011 2749; baseline -0.005 -9"><span class='ocrx_word' id='word_1_274' title='bbox 436 2683 732 2740; x_wconf 82' lang='lat' dir='ltr'><strong>Maximino</strong></span> <span class='ocrx_word' id='word_1_275' title='bbox 781 2684 1087 2737; x_wconf 67' lang='lat' dir='ltr'><strong>Cmsaream</strong></span> <span class='ocrx_word' id='word_1_276' title='bbox 1145 2680 1504 2749; x_wconf 69' lang='lat' dir='ltr'><strong>Cappadocia:</strong></span> <span class='ocrx_word' id='word_1_277' title='bbox 1532 2680 1597 2733; x_wconf 90' lang='lat' dir='ltr'><strong>ad</strong></span> <span class='ocrx_word' id='word_1_278' title='bbox 1632 2677 2011 2732; x_wconf 90' lang='lat' dir='ltr'><strong>Firmilianum</strong></span> 
     </span>
    </p>
   </div>
   <div class='ocr_carea' id='block_1_42' title="bbox 434 2771 2013 2846">
    <p class='ocr_par' dir='ltr' id='par_1_42' title="bbox 434 2771 2013 2846">
     <span class='ocr_line' id='line_1_42' title="bbox 434 2771 2013 2846; baseline -0.006 -12"><span class='ocrx_word' id='word_1_279' title='bbox 434 2778 684 2846; x_wconf 74' lang='lat' dir='ltr'><strong>confugit</strong></span> <span class='ocrx_word' id='word_1_280' title='bbox 733 2776 1015 2845; x_wconf 83' lang='lat' dir='ltr'><strong>Origenes.</strong></span> <span class='ocrx_word' id='word_1_281' title='bbox 1073 2776 1112 2828; x_wconf 91' lang='lat' dir='ltr'><strong>A</strong></span> <span class='ocrx_word' id='word_1_282' title='bbox 1162 2772 1380 2827; x_wconf 87' lang='lat' dir='ltr'><strong>Juliana</strong></span> <span class='ocrx_word' id='word_1_283' title='bbox 1410 2773 1556 2827; x_wconf 88' lang='lat' dir='ltr'><strong>enim</strong></span> <span class='ocrx_word' id='word_1_284' title='bbox 1587 2771 1888 2826; x_wconf 90' lang='lat' dir='ltr'><strong>liberaliter</strong></span> <span class='ocrx_word' id='word_1_285' title='bbox 1917 2787 2013 2825; x_wconf 85' lang='lat' dir='ltr'><strong>ex-</strong></span> 
     </span>
    </p>
   </div>
   <div class='ocr_carea' id='block_1_43' title="bbox 430 2864 2010 2942">
    <p class='ocr_par' dir='ltr' id='par_1_43' title="bbox 430 2864 2010 2942">
     <span class='ocr_line' id='line_1_43' title="bbox 430 2864 2010 2942; baseline -0.007 -14"><span class='ocrx_word' id='word_1_286' title='bbox 430 2887 621 2942; x_wconf 87' lang='lat' dir='ltr'><strong>ceptus</strong></span> <span class='ocrx_word' id='word_1_287' title='bbox 650 2880 705 2925; x_wconf 91' lang='lat' dir='ltr'><strong>et</strong></span> <span class='ocrx_word' id='word_1_288' title='bbox 756 2870 917 2925; x_wconf 90' lang='lat' dir='ltr'><strong>domo</strong></span> <span class='ocrx_word' id='word_1_289' title='bbox 967 2879 1021 2922; x_wconf 90' lang='lat' dir='ltr'><strong>et</strong></span> <span class='ocrx_word' id='word_1_290' title='bbox 1068 2867 1394 2922; x_wconf 88' lang='lat' dir='ltr'><strong>bibliotheca</strong></span> <span class='ocrx_word' id='word_1_291' title='bbox 1447 2882 1475 2919; x_wconf 89' lang='lat' dir='ltr'><strong>a</strong></span> <span class='ocrx_word' id='word_1_292' title='bbox 1528 2864 1856 2937; x_wconf 82' lang='lat' dir='ltr'><strong>Symmacho</strong></span> <span class='ocrx_word' id='word_1_293' title='bbox 1882 2864 2010 2918; x_wconf 93' lang='lat' dir='ltr'><strong>olim</strong></span> 
     </span>
    </p>
   </div>
   <div class='ocr_carea' id='block_1_44' title="bbox 430 2964 2010 3033">
    <p class='ocr_par' dir='ltr' id='par_1_44' title="bbox 430 2964 2010 3033">
     <span class='ocr_line' id='line_1_44' title="bbox 430 2964 2010 3033; baseline -0.003 -11"><span class='ocrx_word' id='word_1_294' title='bbox 430 2971 713 3030; x_wconf 88' lang='lat' dir='ltr'><strong>instructa,</strong></span> <span class='ocrx_word' id='word_1_295' title='bbox 735 2966 801 3021; x_wconf 91' lang='lat' dir='ltr'><strong>ad</strong></span> <span class='ocrx_word' id='word_1_296' title='bbox 820 2983 936 3020; x_wconf 89' lang='lat' dir='ltr'><strong>eam</strong></span> <span class='ocrx_word' id='word_1_297' title='bbox 967 2966 1161 3021; x_wconf 90' lang='lat' dir='ltr'><strong>deinde</strong></span> <span class='ocrx_word' id='word_1_298' title='bbox 1189 2964 1647 3033; x_wconf 69' lang='lat' dir='ltr'><strong>ha&#39;reditatisjure</strong></span> <span class='ocrx_word' id='word_1_299' title='bbox 1672 2965 2010 3029; x_wconf 89' lang='lat' dir='ltr'><strong>transmissa,</strong></span> 
     </span>
    </p>
   </div>
   <div class='ocr_carea' id='block_1_45' title="bbox 429 3056 2012 3133">
    <p class='ocr_par' dir='ltr' id='par_1_45' title="bbox 429 3056 2012 3133">
     <span class='ocr_line' id='line_1_45' title="bbox 429 3056 2012 3133; baseline -0.003 -18"><span class='ocrx_word' id='word_1_300' title='bbox 429 3059 540 3133; x_wconf 85' lang='lat'><strong>(77)</strong></span> <span class='ocrx_word' id='word_1_301' title='bbox 565 3068 755 3115; x_wconf 91' lang='lat' dir='ltr'><strong>nactus</strong></span> <span class='ocrx_word' id='word_1_302' title='bbox 784 3058 892 3112; x_wconf 93' lang='lat' dir='ltr'><strong>illic</strong></span> <span class='ocrx_word' id='word_1_303' title='bbox 921 3068 1002 3113; x_wconf 89' lang='lat' dir='ltr'><strong>est</strong></span> <span class='ocrx_word' id='word_1_304' title='bbox 1024 3059 1320 3126; x_wconf 77' lang='lat' dir='ltr'><strong>Scriptura:</strong></span> <span class='ocrx_word' id='word_1_305' title='bbox 1333 3073 1499 3112; x_wconf 76' lang='lat' dir='ltr'><strong>sacra:</strong></span> <span class='ocrx_word' id='word_1_306' title='bbox 1522 3056 1870 3127; x_wconf 84' lang='lat' dir='ltr'><strong>exemplaria,</strong></span> <span class='ocrx_word' id='word_1_307' title='bbox 1890 3058 2012 3127; x_wconf 91' lang='lat' dir='ltr'><strong>qni-</strong></span> 
     </span>
    </p>
   </div>
   <div class='ocr_carea' id='block_1_46' title="bbox 429 3150 2008 3223">
    <p class='ocr_par' dir='ltr' id='par_1_46' title="bbox 429 3150 2008 3223">
     <span class='ocr_line' id='line_1_46' title="bbox 429 3150 2008 3223; baseline -0.005 -13"><span class='ocrx_word' id='word_1_308' title='bbox 429 3156 528 3210; x_wconf 91' lang='lat' dir='ltr'><strong>bus</strong></span> <span class='ocrx_word' id='word_1_309' title='bbox 554 3170 684 3209; x_wconf 90' lang='lat' dir='ltr'><strong>usus</strong></span> <span class='ocrx_word' id='word_1_310' title='bbox 709 3154 881 3208; x_wconf 88' lang='lat' dir='ltr'><strong>fuerat</strong></span> <span class='ocrx_word' id='word_1_311' title='bbox 901 3152 1277 3223; x_wconf 85' lang='lat' dir='ltr'><strong>Symmachus.</strong></span> <span class='ocrx_word' id='word_1_312' title='bbox 1295 3150 1429 3205; x_wconf 92' lang='lat' dir='ltr'><strong>Tum</strong></span> <span class='ocrx_word' id='word_1_313' title='bbox 1452 3165 1577 3204; x_wconf 86' lang='lat' dir='ltr'><strong>vero</strong></span> <span class='ocrx_word' id='word_1_314' title='bbox 1595 3150 1807 3205; x_wconf 87' lang='lat' dir='ltr'><strong>codices</strong></span> <span class='ocrx_word' id='word_1_315' title='bbox 1835 3151 2008 3220; x_wconf 88' lang='lat' dir='ltr'><strong>ipsum</strong></span> 
     </span>
    </p>
   </div>
   <div class='ocr_carea' id='block_1_47' title="bbox 2120 2029 3715 2101">
    <p class='ocr_par' dir='ltr' id='par_1_47' title="bbox 2120 2029 3715 2101">
     <span class='ocr_line' id='line_1_47' title="bbox 2120 2029 3715 2101; baseline -0.001 -19"><span class='ocrx_word' id='word_1_316' title='bbox 2120 2032 2248 2084; x_wconf 71' lang='lat' dir='ltr'><strong>lacer.</strong></span> <span class='ocrx_word' id='word_1_317' title='bbox 2305 2047 2453 2095; x_wconf 81' lang='lat' dir='ltr'><strong>wa,</strong></span> <span class='ocrx_word' id='word_1_318' title='bbox 2490 2046 2612 2101; x_wconf 88' lang='lat' dir='ltr'><strong>cap.</strong></span> <span class='ocrx_word' id='word_1_319' title='bbox 2637 2030 2687 2095; x_wconf 73' lang='grc' dir='ltr'><strong>ὅ,</strong></span> <span class='ocrx_word' id='word_1_320' title='bbox 2730 2031 3018 2100; x_wconf 87' lang='lat' dir='ltr'><strong>Origenem</strong></span> <span class='ocrx_word' id='word_1_321' title='bbox 3050 2029 3460 2083; x_wconf 85' lang='lat' dir='ltr'><strong>lucubrationes</strong></span> <span class='ocrx_word' id='word_1_322' title='bbox 3504 2044 3637 2082; x_wconf 81' lang='lat' dir='ltr'><strong>snas</strong></span> <span class='ocrx_word' id='word_1_323' title='bbox 3661 2029 3715 2080; x_wconf 91' lang='lat' dir='ltr'><strong>in</strong></span> 
     </span>
    </p>
   </div>
   <div class='ocr_carea' id='block_1_48' title="bbox 2118 2120 3715 2192">
    <p class='ocr_par' dir='ltr' id='par_1_48' title="bbox 2118 2120 3715 2192">
     <span class='ocr_line' id='line_1_48' title="bbox 2118 2120 3715 2192; baseline -0.003 -17"><span class='ocrx_word' id='word_1_324' title='bbox 2118 2120 2483 2191; x_wconf 86' lang='lat' dir='ltr'><strong>Scripturam,</strong></span> <span class='ocrx_word' id='word_1_325' title='bbox 2512 2122 2739 2192; x_wconf 89' lang='lat' dir='ltr'><strong>impulsu</strong></span> <span class='ocrx_word' id='word_1_326' title='bbox 2771 2122 3043 2176; x_wconf 85' lang='lat' dir='ltr'><strong>Ambrosii</strong></span> <span class='ocrx_word' id='word_1_327' title='bbox 3068 2132 3373 2190; x_wconf 88' lang='lat' dir='ltr'><strong>susceptas,</strong></span> <span class='ocrx_word' id='word_1_328' title='bbox 3419 2122 3493 2175; x_wconf 87' lang='lat' dir='ltr'><strong>ab</strong></span> <span class='ocrx_word' id='word_1_329' title='bbox 3526 2120 3715 2173; x_wconf 74' lang='lat' dir='ltr'><strong>Hen-</strong></span> 
     </span>
    </p>
   </div>
   <div class='ocr_carea' id='block_1_49' title="bbox 2116 2212 3715 2286">
    <p class='ocr_par' dir='ltr' id='par_1_49' title="bbox 2116 2212 3715 2286">
     <span class='ocr_line' id='line_1_49' title="bbox 2116 2212 3715 2286; baseline 0.001 -22"><span class='ocrx_word' id='word_1_330' title='bbox 2116 2214 2217 2281; x_wconf 78' lang='lat' dir='ltr'><strong>plis</strong></span> <span class='ocrx_word' id='word_1_331' title='bbox 2279 2215 2446 2271; x_wconf 87' lang='lat' dir='ltr'><strong>fuisse</strong></span> <span class='ocrx_word' id='word_1_332' title='bbox 2498 2216 2833 2283; x_wconf 87' lang='lat' dir='ltr'><strong>auspicatum</strong></span> <span class='ocrx_word' id='word_1_333' title='bbox 2868 2232 2883 2269; x_wconf 88' lang='lat'><strong>:</strong></span> <span class='ocrx_word' id='word_1_334' title='bbox 2917 2214 2991 2267; x_wconf 83' lang='grc' dir='ltr'>Τὸ</span> <span class='ocrx_word' id='word_1_335' title='bbox 3030 2214 3268 2286; x_wconf 82' lang='grc' dir='ltr'>πρῶτον,</span> <span class='ocrx_word' id='word_1_336' title='bbox 3305 2216 3509 2284; x_wconf 87' lang='lat' dir='ltr'><strong>inquit,</strong></span> <span class='ocrx_word' id='word_1_337' title='bbox 3542 2212 3715 2265; x_wconf 69' lang='grc' dir='ltr'>αὐταῦ</span> 
     </span>
    </p>
   </div>
   <div class='ocr_carea' id='block_1_50' title="bbox 2114 2305 3716 2379">
    <p class='ocr_par' dir='ltr' id='par_1_50' title="bbox 2114 2305 3716 2379">
     <span class='ocr_line' id='line_1_50' title="bbox 2114 2305 3716 2379; baseline 0 -20"><span class='ocrx_word' id='word_1_338' title='bbox 2114 2307 2393 2378; x_wconf 78' lang='grc' dir='ltr'><strong>ἐπιμελῶς</strong></span> <span class='ocrx_word' id='word_1_339' title='bbox 2441 2307 2865 2379; x_wconf 71' lang='grc' dir='ltr'><strong>ἐφιλοτιμήσατο</strong></span> <span class='ocrx_word' id='word_1_340' title='bbox 2902 2310 3229 2375; x_wconf 81' lang='grc' dir='ltr'>συναγαγεῖν</span> <span class='ocrx_word' id='word_1_341' title='bbox 3256 2306 3364 2359; x_wconf 79' lang='grc' dir='ltr'>τῶν</span> <span class='ocrx_word' id='word_1_342' title='bbox 3418 2305 3479 2373; x_wconf 76' lang='grc' dir='ltr'><strong>ἒξ</strong></span> <span class='ocrx_word' id='word_1_343' title='bbox 3522 2308 3716 2377; x_wconf 73' lang='grc' dir='ltr'><strong>ὲρμηο</strong></span> 
     </span>
    </p>
   </div>
   <div class='ocr_carea' id='block_1_51' title="bbox 2115 2399 3716 2470">
    <p class='ocr_par' dir='ltr' id='par_1_51' title="bbox 2115 2399 3716 2470">
     <span class='ocr_line' id='line_1_51' title="bbox 2115 2399 3716 2470; baseline -0.001 -18"><span class='ocrx_word' id='word_1_344' title='bbox 2115 2399 2296 2457; x_wconf 83' lang='grc' dir='ltr'>νειῶν.</span> <span class='ocrx_word' id='word_1_345' title='bbox 2322 2400 2484 2470; x_wconf 86' lang='lat' dir='ltr'><strong>Atqui</strong></span> <span class='ocrx_word' id='word_1_346' title='bbox 2525 2410 2651 2455; x_wconf 91' lang='lat' dir='ltr'><strong>tunc</strong></span> <span class='ocrx_word' id='word_1_347' title='bbox 2683 2399 2945 2467; x_wconf 87' lang='lat' dir='ltr'><strong>temporis</strong></span> <span class='ocrx_word' id='word_1_348' title='bbox 2974 2399 3319 2453; x_wconf 74' lang='lat' dir='ltr'><strong>Alexandria:</strong></span> <span class='ocrx_word' id='word_1_349' title='bbox 3351 2400 3716 2453; x_wconf 77' lang='lat' dir='ltr'><strong>versabatur.</strong></span> 
     </span>
    </p>
   </div>
   <div class='ocr_carea' id='block_1_52' title="bbox 2116 2490 3720 2562">
    <p class='ocr_par' dir='ltr' id='par_1_52' title="bbox 2116 2490 3720 2562">
     <span class='ocr_line' id='line_1_52' title="bbox 2116 2490 3720 2562; baseline -0.001 -18"><span class='ocrx_word' id='word_1_350' title='bbox 2116 2490 2475 2561; x_wconf 82' lang='lat' dir='ltr'><strong>Retorqnebit</strong></span> <span class='ocrx_word' id='word_1_351' title='bbox 2507 2500 2889 2562; x_wconf 91' lang='lat' dir='ltr'><strong>argumentum</strong></span> <span class='ocrx_word' id='word_1_352' title='bbox 2928 2490 3145 2561; x_wconf 88' lang='lat' dir='ltr'><strong>aliquis,</strong></span> <span class='ocrx_word' id='word_1_353' title='bbox 3176 2502 3231 2547; x_wconf 90' lang='lat' dir='ltr'><strong>et</strong></span> <span class='ocrx_word' id='word_1_354' title='bbox 3257 2491 3401 2546; x_wconf 90' lang='lat' dir='ltr'><strong>dicet</strong></span> <span class='ocrx_word' id='word_1_355' title='bbox 3430 2491 3545 2545; x_wconf 84' lang='lat' dir='ltr'><strong>hoc</strong></span> <span class='ocrx_word' id='word_1_356' title='bbox 3577 2502 3720 2545; x_wconf 80' lang='lat' dir='ltr'><strong>teni-</strong></span> 
     </span>
    </p>
   </div>
   <div class='ocr_carea' id='block_1_53' title="bbox 2115 2584 3718 2655">
    <p class='ocr_par' dir='ltr' id='par_1_53' title="bbox 2115 2584 3718 2655">
     <span class='ocr_line' id='line_1_53' title="bbox 2115 2584 3718 2655; baseline 0.001 -19"><span class='ocrx_word' id='word_1_357' title='bbox 2115 2599 2247 2653; x_wconf 91' lang='lat' dir='ltr'><strong>pore</strong></span> <span class='ocrx_word' id='word_1_358' title='bbox 2277 2599 2371 2638; x_wconf 89' lang='lat' dir='ltr'><strong>sex</strong></span> <span class='ocrx_word' id='word_1_359' title='bbox 2406 2584 2882 2653; x_wconf 86' lang='lat' dir='ltr'><strong>interpretationes</strong></span> <span class='ocrx_word' id='word_1_360' title='bbox 2914 2587 2965 2640; x_wconf 93' lang='lat' dir='ltr'><strong>iu</strong></span> <span class='ocrx_word' id='word_1_361' title='bbox 2994 2602 3161 2641; x_wconf 92' lang='lat' dir='ltr'><strong>unum</strong></span> <span class='ocrx_word' id='word_1_362' title='bbox 3188 2585 3445 2655; x_wconf 87' lang='lat' dir='ltr'><strong>colligere</strong></span> <span class='ocrx_word' id='word_1_363' title='bbox 3467 2602 3592 2640; x_wconf 87' lang='lat' dir='ltr'><strong>non</strong></span> <span class='ocrx_word' id='word_1_364' title='bbox 3620 2600 3718 2654; x_wconf 82' lang='lat' dir='ltr'><strong>po-</strong></span> 
     </span>
    </p>
   </div>
   <div class='ocr_carea' id='block_1_54' title="bbox 2118 2675 3714 2749">
    <p class='ocr_par' dir='ltr' id='par_1_54' title="bbox 2118 2675 3714 2749">
     <span class='ocr_line' id='line_1_54' title="bbox 2118 2675 3714 2749; baseline 0.002 -21"><span class='ocrx_word' id='word_1_365' title='bbox 2118 2677 2285 2731; x_wconf 85' lang='lat' dir='ltr'><strong>tuisse</strong></span> <span class='ocrx_word' id='word_1_366' title='bbox 2312 2675 2627 2747; x_wconf 83' lang='lat' dir='ltr'><strong>Origencm,</strong></span> <span class='ocrx_word' id='word_1_367' title='bbox 2685 2678 2773 2746; x_wconf 91' lang='lat' dir='ltr'><strong>qui</strong></span> <span class='ocrx_word' id='word_1_368' title='bbox 2809 2679 2973 2733; x_wconf 88' lang='lat' dir='ltr'><strong>etiam</strong></span> <span class='ocrx_word' id='word_1_369' title='bbox 3005 2688 3117 2733; x_wconf 90' lang='lat' dir='ltr'><strong>tum</strong></span> <span class='ocrx_word' id='word_1_370' title='bbox 3166 2679 3476 2749; x_wconf 89' lang='lat' dir='ltr'><strong>Symmachi</strong></span> <span class='ocrx_word' id='word_1_371' title='bbox 3534 2679 3714 2732; x_wconf 85' lang='lat' dir='ltr'><strong>inter-</strong></span> 
     </span>
    </p>
   </div>
   <div class='ocr_carea' id='block_1_55' title="bbox 2114 2769 3718 2840">
    <p class='ocr_par' dir='ltr' id='par_1_55' title="bbox 2114 2769 3718 2840">
     <span class='ocr_line' id='line_1_55' title="bbox 2114 2769 3718 2840; baseline 0.004 -20"><span class='ocrx_word' id='word_1_372' title='bbox 2114 2769 2438 2836; x_wconf 86' lang='lat' dir='ltr'><strong>pretatione,</strong></span> <span class='ocrx_word' id='word_1_373' title='bbox 2494 2778 2551 2823; x_wconf 89' lang='lat' dir='ltr'><strong>et</strong></span> <span class='ocrx_word' id='word_1_374' title='bbox 2604 2770 2845 2826; x_wconf 90' lang='lat' dir='ltr'><strong>editione</strong></span> <span class='ocrx_word' id='word_1_375' title='bbox 2898 2783 3055 2827; x_wconf 83' lang='lat' dir='ltr'><strong>sexta</strong></span> <span class='ocrx_word' id='word_1_376' title='bbox 3106 2782 3337 2827; x_wconf 88' lang='lat' dir='ltr'><strong>careret.</strong></span> <span class='ocrx_word' id='word_1_377' title='bbox 3371 2771 3718 2840; x_wconf 79' lang='lat' dir='ltr'><strong>Respondeo</strong></span> 
     </span>
    </p>
   </div>
   <div class='ocr_carea' id='block_1_56' title="bbox 2117 2856 3721 2932">
    <p class='ocr_par' dir='ltr' id='par_1_56' title="bbox 2117 2856 3721 2932">
     <span class='ocr_line' id='line_1_56' title="bbox 2117 2856 3721 2932; baseline 0.004 -21"><span class='ocrx_word' id='word_1_378' title='bbox 2117 2856 3032 2929; x_wconf 73' lang='lat' dir='ltr'><strong>chaplorumcoagmentationem</strong></span> <span class='ocrx_word' id='word_1_379' title='bbox 3087 2872 3267 2916; x_wconf 86' lang='lat' dir='ltr'><strong>mente</strong></span> <span class='ocrx_word' id='word_1_380' title='bbox 3317 2862 3721 2932; x_wconf 74' lang='lat' dir='ltr'><strong>prazlormasse</strong></span> 
     </span>
    </p>
   </div>
   <div class='ocr_carea' id='block_1_57' title="bbox 2115 2950 3721 3024">
    <p class='ocr_par' dir='ltr' id='par_1_57' title="bbox 2115 2950 3721 3024">
     <span class='ocr_line' id='line_1_57' title="bbox 2115 2950 3721 3024; baseline 0.001 -21"><span class='ocrx_word' id='word_1_381' title='bbox 2115 2950 2289 3019; x_wconf 90' lang='lat' dir='ltr'><strong>ipsum</strong></span> <span class='ocrx_word' id='word_1_382' title='bbox 2307 2965 2427 3004; x_wconf 91' lang='lat' dir='ltr'><strong>cum</strong></span> <span class='ocrx_word' id='word_1_383' title='bbox 2445 2960 2590 3006; x_wconf 87' lang='lat' dir='ltr'><strong>esset</strong></span> <span class='ocrx_word' id='word_1_384' title='bbox 2612 2950 2972 3019; x_wconf 67' lang='lat' dir='ltr'><strong>Alexandriae,</strong></span> <span class='ocrx_word' id='word_1_385' title='bbox 2988 2968 3091 3007; x_wconf 80' lang='lat' dir='ltr'><strong>non</strong></span> <span class='ocrx_word' id='word_1_386' title='bbox 3114 2952 3228 3022; x_wconf 90' lang='lat' dir='ltr'><strong>ipsa</strong></span> <span class='ocrx_word' id='word_1_387' title='bbox 3256 2966 3721 3024; x_wconf 53' lang='lat' dir='ltr'><strong>coagmentasse,</strong></span> 
     </span>
    </p>
   </div>
   <div class='ocr_carea' id='block_1_58' title="bbox 2114 3043 3719 3113">
    <p class='ocr_par' dir='ltr' id='par_1_58' title="bbox 2114 3043 3719 3113">
     <span class='ocr_line' id='line_1_58' title="bbox 2114 3043 3719 3113; baseline 0.004 -16"><span class='ocrx_word' id='word_1_388' title='bbox 2114 3058 2235 3097; x_wconf 91' lang='lat' dir='ltr'><strong>cum</strong></span> <span class='ocrx_word' id='word_1_389' title='bbox 2268 3043 2503 3097; x_wconf 90' lang='lat' dir='ltr'><strong>nondum</strong></span> <span class='ocrx_word' id='word_1_390' title='bbox 2533 3044 2869 3113; x_wconf 81' lang='lat' dir='ltr'><strong>exemplaria</strong></span> <span class='ocrx_word' id='word_1_391' title='bbox 2910 3046 3141 3101; x_wconf 90' lang='lat' dir='ltr'><strong>haberet</strong></span> <span class='ocrx_word' id='word_1_392' title='bbox 3187 3047 3253 3101; x_wconf 91' lang='lat' dir='ltr'><strong>ad</strong></span> <span class='ocrx_word' id='word_1_393' title='bbox 3302 3063 3531 3100; x_wconf 86' lang='lat' dir='ltr'><strong>manum</strong></span> <span class='ocrx_word' id='word_1_394' title='bbox 3556 3088 3575 3112; x_wconf 96' lang='lat'><strong>,</strong></span> <span class='ocrx_word' id='word_1_395' title='bbox 3616 3050 3719 3104; x_wconf 82' lang='lat' dir='ltr'><strong>sed</strong></span> 
     </span>
    </p>
   </div>
   <div class='ocr_carea' id='block_1_59' title="bbox 2106 3132 3719 3208">
    <p class='ocr_par' dir='ltr' id='par_1_59' title="bbox 2106 3132 3719 3208">
     <span class='ocr_line' id='line_1_59' title="bbox 2106 3132 3719 3208; baseline 0.006 -25"><span class='ocrx_word' id='word_1_396' title='bbox 2106 3132 2218 3201; x_wconf 85' lang='lat' dir='ltr'><strong>jam</strong></span> <span class='ocrx_word' id='word_1_397' title='bbox 2243 3135 2367 3187; x_wconf 90' lang='lat' dir='ltr'><strong>inde</strong></span> <span class='ocrx_word' id='word_1_398' title='bbox 2404 3133 2534 3201; x_wconf 88' lang='lat' dir='ltr'><strong>ipsis</strong></span> <span class='ocrx_word' id='word_1_399' title='bbox 2560 3133 2950 3203; x_wconf 85' lang='lat' dir='ltr'><strong>investigandis</strong></span> <span class='ocrx_word' id='word_1_400' title='bbox 2981 3150 3204 3204; x_wconf 87' lang='lat' dir='ltr'><strong>operam</strong></span> <span class='ocrx_word' id='word_1_401' title='bbox 3240 3136 3471 3190; x_wconf 86' lang='lat' dir='ltr'><strong>dedisse.</strong></span> <span class='ocrx_word' id='word_1_402' title='bbox 3513 3136 3719 3208; x_wconf 75' lang='lat' dir='ltr'><strong>Itaque</strong></span> 
     </span>
    </p>
   </div>
   <div class='ocr_carea' id='block_1_60' title="bbox 429 3225 2008 3338">
    <p class='ocr_par' dir='ltr' id='par_1_60' title="bbox 429 3243 2004 3314">
     <span class='ocr_line' id='line_1_60' title="bbox 429 3243 2004 3314; baseline -0.003 -11"><span class='ocrx_word' id='word_1_403' title='bbox 429 3246 738 3303; x_wconf 83' lang='lat' dir='ltr'><strong>conﬂixisse</strong></span> <span class='ocrx_word' id='word_1_404' title='bbox 768 3246 909 3300; x_wconf 89' lang='lat' dir='ltr'><strong>inter</strong></span> <span class='ocrx_word' id='word_1_405' title='bbox 928 3260 986 3298; x_wconf 83' lang='lat' dir='ltr'><strong>se</strong></span> <span class='ocrx_word' id='word_1_406' title='bbox 1002 3243 1417 3312; x_wconf 78' lang='lat' dir='ltr'><strong>ctconjnnxisse</strong></span> <span class='ocrx_word' id='word_1_407' title='bbox 1447 3243 1726 3314; x_wconf 90' lang='lat' dir='ltr'><strong>probabile</strong></span> <span class='ocrx_word' id='word_1_408' title='bbox 1760 3253 1845 3298; x_wconf 87' lang='lat' dir='ltr'><strong>est</strong></span> <span class='ocrx_word' id='word_1_409' title='bbox 1873 3259 1885 3295; x_wconf 94' lang='lat'>:</span> <span class='ocrx_word' id='word_1_410' title='bbox 1912 3244 2004 3298; x_wconf 88' lang='lat' dir='ltr'><strong>sed</strong></span> 
     </span>
    </p>
   </div>
   <div class='ocr_carea' id='block_1_61' title="bbox 2115 3225 3719 3338">
    <p class='ocr_par' dir='ltr' id='par_1_61' title="bbox 2115 3225 3719 3302">
     <span class='ocr_line' id='line_1_61' title="bbox 2115 3225 3719 3302; baseline 0.005 -24"><span class='ocrx_word' id='word_1_411' title='bbox 2115 3242 2217 3279; x_wconf 90' lang='lat' dir='ltr'><strong>non</strong></span> <span class='ocrx_word' id='word_1_412' title='bbox 2245 3226 2372 3279; x_wconf 91' lang='lat' dir='ltr'><strong>dicit</strong></span> <span class='ocrx_word' id='word_1_413' title='bbox 2400 3225 2749 3295; x_wconf 81' lang='lat' dir='ltr'><strong>Epiphanius,</strong></span> <span class='ocrx_word' id='word_1_414' title='bbox 2769 3226 3097 3297; x_wconf 74' lang='grc' dir='ltr'>συνήγαγεν,</span> <span class='ocrx_word' id='word_1_415' title='bbox 3131 3229 3242 3295; x_wconf 87' lang='lat' dir='ltr'><strong>sed,</strong></span> <span class='ocrx_word' id='word_1_416' title='bbox 3271 3229 3719 3302; x_wconf 54' lang='grc' dir='ltr'>ὲσιλςτιμήσατο</span> 
     </span>
    </p>
   </div>
   <div class='ocr_carea' id='block_1_62' title="bbox 428 3335 2003 3408">
    <p class='ocr_par' dir='ltr' id='par_1_62' title="bbox 428 3335 2003 3408">
     <span class='ocr_line' id='line_1_62' title="bbox 428 3335 2003 3408; baseline -0.003 -14"><span class='ocrx_word' id='word_1_417' title='bbox 428 3356 548 3395; x_wconf 90' lang='lat' dir='ltr'><strong>cum</strong></span> <span class='ocrx_word' id='word_1_418' title='bbox 589 3340 895 3394; x_wconf 91' lang='lat' dir='ltr'><strong>institutum</strong></span> <span class='ocrx_word' id='word_1_419' title='bbox 926 3354 1063 3407; x_wconf 90' lang='lat' dir='ltr'><strong>opus</strong></span> <span class='ocrx_word' id='word_1_420' title='bbox 1094 3353 1190 3407; x_wconf 91' lang='lat' dir='ltr'><strong>per</strong></span> <span class='ocrx_word' id='word_1_421' title='bbox 1228 3339 1504 3407; x_wconf 85' lang='lat' dir='ltr'><strong>angustias</strong></span> <span class='ocrx_word' id='word_1_422' title='bbox 1529 3336 1880 3408; x_wconf 83' lang='lat' dir='ltr'><strong>temporisihi</strong></span> <span class='ocrx_word' id='word_1_423' title='bbox 1907 3335 2003 3390; x_wconf 84' lang='lat' dir='ltr'><strong>ab—</strong></span> 
     </span>
    </p>
   </div>
   <div class='ocr_carea' id='block_1_63' title="bbox 427 3430 2005 3503">
    <p class='ocr_par' dir='ltr' id='par_1_63' title="bbox 427 3430 2005 3503">
     <span class='ocr_line' id='line_1_63' title="bbox 427 3430 2005 3503; baseline -0.004 -15"><span class='ocrx_word' id='word_1_424' title='bbox 427 3435 635 3489; x_wconf 87' lang='lat' dir='ltr'><strong>solvere</strong></span> <span class='ocrx_word' id='word_1_425' title='bbox 661 3450 763 3487; x_wconf 92' lang='lat' dir='ltr'><strong>non</strong></span> <span class='ocrx_word' id='word_1_426' title='bbox 805 3443 1007 3503; x_wconf 89' lang='lat' dir='ltr'><strong>posset,</strong></span> <span class='ocrx_word' id='word_1_427' title='bbox 1051 3446 1360 3499; x_wconf 89' lang='lat' dir='ltr'><strong>supremam</strong></span> <span class='ocrx_word' id='word_1_428' title='bbox 1409 3430 1510 3499; x_wconf 87' lang='lat' dir='ltr'><strong>ipsi</strong></span> <span class='ocrx_word' id='word_1_429' title='bbox 1549 3445 1767 3483; x_wconf 91' lang='lat' dir='ltr'><strong>manum</strong></span> <span class='ocrx_word' id='word_1_430' title='bbox 1808 3430 1859 3482; x_wconf 92' lang='lat' dir='ltr'><strong>in</strong></span> <span class='ocrx_word' id='word_1_431' title='bbox 1891 3431 2005 3482; x_wconf 92' lang='lat' dir='ltr'><strong>otio</strong></span> 
     </span>
    </p>
   </div>
   <div class='ocr_carea' id='block_1_64' title="bbox 427 3520 2007 3601">
    <p class='ocr_par' dir='ltr' id='par_1_64' title="bbox 427 3520 2007 3601">
     <span class='ocr_line' id='line_1_64' title="bbox 427 3520 2007 3601; baseline -0.004 -20"><span class='ocrx_word' id='word_1_432' title='bbox 427 3528 591 3601; x_wconf 92' lang='lat' dir='ltr'><strong>Tyrio</strong></span> <span class='ocrx_word' id='word_1_433' title='bbox 617 3527 962 3598; x_wconf 76' lang='lat' dir='ltr'><strong>imposuisse.</strong></span> <span class='ocrx_word' id='word_1_434' title='bbox 1005 3523 1118 3578; x_wconf 77' lang='lat' dir='ltr'><strong>Non</strong></span> <span class='ocrx_word' id='word_1_435' title='bbox 1155 3523 1298 3592; x_wconf 90' lang='lat' dir='ltr'><strong>quod</strong></span> <span class='ocrx_word' id='word_1_436' title='bbox 1334 3524 1400 3578; x_wconf 90' lang='lat' dir='ltr'><strong>de</strong></span> <span class='ocrx_word' id='word_1_437' title='bbox 1437 3524 1502 3577; x_wconf 91' lang='lat' dir='ltr'><strong>iis</strong></span> <span class='ocrx_word' id='word_1_438' title='bbox 1523 3523 1793 3593; x_wconf 79' lang='lat' dir='ltr'><strong>cogitasse</strong></span> <span class='ocrx_word' id='word_1_439' title='bbox 1818 3520 2007 3590; x_wconf 87' lang='lat' dir='ltr'><strong>Orige-</strong></span> 
     </span>
    </p>
   </div>
   <div class='ocr_carea' id='block_1_65' title="bbox 322 3618 2003 3691">
    <p class='ocr_par' dir='ltr' id='par_1_65' title="bbox 322 3618 2003 3691">
     <span class='ocr_line' id='line_1_65' title="bbox 322 3618 2003 3691; baseline -0.001 -16"><span class='ocrx_word' id='word_1_440' title='bbox 322 3646 337 3655; x_wconf 60' lang='grc' dir='ltr'><strong>ε</strong></span> <span class='ocrx_word' id='word_1_441' title='bbox 427 3638 550 3678; x_wconf 88' lang='lat' dir='ltr'><strong>nem</strong></span> <span class='ocrx_word' id='word_1_442' title='bbox 583 3630 695 3675; x_wconf 93' lang='lat' dir='ltr'><strong>tum</strong></span> <span class='ocrx_word' id='word_1_443' title='bbox 746 3621 979 3691; x_wconf 88' lang='lat' dir='ltr'><strong>primum</strong></span> <span class='ocrx_word' id='word_1_444' title='bbox 1006 3629 1225 3690; x_wconf 89' lang='lat' dir='ltr'><strong>putem;</strong></span> <span class='ocrx_word' id='word_1_445' title='bbox 1275 3619 1365 3673; x_wconf 90' lang='lat' dir='ltr'><strong>sed</strong></span> <span class='ocrx_word' id='word_1_446' title='bbox 1396 3618 1733 3673; x_wconf 72' lang='lat' dir='ltr'><strong>Alexandria:</strong></span> <span class='ocrx_word' id='word_1_447' title='bbox 1770 3618 2003 3673; x_wconf 84' lang='lat' dir='ltr'><strong>fortasse</strong></span> 
     </span>
    </p>
   </div>
   <div class='ocr_carea' id='block_1_66' title="bbox 499 3736 2015 3863">
    <p class='ocr_par' dir='ltr' id='par_1_66' title="bbox 499 3736 2015 3863">
     <span class='ocr_line' id='line_1_66' title="bbox 499 3736 2015 3863; baseline 0.001 -71"><span class='ocrx_word' id='word_1_448' title='bbox 499 3738 795 3863; x_wconf 54' lang='lat' dir='ltr'><strong>(8)1Espiph.</strong></span> <span class='ocrx_word' id='word_1_449' title='bbox 832 3738 1035 3792; x_wconf 79' lang='lat' dir='ltr'><strong>lla-res.</strong></span> <span class='ocrx_word' id='word_1_450' title='bbox 1069 3754 1214 3803; x_wconf 81' lang='lat' dir='ltr'><strong>wa,</strong></span> <span class='ocrx_word' id='word_1_451' title='bbox 1271 3752 1393 3807; x_wconf 89' lang='lat' dir='ltr'><strong>cap.</strong></span> <span class='ocrx_word' id='word_1_452' title='bbox 1424 3736 1457 3789; x_wconf 79' lang='grc'><strong>5</strong></span> <span class='ocrx_word' id='word_1_453' title='bbox 1491 3747 1545 3791; x_wconf 92' lang='lat' dir='ltr'><strong>et</strong></span> <span class='ocrx_word' id='word_1_454' title='bbox 1586 3738 1679 3791; x_wconf 93' lang='lat' dir='ltr'><strong>lib.</strong></span> <span class='ocrx_word' id='word_1_455' title='bbox 1736 3737 1810 3792; x_wconf 87' lang='lat' dir='ltr'><strong>De</strong></span> <span class='ocrx_word' id='word_1_456' title='bbox 1857 3740 2015 3808; x_wconf 85' lang='lat' dir='ltr'><strong>pond.</strong></span> 
     </span>
     <span class='ocr_line' id='line_1_67' title="bbox 499 3827 678 3863; baseline 0 -1"><span class='ocrx_word' id='word_1_457' title='bbox 499 3827 548 3863; x_wconf 79' lang='grc' dir='ltr'><strong>ι).</strong></span> <span class='ocrx_word' id='word_1_458' title='bbox 663 3847 678 3862; x_wconf 93' lang='grc'><strong>.</strong></span> 
     </span>
    </p>
   </div>
   <div class='ocr_carea' id='block_1_67' title="bbox 426 3824 678 3865">
    <p class='ocr_par' dir='ltr' id='par_1_67' title="bbox 426 3824 678 3865">
     <span class='ocr_line' id='line_1_68' title="bbox 426 3824 678 3865; baseline -0.004 -2"><span class='ocrx_word' id='word_1_459' title='bbox 426 3824 548 3865; x_wconf 82' lang='lat' dir='ltr'><strong>can.</strong></span> <span class='ocrx_word' id='word_1_460' title='bbox 588 3824 678 3863; x_wconf 76' lang='grc' dir='ltr'><strong>Ἰδο</strong></span> 
     </span>
    </p>
   </div>
   <div class='ocr_carea' id='block_1_68' title="bbox 496 3827 2009 3949">
    <p class='ocr_par' dir='ltr' id='par_1_68' title="bbox 496 3827 2009 3949">
     <span class='ocr_line' id='line_1_69' title="bbox 496 3827 2009 3949; baseline -0.002 -13"><span class='ocrx_word' id='word_1_461' title='bbox 496 3827 823 3949; x_wconf 47' lang='lat' dir='ltr'><strong>fmlx&#39;ucms</strong></span> <span class='ocrx_word' id='word_1_462' title='bbox 877 3878 986 3931; x_wconf 77' lang='lat' dir='ltr'><strong>illic</strong></span> <span class='ocrx_word' id='word_1_463' title='bbox 1015 3890 1088 3932; x_wconf 78' lang='lat' dir='ltr'><strong>es!</strong></span> <span class='ocrx_word' id='word_1_464' title='bbox 1117 3877 1414 3945; x_wconf 74' lang='lat' dir='ltr'><strong>Scriptum</strong></span> <span class='ocrx_word' id='word_1_465' title='bbox 1443 3892 1615 3949; x_wconf 69' lang='lat' dir='ltr'><strong>auerte</strong></span> <span class='ocrx_word' id='word_1_466' title='bbox 1641 3877 1968 3947; x_wconf 73' lang='lat' dir='ltr'><strong>exemplaria</strong></span> <span class='ocrx_word' id='word_1_467' title='bbox 1993 3920 2009 3944; x_wconf 95' lang='lat'><strong>,</strong></span> 
     </span>
    </p>
   </div>
   <div class='ocr_carea' id='block_1_69' title="bbox 425 3948 2011 4022">
    <p class='ocr_par' dir='ltr' id='par_1_69' title="bbox 425 3948 2011 4022">
     <span class='ocr_line' id='line_1_70' title="bbox 425 3948 2011 4022; baseline 0.001 -19"><span class='ocrx_word' id='word_1_468' title='bbox 425 3948 615 4022; x_wconf 80' lang='lat' dir='ltr'><strong>quibus</strong></span> <span class='ocrx_word' id='word_1_469' title='bbox 639 3966 763 4003; x_wconf 68' lang='lat' dir='ltr'><strong>usus</strong></span> <span class='ocrx_word' id='word_1_470' title='bbox 802 3950 977 4022; x_wconf 45' lang='lat' dir='ltr'><strong>[uenat</strong></span> <span class='ocrx_word' id='word_1_471' title='bbox 1005 3950 1370 4019; x_wconf 77' lang='lat' dir='ltr'><strong>Symmachus,</strong></span> <span class='ocrx_word' id='word_1_472' title='bbox 1396 3959 1502 4022; x_wconf 68' lang='lat' dir='ltr'><strong>etc.</strong></span> <span class='ocrx_word' id='word_1_473' title='bbox 1527 3967 1550 4022; x_wconf 64' lang='grc' dir='ltr'><strong>ιΔ</strong></span> <span class='ocrx_word' id='word_1_474' title='bbox 1581 3948 1880 4022; x_wconf 68' lang='lat' dir='ltr'><strong>verisimile</strong></span> <span class='ocrx_word' id='word_1_475' title='bbox 1903 3967 2011 4022; x_wconf 74' lang='lat' dir='ltr'><strong>non</strong></span> 
     </span>
    </p>
   </div>
   <div class='ocr_carea' id='block_1_70' title="bbox 430 4019 2013 4089">
    <p class='ocr_par' dir='ltr' id='par_1_70' title="bbox 430 4019 2013 4089">
     <span class='ocr_line' id='line_1_71' title="bbox 430 4019 2013 4089; baseline -0.001 -14"><span class='ocrx_word' id='word_1_476' title='bbox 430 4019 664 4084; x_wconf 73' lang='lat' dir='ltr'><strong>videtur,</strong></span> <span class='ocrx_word' id='word_1_477' title='bbox 702 4021 876 4089; x_wconf 86' lang='lat' dir='ltr'><strong>inquit</strong></span> <span class='ocrx_word' id='word_1_478' title='bbox 898 4020 1298 4084; x_wconf 88' lang='lat' dir='ltr'><strong>Tillemontins,</strong></span> <span class='ocrx_word' id='word_1_479' title='bbox 1336 4029 1448 4073; x_wconf 84' lang='lat' dir='ltr'><strong>not.</strong></span> <span class='ocrx_word' id='word_1_480' title='bbox 1477 4020 1510 4073; x_wconf 88' lang='lat'><strong>9</strong></span> <span class='ocrx_word' id='word_1_481' title='bbox 1541 4019 1591 4072; x_wconf 93' lang='lat' dir='ltr'><strong>in</strong></span> <span class='ocrx_word' id='word_1_482' title='bbox 1619 4019 1862 4089; x_wconf 88' lang='lat' dir='ltr'><strong>Origen.,</strong></span> <span class='ocrx_word' id='word_1_483' title='bbox 1890 4020 2013 4074; x_wconf 91' lang='lat' dir='ltr'><strong>Ori-</strong></span> 
     </span>
    </p>
   </div>
   <div class='ocr_carea' id='block_1_71' title="bbox 427 4089 2011 4165">
    <p class='ocr_par' dir='ltr' id='par_1_71' title="bbox 427 4089 2011 4165">
     <span class='ocr_line' id='line_1_72' title="bbox 427 4089 2011 4165; baseline -0.003 -19"><span class='ocrx_word' id='word_1_484' title='bbox 427 4108 617 4165; x_wconf 86' lang='lat' dir='ltr'><strong>genem</strong></span> <span class='ocrx_word' id='word_1_485' title='bbox 652 4091 965 4162; x_wconf 85' lang='lat' dir='ltr'><strong>Symmachi</strong></span> <span class='ocrx_word' id='word_1_486' title='bbox 997 4091 1302 4144; x_wconf 88' lang='lat' dir='ltr'><strong>versionem</strong></span> <span class='ocrx_word' id='word_1_487' title='bbox 1341 4089 1410 4144; x_wconf 89' lang='lat'><strong>60</strong></span> <span class='ocrx_word' id='word_1_488' title='bbox 1456 4101 1586 4144; x_wconf 86' lang='lat' dir='ltr'><strong>ante</strong></span> <span class='ocrx_word' id='word_1_489' title='bbox 1621 4106 1793 4145; x_wconf 88' lang='lat' dir='ltr'><strong>annos</strong></span> <span class='ocrx_word' id='word_1_490' title='bbox 1829 4092 2011 4165; x_wconf 87' lang='lat' dir='ltr'><strong>elabo-</strong></span> 
     </span>
    </p>
   </div>
   <div class='ocr_carea' id='block_1_72' title="bbox 430 4162 2011 4228">
    <p class='ocr_par' dir='ltr' id='par_1_72' title="bbox 430 4162 2011 4228">
     <span class='ocr_line' id='line_1_73' title="bbox 430 4162 2011 4228; baseline -0.003 -9"><span class='ocrx_word' id='word_1_491' title='bbox 430 4162 603 4219; x_wconf 70' lang='lat' dir='ltr'><strong>ratam</strong></span> <span class='ocrx_word' id='word_1_492' title='bbox 661 4172 768 4216; x_wconf 87' lang='lat' dir='ltr'><strong>tam</strong></span> <span class='ocrx_word' id='word_1_493' title='bbox 814 4176 937 4215; x_wconf 88' lang='lat' dir='ltr'><strong>sero</strong></span> <span class='ocrx_word' id='word_1_494' title='bbox 984 4172 1371 4224; x_wconf 87' lang='lat' dir='ltr'><strong>nactumesse,</strong></span> <span class='ocrx_word' id='word_1_495' title='bbox 1406 4170 1693 4228; x_wconf 89' lang='lat' dir='ltr'><strong>potestque</strong></span> <span class='ocrx_word' id='word_1_496' title='bbox 1726 4162 2011 4215; x_wconf 90' lang='lat' dir='ltr'><strong>commode</strong></span> 
     </span>
    </p>
   </div>
   <div class='ocr_carea' id='block_1_73' title="bbox 428 4232 2011 4299">
    <p class='ocr_par' dir='ltr' id='par_1_73' title="bbox 428 4232 2011 4299">
     <span class='ocr_line' id='line_1_74' title="bbox 428 4232 2011 4299; baseline -0.004 -10"><span class='ocrx_word' id='word_1_497' title='bbox 428 4233 699 4289; x_wconf 77' lang='lat' dir='ltr'><strong>Eusebius</strong></span> <span class='ocrx_word' id='word_1_498' title='bbox 732 4232 962 4299; x_wconf 85' lang='lat' dir='ltr'><strong>intelligi</strong></span> <span class='ocrx_word' id='word_1_499' title='bbox 995 4242 1089 4285; x_wconf 92' lang='lat' dir='ltr'><strong>ant</strong></span> <span class='ocrx_word' id='word_1_500' title='bbox 1114 4233 1179 4285; x_wconf 90' lang='lat' dir='ltr'><strong>dc</strong></span> <span class='ocrx_word' id='word_1_501' title='bbox 1232 4233 1349 4298; x_wconf 83' lang='lat' dir='ltr'><strong>ipso</strong></span> <span class='ocrx_word' id='word_1_502' title='bbox 1400 4232 1709 4299; x_wconf 85' lang='lat' dir='ltr'><strong>Symmachi</strong></span> <span class='ocrx_word' id='word_1_503' title='bbox 1749 4242 2011 4297; x_wconf 72' lang='lat' dir='ltr'><strong>autogra-</strong></span> 
     </span>
    </p>
   </div>
   <div class='ocr_carea' id='block_1_74' title="bbox 432 4300 2009 4375">
    <p class='ocr_par' dir='ltr' id='par_1_74' title="bbox 432 4300 2009 4375">
     <span class='ocr_line' id='line_1_75' title="bbox 432 4300 2009 4375; baseline -0.003 -16"><span class='ocrx_word' id='word_1_504' title='bbox 432 4306 562 4375; x_wconf 90' lang='lat' dir='ltr'><strong>pho,</strong></span> <span class='ocrx_word' id='word_1_505' title='bbox 598 4320 725 4356; x_wconf 87' lang='lat' dir='ltr'><strong>nam</strong></span> <span class='ocrx_word' id='word_1_506' title='bbox 756 4319 821 4375; x_wconf 84' lang='lat' dir='ltr'><strong>ex</strong></span> <span class='ocrx_word' id='word_1_507' title='bbox 849 4304 964 4375; x_wconf 87' lang='lat' dir='ltr'><strong>ipso</strong></span> <span class='ocrx_word' id='word_1_508' title='bbox 1003 4301 1332 4375; x_wconf 81' lang='lat' dir='ltr'><strong>Symmacho</strong></span> <span class='ocrx_word' id='word_1_509' title='bbox 1370 4302 1498 4375; x_wconf 88' lang='lat' dir='ltr'><strong>illud</strong></span> <span class='ocrx_word' id='word_1_510' title='bbox 1531 4300 1743 4375; x_wconf 66' lang='lat' dir='ltr'><strong>Iuliana</strong></span> <span class='ocrx_word' id='word_1_511' title='bbox 1781 4317 2009 4375; x_wconf 82' lang='lat' dir='ltr'><strong>accepe-</strong></span> 
     </span>
    </p>
   </div>
   <div class='ocr_carea' id='block_1_75' title="bbox 431 4319 2008 4441">
    <p class='ocr_par' dir='ltr' id='par_1_75' title="bbox 431 4319 2008 4441">
     <span class='ocr_line' id='line_1_76' title="bbox 432 4319 2008 4427; baseline -0.001 -68"><span class='ocrx_word' id='word_1_512' title='bbox 432 4319 562 4375; x_wconf 89' lang='lat' dir='ltr'><strong>pno,</strong></span> <span class='ocrx_word' id='word_1_513' title='bbox 598 4320 725 4356; x_wconf 87' lang='lat' dir='ltr'><strong>nam</strong></span> <span class='ocrx_word' id='word_1_514' title='bbox 756 4319 821 4357; x_wconf 85' lang='lat' dir='ltr'><strong>ex</strong></span> <span class='ocrx_word' id='word_1_515' title='bbox 850 4319 964 4427; x_wconf 36' lang='lat' dir='ltr'><strong>ipso</strong></span> <span class='ocrx_word' id='word_1_516' title='bbox 1003 4319 1332 4372; x_wconf 74' lang='lat' dir='ltr'><strong>Symmacno</strong></span> <span class='ocrx_word' id='word_1_517' title='bbox 1372 4319 1498 4355; x_wconf 86' lang='lat' dir='ltr'><strong>unm</strong></span> <span class='ocrx_word' id='word_1_518' title='bbox 1531 4319 1743 4355; x_wconf 62' lang='lat' dir='ltr'><strong>summa</strong></span> <span class='ocrx_word' id='word_1_519' title='bbox 1781 4319 2008 4370; x_wconf 87' lang='lat' dir='ltr'><strong>accepe-</strong></span> 
     </span>
     <span class='ocr_line' id='line_1_77' title="bbox 431 4372 2008 4441; baseline -0.002 -13"><span class='ocrx_word' id='word_1_520' title='bbox 431 4385 538 4441; x_wconf 85' lang='lat' dir='ltr'><strong>rat,</strong></span> <span class='ocrx_word' id='word_1_521' title='bbox 590 4384 684 4427; x_wconf 89' lang='lat' dir='ltr'><strong>aut</strong></span> <span class='ocrx_word' id='word_1_522' title='bbox 737 4374 803 4427; x_wconf 91' lang='lat' dir='ltr'><strong>de</strong></span> <span class='ocrx_word' id='word_1_523' title='bbox 903 4372 1262 4427; x_wconf 88' lang='lat' dir='ltr'><strong>ommentario</strong></span> <span class='ocrx_word' id='word_1_524' title='bbox 1309 4374 1544 4441; x_wconf 89' lang='lat' dir='ltr'><strong>quodam</strong></span> <span class='ocrx_word' id='word_1_525' title='bbox 1592 4372 1904 4441; x_wconf 86' lang='lat' dir='ltr'><strong>Symmachi</strong></span> <span class='ocrx_word' id='word_1_526' title='bbox 1954 4373 2008 4426; x_wconf 90' lang='lat' dir='ltr'><strong>in</strong></span> 
     </span>
    </p>
   </div>
   <div class='ocr_carea' id='block_1_76' title="bbox 432 4440 2008 4512">
    <p class='ocr_par' dir='ltr' id='par_1_76' title="bbox 432 4440 2008 4512">
     <span class='ocr_line' id='line_1_78' title="bbox 432 4440 2008 4512; baseline -0.002 -13"><span class='ocrx_word' id='word_1_527' title='bbox 432 4440 799 4512; x_wconf 76' lang='lat' dir='ltr'><strong>Scriptorum,</strong></span> <span class='ocrx_word' id='word_1_528' title='bbox 832 4460 937 4497; x_wconf 91' lang='lat' dir='ltr'><strong>non</strong></span> <span class='ocrx_word' id='word_1_529' title='bbox 968 4445 1034 4496; x_wconf 91' lang='lat' dir='ltr'><strong>de</strong></span> <span class='ocrx_word' id='word_1_530' title='bbox 1074 4442 1190 4509; x_wconf 84' lang='lat' dir='ltr'><strong>ejus</strong></span> <span class='ocrx_word' id='word_1_531' title='bbox 1220 4440 1488 4496; x_wconf 81' lang='lat' dir='ltr'><strong>versione.</strong></span> <span class='ocrx_word' id='word_1_532' title='bbox 1545 4442 1619 4495; x_wconf 92' lang='lat' dir='ltr'><strong>En</strong></span> <span class='ocrx_word' id='word_1_533' title='bbox 1638 4440 1762 4511; x_wconf 87' lang='lat' dir='ltr'><strong>ipsa</strong></span> <span class='ocrx_word' id='word_1_534' title='bbox 1791 4442 2008 4496; x_wconf 87' lang='lat' dir='ltr'><strong>Eusebii</strong></span> 
     </span>
    </p>
   </div>
   <div class='ocr_carea' id='block_1_77' title="bbox 430 4512 2009 4583">
    <p class='ocr_par' dir='ltr' id='par_1_77' title="bbox 430 4512 2009 4583">
     <span class='ocr_line' id='line_1_79' title="bbox 430 4512 2009 4583; baseline -0.001 -17"><span class='ocrx_word' id='word_1_535' title='bbox 430 4516 597 4568; x_wconf 83' lang='lat' dir='ltr'><strong>verba</strong></span> <span class='ocrx_word' id='word_1_536' title='bbox 626 4514 717 4566; x_wconf 91' lang='lat' dir='ltr'><strong>lib.</strong></span> <span class='ocrx_word' id='word_1_537' title='bbox 738 4528 800 4583; x_wconf 75' lang='lat' dir='ltr'><strong>yt</strong></span> <span class='ocrx_word' id='word_1_538' title='bbox 839 4513 1018 4583; x_wconf 4' lang='lat' dir='ltr'><strong>Hist&quot;,</strong></span> <span class='ocrx_word' id='word_1_539' title='bbox 1042 4527 1165 4581; x_wconf 84' lang='lat' dir='ltr'><strong>cap.</strong></span> <span class='ocrx_word' id='word_1_540' title='bbox 1195 4512 1421 4583; x_wconf 44' lang='lat'><strong>17:}{5&#39;11</strong></span> <span class='ocrx_word' id='word_1_541' title='bbox 1460 4513 1831 4583; x_wconf 73' lang='grc' dir='ltr'>ὑπομνήματα.</span> <span class='ocrx_word' id='word_1_542' title='bbox 1858 4514 2009 4583; x_wconf 89' lang='grc' dir='ltr'>Συμ-</span> 
     </span>
    </p>
   </div>
   <div class='ocr_carea' id='block_1_78' title="bbox 435 4578 2007 4655">
    <p class='ocr_par' dir='ltr' id='par_1_78' title="bbox 435 4578 2007 4655">
     <span class='ocr_line' id='line_1_80' title="bbox 435 4578 2007 4655; baseline 0 -18"><span class='ocrx_word' id='word_1_543' title='bbox 435 4583 611 4655; x_wconf 65' lang='grc' dir='ltr'>μάχᾳυ</span> <span class='ocrx_word' id='word_1_544' title='bbox 636 4582 803 4655; x_wconf 70' lang='grc' dir='ltr'>εἰσέτι</span> <span class='ocrx_word' id='word_1_545' title='bbox 835 4584 929 4637; x_wconf 74' lang='grc' dir='ltr'><strong>νῦν</strong></span> <span class='ocrx_word' id='word_1_546' title='bbox 956 4578 1288 4655; x_wconf 14' lang='grc' dir='ltr'>φέρεταιείὲν</span> <span class='ocrx_word' id='word_1_547' title='bbox 1317 4578 1407 4655; x_wconf 65' lang='grc' dir='ltr'><strong>οἷς</strong></span> <span class='ocrx_word' id='word_1_548' title='bbox 1429 4578 1743 4655; x_wconf 14' lang='grc' dir='ltr'>δοκεῖ’ᾲπρὸς</span> <span class='ocrx_word' id='word_1_549' title='bbox 1769 4582 1841 4655; x_wconf 55' lang='lat' dir='ltr'><strong>fro</strong></span> <span class='ocrx_word' id='word_1_550' title='bbox 1864 4578 2007 4638; x_wconf 68' lang='grc' dir='ltr'>καῖεὰ</span> 
     </span>
    </p>
   </div>
   <div class='ocr_carea' id='block_1_79' title="bbox 428 4652 1999 4724">
    <p class='ocr_par' dir='ltr' id='par_1_79' title="bbox 428 4652 1999 4724">
     <span class='ocr_line' id='line_1_81' title="bbox 428 4652 1999 4724; baseline -0.002 -15"><span class='ocrx_word' id='word_1_551' title='bbox 428 4652 707 4709; x_wconf 69' lang='grc' dir='ltr'>Ματθαῖον</span> <span class='ocrx_word' id='word_1_552' title='bbox 741 4652 1532 4724; x_wconf 23' lang='grc' dir='ltr'>ἁποτεινόμενοςῨΕὐαγγι-ξλιον,</span> <span class='ocrx_word' id='word_1_553' title='bbox 1558 4652 1655 4724; x_wconf 60' lang='grc' dir='ltr'><strong>τὴν</strong></span> <span class='ocrx_word' id='word_1_554' title='bbox 1705 4652 1999 4724; x_wconf 78' lang='grc' dir='ltr'><strong>δεδηλωμέο</strong></span> 
     </span>
    </p>
   </div>
   <div class='ocr_carea' id='block_1_80' title="bbox 429 4723 2009 4809">
    <p class='ocr_par' dir='ltr' id='par_1_80' title="bbox 429 4723 2009 4809">
     <span class='ocr_line' id='line_1_82' title="bbox 429 4723 2009 4809; baseline 0.001 -33"><span class='ocrx_word' id='word_1_555' title='bbox 429 4743 527 4809; x_wconf 72' lang='grc' dir='ltr'>νην</span> <span class='ocrx_word' id='word_1_556' title='bbox 557 4724 769 4809; x_wconf 54' lang='lat' dir='ltr'><strong>clipeati</strong></span> <span class='ocrx_word' id='word_1_557' title='bbox 796 4724 1121 4809; x_wconf 42' lang='lat' dir='ltr'><strong>‘xpa‘ttiv&#39;etv.</strong></span> <span class='ocrx_word' id='word_1_558' title='bbox 1159 4723 1342 4809; x_wconf 57' lang='grc' dir='ltr'>’ξαῦςσα</span> <span class='ocrx_word' id='word_1_559' title='bbox 1380 4723 1437 4776; x_wconf 79' lang='grc' dir='ltr'><strong>δὲ</strong></span> <span class='ocrx_word' id='word_1_560' title='bbox 1468 4723 1818 4809; x_wconf 33' lang='grc' dir='ltr'><strong>ᾗὩριγέχης</strong></span> <span class='ocrx_word' id='word_1_561' title='bbox 1872 4725 2009 4809; x_wconf 74' lang='grc' dir='ltr'>μετὰ</span> 
     </span>
    </p>
   </div>
   <div class='ocr_carea' id='block_1_81' title="bbox 429 4791 2007 4864">
    <p class='ocr_par' dir='ltr' id='par_1_81' title="bbox 429 4791 2007 4864">
     <span class='ocr_line' id='line_1_83' title="bbox 429 4791 2007 4864; baseline -0.001 -14"><span class='ocrx_word' id='word_1_562' title='bbox 429 4791 525 4851; x_wconf 74' lang='grc' dir='ltr'>κάι</span> <span class='ocrx_word' id='word_1_563' title='bbox 554 4791 728 4849; x_wconf 75' lang='grc' dir='ltr'><strong>ἄλλων</strong></span> <span class='ocrx_word' id='word_1_564' title='bbox 762 4791 971 4859; x_wconf 76' lang='grc' dir='ltr'>εἰς’τὰς</span> <span class='ocrx_word' id='word_1_565' title='bbox 1012 4791 1237 4864; x_wconf 79' lang='grc' dir='ltr'><strong>Γραφὰς</strong></span> <span class='ocrx_word' id='word_1_566' title='bbox 1267 4792 1572 4864; x_wconf 83' lang='grc' dir='ltr'>ἐρμηνειῶν</span> <span class='ocrx_word' id='word_1_567' title='bbox 1586 4791 1679 4846; x_wconf 70' lang='grc' dir='ltr'><strong>τοῦ</strong></span> <span class='ocrx_word' id='word_1_568' title='bbox 1709 4791 2007 4864; x_wconf 76' lang='grc' dir='ltr'>Συμμᾶχου</span> 
     </span>
    </p>
   </div>
   <div class='ocr_carea' id='block_1_82' title="bbox 430 4864 2008 4938">
    <p class='ocr_par' dir='ltr' id='par_1_82' title="bbox 430 4864 2008 4938">
     <span class='ocr_line' id='line_1_84' title="bbox 430 4864 2008 4938; baseline 0.001 -20"><span class='ocrx_word' id='word_1_569' title='bbox 430 4866 686 4937; x_wconf 83' lang='grc' dir='ltr'>σημαίνει</span> <span class='ocrx_word' id='word_1_570' title='bbox 709 4937 712 4938; x_wconf 15' lang='grc' dir='ltr'><em>ν</em></span> <span class='ocrx_word' id='word_1_571' title='bbox 732 4866 904 4938; x_wconf 29' lang='grc' dir='ltr'>παρὰμ</span> <span class='ocrx_word' id='word_1_572' title='bbox 926 4864 1219 4938; x_wconf 82' lang='grc' dir='ltr'>Ἰουλιανῆς</span> <span class='ocrx_word' id='word_1_573' title='bbox 1266 4882 1424 4938; x_wconf 74' lang='grc' dir='ltr'><strong>τινοςΔ</strong></span> <span class='ocrx_word' id='word_1_574' title='bbox 1444 4864 1871 4938; x_wconf 13' lang='grc' dir='ltr'>Αενιληφὲναιλᾼῆν</span> <span class='ocrx_word' id='word_1_575' title='bbox 1905 4867 2008 4938; x_wconf 63' lang='grc' dir='ltr'><strong>Δκτιιί</strong></span> 
     </span>
    </p>
   </div>
   <div class='ocr_carea' id='block_1_83' title="bbox 430 4934 2006 5008">
    <p class='ocr_par' dir='ltr' id='par_1_83' title="bbox 430 4934 2006 5008">
     <span class='ocr_line' id='line_1_85' title="bbox 430 4934 2006 5008; baseline -0.001 -18"><span class='ocrx_word' id='word_1_576' title='bbox 430 4934 561 5008; x_wconf 77' lang='grc' dir='ltr'>φήσι</span> <span class='ocrx_word' id='word_1_577' title='bbox 590 4937 718 5005; x_wconf 75' lang='grc' dir='ltr'>παρ’</span> <span class='ocrx_word' id='word_1_578' title='bbox 742 4934 906 4991; x_wconf 60' lang='grc' dir='ltr'>αυλιςιῦ</span> <span class='ocrx_word' id='word_1_579' title='bbox 942 4934 1237 5007; x_wconf 82' lang='grc' dir='ltr'>Συμμάχου</span> <span class='ocrx_word' id='word_1_580' title='bbox 1259 4936 1364 5008; x_wconf 43' lang='lat' dir='ltr'><strong>ea;</strong></span> <span class='ocrx_word' id='word_1_581' title='bbox 1402 4934 1615 5006; x_wconf 78' lang='grc' dir='ltr'>βίὸλους</span> <span class='ocrx_word' id='word_1_582' title='bbox 1644 4934 2006 5008; x_wconf 79' lang='grc' dir='ltr'>διαδέξασθαι·</span> 
     </span>
    </p>
   </div>
   <div class='ocr_carea' id='block_1_84' title="bbox 431 5006 2003 5078">
    <p class='ocr_par' dir='ltr' id='par_1_84' title="bbox 431 5006 2003 5078">
     <span class='ocr_line' id='line_1_86' title="bbox 431 5006 2003 5078; baseline 0 -17"><span class='ocrx_word' id='word_1_583' title='bbox 431 5006 737 5061; x_wconf 60' lang='grc' dir='ltr'>έ-έΕκειιιιιι</span> <span class='ocrx_word' id='word_1_584' title='bbox 764 5021 917 5063; x_wconf 84' lang='lat' dir='ltr'><strong>certe</strong></span> <span class='ocrx_word' id='word_1_585' title='bbox 933 5009 1230 5078; x_wconf 80' lang='lat' dir='ltr'><strong>etiamnum</strong></span> <span class='ocrx_word' id='word_1_586' title='bbox 1247 5006 1632 5078; x_wconf 74' lang='lat' dir='ltr'><strong>Connnentarii</strong></span> <span class='ocrx_word' id='word_1_587' title='bbox 1665 5007 2003 5078; x_wconf 83' lang='lat' dir='ltr'><strong>Symmachi,</strong></span> 
     </span>
    </p>
   </div>
   <div class='ocr_carea' id='block_1_85' title="bbox 432 5076 2004 5149">
    <p class='ocr_par' dir='ltr' id='par_1_85' title="bbox 432 5076 2004 5149">
     <span class='ocr_line' id='line_1_87' title="bbox 432 5076 2004 5149; baseline -0.001 -15"><span class='ocrx_word' id='word_1_588' title='bbox 432 5082 486 5134; x_wconf 91' lang='lat' dir='ltr'><strong>in</strong></span> <span class='ocrx_word' id='word_1_589' title='bbox 541 5079 740 5149; x_wconf 88' lang='lat' dir='ltr'><strong>quibus</strong></span> <span class='ocrx_word' id='word_1_590' title='bbox 804 5076 1095 5149; x_wconf 80' lang='lat' dir='ltr'><strong>Evangelio</strong></span> <span class='ocrx_word' id='word_1_591' title='bbox 1145 5078 1442 5131; x_wconf 87' lang='lat' dir='ltr'><strong>secundmn</strong></span> <span class='ocrx_word' id='word_1_592' title='bbox 1482 5076 1794 5131; x_wconf 75' lang='lat' dir='ltr'><strong>Matthzninn</strong></span> <span class='ocrx_word' id='word_1_593' title='bbox 1845 5078 2004 5132; x_wconf 75' lang='lat' dir='ltr'><strong>nixus</strong></span> 
     </span>
    </p>
   </div>
   <div class='ocr_carea' id='block_1_86' title="bbox 433 5147 2004 5218">
    <p class='ocr_par' dir='ltr' id='par_1_86' title="bbox 433 5147 2004 5218">
     <span class='ocr_line' id='line_1_88' title="bbox 433 5147 2004 5218; baseline 0.001 -14"><span class='ocrx_word' id='word_1_594' title='bbox 433 5147 791 5218; x_wconf 83' lang='lat' dir='ltr'><strong>memoratum</strong></span> <span class='ocrx_word' id='word_1_595' title='bbox 813 5147 1231 5218; x_wconf 85' lang='lat' dir='ltr'><strong>(Ebionitarum)</strong></span> <span class='ocrx_word' id='word_1_596' title='bbox 1266 5150 1513 5201; x_wconf 71' lang='lat' dir='ltr'><strong>haeresim</strong></span> <span class='ocrx_word' id='word_1_597' title='bbox 1540 5160 1862 5218; x_wconf 85' lang='lat' dir='ltr'><strong>prepnguat.</strong></span> <span class='ocrx_word' id='word_1_598' title='bbox 1894 5150 2004 5205; x_wconf 88' lang='lat' dir='ltr'><strong>Hos</strong></span> 
     </span>
    </p>
   </div>
   <div class='ocr_carea' id='block_1_87' title="bbox 431 5217 2004 5289">
    <p class='ocr_par' dir='ltr' id='par_1_87' title="bbox 431 5217 2004 5289">
     <span class='ocr_line' id='line_1_89' title="bbox 431 5217 2004 5289; baseline 0.001 -17"><span class='ocrx_word' id='word_1_599' title='bbox 431 5228 613 5273; x_wconf 87' lang='lat' dir='ltr'><strong>autem</strong></span> <span class='ocrx_word' id='word_1_600' title='bbox 646 5217 906 5289; x_wconf 85' lang='lat' dir='ltr'><strong>Origenes</strong></span> <span class='ocrx_word' id='word_1_601' title='bbox 934 5234 1055 5273; x_wconf 91' lang='lat' dir='ltr'><strong>cum</strong></span> <span class='ocrx_word' id='word_1_602' title='bbox 1085 5219 1205 5273; x_wconf 84' lang='lat' dir='ltr'><strong>aliis</strong></span> <span class='ocrx_word' id='word_1_603' title='bbox 1242 5219 1555 5289; x_wconf 84' lang='lat' dir='ltr'><strong>Symmachi</strong></span> <span class='ocrx_word' id='word_1_604' title='bbox 1582 5218 1645 5289; x_wconf 88' lang='lat' dir='ltr'><strong>in</strong></span> <span class='ocrx_word' id='word_1_605' title='bbox 1689 5217 2004 5287; x_wconf 88' lang='lat' dir='ltr'><strong>Scripturas</strong></span> 
     </span>
    </p>
   </div>
   <div class='ocr_carea' id='block_1_88' title="bbox 433 5287 1999 5357">
    <p class='ocr_par' dir='ltr' id='par_1_88' title="bbox 433 5287 1999 5357">
     <span class='ocr_line' id='line_1_90' title="bbox 433 5287 1999 5357; baseline 0 -14"><span class='ocrx_word' id='word_1_606' title='bbox 433 5287 1001 5357; x_wconf 81' lang='lat' dir='ltr'><strong>interpretationibus,</strong></span> <span class='ocrx_word' id='word_1_607' title='bbox 1054 5287 1295 5343; x_wconf 83' lang='lat' dir='ltr'><strong>testatur</strong></span> <span class='ocrx_word' id='word_1_608' title='bbox 1317 5303 1376 5342; x_wconf 85' lang='lat' dir='ltr'><strong>se</strong></span> <span class='ocrx_word' id='word_1_609' title='bbox 1423 5304 1452 5341; x_wconf 91' lang='lat' dir='ltr'><strong>a</strong></span> <span class='ocrx_word' id='word_1_610' title='bbox 1504 5287 1718 5341; x_wconf 85' lang='lat' dir='ltr'><strong>.lnliana</strong></span> <span class='ocrx_word' id='word_1_611' title='bbox 1764 5294 1999 5357; x_wconf 87' lang='lat' dir='ltr'><strong>quadam</strong></span> 
     </span>
    </p>
   </div>
   <div class='ocr_carea' id='block_1_89' title="bbox 433 5357 2002 5429">
    <p class='ocr_par' dir='ltr' id='par_1_89' title="bbox 433 5357 2002 5429">
     <span class='ocr_line' id='line_1_91' title="bbox 433 5357 2002 5429; baseline 0.001 -16"><span class='ocrx_word' id='word_1_612' title='bbox 433 5360 733 5428; x_wconf 83' lang='lat' dir='ltr'><strong>accepisse,</strong></span> <span class='ocrx_word' id='word_1_613' title='bbox 770 5361 834 5411; x_wconf 88' lang='lat' dir='ltr'><strong>ad</strong></span> <span class='ocrx_word' id='word_1_614' title='bbox 863 5375 1023 5428; x_wconf 86' lang='lat' dir='ltr'><strong>quam</strong></span> <span class='ocrx_word' id='word_1_615' title='bbox 1056 5358 1091 5411; x_wconf 91' lang='lat' dir='ltr'><strong>ii</strong></span> <span class='ocrx_word' id='word_1_616' title='bbox 1116 5358 1238 5413; x_wconf 89' lang='lat' dir='ltr'><strong>libri</strong></span> <span class='ocrx_word' id='word_1_617' title='bbox 1266 5359 1333 5412; x_wconf 90' lang='lat' dir='ltr'><strong>ab</strong></span> <span class='ocrx_word' id='word_1_618' title='bbox 1365 5358 1483 5426; x_wconf 90' lang='lat' dir='ltr'><strong>ipso</strong></span> <span class='ocrx_word' id='word_1_619' title='bbox 1522 5357 1851 5429; x_wconf 82' lang='lat' dir='ltr'><strong>Symmacho</strong></span> <span class='ocrx_word' id='word_1_620' title='bbox 1878 5375 2002 5415; x_wconf 89' lang='lat' dir='ltr'><strong>suc-</strong></span> 
     </span>
    </p>
   </div>
   <div class='ocr_carea' id='block_1_90' title="bbox 433 5430 2003 5499">
    <p class='ocr_par' dir='ltr' id='par_1_90' title="bbox 433 5430 2003 5499">
     <span class='ocr_line' id='line_1_92' title="bbox 433 5430 2003 5499; baseline 0.002 -16"><span class='ocrx_word' id='word_1_621' title='bbox 433 5431 697 5484; x_wconf 83' lang='lat' dir='ltr'><strong>cessionis</strong></span> <span class='ocrx_word' id='word_1_622' title='bbox 722 5430 845 5499; x_wconf 87' lang='lat' dir='ltr'><strong>jure</strong></span> <span class='ocrx_word' id='word_1_623' title='bbox 897 5438 1356 5497; x_wconf 89' lang='lat' dir='ltr'><strong>pervenerant.-—</strong></span> <span class='ocrx_word' id='word_1_624' title='bbox 1387 5430 1445 5483; x_wconf 90' lang='lat' dir='ltr'><strong>Si</strong></span> <span class='ocrx_word' id='word_1_625' title='bbox 1473 5430 1761 5499; x_wconf 79' lang='grc' dir='ltr'>ἑρμηνεῖαι</span> <span class='ocrx_word' id='word_1_626' title='bbox 1793 5432 2003 5497; x_wconf 90' lang='lat' dir='ltr'><strong>possint</strong></span> 
     </span>
    </p>
   </div>
   <div class='ocr_carea' id='block_1_91' title="bbox 435 5500 2000 5571">
    <p class='ocr_par' dir='ltr' id='par_1_91' title="bbox 435 5500 2000 5571">
     <span class='ocr_line' id='line_1_93' title="bbox 435 5500 2000 5571; baseline 0.001 -17"><span class='ocrx_word' id='word_1_627' title='bbox 435 5501 523 5554; x_wconf 89' lang='lat' dir='ltr'><strong>hic</strong></span> <span class='ocrx_word' id='word_1_628' title='bbox 571 5502 637 5553; x_wconf 90' lang='lat' dir='ltr'><strong>de</strong></span> <span class='ocrx_word' id='word_1_629' title='bbox 665 5500 1067 5555; x_wconf 78' lang='lat' dir='ltr'><strong>Coun&#39;uentario</strong></span> <span class='ocrx_word' id='word_1_630' title='bbox 1092 5500 1339 5570; x_wconf 81' lang='lat' dir='ltr'><strong>intelligi,</strong></span> <span class='ocrx_word' id='word_1_631' title='bbox 1376 5507 1518 5568; x_wconf 91' lang='lat' dir='ltr'><strong>quod</strong></span> <span class='ocrx_word' id='word_1_632' title='bbox 1556 5517 1821 5555; x_wconf 89' lang='lat' dir='ltr'><strong>nenunem</strong></span> <span class='ocrx_word' id='word_1_633' title='bbox 1872 5515 2000 5571; x_wconf 90' lang='lat' dir='ltr'><strong>puto</strong></span> 
     </span>
    </p>
   </div>
   <div class='ocr_carea' id='block_1_92' title="bbox 432 5570 1995 5639">
    <p class='ocr_par' dir='ltr' id='par_1_92' title="bbox 432 5570 1995 5639">
     <span class='ocr_line' id='line_1_94' title="bbox 432 5570 1995 5639; baseline 0.002 -16"><span class='ocrx_word' id='word_1_634' title='bbox 432 5581 777 5638; x_wconf 77' lang='lat' dir='ltr'><strong>negaturum,</strong></span> <span class='ocrx_word' id='word_1_635' title='bbox 828 5580 887 5623; x_wconf 91' lang='grc' dir='ltr'><strong>ιιι</strong></span> <span class='ocrx_word' id='word_1_636' title='bbox 920 5572 997 5623; x_wconf 87' lang='lat' dir='ltr'><strong>sic</strong></span> <span class='ocrx_word' id='word_1_637' title='bbox 1029 5572 1131 5623; x_wconf 91' lang='lat' dir='ltr'><strong>hoc</strong></span> <span class='ocrx_word' id='word_1_638' title='bbox 1167 5570 1283 5624; x_wconf 90' lang='lat' dir='ltr'><strong>loco</strong></span> <span class='ocrx_word' id='word_1_639' title='bbox 1316 5570 1645 5639; x_wconf 86' lang='lat' dir='ltr'><strong>intelligatur</strong></span> <span class='ocrx_word' id='word_1_640' title='bbox 1679 5570 1995 5626; x_wconf 82' lang='lat' dir='ltr'><strong>suadctvox</strong></span> 
     </span>
    </p>
   </div>
   <div class='ocr_carea' id='block_1_93' title="bbox 430 5640 1999 5707">
    <p class='ocr_par' dir='ltr' id='par_1_93' title="bbox 430 5640 1999 5707">
     <span class='ocr_line' id='line_1_95' title="bbox 430 5640 1999 5707; baseline 0.003 -14"><span class='ocrx_word' id='word_1_641' title='bbox 430 5641 628 5702; x_wconf 71' lang='grc' dir='ltr'><strong>ἄλλων,</strong></span> <span class='ocrx_word' id='word_1_642' title='bbox 652 5642 792 5703; x_wconf 78' lang='lat' dir='ltr'><strong>aliis,</strong></span> <span class='ocrx_word' id='word_1_643' title='bbox 816 5642 881 5694; x_wconf 82' lang='lat' dir='ltr'><strong>ab</strong></span> <span class='ocrx_word' id='word_1_644' title='bbox 910 5640 1140 5695; x_wconf 84' lang='lat' dir='ltr'><strong>Eusebio</strong></span> <span class='ocrx_word' id='word_1_645' title='bbox 1170 5642 1434 5695; x_wconf 90' lang='lat' dir='ltr'><strong>adhibita.</strong></span> <span class='ocrx_word' id='word_1_646' title='bbox 1467 5659 1485 5691; x_wconf 73' lang='grc' dir='ltr'><strong>ι</strong></span> <span class='ocrx_word' id='word_1_647' title='bbox 1521 5644 1651 5707; x_wconf 77' lang='lat' dir='ltr'><strong>Qtne</strong></span> <span class='ocrx_word' id='word_1_648' title='bbox 1677 5657 1802 5694; x_wconf 90' lang='lat' dir='ltr'><strong>cum</strong></span> <span class='ocrx_word' id='word_1_649' title='bbox 1842 5643 1914 5695; x_wconf 90' lang='lat' dir='ltr'><strong>ita</strong></span> <span class='ocrx_word' id='word_1_650' title='bbox 1940 5659 1999 5697; x_wconf 89' lang='lat' dir='ltr'><strong>se</strong></span> 
     </span>
    </p>
   </div>
   <div class='ocr_carea' id='block_1_94' title="bbox 432 5710 1998 5780">
    <p class='ocr_par' dir='ltr' id='par_1_94' title="bbox 432 5710 1998 5780">
     <span class='ocr_line' id='line_1_96' title="bbox 432 5710 1998 5780; baseline 0.002 -18"><span class='ocrx_word' id='word_1_651' title='bbox 432 5710 685 5772; x_wconf 86' lang='lat' dir='ltr'><strong>habeant,</strong></span> <span class='ocrx_word' id='word_1_652' title='bbox 704 5714 836 5765; x_wconf 89' lang='lat' dir='ltr'><strong>nihil</strong></span> <span class='ocrx_word' id='word_1_653' title='bbox 862 5722 1007 5764; x_wconf 89' lang='lat' dir='ltr'><strong>vetat</strong></span> <span class='ocrx_word' id='word_1_654' title='bbox 1029 5710 1319 5780; x_wconf 87' lang='lat' dir='ltr'><strong>Origenem</strong></span> <span class='ocrx_word' id='word_1_655' title='bbox 1350 5710 1586 5777; x_wconf 78' lang='lat' dir='ltr'><strong>Hexopla</strong></span> <span class='ocrx_word' id='word_1_656' title='bbox 1602 5726 1853 5780; x_wconf 81' lang='lat' dir='ltr'><strong>exorsum</strong></span> <span class='ocrx_word' id='word_1_657' title='bbox 1877 5727 1998 5767; x_wconf 87' lang='lat' dir='ltr'><strong>esse</strong></span> 
     </span>
    </p>
   </div>
   <div class='ocr_carea' id='block_1_95' title="bbox 433 5779 1993 5849">
    <p class='ocr_par' dir='ltr' id='par_1_95' title="bbox 433 5779 1993 5849">
     <span class='ocr_line' id='line_1_97' title="bbox 433 5779 1993 5849; baseline 0.003 -18"><span class='ocrx_word' id='word_1_658' title='bbox 433 5790 559 5832; x_wconf 89' lang='lat' dir='ltr'><strong>ante</strong></span> <span class='ocrx_word' id='word_1_659' title='bbox 585 5782 927 5845; x_wconf 79' lang='lat' dir='ltr'><strong>annnm255,</strong></span> <span class='ocrx_word' id='word_1_660' title='bbox 952 5797 1058 5849; x_wconf 88' lang='lat' dir='ltr'><strong>quo</strong></span> <span class='ocrx_word' id='word_1_661' title='bbox 1090 5779 1147 5834; x_wconf 82' lang='lat' dir='ltr'><strong>in</strong></span> <span class='ocrx_word' id='word_1_662' title='bbox 1173 5782 1508 5849; x_wconf 81' lang='lat' dir='ltr'><strong>Cappadocia</strong></span> <span class='ocrx_word' id='word_1_663' title='bbox 1546 5784 1686 5849; x_wconf 87' lang='lat' dir='ltr'><strong>apud</strong></span> <span class='ocrx_word' id='word_1_664' title='bbox 1722 5779 1993 5835; x_wconf 81' lang='lat' dir='ltr'><strong>Julianam</strong></span> 
     </span>
    </p>
   </div>
   <div class='ocr_carea' id='block_1_96' title="bbox 432 5849 1995 5920">
    <p class='ocr_par' dir='ltr' id='par_1_96' title="bbox 432 5849 1995 5920">
     <span class='ocr_line' id='line_1_98' title="bbox 432 5849 1995 5920; baseline 0.003 -18"><span class='ocrx_word' id='word_1_665' title='bbox 432 5851 600 5903; x_wconf 84' lang='lat' dir='ltr'><strong>latere</strong></span> <span class='ocrx_word' id='word_1_666' title='bbox 621 5850 849 5920; x_wconf 58' lang='lat' dir='ltr'><strong>coepisse</strong></span> <span class='ocrx_word' id='word_1_667' title='bbox 879 5853 1136 5906; x_wconf 90' lang='lat' dir='ltr'><strong>creditur.</strong></span> <span class='ocrx_word' id='word_1_668' title='bbox 1173 5849 1414 5917; x_wconf 68' lang='lat' dir='ltr'><strong>Hexapla</strong></span> <span class='ocrx_word' id='word_1_669' title='bbox 1440 5867 1536 5904; x_wconf 84' lang='lat' dir='ltr'><strong>sua</strong></span> <span class='ocrx_word' id='word_1_670' title='bbox 1574 5862 1759 5920; x_wconf 87' lang='lat' dir='ltr'><strong>aperte</strong></span> <span class='ocrx_word' id='word_1_671' title='bbox 1788 5868 1995 5907; x_wconf 88' lang='lat' dir='ltr'><strong>memo-</strong></span> 
     </span>
    </p>
   </div>
   <div class='ocr_carea' id='block_1_97' title="bbox 432 5918 1994 5987">
    <p class='ocr_par' dir='ltr' id='par_1_97' title="bbox 432 5918 1994 5987">
     <span class='ocr_line' id='line_1_99' title="bbox 432 5918 1994 5987; baseline 0.001 -12"><span class='ocrx_word' id='word_1_672' title='bbox 432 5933 515 5975; x_wconf 85' lang='lat' dir='ltr'><strong>rat</strong></span> <span class='ocrx_word' id='word_1_673' title='bbox 550 5920 603 5975; x_wconf 87' lang='lat' dir='ltr'><strong>iu</strong></span> <span class='ocrx_word' id='word_1_674' title='bbox 640 5918 880 5979; x_wconf 78' lang='lat' dir='ltr'><strong>Epistoln</strong></span> <span class='ocrx_word' id='word_1_675' title='bbox 924 5923 991 5974; x_wconf 85' lang='lat' dir='ltr'><strong>ad</strong></span> <span class='ocrx_word' id='word_1_676' title='bbox 1036 5921 1374 5986; x_wconf 74' lang='lat' dir='ltr'><strong>Africanum,</strong></span> <span class='ocrx_word' id='word_1_677' title='bbox 1429 5918 1854 5987; x_wconf 44' lang='lat' dir='ltr'><strong>quatn&#39;certum</strong></span> <span class='ocrx_word' id='word_1_678' title='bbox 1910 5932 1994 5978; x_wconf 84' lang='lat' dir='ltr'><strong>est</strong></span> 
     </span>
    </p>
   </div>
   <div class='ocr_carea' id='block_1_98' title="bbox 2108 3320 2450 3386">
    <p class='ocr_par' dir='ltr' id='par_1_98' title="bbox 2108 3320 2450 3386">
     <span class='ocr_line' id='line_1_100' title="bbox 2108 3320 2450 3386; baseline -0.009 -15"><span class='ocrx_word' id='word_1_679' title='bbox 2108 3320 2450 3386; x_wconf 84' lang='grc' dir='ltr'>συναγαγεῖν.</span> 
     </span>
    </p>
   </div>
   <div class='ocr_carea' id='block_1_99' title="bbox 2180 3430 3715 3505">
    <p class='ocr_par' dir='ltr' id='par_1_99' title="bbox 2180 3430 3715 3505">
     <span class='ocr_line' id='line_1_101' title="bbox 2180 3430 3715 3505; baseline 0.007 -21"><span class='ocrx_word' id='word_1_680' title='bbox 2180 3430 2290 3502; x_wconf 91' lang='grc'><strong>(10)</strong></span> <span class='ocrx_word' id='word_1_681' title='bbox 2316 3430 2561 3485; x_wconf 81' lang='lat' dir='ltr'><strong>Perfecto</strong></span> <span class='ocrx_word' id='word_1_682' title='bbox 2610 3431 2969 3502; x_wconf 70' lang='lat' dir='ltr'><strong>[templorum</strong></span> <span class='ocrx_word' id='word_1_683' title='bbox 2996 3449 3181 3505; x_wconf 86' lang='lat' dir='ltr'><strong>upcre,</strong></span> <span class='ocrx_word' id='word_1_684' title='bbox 3233 3445 3291 3490; x_wconf 90' lang='lat' dir='ltr'><strong>ut</strong></span> <span class='ocrx_word' id='word_1_685' title='bbox 3322 3438 3715 3495; x_wconf 82' lang='lat' dir='ltr'><strong>studiosorum</strong></span> 
     </span>
    </p>
   </div>
   <div class='ocr_carea' id='block_1_100' title="bbox 2106 3527 3722 3599">
    <p class='ocr_par' dir='ltr' id='par_1_100' title="bbox 2106 3527 3722 3599">
     <span class='ocr_line' id='line_1_102' title="bbox 2106 3527 3722 3599; baseline 0.004 -19"><span class='ocrx_word' id='word_1_686' title='bbox 2106 3527 2409 3596; x_wconf 87' lang='lat' dir='ltr'><strong>sumptibus</strong></span> <span class='ocrx_word' id='word_1_687' title='bbox 2455 3535 2511 3579; x_wconf 91' lang='lat' dir='ltr'><strong>et</strong></span> <span class='ocrx_word' id='word_1_688' title='bbox 2557 3542 2734 3591; x_wconf 82' lang='lat' dir='ltr'><strong>Operae</strong></span> <span class='ocrx_word' id='word_1_689' title='bbox 2762 3529 3068 3582; x_wconf 86' lang='lat' dir='ltr'><strong>consuleret</strong></span> <span class='ocrx_word' id='word_1_690' title='bbox 3100 3528 3377 3599; x_wconf 84' lang='lat' dir='ltr'><strong>Origenes,</strong></span> <span class='ocrx_word' id='word_1_691' title='bbox 3427 3532 3492 3582; x_wconf 87' lang='lat' dir='ltr'><strong>ad</strong></span> <span class='ocrx_word' id='word_1_692' title='bbox 3556 3549 3722 3586; x_wconf 77' lang='lat' dir='ltr'><strong>coru-</strong></span> 
     </span>
    </p>
   </div>
   <div class='ocr_carea' id='block_1_101' title="bbox 2108 3618 3719 3690">
    <p class='ocr_par' dir='ltr' id='par_1_101' title="bbox 2108 3618 3719 3690">
     <span class='ocr_line' id='line_1_103' title="bbox 2108 3618 3719 3690; baseline 0.005 -18"><span class='ocrx_word' id='word_1_693' title='bbox 2108 3620 2375 3690; x_wconf 82' lang='lat' dir='ltr'><strong>pingenda</strong></span> <span class='ocrx_word' id='word_1_694' title='bbox 2445 3618 2691 3689; x_wconf 84' lang='lat' dir='ltr'><strong>Tetrapla</strong></span> <span class='ocrx_word' id='word_1_695' title='bbox 2774 3620 3013 3675; x_wconf 87' lang='lat' dir='ltr'><strong>animum</strong></span> <span class='ocrx_word' id='word_1_696' title='bbox 3081 3623 3367 3677; x_wconf 81' lang='lat' dir='ltr'><strong>convertit.</strong></span> <span class='ocrx_word' id='word_1_697' title='bbox 3424 3622 3719 3680; x_wconf 77' lang='lat' dir='ltr'><strong>Eusebius</strong></span> 
     </span>
    </p>
   </div>
   <div class='ocr_carea' id='block_1_102' title="bbox 2130 3738 3710 3809">
    <p class='ocr_par' dir='ltr' id='par_1_102' title="bbox 2130 3738 3710 3809">
     <span class='ocr_line' id='line_1_104' title="bbox 2130 3738 3710 3809; baseline 0.004 -18"><span class='ocrx_word' id='word_1_698' title='bbox 2130 3738 2455 3793; x_wconf 73' lang='lat' dir='ltr'><strong>Nicomedia:</strong></span> <span class='ocrx_word' id='word_1_699' title='bbox 2481 3738 2735 3808; x_wconf 88' lang='lat' dir='ltr'><strong>scriptam</strong></span> <span class='ocrx_word' id='word_1_700' title='bbox 2766 3753 2907 3806; x_wconf 84' lang='lat' dir='ltr'><strong>esse,</strong></span> <span class='ocrx_word' id='word_1_701' title='bbox 2945 3756 3176 3809; x_wconf 89' lang='lat' dir='ltr'><strong>cumque</strong></span> <span class='ocrx_word' id='word_1_702' title='bbox 3207 3740 3289 3795; x_wconf 92' lang='lat' dir='ltr'><strong>bis</strong></span> <span class='ocrx_word' id='word_1_703' title='bbox 3328 3742 3377 3794; x_wconf 91' lang='lat' dir='ltr'><strong>in</strong></span> <span class='ocrx_word' id='word_1_704' title='bbox 3414 3740 3710 3798; x_wconf 64' lang='lat' dir='ltr'><strong>Graeciam</strong></span> 
     </span>
    </p>
   </div>
   <div class='ocr_carea' id='block_1_103' title="bbox 2127 3809 3709 3884">
    <p class='ocr_par' dir='ltr' id='par_1_103' title="bbox 2127 3809 3709 3884">
     <span class='ocr_line' id='line_1_105' title="bbox 2127 3809 3709 3884; baseline 0.002 -22"><span class='ocrx_word' id='word_1_705' title='bbox 2127 3810 2229 3884; x_wconf 74' lang='lat' dir='ltr'><strong>iter</strong></span> <span class='ocrx_word' id='word_1_706' title='bbox 2262 3809 2579 3884; x_wconf 76' lang='lat' dir='ltr'><strong>instituerit,</strong></span> <span class='ocrx_word' id='word_1_707' title='bbox 2632 3809 2895 3884; x_wconf 75' lang='lat' dir='ltr'><strong>alterutro</strong></span> <span class='ocrx_word' id='word_1_708' title='bbox 2942 3812 3136 3884; x_wconf 81' lang='lat' dir='ltr'><strong>itinere</strong></span> <span class='ocrx_word' id='word_1_709' title='bbox 3166 3810 3547 3884; x_wconf 57' lang='lat' dir='ltr'><strong>Nicomediam</strong></span> <span class='ocrx_word' id='word_1_710' title='bbox 3606 3832 3709 3884; x_wconf 84' lang='lat' dir='ltr'><strong>pe-</strong></span> 
     </span>
    </p>
   </div>
   <div class='ocr_carea' id='block_1_104' title="bbox 2125 3879 3717 3951">
    <p class='ocr_par' dir='ltr' id='par_1_104' title="bbox 2125 3879 3717 3951">
     <span class='ocr_line' id='line_1_106' title="bbox 2125 3879 3717 3951; baseline 0.004 -20"><span class='ocrx_word' id='word_1_711' title='bbox 2125 3881 2282 3934; x_wconf 89' lang='lat' dir='ltr'><strong>tiisse</strong></span> <span class='ocrx_word' id='word_1_712' title='bbox 2308 3890 2361 3951; x_wconf 83' lang='lat' dir='ltr'><strong>et</strong></span> <span class='ocrx_word' id='word_1_713' title='bbox 2387 3879 2677 3951; x_wconf 86' lang='lat' dir='ltr'><strong>epistolam</strong></span> <span class='ocrx_word' id='word_1_714' title='bbox 2696 3880 2909 3951; x_wconf 88' lang='lat' dir='ltr'><strong>dedisse</strong></span> <span class='ocrx_word' id='word_1_715' title='bbox 2932 3882 3167 3935; x_wconf 85' lang='lat' dir='ltr'><strong>videtur.</strong></span> <span class='ocrx_word' id='word_1_716' title='bbox 3202 3879 3717 3951; x_wconf 51' lang='lat' dir='ltr'><strong>Tillemomius&#39;po-</strong></span> 
     </span>
    </p>
   </div>
   <div class='ocr_carea' id='block_1_105' title="bbox 2118 3950 3716 4019">
    <p class='ocr_par' dir='ltr' id='par_1_105' title="bbox 2118 3950 3716 4019">
     <span class='ocr_line' id='line_1_107' title="bbox 2118 3950 3716 4019; baseline 0.003 -16"><span class='ocrx_word' id='word_1_717' title='bbox 2118 3954 2221 4003; x_wconf 88' lang='lat' dir='ltr'><strong>tius</strong></span> <span class='ocrx_word' id='word_1_718' title='bbox 2238 3950 2409 4019; x_wconf 86' lang='lat' dir='ltr'><strong>primo</strong></span> <span class='ocrx_word' id='word_1_719' title='bbox 2430 3950 2643 4011; x_wconf 91' lang='lat' dir='ltr'><strong>itinere,</strong></span> <span class='ocrx_word' id='word_1_720' title='bbox 2668 3950 2715 4003; x_wconf 91' lang='lat' dir='ltr'><strong>id</strong></span> <span class='ocrx_word' id='word_1_721' title='bbox 2734 3960 2972 4005; x_wconf 86' lang='lat' dir='ltr'><strong>cstanno</strong></span> <span class='ocrx_word' id='word_1_722' title='bbox 2990 3952 3119 4016; x_wconf 92' lang='lat'><strong>228,</strong></span> <span class='ocrx_word' id='word_1_723' title='bbox 3138 3968 3295 4019; x_wconf 84' lang='lat' dir='ltr'><strong>quam</strong></span> <span class='ocrx_word' id='word_1_724' title='bbox 3315 3956 3563 4005; x_wconf 61' lang='lat' dir='ltr'><strong>sc&#39;cundo</strong></span> <span class='ocrx_word' id='word_1_725' title='bbox 3579 3950 3716 4009; x_wconf 83' lang='lat' dir='ltr'><strong>dno-</strong></span> 
     </span>
    </p>
   </div>
   <div class='ocr_carea' id='block_1_106' title="bbox 2112 4020 3711 4091">
    <p class='ocr_par' dir='ltr' id='par_1_106' title="bbox 2112 4020 3711 4091">
     <span class='ocr_line' id='line_1_108' title="bbox 2112 4020 3711 4091; baseline 0.004 -18"><span class='ocrx_word' id='word_1_726' title='bbox 2112 4022 2284 4073; x_wconf 82' lang='lat' dir='ltr'><strong>decim</strong></span> <span class='ocrx_word' id='word_1_727' title='bbox 2304 4031 2633 4088; x_wconf 60' lang='lat' dir='ltr'><strong>postannos,</strong></span> <span class='ocrx_word' id='word_1_728' title='bbox 2657 4020 2706 4091; x_wconf 79' lang='lat' dir='ltr'><strong>id</strong></span> <span class='ocrx_word' id='word_1_729' title='bbox 2738 4022 3033 4090; x_wconf 85' lang='lat' dir='ltr'><strong>contigisse</strong></span> <span class='ocrx_word' id='word_1_730' title='bbox 3065 4033 3239 4091; x_wconf 89' lang='lat' dir='ltr'><strong>putat.</strong></span> <span class='ocrx_word' id='word_1_731' title='bbox 3263 4024 3360 4076; x_wconf 88' lang='lat' dir='ltr'><strong>hoc</strong></span> <span class='ocrx_word' id='word_1_732' title='bbox 3390 4037 3498 4075; x_wconf 89' lang='lat' dir='ltr'><strong>uno</strong></span> <span class='ocrx_word' id='word_1_733' title='bbox 3535 4027 3711 4080; x_wconf 80' lang='lat' dir='ltr'><strong>nixus</strong></span> 
     </span>
    </p>
   </div>
   <div class='ocr_carea' id='block_1_107' title="bbox 2113 4089 3710 4163">
    <p class='ocr_par' dir='ltr' id='par_1_107' title="bbox 2113 4089 3710 4163">
     <span class='ocr_line' id='line_1_109' title="bbox 2113 4089 3710 4163; baseline 0.002 -19"><span class='ocrx_word' id='word_1_734' title='bbox 2113 4101 2431 4159; x_wconf 84' lang='lat' dir='ltr'><strong>argumento</strong></span> <span class='ocrx_word' id='word_1_735' title='bbox 2447 4091 2587 4159; x_wconf 85' lang='lat' dir='ltr'><strong>quod</strong></span> <span class='ocrx_word' id='word_1_736' title='bbox 2604 4093 2652 4163; x_wconf 13' lang='lat' dir='ltr'><strong>VA</strong></span> <span class='ocrx_word' id='word_1_737' title='bbox 2664 4089 3287 4163; x_wconf 25' lang='lat' dir='ltr'><strong>fricanus’Origcncmlilii</strong></span> <span class='ocrx_word' id='word_1_738' title='bbox 3304 4094 3523 4147; x_wconf 88' lang='lat' dir='ltr'><strong>nomine</strong></span> <span class='ocrx_word' id='word_1_739' title='bbox 3545 4111 3710 4148; x_wconf 82' lang='lat' dir='ltr'><strong>com-</strong></span> 
     </span>
    </p>
   </div>
   <div class='ocr_carea' id='block_1_108' title="bbox 2115 4162 3706 4233">
    <p class='ocr_par' dir='ltr' id='par_1_108' title="bbox 2115 4162 3706 4233">
     <span class='ocr_line' id='line_1_110' title="bbox 2115 4162 3706 4233; baseline 0.005 -22"><span class='ocrx_word' id='word_1_740' title='bbox 2115 4163 2293 4227; x_wconf 61' lang='lat' dir='ltr'><strong>pellet.</strong></span> <span class='ocrx_word' id='word_1_741' title='bbox 2319 4165 2478 4233; x_wconf 33' lang='lat' dir='ltr'><strong>Aqttud</strong></span> <span class='ocrx_word' id='word_1_742' title='bbox 2504 4162 2686 4233; x_wconf 72' lang='lat' dir='ltr'><strong>aptius</strong></span> <span class='ocrx_word' id='word_1_743' title='bbox 2710 4163 2773 4213; x_wconf 87' lang='lat' dir='ltr'><strong>ad</strong></span> <span class='ocrx_word' id='word_1_744' title='bbox 2802 4162 3060 4230; x_wconf 90' lang='lat' dir='ltr'><strong>primum,</strong></span> <span class='ocrx_word' id='word_1_745' title='bbox 3085 4178 3248 4233; x_wconf 84' lang='lat' dir='ltr'><strong>quam</strong></span> <span class='ocrx_word' id='word_1_746' title='bbox 3277 4166 3341 4215; x_wconf 90' lang='lat' dir='ltr'><strong>ad</strong></span> <span class='ocrx_word' id='word_1_747' title='bbox 3380 4169 3706 4218; x_wconf 82' lang='lat' dir='ltr'><strong>secundum</strong></span> 
     </span>
    </p>
   </div>
   <div class='ocr_carea' id='block_1_109' title="bbox 2114 4230 3706 4291">
    <p class='ocr_par' dir='ltr' id='par_1_109' title="bbox 2114 4230 3706 4291">
     <span class='ocr_line' id='line_1_111' title="bbox 2114 4230 3706 4291; baseline 0.004 -7"><span class='ocrx_word' id='word_1_748' title='bbox 2114 4234 2217 4285; x_wconf 89' lang='lat' dir='ltr'><strong>iter</strong></span> <span class='ocrx_word' id='word_1_749' title='bbox 2250 4230 2539 4284; x_wconf 74' lang='lat' dir='ltr'><strong>referatur.</strong></span> <span class='ocrx_word' id='word_1_750' title='bbox 2593 4230 2700 4284; x_wconf 91' lang='lat' dir='ltr'><strong>Sed</strong></span> <span class='ocrx_word' id='word_1_751' title='bbox 2733 4233 2849 4285; x_wconf 88' lang='lat' dir='ltr'><strong>viro</strong></span> <span class='ocrx_word' id='word_1_752' title='bbox 2888 4230 3119 4287; x_wconf 29' lang='lat' dir='ltr'><strong>summo-</strong></span> <span class='ocrx_word' id='word_1_753' title='bbox 3149 4232 3593 4288; x_wconf 81' lang='lat' dir='ltr'><strong>Montefalcouio</strong></span> <span class='ocrx_word' id='word_1_754' title='bbox 3652 4239 3706 4291; x_wconf 88' lang='lat' dir='ltr'><strong>id</strong></span> 
     </span>
    </p>
   </div>
   <div class='ocr_carea' id='block_1_110' title="bbox 2115 4302 3707 4361">
    <p class='ocr_par' dir='ltr' id='par_1_110' title="bbox 2115 4302 3707 4361">
     <span class='ocr_line' id='line_1_112' title="bbox 2115 4302 3707 4361; baseline 0.003 -6"><span class='ocrx_word' id='word_1_755' title='bbox 2115 4318 2220 4355; x_wconf 85' lang='lat' dir='ltr'><strong>non</strong></span> <span class='ocrx_word' id='word_1_756' title='bbox 2263 4302 2396 4354; x_wconf 88' lang='lat' dir='ltr'><strong>tanti</strong></span> <span class='ocrx_word' id='word_1_757' title='bbox 2430 4318 2551 4355; x_wconf 90' lang='lat' dir='ltr'><strong>esse</strong></span> <span class='ocrx_word' id='word_1_758' title='bbox 2586 4304 2842 4355; x_wconf 78' lang='lat' dir='ltr'><strong>momenti</strong></span> <span class='ocrx_word' id='word_1_759' title='bbox 2893 4304 3127 4357; x_wconf 79' lang='lat' dir='ltr'><strong>videtur.</strong></span> <span class='ocrx_word' id='word_1_760' title='bbox 3166 4321 3184 4353; x_wconf 84' lang='grc' dir='ltr'><strong>ι</strong></span> <span class='ocrx_word' id='word_1_761' title='bbox 3221 4303 3350 4357; x_wconf 84' lang='lat' dir='ltr'><strong>Nam</strong></span> <span class='ocrx_word' id='word_1_762' title='bbox 3384 4306 3707 4361; x_wconf 75' lang='lat' dir='ltr'><strong>verisimile</strong></span> 
     </span>
    </p>
   </div>
   <div class='ocr_carea' id='block_1_111' title="bbox 2111 4372 3704 4442">
    <p class='ocr_par' dir='ltr' id='par_1_111' title="bbox 2111 4372 3704 4442">
     <span class='ocr_line' id='line_1_113' title="bbox 2111 4372 3704 4442; baseline 0.004 -17"><span class='ocrx_word' id='word_1_763' title='bbox 2111 4381 2212 4434; x_wconf 90' lang='lat' dir='ltr'><strong>est,</strong></span> <span class='ocrx_word' id='word_1_764' title='bbox 2247 4372 2420 4439; x_wconf 83' lang='lat' dir='ltr'><strong>inquit</strong></span> <span class='ocrx_word' id='word_1_765' title='bbox 2453 4388 2572 4442; x_wconf 78' lang='lat' dir='ltr'><strong>pag.</strong></span> <span class='ocrx_word' id='word_1_766' title='bbox 2625 4372 2693 4425; x_wconf 79' lang='grc'><strong>15</strong></span> <span class='ocrx_word' id='word_1_767' title='bbox 2754 4372 3112 4428; x_wconf 72' lang='lat' dir='ltr'><strong>Praeliminar.</strong></span> <span class='ocrx_word' id='word_1_768' title='bbox 3164 4375 3214 4427; x_wconf 91' lang='lat' dir='ltr'><strong>in</strong></span> <span class='ocrx_word' id='word_1_769' title='bbox 3255 4372 3517 4440; x_wconf 76' lang='lat' dir='ltr'><strong>llempl.,</strong></span> <span class='ocrx_word' id='word_1_770' title='bbox 3573 4378 3704 4432; x_wconf 85' lang='lat' dir='ltr'><strong>ideo</strong></span> 
     </span>
    </p>
   </div>
   <div class='ocr_carea' id='block_1_112' title="bbox 2115 4444 3701 4512">
    <p class='ocr_par' dir='ltr' id='par_1_112' title="bbox 2115 4444 3701 4512">
     <span class='ocr_line' id='line_1_114' title="bbox 2115 4444 3701 4512; baseline 0.004 -17"><span class='ocrx_word' id='word_1_771' title='bbox 2115 4444 2283 4496; x_wconf 91' lang='lat' dir='ltr'><strong>lilium</strong></span> <span class='ocrx_word' id='word_1_772' title='bbox 2317 4456 2683 4510; x_wconf 85' lang='lat' dir='ltr'><strong>nuncupasse,</strong></span> <span class='ocrx_word' id='word_1_773' title='bbox 2723 4444 2845 4510; x_wconf 86' lang='lat' dir='ltr'><strong>quia</strong></span> <span class='ocrx_word' id='word_1_774' title='bbox 2886 4444 3042 4512; x_wconf 79' lang='lat' dir='ltr'><strong>longe</strong></span> <span class='ocrx_word' id='word_1_775' title='bbox 3090 4445 3269 4498; x_wconf 88' lang='lat' dir='ltr'><strong>minor</strong></span> <span class='ocrx_word' id='word_1_776' title='bbox 3311 4455 3474 4499; x_wconf 83' lang='lat' dir='ltr'><strong>a-tate</strong></span> <span class='ocrx_word' id='word_1_777' title='bbox 3517 4459 3652 4500; x_wconf 77' lang='lat' dir='ltr'><strong>erat</strong></span> <span class='ocrx_word' id='word_1_778' title='bbox 3684 4467 3701 4502; x_wconf 88' lang='lat'><strong>:</strong></span> 
     </span>
    </p>
   </div>
   <div class='ocr_carea' id='block_1_113' title="bbox 2112 4514 3700 4586">
    <p class='ocr_par' dir='ltr' id='par_1_113' title="bbox 2112 4514 3700 4586">
     <span class='ocr_line' id='line_1_115' title="bbox 2112 4514 3700 4586; baseline 0.005 -21"><span class='ocrx_word' id='word_1_779' title='bbox 2112 4528 2233 4586; x_wconf 70' lang='lat' dir='ltr'><strong>qua:</strong></span> <span class='ocrx_word' id='word_1_780' title='bbox 2266 4514 2405 4565; x_wconf 83' lang='lat' dir='ltr'><strong>ratio</strong></span> <span class='ocrx_word' id='word_1_781' title='bbox 2438 4523 2544 4586; x_wconf 86' lang='lat' dir='ltr'><strong>tam</strong></span> <span class='ocrx_word' id='word_1_782' title='bbox 2583 4515 2633 4586; x_wconf 82' lang='lat' dir='ltr'><strong>in</strong></span> <span class='ocrx_word' id='word_1_783' title='bbox 2666 4514 2860 4586; x_wconf 88' lang='lat' dir='ltr'><strong>primo,</strong></span> <span class='ocrx_word' id='word_1_784' title='bbox 2892 4530 3057 4582; x_wconf 88' lang='lat' dir='ltr'><strong>quam</strong></span> <span class='ocrx_word' id='word_1_785' title='bbox 3086 4517 3138 4569; x_wconf 92' lang='lat' dir='ltr'><strong>in</strong></span> <span class='ocrx_word' id='word_1_786' title='bbox 3168 4515 3405 4569; x_wconf 86' lang='lat' dir='ltr'><strong>secundo</strong></span> <span class='ocrx_word' id='word_1_787' title='bbox 3433 4516 3700 4586; x_wconf 77' lang='lat' dir='ltr'><strong>Origeuis</strong></span> 
     </span>
    </p>
   </div>
   <div class='ocr_carea' id='block_1_114' title="bbox 2116 4584 3699 4655">
    <p class='ocr_par' dir='ltr' id='par_1_114' title="bbox 2116 4584 3699 4655">
     <span class='ocr_line' id='line_1_116' title="bbox 2116 4584 3699 4655; baseline 0.004 -21"><span class='ocrx_word' id='word_1_788' title='bbox 2116 4584 2312 4637; x_wconf 86' lang='lat' dir='ltr'><strong>itinere</strong></span> <span class='ocrx_word' id='word_1_789' title='bbox 2345 4599 2439 4651; x_wconf 89' lang='lat' dir='ltr'><strong>par</strong></span> <span class='ocrx_word' id='word_1_790' title='bbox 2476 4584 2616 4655; x_wconf 87' lang='lat' dir='ltr'><strong>haud</strong></span> <span class='ocrx_word' id='word_1_791' title='bbox 2659 4585 2819 4637; x_wconf 88' lang='lat' dir='ltr'><strong>dubie</strong></span> <span class='ocrx_word' id='word_1_792' title='bbox 2868 4594 3007 4655; x_wconf 86' lang='lat' dir='ltr'><strong>erat.</strong></span> <span class='ocrx_word' id='word_1_793' title='bbox 3052 4586 3163 4639; x_wconf 79' lang='lat' dir='ltr'><strong>Nec</strong></span> <span class='ocrx_word' id='word_1_794' title='bbox 3207 4587 3400 4639; x_wconf 89' lang='lat' dir='ltr'><strong>desunt</strong></span> <span class='ocrx_word' id='word_1_795' title='bbox 3437 4584 3699 4654; x_wconf 74' lang='lat' dir='ltr'><strong>exeinpla</strong></span> 
     </span>
    </p>
   </div>
   <div class='ocr_carea' id='block_1_115' title="bbox 2113 4654 3699 4723">
    <p class='ocr_par' dir='ltr' id='par_1_115' title="bbox 2113 4654 3699 4723">
     <span class='ocr_line' id='line_1_117' title="bbox 2113 4654 3699 4723; baseline 0.006 -19"><span class='ocrx_word' id='word_1_796' title='bbox 2113 4656 2311 4723; x_wconf 87' lang='lat' dir='ltr'><strong>quibus</strong></span> <span class='ocrx_word' id='word_1_797' title='bbox 2351 4656 2398 4706; x_wconf 94' lang='lat' dir='ltr'><strong>id</strong></span> <span class='ocrx_word' id='word_1_798' title='bbox 2428 4654 2800 4709; x_wconf 88' lang='lat' dir='ltr'><strong>conlirmetur.</strong></span> <span class='ocrx_word' id='word_1_799' title='bbox 2839 4656 3102 4710; x_wconf 86' lang='lat' dir='ltr'><strong>Eusebius</strong></span> <span class='ocrx_word' id='word_1_800' title='bbox 3137 4658 3283 4709; x_wconf 87' lang='lat' dir='ltr'><strong>enim</strong></span> <span class='ocrx_word' id='word_1_801' title='bbox 3322 4656 3699 4713; x_wconf 80' lang='lat' dir='ltr'><strong>Vercellensis</strong></span> 
     </span>
    </p>
   </div>
   <div class='ocr_carea' id='block_1_116' title="bbox 2116 4723 3695 4797">
    <p class='ocr_par' dir='ltr' id='par_1_116' title="bbox 2116 4723 3695 4797">
     <span class='ocr_line' id='line_1_118' title="bbox 2116 4723 3695 4797; baseline 0.001 -20"><span class='ocrx_word' id='word_1_802' title='bbox 2116 4726 2427 4793; x_wconf 78' lang='lat' dir='ltr'><strong>Dionysium</strong></span> <span class='ocrx_word' id='word_1_803' title='bbox 2465 4723 2938 4797; x_wconf 10' lang='lat' dir='ltr'><strong>Metiliolanensem</strong></span> <span class='ocrx_word' id='word_1_804' title='bbox 2972 4727 3306 4794; x_wconf 87' lang='lat' dir='ltr'><strong>episcopum,</strong></span> <span class='ocrx_word' id='word_1_805' title='bbox 3362 4736 3527 4781; x_wconf 86' lang='lat' dir='ltr'><strong>:etate</strong></span> <span class='ocrx_word' id='word_1_806' title='bbox 3576 4730 3695 4797; x_wconf 85' lang='lat' dir='ltr'><strong>jam</strong></span> 
     </span>
    </p>
   </div>
   <div class='ocr_carea' id='block_1_117' title="bbox 2113 4796 3698 4867">
    <p class='ocr_par' dir='ltr' id='par_1_117' title="bbox 2113 4796 3698 4867">
     <span class='ocr_line' id='line_1_119' title="bbox 2113 4796 3698 4867; baseline 0.002 -20"><span class='ocrx_word' id='word_1_807' title='bbox 2113 4806 2405 4867; x_wconf 81' lang='lat' dir='ltr'><strong>maturum</strong></span> <span class='ocrx_word' id='word_1_808' title='bbox 2444 4796 2816 4863; x_wconf 84' lang='lat' dir='ltr'><strong>dignitateque</strong></span> <span class='ocrx_word' id='word_1_809' title='bbox 2868 4799 3242 4862; x_wconf 85' lang='lat' dir='ltr'><strong>conspicuum,</strong></span> <span class='ocrx_word' id='word_1_810' title='bbox 3286 4814 3345 4850; x_wconf 75' lang='lat' dir='ltr'><strong>se</strong></span> <span class='ocrx_word' id='word_1_811' title='bbox 3377 4796 3698 4867; x_wconf 23' lang='lat' dir='ltr'><strong>tameu’ju-</strong></span> 
     </span>
    </p>
   </div>
   <div class='ocr_carea' id='block_1_118' title="bbox 2111 4866 3696 4934">
    <p class='ocr_par' dir='ltr' id='par_1_118' title="bbox 2111 4866 3696 4934">
     <span class='ocr_line' id='line_1_120' title="bbox 2111 4866 3696 4934; baseline 0.003 -17"><span class='ocrx_word' id='word_1_812' title='bbox 2111 4868 2342 4931; x_wconf 88' lang='lat' dir='ltr'><strong>niorem,</strong></span> <span class='ocrx_word' id='word_1_813' title='bbox 2378 4866 2547 4919; x_wconf 88' lang='lat' dir='ltr'><strong>lilium</strong></span> <span class='ocrx_word' id='word_1_814' title='bbox 2580 4866 2908 4932; x_wconf 84' lang='lat' dir='ltr'><strong>compellare</strong></span> <span class='ocrx_word' id='word_1_815' title='bbox 2937 4868 3032 4921; x_wconf 77' lang='grc' dir='ltr'>εοιι</span> <span class='ocrx_word' id='word_1_816' title='bbox 3055 4867 3166 4921; x_wconf 86' lang='lat' dir='ltr'><strong>bat.</strong></span> <span class='ocrx_word' id='word_1_817' title='bbox 3198 4887 3216 4919; x_wconf 74' lang='grc' dir='ltr'><strong>ι</strong></span> <span class='ocrx_word' id='word_1_818' title='bbox 3246 4867 3379 4922; x_wconf 88' lang='lat' dir='ltr'><strong>Cum</strong></span> <span class='ocrx_word' id='word_1_819' title='bbox 3408 4884 3545 4934; x_wconf 76' lang='lat' dir='ltr'><strong>ergo</strong></span> <span class='ocrx_word' id='word_1_820' title='bbox 3577 4866 3696 4923; x_wconf 51' lang='grc' dir='ltr'><strong>«θετι-</strong></span> 
     </span>
    </p>
   </div>
   <div class='ocr_carea' id='block_1_119' title="bbox 2113 4937 3691 5005">
    <p class='ocr_par' dir='ltr' id='par_1_119' title="bbox 2113 4937 3691 5005">
     <span class='ocr_line' id='line_1_121' title="bbox 2113 4937 3691 5005; baseline 0.003 -18"><span class='ocrx_word' id='word_1_821' title='bbox 2113 4946 2221 4987; x_wconf 89' lang='grc' dir='ltr'>ιιιιιι</span> <span class='ocrx_word' id='word_1_822' title='bbox 2259 4954 2360 4990; x_wconf 89' lang='lat' dir='ltr'><strong>non</strong></span> <span class='ocrx_word' id='word_1_823' title='bbox 2393 4938 2461 4990; x_wconf 89' lang='lat' dir='ltr'><strong>sit</strong></span> <span class='ocrx_word' id='word_1_824' title='bbox 2487 4937 2659 5005; x_wconf 89' lang='lat' dir='ltr'><strong>primo</strong></span> <span class='ocrx_word' id='word_1_825' title='bbox 2694 4937 2914 5005; x_wconf 82' lang='lat' dir='ltr'><strong>ttinere,</strong></span> <span class='ocrx_word' id='word_1_826' title='bbox 2960 4938 3062 4991; x_wconf 89' lang='lat' dir='ltr'><strong>hoc</strong></span> <span class='ocrx_word' id='word_1_827' title='bbox 3106 4948 3189 4991; x_wconf 89' lang='lat' dir='ltr'><strong>est</strong></span> <span class='ocrx_word' id='word_1_828' title='bbox 3216 4955 3356 4991; x_wconf 89' lang='lat' dir='ltr'><strong>anno</strong></span> <span class='ocrx_word' id='word_1_829' title='bbox 3387 4937 3522 5003; x_wconf 82' lang='lat'><strong>228,</strong></span> <span class='ocrx_word' id='word_1_830' title='bbox 3552 4939 3691 5005; x_wconf 79' lang='lat' dir='ltr'><strong>Epr-</strong></span> 
     </span>
    </p>
   </div>
   <div class='ocr_carea' id='block_1_120' title="bbox 2107 5004 3691 5077">
    <p class='ocr_par' dir='ltr' id='par_1_120' title="bbox 2107 5004 3691 5077">
     <span class='ocr_line' id='line_1_122' title="bbox 2107 5004 3691 5077; baseline 0.003 -17"><span class='ocrx_word' id='word_1_831' title='bbox 2107 5009 2290 5060; x_wconf 73' lang='lat' dir='ltr'><strong>slolam</strong></span> <span class='ocrx_word' id='word_1_832' title='bbox 2324 5008 2390 5059; x_wconf 87' lang='lat' dir='ltr'><strong>ad</strong></span> <span class='ocrx_word' id='word_1_833' title='bbox 2422 5007 2727 5077; x_wconf 73' lang='lat' dir='ltr'><strong>Africanum</strong></span> <span class='ocrx_word' id='word_1_834' title='bbox 2744 5004 3068 5061; x_wconf 67' lang='lat' dir='ltr'><strong>Nicomediae</strong></span> <span class='ocrx_word' id='word_1_835' title='bbox 3090 5011 3348 5077; x_wconf 76' lang='lat' dir='ltr'><strong>scriptam</strong></span> <span class='ocrx_word' id='word_1_836' title='bbox 3372 5024 3518 5073; x_wconf 78' lang='lat' dir='ltr'><strong>esse,</strong></span> <span class='ocrx_word' id='word_1_837' title='bbox 3539 5014 3691 5064; x_wconf 81' lang='lat' dir='ltr'><strong>nulla</strong></span> 
     </span>
    </p>
   </div>
   <div class='ocr_carea' id='block_1_121' title="bbox 2110 5074 3688 5143">
    <p class='ocr_par' dir='ltr' id='par_1_121' title="bbox 2110 5074 3688 5143">
     <span class='ocr_line' id='line_1_123' title="bbox 2110 5074 3688 5143; baseline 0.004 -14"><span class='ocrx_word' id='word_1_838' title='bbox 2110 5080 2246 5129; x_wconf 84' lang='lat' dir='ltr'><strong>ratio</strong></span> <span class='ocrx_word' id='word_1_839' title='bbox 2273 5089 2354 5131; x_wconf 89' lang='lat' dir='ltr'><strong>est</strong></span> <span class='ocrx_word' id='word_1_840' title='bbox 2377 5074 2474 5131; x_wconf 88' lang='lat' dir='ltr'><strong>cur</strong></span> <span class='ocrx_word' id='word_1_841' title='bbox 2503 5079 2627 5131; x_wconf 88' lang='lat' dir='ltr'><strong>inde</strong></span> <span class='ocrx_word' id='word_1_842' title='bbox 2658 5074 2897 5143; x_wconf 75' lang='lat' dir='ltr'><strong>&quot;exopta</strong></span> <span class='ocrx_word' id='word_1_843' title='bbox 2947 5089 3072 5132; x_wconf 83' lang='lat' dir='ltr'><strong>ante</strong></span> <span class='ocrx_word' id='word_1_844' title='bbox 3102 5074 3244 5133; x_wconf 81' lang='lat' dir='ltr'><strong>hunc</strong></span> <span class='ocrx_word' id='word_1_845' title='bbox 3280 5095 3484 5132; x_wconf 86' lang='lat' dir='ltr'><strong>annum</strong></span> <span class='ocrx_word' id='word_1_846' title='bbox 3518 5085 3688 5134; x_wconf 81' lang='lat' dir='ltr'><strong>adur-</strong></span> 
     </span>
    </p>
   </div>
   <div class='ocr_carea' id='block_1_122' title="bbox 2108 5148 3691 5217">
    <p class='ocr_par' dir='ltr' id='par_1_122' title="bbox 2108 5148 3691 5217">
     <span class='ocr_line' id='line_1_124' title="bbox 2108 5148 3691 5217; baseline 0.003 -17"><span class='ocrx_word' id='word_1_847' title='bbox 2108 5158 2233 5202; x_wconf 87' lang='lat' dir='ltr'><strong>nata</strong></span> <span class='ocrx_word' id='word_1_848' title='bbox 2262 5148 2662 5202; x_wconf 71' lang='lat' dir='ltr'><strong>existimentur.</strong></span> <span class='ocrx_word' id='word_1_849' title='bbox 2691 5148 2745 5200; x_wconf 82' lang='lat' dir='ltr'><strong>Id</strong></span> <span class='ocrx_word' id='word_1_850' title='bbox 2770 5164 2931 5201; x_wconf 91' lang='lat' dir='ltr'><strong>unmn</strong></span> <span class='ocrx_word' id='word_1_851' title='bbox 2976 5150 3267 5204; x_wconf 73' lang='lat' dir='ltr'><strong>verisimile</strong></span> <span class='ocrx_word' id='word_1_852' title='bbox 3293 5160 3449 5217; x_wconf 87' lang='lat' dir='ltr'><strong>putat</strong></span> <span class='ocrx_word' id='word_1_853' title='bbox 3477 5150 3691 5205; x_wconf 64' lang='lat' dir='ltr'><strong>Melite-</strong></span> 
     </span>
    </p>
   </div>
   <div class='ocr_carea' id='block_1_123' title="bbox 2108 5218 3686 5287">
    <p class='ocr_par' dir='ltr' id='par_1_123' title="bbox 2108 5218 3686 5287">
     <span class='ocr_line' id='line_1_125' title="bbox 2108 5218 3686 5287; baseline 0.003 -17"><span class='ocrx_word' id='word_1_854' title='bbox 2108 5218 2397 5282; x_wconf 81' lang='lat' dir='ltr'><strong>lulconius,</strong></span> <span class='ocrx_word' id='word_1_855' title='bbox 2453 5236 2472 5269; x_wconf 80' lang='grc' dir='ltr'><strong>ι</strong></span> <span class='ocrx_word' id='word_1_856' title='bbox 2536 5218 2825 5287; x_wconf 85' lang='lat' dir='ltr'><strong>Origenem</strong></span> <span class='ocrx_word' id='word_1_857' title='bbox 2890 5218 3139 5284; x_wconf 61' lang='grc' dir='ltr'><strong>Παιανιέι</strong></span> <span class='ocrx_word' id='word_1_858' title='bbox 3188 5221 3416 5273; x_wconf 82' lang='lat' dir='ltr'><strong>edendis</strong></span> <span class='ocrx_word' id='word_1_859' title='bbox 3459 5238 3686 5275; x_wconf 81' lang='lat' dir='ltr'><strong>niauuru</strong></span> 
     </span>
    </p>
   </div>
   <div class='ocr_carea' id='block_1_124' title="bbox 2106 5290 3682 5358">
    <p class='ocr_par' dir='ltr' id='par_1_124' title="bbox 2106 5290 3682 5358">
     <span class='ocr_line' id='line_1_126' title="bbox 2106 5290 3682 5358; baseline 0.003 -18"><span class='ocrx_word' id='word_1_860' title='bbox 2106 5290 2412 5343; x_wconf 80' lang='lat' dir='ltr'><strong>admovisse</strong></span> <span class='ocrx_word' id='word_1_861' title='bbox 2456 5301 2741 5358; x_wconf 86' lang='lat' dir='ltr'><strong>postquam</strong></span> <span class='ocrx_word' id='word_1_862' title='bbox 2770 5300 2976 5342; x_wconf 87' lang='lat' dir='ltr'><strong>sextam</strong></span> <span class='ocrx_word' id='word_1_863' title='bbox 3010 5292 3305 5343; x_wconf 89' lang='lat' dir='ltr'><strong>editionem</strong></span> <span class='ocrx_word' id='word_1_864' title='bbox 3348 5304 3633 5358; x_wconf 85' lang='lat' dir='ltr'><strong>repererat</strong></span> <span class='ocrx_word' id='word_1_865' title='bbox 3667 5309 3682 5343; x_wconf 91' lang='lat'><strong>:</strong></span> 
     </span>
    </p>
   </div>
   <div class='ocr_carea' id='block_1_125' title="bbox 2107 5360 3685 5428">
    <p class='ocr_par' dir='ltr' id='par_1_125' title="bbox 2107 5360 3685 5428">
     <span class='ocr_line' id='line_1_127' title="bbox 2107 5360 3685 5428; baseline 0.004 -18"><span class='ocrx_word' id='word_1_866' title='bbox 2107 5361 2303 5425; x_wconf 86' lang='lat' dir='ltr'><strong>reperit</strong></span> <span class='ocrx_word' id='word_1_867' title='bbox 2332 5368 2533 5427; x_wconf 83' lang='lat' dir='ltr'><strong>autem,</strong></span> <span class='ocrx_word' id='word_1_868' title='bbox 2561 5360 2863 5428; x_wconf 83' lang='lat' dir='ltr'><strong>Epiphanio</strong></span> <span class='ocrx_word' id='word_1_869' title='bbox 2902 5369 3056 5422; x_wconf 83' lang='lat' dir='ltr'><strong>teste,</strong></span> <span class='ocrx_word' id='word_1_870' title='bbox 3084 5376 3226 5414; x_wconf 87' lang='lat' dir='ltr'><strong>anno</strong></span> <span class='ocrx_word' id='word_1_871' title='bbox 3254 5361 3551 5415; x_wconf 79' lang='lat' dir='ltr'><strong>Alexandri</strong></span> <span class='ocrx_word' id='word_1_872' title='bbox 3582 5364 3685 5416; x_wconf 79' lang='lat' dir='ltr'><strong>Se-</strong></span> 
     </span>
    </p>
   </div>
   <div class='ocr_carea' id='block_1_126' title="bbox 2104 5430 3681 5499">
    <p class='ocr_par' dir='ltr' id='par_1_126' title="bbox 2104 5430 3681 5499">
     <span class='ocr_line' id='line_1_128' title="bbox 2104 5430 3681 5499; baseline 0.004 -20"><span class='ocrx_word' id='word_1_873' title='bbox 2104 5433 2213 5483; x_wconf 77' lang='lat' dir='ltr'><strong>veri</strong></span> <span class='ocrx_word' id='word_1_874' title='bbox 2261 5431 2513 5499; x_wconf 85' lang='lat' dir='ltr'><strong>septimo,</strong></span> <span class='ocrx_word' id='word_1_875' title='bbox 2545 5430 2595 5483; x_wconf 92' lang='lat' dir='ltr'><strong>id</strong></span> <span class='ocrx_word' id='word_1_876' title='bbox 2626 5441 2711 5483; x_wconf 87' lang='lat' dir='ltr'><strong>est</strong></span> <span class='ocrx_word' id='word_1_877' title='bbox 2750 5430 2949 5484; x_wconf 84' lang='lat' dir='ltr'><strong>Christi</strong></span> <span class='ocrx_word' id='word_1_878' title='bbox 2976 5430 3104 5485; x_wconf 83' lang='lat'><strong>228.</strong></span> <span class='ocrx_word' id='word_1_879' title='bbox 3141 5433 3206 5485; x_wconf 83' lang='lat' dir='ltr'><strong>Et</strong></span> <span class='ocrx_word' id='word_1_880' title='bbox 3236 5432 3363 5499; x_wconf 86' lang='lat' dir='ltr'><strong>quia</strong></span> <span class='ocrx_word' id='word_1_881' title='bbox 3388 5434 3588 5485; x_wconf 86' lang='lat' dir='ltr'><strong>abhinc</strong></span> <span class='ocrx_word' id='word_1_882' title='bbox 3610 5437 3681 5486; x_wconf 80' lang='lat' dir='ltr'><strong>ad</strong></span> 
     </span>
    </p>
   </div>
   <div class='ocr_carea' id='block_1_127' title="bbox 2102 5501 3680 5571">
    <p class='ocr_par' dir='ltr' id='par_1_127' title="bbox 2102 5501 3680 5571">
     <span class='ocr_line' id='line_1_129' title="bbox 2102 5501 3680 5571; baseline 0.003 -20"><span class='ocrx_word' id='word_1_883' title='bbox 2102 5516 2301 5552; x_wconf 84' lang='lat' dir='ltr'><strong>annum</strong></span> <span class='ocrx_word' id='word_1_884' title='bbox 2324 5501 2420 5552; x_wconf 75' lang='lat' dir='ltr'><strong>25I</strong></span> <span class='ocrx_word' id='word_1_885' title='bbox 2438 5539 2451 5561; x_wconf 95' lang='lat'><strong>,</strong></span> <span class='ocrx_word' id='word_1_886' title='bbox 2477 5501 2895 5567; x_wconf 76' lang='lat' dir='ltr'><strong>quoCaesaream</strong></span> <span class='ocrx_word' id='word_1_887' title='bbox 2922 5516 2980 5554; x_wconf 89' lang='lat' dir='ltr'><strong>se</strong></span> <span class='ocrx_word' id='word_1_888' title='bbox 2999 5504 3218 5571; x_wconf 86' lang='lat' dir='ltr'><strong>recepit.</strong></span> <span class='ocrx_word' id='word_1_889' title='bbox 3246 5517 3351 5555; x_wconf 92' lang='lat' dir='ltr'><strong>non</strong></span> <span class='ocrx_word' id='word_1_890' title='bbox 3390 5512 3474 5554; x_wconf 77' lang='lat' dir='ltr'><strong>Sal</strong></span> <span class='ocrx_word' id='word_1_891' title='bbox 3503 5504 3598 5556; x_wconf 84' lang='lat' dir='ltr'><strong>otii</strong></span> <span class='ocrx_word' id='word_1_892' title='bbox 3623 5517 3680 5556; x_wconf 83' lang='lat' dir='ltr'><strong>et</strong></span> 
     </span>
    </p>
   </div>
   <div class='ocr_carea' id='block_1_128' title="bbox 2101 5571 3679 5635">
    <p class='ocr_par' dir='ltr' id='par_1_128' title="bbox 2101 5571 3679 5635">
     <span class='ocr_line' id='line_1_130' title="bbox 2101 5571 3679 5635; baseline 0.002 -12"><span class='ocrx_word' id='word_1_893' title='bbox 2101 5572 2367 5624; x_wconf 82' lang='lat' dir='ltr'><strong>cnuunodi</strong></span> <span class='ocrx_word' id='word_1_894' title='bbox 2409 5572 2659 5624; x_wconf 87' lang='lat' dir='ltr'><strong>habuisse</strong></span> <span class='ocrx_word' id='word_1_895' title='bbox 2684 5571 2919 5635; x_wconf 91' lang='lat' dir='ltr'><strong>videtur,</strong></span> <span class='ocrx_word' id='word_1_896' title='bbox 2949 5581 3005 5624; x_wconf 90' lang='lat' dir='ltr'><strong>ut</strong></span> <span class='ocrx_word' id='word_1_897' title='bbox 3033 5584 3142 5625; x_wconf 89' lang='lat' dir='ltr'><strong>tam</strong></span> <span class='ocrx_word' id='word_1_898' title='bbox 3176 5575 3402 5625; x_wconf 79' lang='lat' dir='ltr'><strong>arduam</strong></span> <span class='ocrx_word' id='word_1_899' title='bbox 3438 5588 3553 5625; x_wconf 88' lang='lat' dir='ltr'><strong>rem</strong></span> <span class='ocrx_word' id='word_1_900' title='bbox 3585 5591 3679 5626; x_wconf 75' lang='lat' dir='ltr'><strong>su-</strong></span> 
     </span>
    </p>
   </div>
   <div class='ocr_carea' id='block_1_129' title="bbox 2101 5642 3676 5710">
    <p class='ocr_par' dir='ltr' id='par_1_129' title="bbox 2101 5642 3676 5710">
     <span class='ocr_line' id='line_1_131' title="bbox 2101 5642 3676 5710; baseline 0.003 -17"><span class='ocrx_word' id='word_1_901' title='bbox 2101 5642 2355 5706; x_wconf 81' lang='lat' dir='ltr'><strong>sciperet,</strong></span> <span class='ocrx_word' id='word_1_902' title='bbox 2402 5654 2704 5710; x_wconf 84' lang='lat' dir='ltr'><strong>Opportune</strong></span> <span class='ocrx_word' id='word_1_903' title='bbox 2734 5644 2785 5694; x_wconf 90' lang='lat' dir='ltr'><strong>in</strong></span> <span class='ocrx_word' id='word_1_904' title='bbox 2816 5658 3016 5695; x_wconf 87' lang='lat' dir='ltr'><strong>annum</strong></span> <span class='ocrx_word' id='word_1_905' title='bbox 3060 5643 3188 5707; x_wconf 68' lang='lat'><strong>23!,</strong></span> <span class='ocrx_word' id='word_1_906' title='bbox 3240 5658 3366 5695; x_wconf 89' lang='lat' dir='ltr'><strong>cum</strong></span> 
     </span>
    </p>
   </div>
   <div class='ocr_carea' id='block_1_130' title="bbox 2100 5710 3264 5780">
    <p class='ocr_par' dir='ltr' id='par_1_130' title="bbox 2100 5710 3264 5780">
     <span class='ocr_line' id='line_1_132' title="bbox 2100 5710 3264 5780; baseline 0.003 -18"><span class='ocrx_word' id='word_1_907' title='bbox 2100 5722 2302 5779; x_wconf 73' lang='lat' dir='ltr'><strong>ageret,</strong></span> <span class='ocrx_word' id='word_1_908' title='bbox 2338 5710 2698 5777; x_wconf 77' lang='lat' dir='ltr'><strong>llexnplorum</strong></span> <span class='ocrx_word' id='word_1_909' title='bbox 2726 5729 2861 5780; x_wconf 90' lang='lat' dir='ltr'><strong>opus</strong></span> <span class='ocrx_word' id='word_1_910' title='bbox 2884 5714 3195 5767; x_wconf 84' lang='lat' dir='ltr'><strong>remittitur.</strong></span> <span class='ocrx_word' id='word_1_911' title='bbox 3244 5731 3264 5765; x_wconf 72' lang='grc' dir='ltr'><strong>ι</strong></span> 
     </span>
    </p>
   </div>
   <div class='ocr_carea' id='block_1_131' title="bbox 2170 5780 3673 5852">
    <p class='ocr_par' dir='ltr' id='par_1_131' title="bbox 2170 5780 3673 5852">
     <span class='ocr_line' id='line_1_133' title="bbox 2170 5780 3673 5852; baseline 0.004 -19"><span class='ocrx_word' id='word_1_912' title='bbox 2170 5782 2284 5849; x_wconf 78' lang='grc'><strong>(10)</strong></span> <span class='ocrx_word' id='word_1_913' title='bbox 2329 5780 2569 5848; x_wconf 77' lang='lat' dir='ltr'><strong>Perfecto</strong></span> <span class='ocrx_word' id='word_1_914' title='bbox 2610 5782 2973 5851; x_wconf 76' lang='lat' dir='ltr'><strong>llexaplorum</strong></span> <span class='ocrx_word' id='word_1_915' title='bbox 3019 5800 3195 5852; x_wconf 85' lang='lat' dir='ltr'><strong>opere,</strong></span> <span class='ocrx_word' id='word_1_916' title='bbox 3224 5794 3280 5836; x_wconf 82' lang='lat' dir='ltr'><strong>ut</strong></span> <span class='ocrx_word' id='word_1_917' title='bbox 3310 5784 3673 5839; x_wconf 63' lang='lat' dir='ltr'><strong>studiosorum</strong></span> 
     </span>
    </p>
   </div>
   <div class='ocr_carea' id='block_1_132' title="bbox 2097 5853 3671 5924">
    <p class='ocr_par' dir='ltr' id='par_1_132' title="bbox 2097 5853 3671 5924">
     <span class='ocr_line' id='line_1_134' title="bbox 2097 5853 3671 5924; baseline 0.003 -21"><span class='ocrx_word' id='word_1_918' title='bbox 2097 5854 2386 5924; x_wconf 55' lang='lat' dir='ltr'><strong>summibus</strong></span> <span class='ocrx_word' id='word_1_919' title='bbox 2420 5864 2464 5904; x_wconf 81' lang='lat' dir='ltr'><strong>et</strong></span> <span class='ocrx_word' id='word_1_920' title='bbox 2498 5869 2667 5917; x_wconf 81' lang='lat' dir='ltr'><strong>opera:</strong></span> <span class='ocrx_word' id='word_1_921' title='bbox 2701 5853 2991 5906; x_wconf 64' lang='lat' dir='ltr'><strong>consuleret</strong></span> <span class='ocrx_word' id='word_1_922' title='bbox 3030 5855 3307 5923; x_wconf 75' lang='lat' dir='ltr'><strong>Origenes,</strong></span> <span class='ocrx_word' id='word_1_923' title='bbox 3332 5860 3401 5907; x_wconf 82' lang='lat' dir='ltr'><strong>ad</strong></span> <span class='ocrx_word' id='word_1_924' title='bbox 3429 5862 3671 5924; x_wconf 69' lang='lat' dir='ltr'><strong>compin-</strong></span> 
     </span>
    </p>
   </div>
   <div class='ocr_carea' id='block_1_133' title="bbox 2097 5922 3669 5993">
    <p class='ocr_par' dir='ltr' id='par_1_133' title="bbox 2097 5922 3669 5993">
     <span class='ocr_line' id='line_1_135' title="bbox 2097 5922 3669 5993; baseline 0.001 -19"><span class='ocrx_word' id='word_1_925' title='bbox 2097 5927 2283 5993; x_wconf 10' lang='lat' dir='ltr'><strong>gendui</strong></span> <span class='ocrx_word' id='word_1_926' title='bbox 2313 5922 2559 5990; x_wconf 70' lang='lat' dir='ltr'><strong>l‘ctrapla</strong></span> <span class='ocrx_word' id='word_1_927' title='bbox 2608 5924 2844 5977; x_wconf 83' lang='lat' dir='ltr'><strong>animum</strong></span> <span class='ocrx_word' id='word_1_928' title='bbox 2887 5922 3162 5979; x_wconf 73' lang='lat' dir='ltr'><strong>convertit.</strong></span> <span class='ocrx_word' id='word_1_929' title='bbox 3208 5924 3409 5981; x_wconf 70' lang='grc' dir='ltr'>Πυθιιο</span> <span class='ocrx_word' id='word_1_930' title='bbox 3458 5922 3669 5991; x_wconf 50' lang='lat' dir='ltr'><strong>praeui:</strong></span> 
     </span>
    </p>
   </div>
  </div>
