3952 6552
486 482 616 536 1967

1738 479 1800 537 P.
1841 475 2156 532 DANIELIS
2196 475 2426 533 ﬂUETII

3585 471 3723 526 £263

478 614 648 656 tartos
709 601 760 652 in
829 597 1063 652 Generim
1091 643 1103 660 ,
1165 607 1449 667 antequam
1506 597 1673 652 libros
1734 597 1872 665 Περὶ
1931 597 2036 665 ἀρ-
2065 599 2111 655 Α
2141 594 2288 648 ribus
2317 594 2607 664 explanare
2641 592 2981 648 tentavimus.
3035 611 3053 642 ι
3087 591 3168 644 An
3204 603 3336 646 vero
3368 589 3724 644 Commenta-

474 694 598 765 χῶν
642 701 1012 760 componeret,
1059 700 1111 745 et
1144 705 1210 744 ex
1257 690 1487 745 Eusebio
1521 689 1852 760 intelligitur
1903 686 2041 759 (11),

474 799 528 839 et
558 784 725 839 multo
755 785 925 854 magis
981 799 1047 837 ex
1098 783 1332 853 Origene
1390 783 1525 852 ipso,
1555 783 1644 852 qui
1673 782 1851 837 libro:
1902 780 2042 849 Περὶ

480 876 688 946 ἀρχῶν
714 892 834 946 cap.
865 879 918 940 5,
944 891 1092 932 num.
1144 875 1198 939 5,
1221 885 1276 929 et
1299 875 1394 929 lih.
1439 890 1498 939 ιι,
1533 890 1651 940 cap.
1691 876 1744 937 5,
1797 891 1941 929 num.
1987 873 2040 938 6,

479 971 611 1025 istos
639 970 769 1023 citat
795 966 1247 1023 Commentarios.
1279 966 1421 1020 Idem
1465 975 1642 1019 tamen
1678 965 1816 1020 libro
1842 983 1879 1024 ι.
1921 980 2040 1034 cap.

473 1062 528 1127 2,
569 1077 714 1115 num.
765 1060 819 1124 6,
865 1060 979 1113 haec
1029 1057 1191 1110 habet
1230 1073 1244 1108 :
1306 1075 1324 1108 ι
1358 1055 1492 1110 Puto
1533 1070 1661 1125 ergo
1693 1070 1848 1124 posse
1877 1053 2042 1124 priori

474 1154 688 1221 quidem
713 1150 958 1220 exemplo
996 1149 1174 1218 aptari
1204 1163 1327 1202 eum
1359 1147 1448 1216 qui
1483 1147 1548 1199 ad
1573 1147 1855 1214 imaginem
1894 1153 1948 1200 et
1971 1145 2046 1198 δί·-

476 1243 832 1298 militudinem
886 1245 975 1299 Dei
1008 1244 1184 1300 factus
1226 1256 1330 1310 est,
1368 1246 1660 1311 hominem,
1688 1245 1753 1300 de
1788 1259 1894 1314 quo
1925 1242 2046 1297 dili-

475 1337 709 1405 gentius,
744 1336 956 1390 lavente
1004 1337 1138 1400 Deo,
1163 1352 1286 1391 cum
1330 1336 1503 1391 locum
1536 1337 1707 1403 ipsum
1753 1335 1805 1388 in
1849 1333 2040 1389 Genesi

473 1441 748 1497 exponere
799 1427 1145 1497 cmperimus,
1180 1428 1507 1481 videbimus.
1543 1445 1562 1477 ι
1596 1425 1732 1492 Quid
1763 1425 1926 1493 ergo?
1975 1440 2042 1477 an

480 1516 598 1570 hare
643 1531 672 1568 a
703 1516 1060 1580 Iibrariis,‘an
1091 1519 1159 1570 ab
1199 1518 1498 1587 interprete
1534 1517 1719 1572 vitiata
1765 1515 2046 1571 dicemus?

474 1623 542 1660 an
575 1607 678 1663 alia
731 1610 972 1676 qmedam
1013 1611 1065 1663 in
1113 1610 1368 1664 Genesim
1405 1611 1717 1664 meditatum
1750 1608 1916 1665 fuisse
1944 1608 2044 1660 lin-

477 1716 665 1766 gemus
711 1701 1023 1770 Origenem,
1075 1717 1197 1756 cum
1270 1703 1383 1758 haec
1432 1702 1738 1758 scriberet?
1783 1701 2042 1770 Equidem

478 1793 674 1849 haereo.
712 1791 787 1849 Ex
816 1792 952 1846 libro
977 1808 1192 1862 quoque
1224 1792 1302 1847 De
1342 1795 1581 1849 oratione
1612 1809 1760 1850 num.
1799 1793 1888 1856 25,
1919 1779 2040 1864 pag.

474 1881 602 1946 255,
666 1884 1039 1952 cognoscimus
1090 1884 1351 1952 scriptum
1409 1884 1552 1938 Inmc
1593 1900 1712 1940 esse
1743 1885 1904 1939 editis
1933 1885 2042 1953 jam

475 1971 892 2027 Commentariis
922 1974 977 2026 in
996 1973 1257 2030 Genesim.
1276 1975 1678 2043 Expositionmn
1705 1978 1758 2030 in
1783 1976 2048 2044 Exortum,

478 2063 534 2115 in
562 2061 875 2125 Leviticum,
896 2075 948 2118 et
972 2066 1029 2118 in
1061 2063 1322 2120 Numeros
1353 2067 1496 2120 nulla
1528 2069 1578 2120 in
1607 2078 1762 2123 sexto
1792 2069 2052 2123 Eusebia-

479 2165 564 2205 naa
591 2149 844 2205 Historiae
876 2155 1130 2206 memoria
1172 2172 1184 2207 :
1221 2169 1314 2209 eas
1338 2169 1459 2209 esse
1498 2157 1824 2212 vetustiores
1868 2159 2051 2212 decem

478 2242 841 2296 voluminibus
861 2243 1396 2298 Commentariorum
1425 2247 1480 2298 in
1509 2245 1783 2301 Cantieum
1826 2247 2054 2301 cantico-

478 2351 595 2386 rum
627 2333 743 2388 haec
780 2334 1028 2401 Origenis
1054 2335 1382 2402 patefaciunt
1405 2337 1563 2390 verba
1603 2353 1666 2391 ex
1699 2338 1790 2392 lib.
1833 2353 1850 2391 ι
1893 2337 2055 2392 Cont-

477 2435 672 2480 ment..
696 2424 997 2485 inCantic.,
1018 2441 1141 2493 pag.
1165 2425 1233 2480 58
1257 2445 1269 2480 :
1295 2445 1314 2477 ι
1350 2427 1423 2481 De
1453 2443 1560 2496 quo
1592 2428 1801 2496 plenius
1832 2429 1883 2482 in
1917 2429 2055 2484 libro

478 2516 742 2578 Levitico,
774 2528 933 2586 prout
966 2521 1223 2572 Dominus
1248 2519 1380 2572 dare
1400 2519 1655 2587 dignatus
1676 2530 1779 2587 est,
1801 2521 2054 2588 exposui-

480 2625 633 2674 mus;
700 2627 720 2660 ι
759 2617 813 2662 et
842 2610 940 2662 ista
963 2623 993 2662 e
1032 2608 1279 2678 Prologo,
1309 2625 1431 2677 pag.
1465 2609 1566 2663 33:
1602 2627 1620 2659 ι
1657 2608 1761 2662 Sed
1789 2610 2055 2678 quomodo

478 2697 728 2752 differant
757 2717 786 2752 a
821 2699 1026 2753 sanctis
1061 2700 1259 2753 Sancta
1283 2711 1593 2754 sanctorum
1617 2701 1669 2755 in
1706 2702 1912 2766 Exodo,
1937 2702 2050 2773 (12)

479 2799 534 2840 et
563 2791 828 2858 quomodo
867 2787 1114 2844 diﬂ‘erant
1139 2805 1300 2860 opera
1342 2792 1410 2845 ab
1439 2792 1694 2861 operibus
1731 2806 1952 2862 operum
2001 2795 2052 2848 in

480 2879 840 2936 Numerorum
900 2880 1073 2944 libro,
1125 2881 1463 2946 tractatibus,
1522 2890 1684 2950 prout
1758 2885 2052 2952 potuimus,

481 2974 684 3027 dictum
731 2983 814 3028 est
840 2989 870 3027 a
905 2975 1095 3029 nobis.
1130 2993 1148 3025 ι
1191 2974 1310 3041 Quo
1347 2982 1591 3043 tempore
1634 2983 1814 3028 autem
1869 2973 2055 3030 Canti-

477 3080 603 3120 cum
627 3065 999 3134 explanaverit
1028 3082 1151 3121 mox
1190 3065 1502 3119 viderimus.
1527 3065 1640 3136 (15)
1677 3064 2055 3135 Expositiones

480 3159 534 3208 in
591 3156 875 3211 Leviticum
925 3159 1109 3212 laudat
1178 3159 1373 3212 iterum
1451 3156 1712 3226 Origenes
1761 3156 1850 3210 lib.
1881 3172 1938 3211 ix
1999 3159 2053 3211 in

2145 689 2208 742 rii
2264 688 2320 742 in
2360 687 2626 751 Exortum,
2676 688 2730 740 in
2780 684 3065 740 Leviticum
3119 693 3174 738 et
3222 686 3276 738 in
3320 682 3596 737 Numeros
3645 683 3727 736 bis

2148 782 2447 851 signentur,
2484 795 2550 835 an
2575 779 2840 843 Humilia,
2871 794 2974 833 non
3009 779 3144 833 satis
3170 786 3420 846 apparet.
3466 775 3544 828 De
3563 790 3727 829 utar-

2145 873 2445 927 rationibus
2489 871 2883 926 Deuteronomii
2933 868 3097 923 altum
3127 869 3267 935 apud
3308 867 3612 921 Eusebium
3658 866 3730 918 si-

2150 963 2396 1019 lentimn.
2424 962 2774 1017 Recentiores
2801 961 2918 1014 illas
2947 974 3068 1014 esse
3098 961 3310 1025 reperio
3327 956 3732 1026 posterioribus

2145 1055 2304 1110 tomis
2333 1055 2388 1108 in
2422 1052 2683 1106 Joannem
2715 1068 2734 1105 :
2776 1052 2855 1106 sic
2887 1051 3030 1105 enim
3054 1049 3244 1105 scribit
3281 1047 3554 1118 Origenes
3585 1058 3732 1103 tnmo

2145 1163 2296 1203 xxxii
2325 1148 2379 1200 in
2405 1130 2588 1211 10am,
2638 1159 2788 1198 num.
2819 1145 2907 1210 11,
2947 1157 3110 1212 super
3149 1141 3562 1198 Deuteronomii
3611 1156 3730 1209 cap.

2145 1255 2206 1302 tt,
2238 1253 2379 1292 vers.
2416 1237 2484 1291 50
2510 1253 2525 1289 :
2565 1234 2722 1290 Ἀλλὰ
2745 1233 2812 1288 τὰ
2859 1234 2987 1305 περὶ
3017 1233 3115 1305 μὲν
3152 1233 3368 1295 τούτου,
3396 1232 3736 1303 οἰκειότερα*

2149 1332 2206 1383 ὲν
2233 1331 2346 1393 τοῖς
2370 1330 2449 1391 εἰς
2471 1327 2533 1381 τὸ
2555 1325 2968 1398 Δευτερονὸμιον
3002 1325 3311 1397 ἐξετασθείη
3338 1327 3427 1380 ἄν.
3460 1325 3736 1378 Posterio-

2153 1420 2302 1473 ribus
2331 1428 2509 1472 autem
2559 1419 2905 1472 in‘Joannem
2957 1417 3115 1471 tomis
3155 1431 3311 1471 suum
3338 1419 3481 1469 ’mox
3522 1425 3735 1482 tempus

2145 1511 2523 1580 prteliuiemus.
2545 1511 2613 1564 At
2635 1510 2961 1564 vetustiores
2981 1509 3197 1563 fuerunt
3213 1509 3611 1564 enarrationes
3632 1509 3731 1562 illa:

2146 1602 2546 1657 Deuteronomii
2581 1600 2826 1654 Homiliis
2853 1601 2906 1653 in
2946 1599 3141 1652 Lucam
3170 1615 3189 1653 :
3223 1600 3291 1654 de
3320 1601 3392 1654 iis
3414 1600 3734 1668 quippe'sic

2144 1695 2401 1764 Origenes
2417 1692 2604 1748 bomil.
2631 1691 2664 1746 8
2696 1695 2749 1744 in
2785 1689 2912 1744 Luc.
2938 1708 2951 1745 :
2993 1708 3010 1741 ι
3043 1690 3255 1744 Memini
3280 1691 3566 1758 quondam
3593 1691 3733 1743 Deu-

2147 1788 2498 1841 teronomium
2529 1786 2897 1846 disserentem,
2920 1782 3118 1837 dixisse
3148 1796 3251 1840 me.
3275 1802 3295 1834 ι
3314 1793 3450 1842 etc.,
3478 1781 3599 1852 (14)
3621 1797 3735 1849 qua:

2149 1893 2253 1932 non
2304 1878 2446 1931 aliud
2495 1876 2844 1945 expositionis
2890 1889 3077 1946 genus,
3124 1888 3284 1942 quam
3349 1875 3732 1929 homiletieum

2157 1969 2408 2021 videntur
2439 1968 2702 2021 indicare.

2221 2063 2578 2117 Observatum
2610 2070 2692 2116 est
2719 2058 2948 2114 Eusebio
2970 2057 3405 2114 Commentarios
3451 2059 3509 2113 in
3546 2058 3734 2129 viginti

2152 2157 2391 2226 quinque
2416 2156 2627 2224 priores
2664 2153 2900 2223 psalmos
2925 2151 3262 2205 Alexandria:
3279 2151 3578 2221 degentem
3600 2152 3738 2204 Ada—

2154 2245 2414 2300 mantium
2438 2245 2689 2299 edidisse.
2715 2244 2829 2312 Ipse
2859 2257 2987 2298 vero
3020 2241 3282 2312 Origenes
3320 2251 3469 2298 tomo
3520 2260 3535 2296 ι
3571 2242 3735 2296 Com-

2154 2347 2382 2392 mentar.
2411 2338 2466 2390 in
2505 2334 2674 2402 Epist.
2704 2339 2772 2388 ad
2817 2333 2967 2390 Rom.
3015 2350 3167 2388 num.
3204 2336 3257 2401 5,
3291 2345 3406 2390 not.
3440 2352 3579 2404 pag.
3613 2337 3733 2397 461,

2155 2432 2392 2484 futurum
2443 2428 2761 2498 pollicetur,
2817 2435 2878 2480 ut
2939 2426 3206 2496 psalmum
3265 2442 3374 2481 Lvu
3436 2427 3738 2494 aliquando

2154 2528 2405 2574 enarret:
2430 2519 2636 2573 etlibro
2664 2525 2837 2569 tamen
2861 2525 3054 2584 quarto
3073 2515 3124 2568 in
3148 2516 3393 2570 eamdem
3425 2515 3734 2585 Epistolam
3794 2547 3804 2560 .

2157 2627 2304 2667 num.
2336 2610 2391 2674 2,
2409 2626 2530 2680 pag.
2563 2609 2691 2674 5‘25,
2711 2610 2944 2680 psalmos
2973 2625 3091 2664 sese
3120 2611 3540 2676 interpretatum
3573 2609 3736 2663 fuisse

2157 2702 2392 2756 declarat
2428 2721 2441 2756 :
2473 2703 2565 2756 sed
2592 2703 2678 2757 hic
2711 2701 2940 2756 fortasse
2972 2711 3147 2756 tomos
3175 2701 3460 2769 intelligit;
3486 2700 3616 2754 illic
3640 2701 3734 2754 ho-

2159 2794 2336 2848 milias
2366 2793 2450 2848 vel
2489 2779 2714 2849 scholia.
2745 2793 2815 2846 At
2850 2793 3066 2848 homilia
3097 2793 3237 2847 15in
3262 2793 3448 2856 Iosue,
3476 2809 3649 2847 num.
3684 2792 3736 2856 6,

2157 2885 2455 2954 explicasse
2504 2900 2563 2938 se
2617 2883 2886 2951 signiﬁcat
2933 2884 3199 2954 psalmum
3229 2883 3639 2949 centesimum;
3688 2895 3740 2938 et

2159 2978 2377 3032 homilia
2398 2978 2461 3032 15
2486 2979 2538 3030 in
2579 2976 2821 3042 Levitic.,
2852 2994 2997 3032 num.
3019 2978 3076 3042 Ξ,
3107 2977 3738 3046 meminitexpositionis

2157 3087 2266 3126 suae
2281 3073 2334 3125 in
2353 3070 2611 3140 psalmum
2628 3086 2812 3125 cxvm.
2835 3070 3185 3141 Hieronymus
3205 3072 3255 3124 in
3274 3071 3556 3124 Protemio
3574 3071 3738 3125 Com-

2157 3162 2545 3216 mentariorum
2563 3177 2780 3217 suorum
2803 3162 2856 3216 in
2873 3161 3093 3216 Abdlam
3112 3162 3296 3216 scribit
3309 3161 3509 3231 Exposi
3519 3163 3736 3217 tionem

485 3248 659 3319 Epist.
684 3252 753 3304 ad
776 3249 928 3304 Rana.
957 3267 1079 3305 cum
1099 3251 1174 3304 ait
1206 3265 1355 3302 num.
1389 3248 1414 3303 1
1443 3265 1457 3300 :
1491 3267 1509 3298 ι
1551 3249 1623 3301 De
1651 3249 1846 3317 quibus
1871 3249 2056 3319 singu-
2082 3276 2124 3330 ο
2155 3254 2405 3324 Origenis
2433 3254 2489 3308 in
2520 3252 2818 3317 Canticum,
2871 3252 3037 3307 letum
3065 3266 3184 3307 esse
3226 3251 3478 3322 juvenilis
3523 3255 3735 3307 artatis.

484 3341 550 3394 lis
578 3357 699 3394 cum
731 3342 782 3396 in
812 3342 1006 3397 librum
1033 3341 1254 3395 Levitici
1285 3340 1463 3408 aliqua
1493 3339 1814 3404 diceremus,
1847 3353 1944 3408 pro
1977 3341 2056 3394 vi-

555 3480 600 3511 "
647 3479 838 3535 Baron.
889 3495 1018 3533 ann.
1054 3459 1182 3545 208,
1235 3492 1352 3546 cap.
1391 3476 1444 3530 5.

558 3623 675 3667 stea
718 3627 838 3666 cum
892 3610 1135 3681 Telrapla
1157 3611 1364 3681 ederet,
1406 3610 1567 3681 missa
1604 3608 1691 3664 illa
1715 3623 1875 3681 quam
1908 3619 2054 3669 tanto

558 3629 675 3667 stea
718 3629 838 3666 cum
895 3629 1135 3681 ιριταρια
1161 3629 1364 3672 euerei,
1406 3629 1567 3662 mlssa
1604 3629 1691 3664 ma
1715 3629 1875 3678 quam
1908 3629 2051 3669 tanto

484 3629 671 3736 Einhart:
698 3681 1095 3735 emaculaverat
1130 3680 1416 3748 Hexaplari
1460 3679 1717 3739 editione,
1770 3679 1928 3732 aliam
1967 3681 2051 3734 in-

486 3753 828 3808 eanendatam
845 3759 898 3804 et
918 3752 1113 3805 erratis
1135 3750 1344 3819 plenam
1379 3748 1653 3819 posuisse?
1684 3748 1738 3801 Id
1765 3760 1910 3803 certe
1930 3765 2052 3804 cum

491 3830 635 3876 recta
678 3821 884 3874 ratione
913 3818 1193 3889 pugnaret.
1226 3818 1349 3872 Haec
1388 3829 1566 3889 autem
1593 3818 2057 3889 plurib’us_prose-

487 3892 596 3944 cuti
629 3905 834 3952 smnus,
871 3887 1009 3958 quia'
1030 3889 1290 3943 Henricus
1341 3888 1580 3942 Valesius
1621 3889 1793 3942 locum
1837 3887 2052 3958 Eusebii

486 3975 771 4088 perperam
814 3957 1214 4028 interpretatus,
1242 3959 1414 4012 doctis
1443 3959 1648 4026 aliquot
1704 3959 1831 4012 viris
1875 3957 2052 4014 fucum

509 4039 708 4083 ecerat.
746 4047 764 4078 ι
1561 4045 1564 4048 θ

509 4039 708 4083 'ecerat.
746 4047 764 4078 ι
1561 4045 1564 4048 ’

561 4100 676 4165 (11)
725 4097 1002 4165 Scn‘psisse
1041 4097 1312 4167 Origeuem
1339 4096 1765 4167 Commentarios
1804 4097 1855 4150 in
1879 4095 2055 4152 Gene-

486 4172 612 4236 sim,
645 4178 921 4237 antequam
966 4166 1306 4234 libros’IIepl
1330 4166 1527 4235 ἀρχῶν
1553 4178 1900 4237 componeret,
1925 4179 1972 4220 et
1995 4183 2058 4220 ea:

489 4233 720 4294 Eusebio
777 4233 1107 4306 intelligitur,
1165 4242 1213 4290 et
1245 4233 1441 4290 multo
1498 4233 1674 4302 magis
1722 4253 1787 4290 ex
1836 4233 2058 4304 Origene

490 4314 623 4372 iuso,
654 4319 756 4363 etc.
785 4308 839 4360 Id
877 4310 1091 4376 quidem
1116 4323 1179 4360 ex
1210 4307 1438 4365 Eusebio
1463 4308 1684 4360 mimme
1718 4307 2054 4376 intelligitur.

495 4381 604 4432 Ilnc
636 4382 774 4430 enim
805 4380 1062 4430 duntaxat
1084 4381 1160 4430 ait
1189 4377 1472 4437 Eusebius,
1500 4387 1621 4428 octo
1657 4377 1862 4444 priores
1884 4389 2056 4430 tomos

491 4453 546 4501 in
601 4446 836 4501 Genesim
878 4447 1216 4502 Alexandrea
1252 4448 1413 4499 fuisse
1448 4447 1772 4508 elaboratus,
1803 4447 2058 4513 quemad-

2163 3343 2549 3414 Hieronymum
2600 3353 2817 3400 secutus
2865 3341 3128 3399 Baronius
3153 3343 3199 3374 '"
3233 3344 3430 3398 factum
3461 3342 3519 3398 id
3584 3353 3742 3413 putat

2166 3629 2218 3667 tv
2251 3627 2315 3668 ac
2343 3628 2394 3666 vr
2436 3619 2617 3664 contra
2685 3608 2847 3671 (3:18.,
2882 3621 3033 3662 num.
3061 3606 3151 3669 57,
3181 3621 3300 3676 pag.
3331 3604 3456 3676 §50,
3483 3614 3546 3658 et
3582 3621 3738 3660 num.

2156 3684 2248 3747 49,
2277 3700 2329 3749 p.
2361 3681 2482 3736 670.
2511 3680 2717 3749 Laudat
2741 3690 2796 3734 et
2829 3677 3102 3731 homiliam
3132 3674 3199 3749 15
3234 3674 3288 3749 in
3319 3674 3597 3738 Genetius,
3643 3678 3738 3731 bo-

2160 3746 2306 3807 milia
2339 3755 2404 3806 i9.
2441 3754 2495 3804 in
2533 3747 2812 3810 Numeros,
2844 3764 2992 3802 num.
3022 3749 3074 3812 1,
3099 3762 3150 3814 p.
3172 3746 3293 3800 312.

2233 3822 2342 3893 (12)
2366 3821 2430 3874 Ει
2447 3819 2702 3893 quomodo
2719 3819 3142 3893 tliﬂ'erant_opera
3161 3817 3223 3869 ab
3250 3815 3488 3893 operibus
3504 3831 3738 3893 om

2158 3895 2214 3945 in
2239 3885 2598 3946 Numerorum
2631 3885 2917 3950 libro,‘etc.
2959 3885 3026 3939 Id
3045 3901 3212 3955 genus
3239 3885 3617 3940 distinctionis
3653 3903 3741 3941 ex-

2158 3971 2265 4017 stat
2297 3960 2510 4016 liomilia
2537 3960 2724 4028 quinta
2756 3961 2812 4012 in
2848 3955 3109 4028 Numeros
3141 3970 3161 4007 :
3209 3956 3300 4010 sed
3333 3955 3452 4028 quis
3470 3970 3737 4028 asserere

2157 4042 2319 4101 queat
2351 4030 2522 4101 utrius
2543 4025 2718 4101 operis
2755 4027 2975 4101 pars_sit
3004 4027 3116 4080 haec
3142 4025 3431 4101 rapinam),
3469 4025 3735 4101 bomjhas

2163 4095 2278 4155 rum
2327 4117 2393 4153 an
2445 4095 2814 4152 srhuliormn?
2858 4095 3154 4162 Utrumque
3204 4095 3345 4148 enim
3385 4095 3524 4163 Opus
3551 4097 3734 4163 isimnl

2158 4170 2468 4240 permiscuit
2503 4167 2746 4240 Bullinus.
2785 4167 2840 4221 Si
2878 4166 3235 4228 homiliarum,
3273 4164 3401 4218 falsa
3424 4162 3520 4219 est
3545 4162 3733 4219 Huclii

2158 4238 2444 4299 Sententia,
2487 4238 2603 4292 illas
2635 4252 2822 4292 omnes
2849 4250 2967 4291 esse
3021 4250 3084 4288 ex
3115 4249 3298 4288 earmn
3345 4248 3572 4288 numero
3598 4251 3736 4303 quas

2157 4310 2508 4363 Adamantius
2554 4317 2672 4376 post
2717 4306 2890 4360 aetatis
2922 4320 3032 4358 suae
3079 4320 3278 4376 annum
3330 4305 3734 4374 sexagesimum

2157 4395 2222 4432 ex
2257 4393 2492 4448 tempore
2520 4375 2922 4445 pronuntiavit:
2960 4376 3005 4448 si
3033 4375 3381 4448 scholiorum,
3410 4377 3543 4427 nihil
3573 4379 3735 4445 equi-

2158 4452 2276 4504 dem
2296 4445 2408 4518 jam
2439 4449 2638 4501 vetabit
2666 4448 2950 4513 quominus
2980 4445 3285 4518 homiliaein
3317 4445 3588 4518 Numeros
3611 4460 3730 4513 pro-

495 4519 708 4588 mudnm
766 4517 820 4568 in
881 4517 1016 4588 libro
1069 4531 1212 4588 nono
1252 4517 1364 4588 ipse
1412 4517 1748 4588 signiﬁcabat
1779 4514 2055 4588 Origenes.
2090 4522 2134 4576 D
2163 4514 2417 4586 nuntiata:
2438 4517 2813 4588 existimentur
2842 4528 3121 4588 postquam
3142 4514 3600 4588 Origenesaztatis
3624 4531 3734 4568 sua

494 4587 660 4637 I’nrro
715 4599 833 4635 t'llllt
893 4586 1232 4638 Alexandria:
1279 4585 1463 4638 itidem
1520 4586 1682 4638 libros
1754 4585 1896 4652 Περὶ
1953 4585 2055 4652 ἀρ-

493 4654 617 4725 χῶν
642 4657 952 4725 composuit
979 4656 1347 4725 Adamantius
1368 4665 1566 4725 noster,
1591 4665 1896 4725 Autrumque
1920 4669 2057 4723 opus

495 4721 653 4776 s’imul
699 4725 871 4789 putuit
924 4723 1228 4775 lucubrare.
1258 4722 1462 4776 Deinde
1485 4739 1548 4776 ex
1579 4721 1817 4792 Origene
1856 4721 1971 4792 ipso
2007 4726 2057 4778 id

492 4810 657 4846 unum
688 4794 803 4845 erui
844 4801 1017 4860 potest
1054 4803 1162 4845 tres
1190 4794 1268 4846 vel
1303 4805 1533 4858 quatuor
1558 4797 1822 4846 duntaxat
1853 4798 1903 4845 in
1960 4793 2060 4847 Ge-

499 4866 662 4917 nesim
690 4863 992 4916 confecisse
1027 4873 1198 4916 tomos
1239 4875 1520 4930 antequam
1565 4864 1727 4915 libros
1771 4862 1911 4932 Περὶ
1959 4865 2061 4932 ἁρ-

495 4933 619 5001 χῶν
659 4933 953 4989 inclinaret.
997 4933 1126 4984 Nam
1182 4933 1294 4985 loca
1339 4932 1610 4986 Geneseos
1649 4948 1768 5001 qua:
1831 4939 1962 4986 citat
2009 4940 2058 4987 in

490 4975 645 5059 fibris
679 5003 814 5072 Περὶ
844 5001 1044 5072 ἀρχῶν
1072 5016 1320 5070 tanquam
1344 5003 1452 5069 jam
1482 5021 1508 5054 a
1542 5018 1599 5055 se
1617 4975 1761 5069 pi-‘ius
1793 5004 2057 5072 exposita,

497 5076 609 5130 lucc
640 5085 763 5125 sunt
795 5093 806 5125 :
844 5073 908 5124 In
952 5074 1204 5141 principio
1243 5072 1379 5125 Deus
1403 5073 1520 5140 [erit
1548 5074 1727 5125 malum
1755 5085 1800 5125 et
1834 5085 2059 5138 terram;

492 5154 549 5196 et
573 5145 672 5202 ista
705 5161 714 5193 :
751 5142 986 5207 Spiritus
1023 5143 1113 5194 Dei
1139 5143 1404 5209 ferebatur
1423 5159 1582 5211 super
1600 5159 1764 5211 aquas
1783 5142 1990 5212 (Cenes.
2015 5160 2055 5205 ι,

497 5217 550 5274 1,
584 5215 658 5280 ‘2).
695 5229 813 5280 quer.
846 5223 991 5266 certe
1018 5217 1082 5263 ad
1113 5212 1342 5280 priorem
1382 5222 1581 5264 tomum
1619 5212 1804 5266 referri
1844 5215 2058 5280 debent,

497 5284 761 5350 siquidem
789 5284 1058 5336 tertiusde
1083 5297 1245 5349 opere
1277 5294 1481 5348 quarta:
1518 5281 1620 5334 diei
1649 5284 1856 5350 agebat,
1889 5294 1946 5336 ut
1981 5286 2060 5334 in-

496 5354 634 5405 victe
657 5355 884 5419 probant
911 5353 1148 5417 ejusdem
1187 5363 1311 5404 tum:
1339 5351 1636 5420 lragmenta
1656 5368 1683 5402 a
1715 5353 1866 5405 nobis
1893 5353 2057 5406 edita.

496 5423 566 5474 At
611 5436 736 5474 vero
777 5422 840 5473 de
871 5439 1033 5491 opere
1063 5432 1227 5476 sext-.2
1266 5423 1391 5482 diei,
1424 5423 1562 5488 quod
1599 5421 1662 5473 ad
1702 5425 1947 5489 quintum
1978 5423 2058 5475 vel

499 5501 707 5543 sextum
742 5501 942 5545 tomum
999 5492 1181 5544 referri
1243 5492 1418 5552 debet,
1453 5493 1684 5543 nondum
1723 5507 1843 5545 emn
1885 5495 2060 5561 egisse

498 5571 793 5630 constatex
831 5561 946 5615 loco
978 5561 1069 5614 lib.
1111 5577 1127 5611 ι
1163 5561 1235 5613 De
1267 5563 1519 5629 princip.,
1553 5560 1741 5629 cap.2,
1773 5560 1938 5630 quem
1974 5564 2059 5615 hic

498 5631 716 5684 adducit
742 5629 986 5694 Iluetius,
1019 5646 1284 5698 quemque
1311 5630 1566 5683 haesitans
1599 5632 1867 5684 immerito
1893 5634 2061 5698 suspi-

503 5710 660 5751 catur
697 5714 726 5752 a
764 5702 1001 5753 librariis
1029 5702 1107 5752 vel
1134 5702 1200 5752 ab
1237 5702 1528 5768 interprete
1560 5699 1824 5764 vitiatum,
1859 5702 1945 5754 vel
1968 5710 2060 5755 de-

500 5771 660 5835 nique
687 5771 988 5836 signiﬁcare
1014 5772 1114 5822 alia
1139 5772 1379 5837 qumdam
1404 5772 1452 5823 in
1471 5769 1718 5823 Genesim
1745 5770 2058 5823 meditatum

501 5839 666 5907 luisse
705 5838 1449 5907 Origenem.Connuentarius
1470 5855 1598 5893 suos
1629 5839 1682 5889 in
1715 5837 1952 5892 Genesim
1978 5840 2058 5893 ci-

502 5916 579 5962 tat
618 5906 876 5982 Origenes
909 5909 1088 5964 TraCt.
1125 5909 1192 5964 ’55
1221 5909 1273 5961 iu
1310 5907 1498 5965 Matth.
1552 5924 1672 5982 pag.
1705 5907 1826 5974 921,
1861 5919 1912 5964 et
1963 5909 2054 5965 lib.

2163 4584 2358 4643 annum
2390 4587 2779 4655 sexagesimum
2816 4584 2992 4654 attigit
3019 4602 3035 4640 ;
3062 4586 3155 4655 sed
3185 4584 3236 4636 id
3269 4599 3370 4655 non
3404 4594 3554 4637 certo
3589 4587 3732 4655 erui-

2162 4667 2268 4722 tur,
2307 4669 2364 4711 ut
2386 4653 2701 4724 infra‘putat
2738 4653 3079 4718 Httetius,.ex
3127 4653 3437 4708 duodecima
3474 4655 3533 4724 in
3572 4653 3730 4708 lere-

2160 4730 2318 4781 mium
2354 4722 2590 4781 homilia.
2621 4726 2696 4779 lbi
2727 4727 2924 4793 quippe
2957 4724 3324 4778 tantummodo
3359 4724 3434 4776 ait
3462 4722 3733 4793 Origenes

2162 4813 2221 4852 se
2255 4799 2340 4850 ubi
2392 4800 2548 4850 linem
2598 4797 2804 4850 dicendi
2834 4796 3068 4855 fecisset,
3096 4794 3270 4846 adhuc
3317 4793 3622 4846 locuturum
3670 4797 3732 4847 de

2161 4867 2514 4920 Numerorum
2547 4866 2664 4919 loco
2689 4866 2780 4933 qui
2809 4866 3063 4934 legendus
3087 4874 3204 4917 erat
3243 4877 3260 4934 :_
3287 4864 3428 4934 quod
3460 4878 3594 4916 sane
3627 4881 3728 4934 non

2161 4937 2381 5003 impedit
2411 4932 3037 5006 quominusialias‘longe
3063 4944 3218 4988 antea
3249 4932 3502 4986 homilias
3531 4937 3585 4986 ιιι
3615 4932 3732 4986 Nu-

2161 5022 2329 5059 meros
2359 5007 2556 5060 habere
2591 5008 2843 5072 potuerit.

2231 5076 2342 5145 (15)
2403 5075 2770 5145 Expositione:
2816 5076 2872 5145 in
2904 5073 3201 5145 Leviticum
3241 5072 3450 5145 laudat,
3503 5082 3608 5145 etc.
3657 5073 3727 5126 Ex

2161 5143 2403 5214 ipsismet
2431 5147 2483 5198 in
2511 5143 2794 5197 Leuiticum
2837 5144 3079 5200 I-Iomiliis
3108 5145 3297 5213 prima,
3338 5143 3401 5214 3.7
3427 5145 3481 5202 5,
3511 5143 3565 5208 6,
3594 5145 3650 5209 7,
3698 5146 3731 5198 9

2158 5213 2212 5271 et
2246 5217 2330 5277 15.
2360 5217 2524 5284 liquet
2555 5216 2609 5268 1ο
2638 5230 2730 5266 eas
2759 5230 2877 5268 esse
2904 5214 3330 5281 extemporales;
3379 5213 3439 5266 2ο
3467 5214 3730 5268 Caesarea:

2162 5289 2212 5340 in
2244 5287 2526 5340 Palaestina
2553 5285 2717 5337 luisse
2745 5284 2996 5349 habitas;
3031 5284 3090 5337 5ο
3128 5285 3172 5337 si
3222 5299 3325 5337 non
3372 5300 3583 5347 omnes,
3620 5285 3726 5337 sal-

2159 5365 2264 5411 tem
2316 5372 2511 5410 nonam
2571 5355 2785 5408 homilia
2819 5356 3048 5421 quadam
3091 5371 3146 5408 in
3191 5353 3496 5415 Jeremiam,
3539 5365 3591 5408 et
3638 5357 3729 5405 de-

2158 5430 2349 5479 cimam
2377 5425 2951 5494 tertiamExpositimie
2981 5426 3034 5480 in
3069 5423 3333 5493 psalmum
3355 5439 3520 5479 cxvm
3552 5436 3730 5493 poste-

2159 5511 2329 5551 l'lOl'eS
2348 5510 2488 5550 esse.

2229 5565 2340 5639 (14)
2376 5565 2528 5639 ΔΩιιαε
2586 5563 3323 5639 ni/iil__aliud__e;rpositionir_
3346 5579 3532 5639 genus,
3574 5578 3726 5639 qua.

2157 5633 2526 5699 homileticum,
2555 5647 2660 5689 etc.
2714 5633 2851 5688 Ilinc
2888 5634 3018 5687 nihil
3049 5634 3240 5686 mirmn
3279 5634 3324 5686 si
3357 5635 3451 5684 lib.
3489 5648 3538 5685 vi
3570 5633 3726 5686 Coin-

2159 5713 2322 5758 ment.
2368 5708 2422 5757 in
2465 5704 2631 5773 Epist.
2685 5707 2752 5757 ad
2782 5704 2932 5759 Rom.
2969 5718 3116 5758 Itutn.
3146 5703 3198 5767 7,
3233 5718 3285 5770 p.
3325 5703 3452 5767 579,
3479 5703 3554 5755 ait
3587 5701 3722 5770 quod

2159 5775 2354 5843 legitur
2410 5775 2802 5829 Deuteronomii
2864 5789 2985 5831 xxv.
3021 5773 3075 5835 5.
3131 5775 3181 5828 id
3215 5773 3425 5842 plenius
3464 5783 3520 5827 et
3561 5775 3724 5826 [ustus

2159 5849 2270 5900 suis
2301 5845 2430 5900 locis
2465 5863 2582 5901 esse
2600 5847 3060 5915 pertractandum.
