3926 6528
236 429 353 487 1269

1228 422 1804 483 ORIGENIANORUM
1845 423 1973 480 LlB.
2009 422 2096 488 lli,
2136 420 2286 480 CAP.
2325 420 2413 476 IV.

3331 418 3463 474 l270

231 563 357 603 anno
385 547 583 604 Christi
630 549 758 615 208,
790 563 898 620 quo
923 557 1163 617 tempore
1214 547 1532 603 vicesimum
1564 547 1780 600 tertium
1811 550 1856 607 Α
1883 547 2112 617 primum
2161 557 2400 614 tempore
2440 542 2670 600 describi
2711 558 2900 615 passus
2939 553 3043 600 est.
3090 546 3168 604 De
3204 549 3457 607 lucubra-

227 638 383 694 ietatis
413 653 615 692 annum
647 642 841 710 agebat
869 638 1241 692 Adamantius.
1270 636 1477 707 Pugnat
1509 629 1637 689 illud
1660 651 1783 689 cum

230 723 510 778 rationibus
558 724 779 780 Eusebii
834 726 903 790 ⁷⁸,
945 724 1035 793 qui
1098 734 1209 779 tum
1267 740 1390 780 eum
1446 724 1784 794 Scripturam

228 814 478 869 illustrare
510 828 768 870 exorsum
827 815 1008 878 tradit,
1062 829 1185 870 cum
1217 815 1503 870 Antiochia
1555 812 1788 868 Alexan-

226 907 381 959 driam
412 922 668 962 reversus
691 916 801 973 est,
829 925 990 963 unum
1005 905 1116 976 jam
1145 916 1199 963 et
1231 907 1454 977 triginta
1490 921 1661 964 annos
1680 906 1788 961 cir-

226 999 348 1052 citer
374 1007 552 1053 natus.
587 999 733 1056 idem
779 1000 882 1055 alio
923 1000 1040 1055 loco
1070 1001 1254 1054 decem
1288 986 1403 1053 illos
1431 996 1787 1053 Commenta-

236 1091 424 1143 riorum
464 1091 520 1143 in
550 1089 828 1144 Canticum
860 1091 1026 1147 libros
1055 1090 1313 1146 Casarea
1347 1089 1642 1144 absolvisse
1668 1086 1790 1144 Ori-

224 1194 394 1250 geuem
422 1181 619 1246 refert,
655 1196 796 1252 quos
821 1184 873 1236 in
897 1182 1069 1237 altero
1096 1181 1413 1236 Atheniensi
1447 1195 1661 1235 secessu
1701 1177 1788 1231 iu-

222 1274 518 1327 clioaverat.
555 1273 641 1328 Ad
695 1274 991 1330 secundum
1026 1282 1207 1328 autem
1232 1272 1342 1342 jam
1376 1281 1433 1326 et
1458 1272 1790 1341 quinquage-

221 1366 404 1419 simum
438 1366 621 1421 atatis
646 1382 847 1420 annum
887 1373 1223 1436 pervenerat,
1256 1379 1380 1419 cum
1409 1364 1651 1418 Athenas
1690 1366 1788 1418 ite-

222 1471 323 1508 rum
350 1456 587 1523 repetiit.
613 1455 993 1525 Expositiones
1020 1454 1493 1523 pratereasuasin
1523 1452 1786 1516 Exodum,

218 1547 264 1601 in
292 1546 573 1602 Leviticum
608 1558 668 1604 et
721 1548 774 1601 in
804 1547 853 1601 Ν
863 1563 1071 1601 umeros
1115 1546 1219 1601 hoc
1256 1560 1421 1615 opere
1460 1545 1638 1599 laudat
1668 1545 1789 1600 Ori-

219 1653 386 1707 genes,
422 1653 560 1706 quas
594 1638 807 1693 nonnisi
829 1635 938 1705 jam
962 1647 1086 1691 natu
1108 1637 1368 1705 grandem
1390 1636 1638 1691 emisisse
1665 1650 1788 1690 cre-

219 1728 364 1784 dibile
383 1738 467 1783 est
499 1747 515 1783 :
544 1729 736 1785 laudat
762 1737 816 1785 et
846 1726 1208 1784 oratiunculas
1242 1728 1297 1782 in
1320 1728 1509 1781 librum
1533 1727 1786 1782 Iudicum

220 1833 245 1872 ι
274 1834 329 1875 se
355 1819 550 1884 editas,
608 1834 748 1889 quas
792 1834 898 1874 non
948 1820 1083 1875 alias
1116 1833 1238 1875 esse
1280 1826 1433 1889 puto,
1465 1834 1626 1888 quam
1667 1833 1786 1888 qua

1887 640 2122 696 tionibus
2158 640 2212 693 in
2246 637 2679 695 Ezccliielemita
2732 635 2919 692 scribit
2964 636 3156 694 Sixtus
3204 641 3462 701 Senensis

1886 731 1979 786 lib.
2008 746 2062 785 iv
2091 728 2339 784 Biblioth.
2371 744 2389 782 :
2421 747 2440 780 ι
2471 727 2606 782 Cum
2637 725 2862 782 Athenis
2894 725 3136 795 degeret,
3166 727 3277 796 jam
3307 747 3463 788 sexa-

1885 822 2105 893 genario
2135 819 2303 890 major
2333 819 2648 886 elaboravit,
2692 818 2921 874 Eusebio
2951 828 3107 885 teste,
3133 823 3189 876 in
3209 820 3462 882 Ezechie-

1886 916 1988 969 lem
2034 925 2207 970 tomos
2248 912 2433 982 viginti
2482 913 2740 983 quinque,
2770 927 2893 967 cum
2923 915 3074 982 prius
3106 915 3160 970 in
3208 921 3459 975 eumdem

1888 1008 2205 1077 prophetam
2245 1006 2494 1062 bomilias
2536 1005 2795 1075 plurimas
2815 1008 3071 1064 dedisset.
3097 1028 3118 1062 ι
3160 1009 3252 1067 Bis
3276 1024 3464 1083 peccat

1888 1096 2098 1163 Sixtus,
2145 1111 2270 1151 nam
2349 1110 2547 1150 annum
2596 1096 3104 1166 quinquagesimum
3165 1105 3461 1161 secundum

1889 1190 2506 1253 nondumexcesserat,
2559 1202 2682 1243 cum
2729 1189 2960 1245 alterum
3004 1192 3338 1253 Atheniense
3362 1200 3466 1254 iter

1888 1281 2146 1350 suscepit,
2199 1294 2260 1333 ut
2316 1279 2838 1347 demonstravimus;
2884 1297 2990 1352 quo
3026 1283 3222 1341 itinere
3257 1299 3466 1360 captos

1888 1376 1943 1429 in
1967 1372 2291 1428 Ezechielem
2319 1383 2490 1429 tomos
2514 1374 2742 1429 absolvit
2774 1390 2789 1429 :
2828 1376 3075 1432 bomilias
3098 1387 3275 1435 autem
3304 1399 3465 1438 sexa-

1888 1467 2109 1538 genario
2140 1464 2318 1535 major
2348 1465 2558 1526 habuit.
2582 1474 2640 1519 ut
2670 1475 2797 1536 pote
2821 1482 2939 1534 qua
2973 1482 3039 1522 ex
3059 1469 3268 1526 illarum
3290 1474 3466 1533 classe

1887 1557 2017 1622 siut,
2042 1570 2161 1625 qua
2188 1571 2312 1611 cum
2348 1556 2826 1626 pronuntiarentur
2853 1573 2918 1613 ex
2945 1560 3194 1626 amboue,
3231 1577 3262 1615 a
3308 1575 3468 1619 nota-

1887 1649 1984 1704 riis
2010 1649 2068 1702 in
2090 1649 2296 1703 litteras
2320 1649 2707 1706 referebantur.
2737 1649 3036 1722 Scripsisse
3067 1670 3281 1724 quoque
3313 1657 3464 1712 illum

1889 1739 2131 1795 nonnihil
2165 1739 2218 1794 in
2251 1739 2553 1802 Danielem,
2579 1741 2891 1810 priusquam
2924 1746 3299 1825 qponeudum
3333 1747 3468 1800 Mat-

1887 1831 2082 1885 thaum
2121 1832 2441 1900 susciperet,
2484 1832 2718 1887 ostendit
2770 1832 2898 1887 illud
2939 1849 2969 1888 e
3007 1833 3248 1891 Tractat.
3279 1838 3348 1894 29
3408 1840 3466 1894 in

219 1919 433 1963 exstant.
472 1908 620 1963 Num
647 1924 777 1979 ergo
811 1910 951 1965 levia
984 1909 1230 1980 quaedam
1258 1919 1315 1965 et
1344 1910 1500 1965 rudia
1526 1910 1635 1981 jam
1671 1922 1781 1965 tum
1818 1889 1858 1945 Β
1889 1921 2109 1985 Mam."
2138 1889 2396 1985 ηυιηξιίο,
2430 1889 2555 1993 pag.
2577 1921 2715 1977 860:
2741 1942 2759 1975 ι
2791 1920 3128 1990 Qum’antem
3164 1889 3467 1996 sequantui;

218 1999 512 2056 adolescens
544 1999 817 2055 effuderat
845 1998 1233 2064 Adamantius;
1269 2001 1576 2071 provectior
1609 2011 1782 2055 autem

217 2098 359 2145 atate
384 2105 523 2145 nova
565 2090 661 2145 illa
698 2092 1089 2147 commentaria
1115 2092 1276 2146 tomis
1314 2092 1498 2147 decem
1527 2093 1783 2146 distincta

217 2182 593 2238 edidit?Plane
613 2183 687 2237 ita
714 2194 830 2238 est:
865 2198 987 2237 nam
1016 2183 1193 2252 capite
1215 2183 1445 2252 septimo
1480 2181 1785 2236 Philocalia:

218 2258 558 2343 fragmentum
599 2274 907 2337 adducitur,
941 2275 1025 2327 cui
1056 2273 1347 2328 verhahac
1373 2274 1587 2342 prafixa
1631 2284 1780 2328 sunt:

225 2364 307 2418 Ἕκ
320 2364 410 2419 τοῦ
438 2367 527 2430 εις
554 2365 628 2418 τὸ
654 2361 858 2435 ᾋσμα
889 2365 1083 2437 μικροῦ
1113 2365 1301 2437 τόμου,
1324 2365 1382 2419 ὃν
1407 2368 1465 2421 ὲν
1484 2370 1549 2438 τῇ
1581 2366 1784 2439 νεότητι

216 2456 450 2529 {vasti/sv.
487 2477 506 2510 ε
538 2458 584 2512 E
626 2473 792 2526 parvo
822 2468 965 2513 tomo
990 2459 1044 2511 in
1072 2457 1367 2523 Canticum,
1389 2474 1546 2529 quem
1573 2459 1785 2529 juvenis

219 2549 437 2618 scripsit.
470 2568 489 2600 ι
528 2548 768 2603 Parvum
800 2549 946 2605 hunc
971 2550 1138 2620 igitur
1181 2558 1404 2614 tomum,
1435 2565 1594 2619 quem
1620 2550 1672 2603 in
1698 2548 1786 2618 ju-

217 2640 357 2693 vcnili
410 2648 576 2695 atate
636 2640 917 2701 emiserat.
999 2639 1248 2708 designat
1307 2640 1667 2710 Hieronymus
1730 2639 1782 2693 in

215 2728 464 2784 Froamio
489 2730 1025 2786 Commentariorum
1051 2731 1104 2785 in
1122 2729 1342 2784 Abdiam
1359 2744 1379 2781 :
1401 2730 1586 2786 decem
1606 2739 1783 2785 autem

214 2821 462 2875 volumina
502 2832 636 2875 natu
685 2822 946 2892 grandior
972 2822 1235 2877 elimavit.
1262 2822 1317 2876 id
1342 2823 1387 2877 si
1421 2823 1514 2891 sit,
1538 2823 1651 2893 jam
1701 2822 1785 2877 iu—

218 2910 462 2981 telligitur
514 2914 818 2968 Eusebium
844 2913 1027 2982 priora
1057 2913 1145 2967 illa
1180 2914 1484 2970 rudimenta
1518 2915 1662 2970 nullo
1689 2915 1784 2968 ha-

214 3005 380 3060 buisse
401 3021 660 3070 munero,
696 3018 994 3073 earumque
1024 3007 1284 3059 duntaxat
1314 3006 1668 3075 scriptionum
1688 2988 1782 3057 du-

217 3094 344 3150 xisse
403 3096 702 3159 rationein,
767 3109 899 3163 quas
946 3094 1162 3164 ingenio
1219 3104 1273 3149 et
1320 3097 1477 3150 annis
1522 3095 1783 3150 maturior

214 3183 459 3255 Origenes
494 3185 800 3239 accuravit.
854 3182 910 3236 In
959 3185 1176 3237 humilia
1209 3184 1378 3255 ipsius
1406 3185 1686 3240 undecima
1728 3187 1781 3239 in

213 3276 555 3341 Ezechiclcm,
591 3291 742 3330 num.
777 3276 831 3340 5,
877 3277 991 3331 hac
1020 3275 1207 3345 legas:
1251 3296 1269 3329 ι
1306 3277 1380 3331 Eo
1418 3285 1655 3344 tempore
1676 3293 1782 3346 quo

209 3365 485 3423 Jeremiam
549 3367 923 3437 exposuimus,
972 3382 1033 3422 ca
1100 3382 1219 3436 quae
1271 3366 1426 3421 nobis
1475 3367 1644 3435 gratia
1694 3367 1784 3421 Dei

209 3460 472 3514 orantibus
538 3459 695 3513 vobis
753 3456 945 3529 largita
1006 3468 1113 3522 est,
1170 3459 1285 3512 sive
1331 3465 1479 3512 certe
1517 3468 1788 3525 utcunque

211 3553 492 3616 sensimus,
532 3563 810 3619 exponere
842 3549 1018 3604 conati
1050 3564 1256 3605 suums.
1296 3566 1315 3600 ι
1349 3550 1487 3603 Ante
1515 3548 1675 3619 igitur
1697 3547 1789 3603 Je-

212 3646 415 3698 remiam
458 3646 856 3712 interpretatus
914 3652 1018 3705 est,
1054 3656 1213 3710 quam
1265 3641 1515 3695 homilias
1566 3640 1686 3695 illas
1731 3642 1787 3696 in

209 3735 533 3791 Ezechielem
579 3733 879 3788 habuisset.
926 3730 1038 3803 (15’)
1074 3731 1309 3787 Necdum
1333 3733 1493 3787 etiam
1525 3731 1787 3786 Numero-

211 3844 316 3882 rqu
350 3828 781 3898 explicationem
807 3824 982 3881 fuerat
1009 3839 1311 3896 aggressus,
1345 3838 1464 3879 cum
1497 3821 1785 3878 Jeremiam

207 3918 431 3976 homiliis
483 3920 808 3981 illustraret,
873 3929 931 3971 ut
956 3930 1023 3971 ex
1072 3917 1384 3970 duodecima
1445 3914 1784 3970 manifestum

206 4019 297 4065 est.
328 4009 382 4064 In
426 4008 613 4082 prima
650 4022 781 4062 vero
812 4022 916 4061 non
950 4005 1117 4060 multo
1141 4014 1266 4059 ante
1297 4018 1357 4061 se
1385 4020 1673 4059 enarrasse
1700 4020 1782 4060 os.

208 4103 363 4157 tendit
385 4099 722 4158 sententiam
763 4098 902 4152 hanc
919 4096 1270 4166 Sospitatoris
1303 4111 1319 4149 :
1348 4116 1368 4149 ι
1414 4094 1528 4149 Non
1551 4106 1632 4152 est
1657 4096 1790 4153 Pro-

207 4194 352 4262 pheta
376 4195 508 4249 sine
547 4192 775 4254 honore,
825 4188 932 4244 nisi
991 4189 1043 4242 in
1087 4189 1262 4259 patria
1289 4203 1419 4257 sua;
1456 4208 1475 4240 ι
1510 4205 1628 4258 qua
1663 4205 1784 4244 cum

212 4285 473 4340 habeatur
522 4282 717 4338 Matth.
768 4296 889 4345 xm,
936 4279 1026 4346 57,
1075 4280 1392 4349 prolixaque
1438 4280 1582 4335 illius
1608 4289 1789 4336 exstet

208 4375 581 4446 interpretatio
602 4375 654 4430 in
689 4384 833 4429 tomo
862 4388 931 4446 x,‘
959 4386 1106 4426 num.
1136 4369 1203 4425 i6
1222 4378 1278 4424 et
1309 4370 1374 4426 18
1417 4370 1785 4435 Coinmeutar.

213 4466 263 4518 in
283 4443 482 4520 Matth.
530 4466 598 4519 ad
633 4478 694 4518 ea
719 4462 905 4533 procul
923 4443 1096 4515 'duhio
1133 4459 1394 4530 Origenes
1417 4461 1650 4524 respexit
1681 4479 1694 4516 :
1721 4477 1788 4516 ex

1884 2013 1938 2067 in
1981 2021 2128 2069 textu
2167 2011 2426 2079 Danielis,
2476 2013 2618 2068 sicut
2669 2014 2963 2082 potuimus,
3016 2019 3388 2086 exposuimus.
3439 2038 3459 2071 ι

1883 2102 2007 2172 Agit
2044 2117 2238 2171 nempe
2263 2102 2330 2156 de
2354 2100 2588 2156 Dauielis
2609 2103 2785 2170 capite
2804 2118 2883 2168 lx,
2917 2085 3063 2160 vers.
3093 2085 3185 2162 97.
3220 2107 3464 2162 Diximus

1884 2190 2177 2247 Eusebium
2208 2191 2250 2221 ἰ
2287 2191 2598 2256 tradidisse,
2647 2191 2762 2260 jam
2813 2194 3167 2262 sexagenario
3203 2195 3460 2264 majorem

1883 2281 2165 2351 Origenem
2212 2281 2356 2336 circa
2400 2281 2539 2334 idem
2590 2290 2801 2350 tempus
2836 2283 3052 2338 Celsum
3094 2285 3383 2353 refellisse,
3406 2298 3464 2344 et

1883 2373 2158 2428 duodecim
2192 2372 2480 2441 prophetas
2500 2372 2834 2442 exposuisse.
2862 2373 3022 2431 Certe
3049 2376 3310 2447 Origenes
3356 2377 3458 2434 lib.

1884 2480 1956 2519 vn
2009 2474 2191 2519 contra
2227 2450 2622 2521 Celsfali‘ectos
2665 2467 2781 2537 jam
2830 2467 2999 2524 fuisse
3026 2467 3463 2527 Commentarios

1884 2571 2016 2611 suos
2039 2557 2091 2610 iu
2120 2555 2405 2610 duodecim
2431 2555 2646 2611 videtur
2672 2557 3003 2627 signiﬁcare,
3043 2570 3099 2616 et
3126 2562 3192 2615 ad
3221 2576 3315 2617 eos
3339 2578 3465 2631 per-

1885 2647 2141 2703 ﬁciendos
2194 2646 2432 2701 divinam
2470 2642 2627 2717 opem
2657 2650 2987 2720 implorare:
3017 2652 3092 2704 ait
3124 2653 3267 2707 enim
3308 2669 3462 2708 num.

1884 2737 1944 2791 Η
1984 2736 2172 2808 εΠλὴν
2230 2737 2324 2789 καὶ
2369 2738 2551 2807 ἡμεῖς,
2598 2736 2740 2790 κατὰ
2786 2738 2848 2791 τὸ
2882 2738 3106 2793 δυνατὸν
3150 2742 3306 2811 ἡμῖν,
3365 2759 3464 2795 πε-

1882 2821 2211 2891 ποιήκαμεν,
2265 2819 2355 2884 τὰ,
2415 2819 2491 2885 ὥς
2526 2837 2657 2892 φησι
2694 2821 2923 2887 Κέλσος,
2975 2824 3304 2897 stipato-cpe,
3368 2828 3464 2881 καὶ

1884 2908 2060 2981 πάντη
2116 2908 2287 2980 ἄδηλα
2339 2910 2477 2981 πρὸς
2535 2909 2680 2975 λέξιν
2760 2911 3179 2984 διηγησάμενοι,
3251 2918 3309 2970 ἐν
3348 2921 3464 2983 τοῖς

1882 3001 2381 3072 πραγματευθεϊσιν
2411 3003 2541 3073 ἡμῖν
2570 3005 2650 3065 εἰς
2684 3003 2776 3057 τὸν
2841 3003 3087 3070 Ἡσαΐαν,
3124 3009 3221 3062 καὶ
3257 3009 3338 3072 εἰς
3371 3009 3464 3066 τὸν

1894 3091 2170 3166 Ἰεζεκιὴλ,
2195 3093 2290 3146 καὶ
2314 3095 2392 3158 εἷς
2419 3111 2571 3158 τινας
2607 3095 2716 3149 τῶν
2773 3096 2999 3151 δώδεκα·
3049 3098 3184 3153 Θεοῦ
3214 3101 3272 3156 δὲ
3295 3102 3465 3157 διδόν-

1882 3202 1975 3247 τος
2018 3183 2116 3255 τὴν
2148 3187 2205 3237 ὲν
2222 3182 2297 3255 τῷ
2326 3176 2469 3256 λόγῳ
2510 3185 2672 3239 αὑτοῦ
2720 3190 3026 3260 προκοπὴν,
3058 3190 3179 3244 καθ’
3205 3193 3299 3256 οὓς
3337 3194 3464 3265 βού-

1883 3274 2033 3329 λεται
2057 3275 2283 3346 χρόνους
2312 3277 2736 3349 προστεθήσεται
2752 3280 2863 3342 τοῖς
2888 3280 2986 3353 ἤδη
3015 3282 3464 3355 ὑπαγορευθεῖσιν

1884 3372 1963 3433 εἰς
1980 3368 2172 3433 ταῦτα,
2199 3369 2318 3441 ἤτοι
2342 3370 2411 3423 τὰ
2448 3370 2721 3438 λείποντα,
2751 3372 2785 3442 ἢ
2816 3372 2916 3426 ὅσα
2962 3375 3013 3442 γ’
3054 3374 3120 3430 ἂν
3165 3377 3462 3452 φθάσωμεν

1887 3460 2199 3531 σαφηνίται.

1955 3549 2032 3606 De
2062 3550 2481 3609 Commentariis
2512 3551 2759 3625 Origeuis
2797 3553 2850 3609 in
2883 3555 3231 3627 Evangelium
3262 3572 3460 3614 secun-

1886 3643 2013 3697 dum
2064 3642 2268 3698 Lucam
2308 3643 2432 3698 silet
2474 3643 2758 3701 Eusebius.
2799 3645 2920 3717 ipse
2973 3657 3151 3704 tamen
3201 3648 3463 3721 Origenes

1887 3736 2017 3788 tom.
2058 3749 2171 3798 xvi,
2202 3734 2258 3789 in
2292 3733 2511 3795 Matt/1..
2540 3751 2689 3792 num.
2739 3737 2795 3803 9,
2823 3753 2945 3808 pag.
2974 3738 3100 3804 728,
3127 3755 3314 3795 eorum
3347 3756 3462 3797 me-

1886 3825 2064 3889 minit,
2103 3840 2225 3895 qua
2266 3836 2420 3881 antea
2469 3825 2644 3880 fuerat
2676 3827 2729 3881 in
2787 3828 2984 3884 Lucam
3034 3837 3461 3897 commentatus:

1887 3926 2068 3972 utrum
2101 3917 2639 3982 commentariorum,
2673 3934 2741 3973 an
2787 3918 3159 3985 homiliarum,
3187 3921 3460 3977 incertum

1886 4020 1993 4068 est.
2030 4013 2102 4066 At
2127 4020 2274 4067 tomo
2312 4024 2438 4075 xm,
2460 4027 2608 4066 num.
2639 4010 2730 4074 29,
2752 4025 2875 4081 pag.
2901 4012 3027 4077 610,
3048 4014 3293 4069 bomilias
3314 4015 3464 4083 ipsas

1887 4102 2209 4158 nominatim
2274 4101 2534 4156 laudavit.
2584 4103 2932 4172 Antiquiores
2987 4105 3187 4161 eadem
3246 4106 3465 4162 fuerunt
3554 4109 3556 4113 ’

1885 4191 2280 4260 posterioribus
2321 4190 2482 4246 tomis
2512 4191 2568 4245 in
2613 4190 2899 4259 Joannem,
2928 4202 2985 4246 ut
3022 4201 3149 4262 pote
3170 4209 3290 4264 qua
3316 4204 3464 4250 toruo

1887 4297 2062 4347 xxxn,
2086 4297 2234 4337 num.
2263 4281 2315 4348 1,
2344 4297 2465 4352 pag.
2484 4276 2991 4353 404,'appelientur.
3023 4283 3211 4340 Fuisse
3246 4301 3375 4340 vero
3394 4287 3465 4341 ab

1888 4373 2121 4444 Origene
2167 4374 2528 4444 conscriptas,
2592 4385 2880 4446 antequam
2929 4375 3140 4430 virilem
3198 4378 3465 4448 attigisset

1890 4474 2132 4533 atatem,
2184 4465 2425 4520 indicare
2456 4465 2671 4522 videtur
2704 4465 3090 4537 Hieronymus,
3130 4483 3253 4523 cum
3286 4471 3363 4523 ait
3404 4469 3462 4524 in

208 4572 307 4626 quo
327 4557 569 4615 elﬁcitur
605 4556 692 4611 his
725 4552 1141 4612 Commentariis
1184 4554 1506 4623 posteriores
1540 4568 1661 4610 esse
1692 4554 1788 4609 ho-
1816 4584 1861 4639 η
1889 4557 2116 4629 Prologo
2150 4558 2616 4628 interpretationis
2643 4574 2793 4614 sua:
2834 4578 2853 4611 ι
2904 4558 3100 4615 Fateor
3124 4560 3328 4632 itaque,
3367 4578 3467 4617 an-

207 4649 372 4705 milias
422 4650 486 4702 in
531 4645 860 4711 Jercmiam;
909 4658 1008 4698 nec
1038 4643 1202 4697 multo
1233 4654 1409 4697 taurea
1438 4644 1780 4714 posteriores,

205 4753 317 4794 eum
354 4751 487 4812 post
522 4752 725 4794 annum
757 4737 935 4792 atatis
962 4740 1354 4808 sexagesimum
1386 4736 1785 4791 Commentaria

206 4831 287 4886 illa
313 4831 769 4898 concinnaverit;
798 4830 1030 4885 homilia
1056 4841 1235 4886 autem
1260 4830 1360 4884 illa
1384 4844 1451 4883 ex
1481 4845 1666 4883 earum
1690 4844 1783 4897 ge-

206 4940 329 4983 nere
359 4928 498 4990 siut,
522 4939 663 4994 quas
697 4938 763 4979 ex
788 4931 1027 4993 tempore
1052 4922 1326 4985 recitatas,
1358 4938 1386 4976 a
1409 4922 1635 4978 notariis
1686 4922 1789 4977 hoc

1888 4659 2108 4722 tequam
2161 4651 2250 4708 ille
2300 4651 2545 4722 objiciat,
2591 4652 2644 4707 in
2676 4653 2759 4707 his
2797 4652 3085 4723 Origenem
3120 4654 3471 4718 tractatibus,

1890 4744 2282 4813 quasi.iterum
2315 4744 2437 4800 talis
2474 4743 2662 4799 ludere
2696 4761 2711 4797 :
2739 4744 2846 4798 alia
2888 4753 3016 4800 sunt
3044 4744 3222 4798 virilia
3248 4743 3385 4813 ejus,
3410 4754 3467 4798 et

1891 4836 2190 4892 senectutis
2240 4835 2404 4890 seria.
2449 4852 2469 4887 ι
2528 4834 2864 4890 Posteriores
2915 4835 3061 4901 ipsos
3109 4834 3164 4887 in
3202 4834 3465 4888 Joannem

1894 4936 2072 4983 tomos
2096 4925 2334 4983 secundo
2350 4925 2546 4981 itinere
2559 4925 2873 4980 Atheniensi
2891 4925 3166 4980 absolutos
3186 4925 3458 4982 existimo.

268 5093 314 5126 ⁸⁸
343 5089 550 5149 Euseb.
574 5087 669 5143 lib.
705 5103 759 5144 vr
784 5087 948 5152 Hist.,
997 5102 1118 5159 cap.
1143 5088 1234 5145 25.
1307 5087 1353 5120 ”
1381 5085 1577 5142 Euseb.
1594 5084 1689 5141 lib.
1717 5101 1772 5140 vt
1801 5082 1942 5139 Hist.
1970 5097 2089 5153 cap.
2122 5080 2211 5138 52.
2286 5079 2403 5120 “4"
2432 5079 2627 5135 Euseb.
2666 5079 2758 5135 lib.
2784 5094 2836 5133 vr
2863 5078 3027 5148 Hist,
3052 5094 3177 5150 cap.
3204 5080 3296 5138 36.

269 5253 381 5324 (15)
449 5250 697 5306 Necdum
748 5250 928 5324 aliaat
969 5248 1326 5324 Numerorum
1363 5249 1781 5324 explicationem

208 5319 372 5378 fuerat
406 5337 715 5393 aggressus,
748 5331 854 5393 etc.
882 5319 1163 5393 Manifeste
1210 5322 1304 5393 hic
1331 5319 1781 5393 sibi'coutrarius

205 5403 286 5448 est
306 5388 712 5447 illustrissimus
742 5389 1002 5461 _l_inetius.
1034 5390 1168 5461 Nam
1198 5388 1480 5461 Origenes,
1516 5398 1575 5444 ut
1622 5390 1782 5459 paulo

207 5478 360 5529 supra
393 5462 565 5517 refert
594 5462 712 5528 ipse
741 5458 987 5523 Huetius,
1018 5461 1073 5514 iu
1107 5458 1337 5530 Prologo
1356 5458 1788 5516 Commentario-

211 5548 323 5587 rum
358 5534 413 5586 in
458 5531 742 5585 Canticum
778 5531 1122 5594 canticorum,
1146 5545 1284 5598 quos
1332 5532 1384 5585 iu
1416 5531 1587 5584 altero
1607 5530 1778 5584 Athe-

211 5602 380 5656 nieusi
400 5616 645 5663 secessu,
678 5613 870 5668 nempe
891 5614 1032 5654 anno
1054 5602 1225 5655 atatis
1255 5615 1364 5654 sua
1394 5599 1776 5669 quinquagesi-

207 5686 292 5726 mo
316 5673 553 5726 secundo
588 5669 958 5731 inchoaverat,
986 5684 1111 5724 suas
1149 5671 1206 5723 in
1242 5669 1500 5724 Numeros
1531 5669 1778 5737 explica-

211 5742 382 5796 tiones
400 5747 696 5807 memorat,
721 5751 821 5793 nec
838 5738 1026 5793 dicere
1044 5739 1170 5794 licet
1193 5739 1476 5808 Prologum
1496 5738 1641 5808 hunc
1660 5738 1777 5792 lou-

206 5826 266 5877 ge
294 5810 906 5878 postabsolutumgopus
935 5809 1100 5862 fuisse
1126 5807 1513 5878 conscriptum.
1546 5807 1773 5877 Quipote

208 5877 363 5946 igitur
401 5882 494 5939 hic
541 5877 821 5936 concludit
862 5877 1086 5935 Huetius
1135 5877 1362 5935 necdum
1416 5877 1771 5934 Numerorum

1868 5602 1991 5662 set,
2018 5594 2084 5653 de
2124 5594 2544 5653 sacerdotalibus
2594 5594 3080 5659 benedicuonibus,

1884 5248 2296 5320 explicationem
2319 5260 2631 5320 aggressum
2653 5244 2820 5300 fuisse
2844 5243 3290 5320 Origeuem,_c_um
3308 5247 3457 5320 ξατο.

1887 5315 2050 5373 ιηῖειιῐι
2075 5318 2308 5373 homiliis
2336 5316 2646 5376 illustraret,
2675 5331 2814 5388 quas
2840 5315 3132 5387 (bomilias)
3161 5316 3356 5373 Huetio
3376 5319 3459 5388 jn-

1885 5389 2025 5453 dice,
2058 5399 2181 5458 post
2209 5402 2419 5458 annum
2444 5386 2927 5458 sexagesimumex
2956 5386 3196 5458 tempere
3221 5386 3457 5455 pronun-

1883 5454 2072 5513 tiaviti
2092 5459 2297 5512 Revera
2330 5457 2423 5524 qui
2448 5457 2549 5510 lem
2587 5455 2807 5510 homilia
2840 5455 2899 5524 in
2938 5454 3226 5510 laciniam
3253 5458 3454 5513 duode-

1884 5529 2023 5583 cima
2046 5527 2310 5597 promittit
2337 5523 2596 5595 Origenes
2623 5538 2703 5590 se,
2733 5524 2823 5579 ubi
2853 5523 3015 5579 finem
3043 5526 3252 5582 dicendi
3289 5527 3450 5583 fecis-

1885 5607 1991 5649 set.
2018 5599 2084 5649 de
2124 5594 2544 5649 sacerdotalibus
2594 5594 3080 5649 benediCtionibus.
3116 5610 3234 5649 uua:
3261 5597 3312 5649 in
3344 5594 3450 5649 Nu-

3154 5610 3234 5648 ua:
3261 5613 3312 5651 ΙΙΙ
3344 5610 3450 5649 Νη-

1884 5669 2051 5722 meris
2078 5668 2445 5732 continentur,
2463 5666 2641 5718 adhuc
2670 5662 3011 5731 locuturum;
3053 5662 3147 5720 sed
3179 5665 3308 5719 illud
3344 5683 3448 5721 non

1883 5737 2108 5807 impedit
2155 5737 2445 5807 quominus
2487 5733 2837 5807 aliasgiouge
2873 5743 3038 5807 antea,
3080 5736 3330 5791 bomilias
3396 5739 3461 5790 ire

1884 5802 2146 5933 .Nulgncros
2172 5802 2391 5864 "habere
2447 5802 2703 5877 potuerit.
2742 5803 2870 5859 Vide
2903 5803 3159 5861 Mouitum
3211 5818 3454 5866 nostrum

1884 5895 1938 5933 in
2015 5892 2246 5933 umeros.
2518 5890 2521 5891 '
3104 5914 3110 5924 ι
3154 5911 3163 5921 -

1884 5895 1938 5934 In
1966 5892 2246 5937 numeros.
3104 5914 3110 5924 ε
3154 5911 3163 5921 ι
