3926 6532
191 467 310 523 ms
354 539 357 542 _

1309 461 1884 523 ORIGENIANORUM
1922 461 2284 520 APPENDIX.

3303 465 3444 521 1274

188 585 303 648 lum,
341 583 655 640 Adamantii
707 586 904 640 famam
948 586 1115 641 veluti
1165 585 1309 640 furto
1356 585 1760 655 subripuerint;
1793 589 1841 646 Α
1877 583 2068 639 beatus
2096 583 2383 638 duodecim
2413 581 2604 638 diebus
2637 596 2799 652 supra
2845 590 3014 639 testas
3053 582 3316 652 pollineas
3347 600 3443 638 ex-

189 678 479 744 bibliopula:
525 679 696 732 etiam
749 681 1018 735 mercibus
1051 680 1163 733 suis
1188 679 1527 733 venditandis
1551 686 1760 748 empto-

193 783 290 821 rem
321 768 589 832 hiantem,
641 768 824 823 fucata
871 769 970 822 hac
1007 769 1366 836 inscriptione
1415 767 1753 822 induxerint.

191 856 285 911 Has
311 857 530 925 quidem
576 857 650 912 ob
705 874 896 912 causas
943 857 1237 927 aliquando
1279 857 1574 927 contigisse
1608 871 1754 922 reor,

189 955 239 997 ut
288 945 341 996 in
395 944 655 1015 Origeuis
708 948 964 1001 familiam
1014 948 1180 1018 spurii
1233 947 1552 1001 transierint
1598 945 1755 1012 libri;

189 1045 237 1090 at
282 1035 626 1106 frequentius
665 1039 828 1093 etiam
883 1039 1025 1094 idem
1069 1039 1320 1094 evenisse
1377 1047 1508 1107 puto
1555 1037 1638 1090 vel
1687 1051 1754 1090 ex

191 1127 524 1182 librariorum
579 1131 891 1196 oscitantia,
923 1131 1136 1184 nomina
1167 1130 1474 1184 nominibus
1505 1143 1756 1183 commu-

190 1220 439 1284 tantium;
472 1222 564 1275 vel
602 1236 672 1275 ex
718 1223 1032 1277 criticorum
1089 1221 1336 1283 audacia,
1385 1222 1600 1288 quidvis
1651 1221 1754 1276 sibi

186 1311 334 1368 licere
366 1314 419 1367 in
451 1314 664 1370 litteris
695 1316 1020 1383 putantium.
1059 1313 1173 1369 l-luc
1200 1315 1429 1369 accessit
1452 1313 1596 1382 quod
1636 1312 1756 1381 plu-

186 1403 336 1458 rimas
403 1401 672 1476 Origenis
731 1407 1062 1476 scriptiones
1119 1407 1361 1460 studiose
1413 1403 1757 1458 abolentibns

178 1497 340 1564 ipsius
373 1497 722 1552 adversariis
772 1509 827 1551 et
874 1496 1283 1562 defensoribus;
1330 1497 1414 1552 his
1447 1496 1664 1567 quidem
1700 1504 1758 1548 nt

181 1592 286 1659 ejus
317 1606 558 1657 errores,
594 1592 705 1648 illis
755 1603 814 1646 ut
847 1591 1104 1660 przeclara
1140 1589 1256 1657 ejus
1284 1604 1450 1659 Opera
1495 1589 1758 1644 invidiose

176 1684 439 1749 celarent;
474 1685 684 1739 multas
724 1683 1032 1754 viceg'versa
1089 1683 1494 1738 lucubrationes
1541 1681 1756 1750 utrique

186 1775 386 1846 paribus
415 1779 486 1831 de
515 1777 705 1830 causis
746 1777 948 1830 nomini
1004 1777 1171 1846 ipsius
1222 1775 1599 1830 subdiderunt.
1644 1773 1755 1828 Nos

182 1884 297 1922 vero
321 1879 614 1938 postquam
646 1867 1104 1937 Origenianorum
1159 1867 1485 1935 scriptorum
1525 1882 1752 1920 examen

186 1961 334 2014 semel
378 1961 750 2029 suscepimus,
783 1961 848 2014 ad
888 1969 1130 2014 nostram
1180 1960 1458 2029 pertinere
1498 1958 1752 2011 duximus

181 2069 369 2118 currant,
402 2069 536 2108 suos
567 2054 616 2108 ei
653 2052 793 2107 fetus
821 2053 1086 2123 legitimos
1119 2054 1424 2117 restituere,
1450 2051 1592 2121 quod
1619 2051 1752 2105 hac-

189 2155 329 2198 tenus
386 2144 1072 2213 fecimus;supposititios
1124 2159 1254 2198 vero
1298 2160 1364 2198 ex
1391 2143 1508 2214 ejus
1554 2144 1752 2199 familia

181 2252 474 2306 segregare,
504 2236 658 2306 quod
682 2236 993 2305 Appendice
1025 2237 1125 2291 ista
1167 2237 1361 2290 facturi
1399 2251 1606 2291 sumus.

240 2327 298 2380 ll.
342 2325 398 2379 ln
455 2327 658 2381 Latina
725 2324 979 2396 Origenis
1031 2327 1270 2381 editione
1323 2328 1519 2393 duplex
1581 2342 1752 2397 genus

178 2417 706 2474 Commentariorum
745 2419 799 2471 in
857 2419 1046 2472 librum
1096 2416 1199 2471 Job
1251 2421 1537 2487 reperitur.
1596 2417 1752 2472 Prius

181 2512 226 2566 in
268 2523 374 2568 tres
428 2513 735 2567 discretum
782 2521 864 2564 est
903 2510 1092 2575 libros,
1139 2520 1192 2566 et
1250 2511 1356 2564 duo
1404 2511 1583 2580 priora
1630 2509 1750 2566 Jobi

181 2605 336 2673 capita
401 2621 530 2659 cum
584 2603 732 2658 tertii
792 2602 1040 2671 portione
1090 2603 1487 2673 complectitur,
1537 2605 1605 2658 ab
1671 2605 1753 2657 in-

178 2705 312 2750 certo
343 2697 653 2766 interprete
684 2695 984 2750 Latinitate
1014 2694 1282 2750 redditum
1314 2713 1328 2749 :
1357 2696 1626 2764 posterius
1671 2706 1752 2749 to-

182 2799 281 2842 tum
330 2789 692 2858 persequitur
714 2787 832 2842 Jobi
865 2788 1082 2853 librum,
1113 2797 1168 2842 et
1191 2787 1443 2843 brevibus
1475 2802 1752 2842 commen-

181 2879 370 2934 tariolis
412 2880 658 2950 (scholia
707 2897 873 2952 prope
907 2882 1135 2952 dixeris)
1170 2883 1417 2951 exponit,
1445 2890 1499 2936 et
1528 2879 1750 2935 Joachi-

180 2991 308 3030 unum
392 2972 722 3030 Perionium
789 2976 1141 3045 interpretem
1223 2974 1407 3028 habet.
1493 2972 1749 3042 Spurium

177 3077 455 3138 utrumque
501 3084 670 3138 opus,
713 3077 768 3122 et
807 3068 1204 3124 emendicatum
1255 3065 1506 3135 Origenis
1557 3081 1748 3120 nomen

179 3158 296 3213 falso
337 3160 586 3227 jactans.
632 3158 841 3212 Prioris
870 3169 1021 3213 certe
1054 3158 1225 3228 stylus
1265 3155 1582 3227 Origeniani
1631 3155 1749 3210 dis-

177 3252 352 3307 similis
394 3264 521 3317 est;
579 3254 774 3307 creber
813 3253 1010 3322 quippe
1046 3252 1182 3304 artis
1228 3250 1480 3305 oratoriae
1528 3249 1744 3317 figuris;

178 3341 352 3410 quales
381 3346 433 3396 in
470 3342 644 3396 tomis
676 3342 850 3396 nullas
891 3341 1127 3394 admittit
1160 3339 1442 3410 Origenes,
1475 3354 1582 3393 non
1614 3339 1750 3392 mul-
1777 3312 1820 3368 θ

177 3444 246 3486 tas
299 3435 349 3486 in
391 3432 664 3487 homiliis.
711 3433 984 3500 Discrepat
1016 3447 1231 3502 quoque
1271 3431 1594 3486 sententiis:
1627 3446 1748 3484 nam

176 3523 261 3577 lib.
282 3540 317 3577 ιι
347 3523 640 3579 Christum
675 3523 751 3576 ait
781 3524 1106 3591 praedicasse
1133 3523 1304 3575 trilms
1334 3521 1492 3574 annis
1516 3529 1570 3575 et
1594 3520 1752 3574 dimi-

175 3611 284 3677 dio;
337 3628 462 3664 cum
521 3611 787 3680 Origenes
838 3612 931 3664 lib.
991 3627 1042 3665 tv
1081 3611 1218 3679 Περὶ
1262 3609 1482 3679 ἀρχῶν,
1543 3625 1663 3676 cap.
1698 3610 1750 3674 1.

175 3711 309 3752 nunt.
343 3697 399 3764 5,
439 3709 497 3753 et
532 3700 722 3753 boutil.
762 3699 850 3766 52,
893 3700 946 3752 in
973 3698 1130 3765 Lua,
1169 3716 1312 3753 anno
1345 3701 1604 3754 duntaxat
1646 3716 1752 3754 uno

173 3801 283 3840 eum
311 3789 526 3857 aliquot
580 3789 860 3844 mensibus
893 3789 942 3842 id
975 3790 1217 3844 muneris
1243 3789 1516 3844 Christum
1551 3790 1754 3846 obiisse

175 3878 329 3934 dicat.
360 3881 491 3936 Post
521 3883 743 3934 Arianae
795 3881 1066 3936 haereseos
1101 3891 1346 3935 exortum
1381 3882 1668 3950 prodiisse,
1699 3893 1755 3937 et

174 3971 459 4030 abAriano
511 3974 737 4041 quidem
788 3971 954 4028 fuisse
1007 3973 1266 4041 scriptum
1303 3973 1590 4028 manifeste
1638 3974 1755 4029 haec

174 4063 421 4117 evincunt
439 4063 488 4094 "
520 4080 535 4116 :
568 4081 588 4114 ι
619 4061 744 4115 Tria
787 4078 990 4116 cornua
1031 4063 1158 4115 fecit
1210 4061 1458 4116 diabolus
1485 4060 1538 4114 in
1567 4069 1751 4131 typum

173 4164 324 4223 atque
385 4159 624 4226 figuram
692 4156 974 4225 trionyma:
1030 4155 1176 4209 illius
1241 4165 1432 4216 secta},
1485 4154 1756 4223 triumque

177 4244 387 4299 deorum
437 4242 692 4309 hmresis,
750 4260 870 4314 qua:
921 4245 1234 4300 universum
1265 4247 1451 4300 orbem
1509 4255 1670 4298 terra:
1701 4247 1752 4298 in

174 4339 379 4392 modum
444 4339 800 4392 tenebrarum
858 4338 1106 4408 replevit,
1140 4353 1260 4408 qua:
1313 4337 1552 4404 Patrem,
1584 4349 1638 4392 et
1667 4337 1755 4392 Fi-

175 4427 318 4492 lium,
353 4441 410 4484 et
440 4429 712 4498 Spiritum
744 4439 994 4482 sanctum
1027 4429 1320 4497 aliquando
1357 4439 1614 4496 tanquam
1647 4438 1756 4484 tres

173 4522 312 4587 colit,
358 4537 758 4590 nonnunquam
817 4537 982 4575 unum
1037 4521 1250 4584 adorat,
1299 4522 1754 4589 quemadmodum

1866 686 2075 744 tensus,
2111 679 2270 733 tertia
2294 679 2504 734 decima
2543 679 2630 734 die
2661 687 2746 734 est
2777 687 3212 742 consummatus,
3245 677 3444 746 aliique

1861 769 2130 825 innumeri
2187 773 2364 826 sancti
2428 781 2697 844 martyres
2756 773 2950 826 eodem
3004 772 3162 826 modo
3211 781 3440 827 mortem

1862 872 2209 920 transeuntes
2245 867 2601 920 consummati
2645 874 2790 920 sunt.
2818 884 2836 918 ι
2886 866 2961 920 Ex
3021 866 3216 936 quibus
3261 869 3462 936 conje-

1859 967 2006 1010 etura
2039 957 2207 1012 ducor
2235 959 2300 1012 ad
2333 960 2712 1027 suspicandum
2735 961 2914 1028 operis
2951 959 3117 1027 hujus
3156 970 3438 1016 auctorem

1859 1061 1926 1101 ex
1964 1062 2030 1102 eo
2057 1063 2177 1102 esse
2203 1064 2399 1119 genere
2432 1051 2779 1113 Arianorum,
2819 1050 2909 1120 qui
2943 1050 3165 1105 Luciani
3196 1052 3440 1122 discipu-

1859 1136 1938 1190 los
1965 1152 2084 1192 Sese
2101 1139 2509 1206 profitebantur,
2533 1152 2584 1195 et
2603 1141 2923 1198 Lucianistas
2948 1144 3051 1197 dici
3071 1143 3343 1198 amabant.
3368 1144 3443 1199 De

1858 1227 1942 1282 his
1959 1230 2030 1282 ita
2057 1230 2382 1297 Epiphanius
2401 1231 2531 1285 lraar.
2555 1249 2870 1303 uxvt,cap.
2889 1236 2952 1289 ὅτ
2973 1233 3033 1288 Οἱ
3053 1235 3272 1306 μὲνγὰρ
3291 1235 3440 1290 ἄλλοι

1855 1320 1964 1373 τῶν
2001 1322 2291 1393 Ἀρειανῶν
2319 1322 2426 1376 τῶν
2451 1325 2558 1378 ἀπὸ
2580 1326 2883 1380 Λουκιανοῦ
2903 1344 2987 1392 τε,
3021 1330 3115 1381 καὶ
3133 1329 3442 1400 Ὠριγένους

1857 1411 2125 1466 λαϐόντων
2160 1414 2258 1485 τὴν
2288 1415 2582 1486 πρόφασιν,
2619 1418 2905 1486 γεγονότες
2934 1418 3442 1492 ἆμαἈστερξῳτινὶ

1859 1505 1966 1558 ἀπὸ
2000 1507 2271 1574 σοφιστῶν
2305 1509 2439 1572 ὄντι,
2471 1509 2760 1564 ἐκπεσόντι
2795 1529 2853 1564 τε
2899 1514 2958 1565 ὲν
3005 1511 3084 1584 τῷ
3111 1512 3338 1584 διωγμῷ
3361 1513 3441 1585 τῷ

1856 1595 1950 1648 ἐπὶ
1979 1596 2324 1669 Μαξιμιανοῦ
2370 1601 2644 1669 γεγονότι.
2707 1621 2724 1653 ι
2753 1603 2854 1656 Alii
2889 1603 3032 1658 enim
3083 1619 3149 1658 ex
3197 1606 3440 1668 Arianis,

1857 1689 1924 1742 iis
1955 1689 2045 1759 qui
2090 1708 2117 1743 a
2156 1692 2395 1746 Luciano
2423 1702 2476 1747 et
2505 1694 2737 1763 Origene
2765 1697 3072 1750 doctrinam
3107 1712 3260 1751 suam
3284 1713 3441 1752 acce-

1857 1791 2073 1849 perant,
2110 1783 2381 1850 conjuncti
2431 1787 2644 1840 Asterie
2693 1787 2903 1842 cuidam
2943 1789 3008 1843 de
3042 1805 3204 1860 grege
3247 1791 3438 1860 SOphi-

1868 1877 2101 1935 starum,
2137 1873 2226 1939 qui
2256 1873 2309 1926 in
2343 1875 2715 1941 persecutione
2755 1875 3066 1930 Maximiani
3093 1892 3120 1930 a
3157 1877 3259 1932 fide
3287 1879 3438 1933 defe-

1859 1969 2029 2015 cerat.
2057 1981 2075 2012 ι
2109 1961 2454 2033 QuaprOpter
2482 1965 2692 2030 Ariani,
2725 1965 2916 2020 deinde
2949 1966 3272 2022 Lucianistsn
3305 1983 3442 2022 nun-

1855 2051 2036 2120 cupati
2084 2063 2230 2117 sunt,
2269 2061 2326 2106 ut
2372 2064 2598 2123 apparet
2648 2072 2713 2109 ex
2778 2056 2946 2111 Mario
2981 2057 3259 2114 Victorino
3294 2060 3438 2116 lib.t

1855 2143 2104 2196 adversus
2131 2143 2385 2198 Arianae.
2415 2145 2516 2212 Qui
2553 2158 2731 2201 autem
2758 2147 3067 2203 Coluthiani
3092 2151 3433 2220 appellabano

1859 2242 1966 2296 tur,
2001 2249 2105 2288 non
2143 2250 2172 2288 a
2207 2233 2447 2289 Luciano
2488 2237 2579 2290 illo
2627 2248 2916 2294 traxerunt
2963 2256 3180 2308 nomen,
3231 2253 3289 2296 ut
3318 2244 3440 2312 opi-

1865 2325 1978 2376 nati
2008 2333 2131 2378 sunt
2161 2325 2404 2394 quidam,
2438 2326 2532 2382 sed
2577 2343 2605 2381 a
2649 2327 2881 2383 Colutbo
2923 2331 3281 2386 hazresiarcha
3323 2333 3437 2385 Arii

1852 2413 2025 2476 socio,
2048 2413 2200 2481 cujus
2246 2416 2864 2487 meminittEpiphanius
2906 2420 3033 2475 hatr.
3061 2436 3210 2484 thx,
3235 2436 3356 2489 cap.
3382 2421 3437 2476 2.

1859 2506 2278 2576 Distinguantur
2317 2523 2482 2579 porro
2520 2510 2572 2565 hi
2605 2510 2932 2568 Luciauistze
2984 2515 3048 2567 ab
3092 2515 3211 2568 aliis
3253 2513 3444 2568 Lucia-

1857 2599 2038 2664 nistis,
2073 2599 2296 2655 Luciani
2351 2601 2632 2670 cujusdam
2668 2604 2994 2673 antiquioris
3055 2615 3110 2660 et
3154 2605 3442 2661 Marcionis

1858 2689 2137 2760 discipulis
2170 2729 2186 2754 ,
2218 2691 2368 2759 cujus
2411 2692 2663 2749 haeresim
2695 2693 3034 2764 Epiphanius
3079 2698 3439 2766 persequitur.

1857 2781 2192 2850 Scriptorem
2249 2785 2408 2836 trium
2465 2782 2728 2838 librorum
2800 2785 2856 2837 in
2916 2783 3134 2850 Jobum,
3181 2785 3440 2840 Latinum

1851 2873 2129 2926 existimat
2150 2871 2428 2936 Erasmus,
2460 2886 2694 2942 cumque
2716 2889 2839 2929 esse
2869 2875 3228 2931 Maximinum
3257 2877 3442 2933 hario-

1852 2961 2012 3026 latur,
2057 2963 2211 3032 cujus
2255 2973 2472 3017 exstant
2502 2965 2899 3034 disputationes
2955 2983 3075 3020 cum
3106 2967 3438 3038 Augustino;

1857 3051 2087 3107 «Fuisse
2122 3052 2397 3120 Latinum,
2438 3054 2636 3124 inquit,
2686 3057 2948 3124 inprimis
2986 3059 3100 3127 ipse
3125 3059 3310 3127 operis
3336 3077 3432 3131 guc

1851 3155 1970 3200 stus
2005 3146 2206 3200 indicat
2229 3164 2241 3199 :
2265 3147 2352 3200 vix
2383 3147 2529 3201 enim
2562 3148 2852 3220 quisquam
2894 3150 2967 3202 ita
2991 3151 3283 3205 commode
3316 3167 3438 3205 ver-

1853 3240 1915 3293 tit
1939 3237 2148 3305 Graeca,
2181 3247 2238 3292 ut
2269 3240 2444 3293 oratio
2473 3239 2660 3293 Latina
2691 3256 2794 3294 non
2864 3242 3036 3311 sapiat
3065 3241 3260 3296 alicubi
3286 3257 3437 3298 suam

1853 3334 2141 3401 originem.
2193 3331 2590 3400 Interpretatur
2641 3334 2912 3386 interdum
2964 3331 3184 3386 Graecas
3251 3347 3436 3400 voces,

1854 3425 1948 3478 sed
1976 3425 2050 3478 ita
2087 3433 2146 3478 ut
2177 3423 2431 3478 Latinum
2465 3438 2731 3494 agnoscas
2757 3441 2772 3478 :
2803 3424 2964 3478 veluti
2998 3440 3120 3477 cum
3149 3423 3309 3477 docet
3339 3439 3438 3478 nos

1855 3514 1988 3584 quid
2021 3523 2076 3567 et
2107 3513 2283 3582 qualis
2306 3514 2378 3566 sit
2401 3514 2742 3569 adamantus.
2778 3531 2797 3564 ι
2828 3513 2918 3567 Sic
2943 3527 3000 3567 se
3042 3514 3202 3567 habet
3234 3513 3324 3568 ille
3355 3513 3438 3568 lo-

1853 3620 1951 3660 cus
1968 3605 2052 3658 “z
2096 3623 2117 3656 ι
2145 3605 2384 3659 Adamas
2417 3619 2549 3660 vero
2582 3605 2965 3674 interpretatur
3004 3621 3068 3659 ex
3113 3605 3299 3660 Graeca
3332 3606 3439 3660 liu-

1853 3713 1977 3770 gua.
2015 3697 2375 3763 indomabilis,
2413 3695 2736 3762 inﬂexibilis,
2797 3698 3236 3761 incommirmtus,
3269 3716 3289 3750 ι
3319 3706 3428 3752 etc.

1853 3790 2066 3845 Addere
2111 3800 2322 3859 paterat
2358 3797 2414 3844 et
2458 3788 2684 3843 alterum
2725 3804 2886 3858 supra
2932 3804 2961 3842 a
3005 3789 3160 3843 nobis
3189 3791 3440 3858 deprom-

1860 3892 2032 3951 ptum,
2065 3896 2172 3951 quo
2220 3881 2356 3935 ludit
2389 3881 2442 3934 in
2488 3894 2623 3936 voce
2657 3879 2952 3946 Luciauus,
2986 3895 3219 3949 eumque
3251 3896 3280 3934 a
3309 3882 3427 3937 luce

1855 3975 2057 4028 dictum
2084 3975 2294 4030 scribit.
2323 3975 2548 4030 Erasmo
2579 3976 2788 4028 assensi
2815 3984 2940 4028 sunt
2972 3967 3242 4028 Robertus
3263 3973 3438 4029 Cocus

1859 4067 1910 4120 in
1944 4066 2206 4130 Censura,
2245 4076 2301 4122 et
2329 4068 2639 4121 Edmundus
2683 4066 2998 4121 Albertinus
3053 4067 3104 4120 in
3154 4080 3318 4135 Opere
3358 4066 3438 4121 De

1855 4169 2182 4213 sacramento
2239 4158 2596 4212 Eucharislia’.
2619 4159 2685 4212 ³⁷.
2726 4158 2831 4212 Sed
2879 4160 3002 4226 quis
3059 4158 3235 4212 nescit
3270 4159 3438 4213 inter-

1859 4263 2070 4321 pretum
2110 4251 2418 4314 audaciam,
2454 4261 2739 4304 auctorum
2774 4248 3122 4303 sermonibus
3165 4265 3262 4303 sua
3289 4266 3440 4304 corn-

1859 4344 2426 4412 menta-interponere
2464 4342 2805 4397 amantium?
2853 4341 3100 4396 Graecum
3132 4358 3254 4397 esse
3303 4343 3439 4397 scri-

1859 4447 2075 4508 ptorem
2128 4438 2322 4506 prohat
2383 4436 2702 4506 interpretis
2761 4435 3043 4504 Prologus,
3078 4449 3186 4504 quo
3241 4435 3436 4490 librum

1863 4533 2007 4585 hunc
2040 4532 2253 4602 aliquos
2292 4541 2419 4585 ante
2453 4545 2510 4585 se
2542 4529 2739 4584 Latine
2772 4529 3001 4582 vertisse
3046 4529 3230 4583 tradit.
3259 4529 3440 4583 Prolo-

173 4613 482 4670 θνίὲοοτυιη
531 4613 715 4682 Πηϐυθ
763 4622 1116 4710 ιξθξιιοτθιξιτν
1160 4611 1377 4680 Τνίθάειο
1421 4612 1500 4710 Vel
1559 4611 1757 4710 Ηοιξιυ·
1787 4651 1833 4710 υ
1861 4641 1986 4696 gum
2012 4640 2042 4678 a
2071 4624 2310 4679 librariis
2350 4623 2682 4694 suppositum
2741 4620 2948 4675 divinat
3006 4620 3281 4684 Erasmus,
3317 4621 3440 4674 nul-

174 4705 306 4762 sion.
366 4705 541 4760 istam
604 4720 734 4772 ergo
781 4703 1067 4758 Trinitatis
1117 4712 1428 4768 sectam,et
1479 4703 1754 4769 haeresim,

175 4806 328 4866 atque
382 4796 765 4852 infidelitatem
808 4794 922 4862 jam
973 4795 1105 4849 olim
1155 4798 1224 4850 tte
1257 4795 1416 4862 longe
1462 4795 1756 4866 designans

173 4890 587 4944 versutissimus
612 4886 702 4942 ille
731 4887 982 4943 diabolus
1013 4887 1115 4940 tria
1149 4902 1353 4942 cornua
1388 4887 1536 4942 misit
1563 4889 1630 4942 ad
1655 4885 1758 4942 Job

171 4980 613 5050 depraedandum.
656 4980 748 5036 Sic
794 4997 1027 5049 namque
1066 4980 1231 5035 etiam
1283 4996 1428 5034 tnmc
1452 4992 1756 5035 memorata

173 5073 441 5146 trionyma
474 5074 706 5128 hzrresis
752 5073 1054 5142 praesertim
1087 5075 1363 5142 praedatur
1386 5083 1551 5142 atque
1581 5088 1752 5142 espu—

173 5175 293 5234 gnat
323 5167 661 5222 Ecclesiam.
694 5186 711 5216 ι
751 5165 974 5220 Luciani
1013 5167 1270 5236 martyris
1288 5181 1409 5220 cum
1447 5166 1606 5222 laude
1642 5182 1757 5220 me-

172 5258 342 5325 minit,
378 5257 641 5328 Origenis
675 5258 1006 5326 temporibus
1033 5258 1202 5312 multo
1235 5259 1594 5315 recentioris:
1630 5280 1649 5311 ι
1681 5261 1757 5316 Ita

170 5359 584 5403 consummatus
623 5359 729 5413 est,
763 5349 1020 5418 inquit”,
1051 5350 1245 5404 beatus
1293 5361 1456 5419 atque
1492 5352 1759 5420 gloriosus

171 5436 468 5504 Lucianus,
489 5441 704 5495 lucidus
739 5443 871 5506 vita,
901 5441 1108 5495 lucidus
1131 5450 1187 5496 et
1209 5441 1335 5506 ﬁde,
1358 5443 1570 5498 lucidus
1591 5444 1757 5498 etiam

174 5535 478 5590 tolerantiae
508 5538 1002 5592 consummatione.
1039 5539 1121 5592 Ob
1156 5539 1257 5593 hoc
1300 5539 1444 5592 enim
1487 5537 1762 5595 Lucianus

170 5629 592 5695 cognominatus
645 5634 750 5695 est,
797 5630 1076 5697 tanquam'
1114 5629 1349 5695 lucidus,
1391 5641 1484 5683 aut
1543 5632 1761 5699 proprio

171 5717 375 5776 lumine
421 5720 526 5778 sibi
576 5719 818 5790 fulgens,
856 5732 949 5774 aut
984 5720 1106 5775 aliis
1144 5722 1352 5777 lucens.
1386 5719 1487 5776 ilic
1529 5737 1765 5792 namque

239 5886 286 5918 “
314 5885 440 5940 Lib.
474 5904 516 5950 ι.
559 5902 613 5952 p.
641 5886 766 5947 870.
802 5889 906 5946 col.
935 5890 990 5944 2.

174 5957 267 6013 lin.
297 5957 354 6012 in
386 5956 928 6016 Examinetestimon.
963 5957 1112 6032 Orig.
1140 5975 1257 6030 cap.
1295 5961 1344 6016 l.

1099 5887 1144 5921 ⁸⁸
1173 5885 1383 5963 Liba",
1440 5906 1492 5963 p.
1528 5889 1654 5958 885,
1704 5892 1806 5948 col.
1843 5892 1897 5952 2,

1863 4719 1930 4774 lis
1974 4718 2058 4774 vel
2104 4717 2308 4772 levibus
2341 4715 2706 4788 argumentis;
2741 4724 3078 4784 repugnante
3104 4715 3267 4768 etiam
3315 4714 3436 4784 styli

1863 4811 2146 4881 utriusque
2197 4811 2571 4880 congruentia.
2629 4807 2862 4862 Eﬂ‘reuis
2920 4807 3183 4875 profecto,
3233 4807 3431 4859 iterum

1864 4900 2008 4965 dico,
2045 4910 2101 4954 et
2141 4898 2380 4970 projecta
2422 4899 2632 4953 Erasmi
2689 4897 2988 4958 temeritas.
3035 4906 3279 4950 veterum
3324 4894 3431 4948 Pa-

1863 5003 2006 5047 trum
2043 4991 2245 5060 scripta
2287 4990 2543 5044 inanibus
2599 4990 2713 5042 suis
2746 4989 3073 5056 conjecturis
3124 4987 3197 5040 ita
3237 4987 3439 5055 permi-

1877 5085 2111 5148 scentis,
2150 5093 2212 5135 ut
2244 5081 2344 5136 nisi
2379 5080 2800 5134 contraivissent
2843 5079 3198 5146 posteriorum
3231 5078 3438 5133 theolo-

1861 5189 2050 5246 gorum
2100 5174 2296 5238 studia,
2331 5174 2420 5227 vix
2460 5183 2665 5227 certum
2726 5169 2928 5239 aliquid
2975 5172 3041 5224 de
3084 5169 3440 5226 adolescentis

1875 5267 2132 5321 Ecclesiae
2181 5267 2428 5321 doctrina
2463 5273 2704 5318 statuere
2751 5275 3048 5334 possemus.
3081 5261 3279 5317 Scribit
3309 5262 3442 5316 Pos-

1873 5359 2097 5415 sevinus
2153 5358 2206 5412 in
2252 5357 2453 5426 Appar.
2497 5371 2723 5410 sacram.
2782 5357 2836 5410 in
2888 5355 3116 5418 Hilario,
3164 5355 3442 5410 dubitasse

1866 5449 2174 5511 nonnullos,
2208 5464 2388 5503 annon
2419 5447 2628 5502 Hilario
2683 5449 2951 5502 tribuendi
2980 5456 3162 5502 essent
3192 5446 3246 5500 hi
3280 5447 3443 5500 Com-

1867 5541 2142 5597 mentarii.
2180 5542 2234 5596 ld
2281 5541 2328 5596 si
2375 5541 2497 5611 quis
2529 5541 2736 5606 credet,
2779 5539 3038 5594 Hilariani
3093 5554 3216 5594 cum
3248 5539 3446 5593 chara-

1869 5632 2034 5687 cteris
2074 5633 2292 5701 penitus
2318 5631 2565 5703 ignarum
2617 5644 2736 5685 esse
2771 5645 2994 5684 necesse
3034 5638 3136 5684 est.
3168 5630 3444 5684 Adversus

1868 5725 2100 5781 Arianos
2132 5740 2344 5780 summa
2392 5739 2515 5779 cum
2553 5723 2712 5779 laude
2753 5723 2970 5793 scripsit
3011 5722 3272 5791 Hilarius,
3310 5738 3444 5794 quo-

2003 5892 2051 5925 "
2079 5891 2197 5950 Lib.
2237 5909 2297 5962 tr,
2349 5907 2402 5963 p.
2450 5889 2574 5958 εδδ,
2610 5891 2714 5948 col.
2744 5890 2792 5946 l.
2870 5889 2913 5922 ³⁷
2946 5886 3212 5944 Edmund.
3243 5885 3440 5943 Albero
