3926 6530
214 443 342 498 ῐίὶῚἹ

1400 449 1971 508 ORIGENIANORUM
2014 454 2377 511 APPENDIX.

3322 456 3463 510 1278

217 562 316 614 Nec
360 559 536 616 titulis
584 563 761 617 solum
810 562 1098 620 diversitas
1137 563 1297 628 inest,
1345 568 1438 621 sed
1472 568 1592 622 libri
1623 569 1785 623 etiam
1817 574 1862 629 Α
1895 569 2023 624 dere
2053 570 2212 625 solet.
2260 570 2441 627 Nihilo
2482 569 2653 640 magis
2678 583 2799 625 cum
2834 566 3087 637 Origenis
3121 567 3463 639 dogmatibus

215 651 510 705 contextui.
550 652 608 706 In
642 654 931 709 Codicihus
958 654 1205 720 Victoris,
1236 655 1319 710 vel
1346 657 1530 729 Cyrilli
1571 659 1788 713 nomine

216 743 512 812 inscriptis.
572 744 886 816 Origenem,
951 747 1264 812 Eusebium,
1318 749 1788 821 Chrysostomum,

214 836 606 904 Apollinarium
680 851 737 895 et
803 841 1146 897 Theodorum
1210 842 1441 905 citatos;
1523 842 1788 896 Catharos

216 944 336 982 vero
362 930 652 985 haereticos
682 934 997 1002 perstrictos
1042 934 1282 1001 reperias
1314 948 1328 986 :
1354 940 1513 1002 alque
1546 933 1660 987 haec
1690 947 1785 986 uo—

214 1020 373 1082 mina,
403 1021 623 1092 aliaque
672 1024 862 1089 multa,
889 1039 1042 1079 erasa
1070 1023 1313 1080 offendas
1350 1026 1419 1079 ab
1459 1027 1789 1095 exemplari-

215 1110 310 1164 bus
352 1126 476 1180 qure
525 1129 721 1169 nomen
755 1114 1010 1184 Origenis
1041 1115 1093 1169 in
1127 1114 1308 1172 fronte
1337 1127 1551 1186 gerunt.
1576 1117 1706 1185 Qua:
1739 1119 1784 1173 si

214 1203 329 1269 quis
374 1218 507 1259 casu
542 1207 836 1277 contigisse
874 1216 1046 1275 putet,
1075 1222 1264 1276 parum
1311 1209 1401 1264 ille
1443 1210 1785 1265 librariorum

213 1292 491 1347 audaciam
526 1299 883 1366 perspexerit.
917 1298 1049 1354 Mihi
1087 1314 1213 1354 vero
1253 1314 1376 1353 cum
1406 1310 1556 1354 certo
1577 1311 1790 1355 constet

212 1383 673 1439 Commentarium
708 1388 849 1441 istud
885 1405 989 1444 non
1029 1405 1147 1446 esse
1184 1389 1456 1461 Origenis,
1495 1392 1788 1447 verisimile

217 1472 270 1523 fit
312 1473 381 1527 ab
420 1474 487 1528 iis
527 1473 697 1533 fuisse
741 1477 1150 1547 interpolatum,
1202 1489 1257 1534 et
1303 1480 1355 1533 in
1404 1480 1784 1549 Origenianam

214 1562 644 1620 lacuaratiouem
693 1585 968 1634 recusum,
1011 1586 1121 1641 quo
1171 1571 1386 1627 facilius
1443 1571 1675 1629 lectores
1700 1573 1786 1629 vel

210 1663 479 1722 emptores
508 1658 943 1714 nancisceretur.

273 1739 389 1797 Jam
436 1760 570 1801 vero
622 1748 696 1799 uti
749 1749 948 1816 potius,
996 1748 1222 1815 Victori,
1276 1766 1346 1805 an
1402 1751 1626 1823 Cyrillo,
1685 1753 1786 1807 tri-

209 1835 473 1891 hueudum
518 1839 589 1892 sit
631 1839 772 1893 istud
808 1840 1275 1897 Commentarium
1322 1844 1645 1914 diiudicare,
1681 1846 1780 1900 etsi

1895 661 2162 732 congruit.
2198 664 2360 717 Docet
2392 663 2653 733 Origenes
2676 662 2897 715 homilia
2945 661 3012 713 14
3042 662 3097 713 in
3130 658 3324 713 Lucam
3352 658 3465 713 Ma-

1891 751 2027 805 riam
2065 755 2267 822 apertis
2295 758 2433 810 uteri
2459 754 3004 810 claustrisCliristum
3034 752 3203 808 fuisse
3221 753 3462 819 enixam,

1890 853 1948 897 ut
1980 860 2141 914 supra
2177 861 2274 900 suo
2306 846 2423 901 loco
2450 846 2652 900 dictum
2684 853 2767 899 est
2799 863 2811 898 :
2840 844 3109 899 contraria
3146 843 3329 896 omnia
3362 847 3465 897 hac

1890 934 2117 988 homilia
2162 944 2494 991 statuuntur.
2528 934 2694 988 Plane
2738 935 2920 1003 itaque
2950 950 3054 988 non
3081 944 3166 987 est
3189 932 3461 1002 Origeuis.

1892 1024 2143 1079 Latinum
2200 1026 2518 1092 scriptorem
2543 1023 2716 1095 stylus
2766 1025 2965 1093 arguit.
3016 1024 3307 1079 Auctorem
3334 1021 3465 1077 divi-

1894 1125 2006 1178 net,
2033 1116 2078 1170 si
2131 1116 2252 1185 quis
2286 1116 2542 1171 hariolari
2595 1125 2762 1169 amat.
2818 1115 3109 1186 Reperitur
3141 1116 3229 1170 illa
3263 1115 3317 1170 in
3353 1113 3456 1170 Lc-

1889 1208 2158 1263 ctionario
2182 1208 2411 1276 quodam
2450 1208 2616 1263 veteri
2648 1208 2983 1262 bibliothecae
3015 1207 3211 1272 Regios.

1956 1299 2027 1352 At
2071 1298 2336 1353 mirabilis
2383 1308 2468 1353 est
2525 1314 2710 1353 eorum
2769 1309 2980 1367 stupor,
3024 1298 3115 1367 qui
3163 1298 3459 1352 secundam

1889 1390 2169 1445 homiliam
2205 1388 2425 1461 Origeui
2474 1390 2896 1459 adjmlicarunt;
2958 1406 3081 1445 nam
3134 1400 3329 1460 praeter
3352 1398 3464 1460 sty-

1895 1483 2005 1544 lum
2038 1483 2105 1536 ab
2125 1482 2453 1550 Origeuiauo
2477 1482 2637 1551 genio
2670 1482 3044 1547 abhorentem,
3081 1491 3135 1537 et
3160 1481 3460 1536 clausulam

1887 1574 1956 1627 ab
2007 1572 2353 1644 Origenianis
2396 1574 2688 1639 diversam,
2745 1575 3071 1630 Mauricii-.203
3124 1584 3181 1629 et
3231 1573 3465 1628 Arianos

1892 1666 2148 1738 Origenls
2178 1666 2508 1735 temporibus
2531 1667 2866 1734 posteriores
2903 1667 3222 1721 nominatim
3275 1664 3463 1733 appel-

1886 1757 1981 1813 lat.
2032 1759 2228 1813 Filium
2276 1758 2418 1814 Patri
2473 1758 2756 1829 ὁμοούσιον
2817 1774 2940 1820 esse
2991 1759 3161 1825 dicit;
3227 1758 3463 1828 Dionysii

1888 1848 2231 1919 Areopagitae
2257 1864 2421 1917 opera
2464 1850 2614 1916 citat,
2646 1865 2766 1904 cum
2818 1848 3069 1920 Origenis
3093 1859 3225 1904 aetas
3270 1851 3370 1904 bos
3398 1850 3465 1903 li-

208 1937 287 1980 est
316 1938 513 1996 praeter
544 1930 880 1995 institutum,
913 1934 1087 1987 dicam
1134 1942 1312 1989 tamen
1367 1937 1548 1991 obiter
1578 1935 1781 1991 Victori
1817 1919 1857 1972 B
1888 1939 2015 1995 bros
2049 1940 2281 1996 uoudmu
2311 1941 2554 1997 vidisset.
2592 1939 2833 1995 [labetur
2867 1919 2981 1996 haec
3015 1940 3236 1994 homilia
3266 1944 3318 1994 in
3350 1955 3467 1994 ma-

210 2018 582 2079 verisimilius.
610 2036 773 2090 quam
814 2023 1018 2093 Cyrillo
1075 2026 1276 2080 ascribi
1306 2044 1320 2081 ε
1364 2042 1463 2082 nec
1491 2028 1637 2082 enim
1664 2030 1785 2083 Ori-

207 2123 390 2176 genem
424 2120 535 2163 tam
570 2113 767 2166 crebro
803 2124 995 2169 testem
1030 2131 1058 2169 a
1106 2117 1307 2187 Cyrillo
1348 2118 1643 2185 laudatum,
1681 2135 1779 2174 nec

203 2201 578 2271 Cbrysostomi
632 2216 942 2273 usurpatam
984 2208 1053 2263 ah
1082 2224 1147 2264 eo
1199 2212 1575 2267 auctoritatem
1630 2213 1787 2267 facile

206 2295 522 2360 putaverint.
587 2294 664 2349 De
718 2296 947 2352 Victoris
1011 2308 1169 2355 aetate
1206 2301 1560 2371 qumstiouem
1620 2301 1783 2356 habet

209 2386 482 2454 Peltanus,
518 2398 575 2442 et
607 2386 825 2443 Juliauo
866 2389 1229 2460 antiquiorem
1280 2407 1401 2447 esse
1449 2402 1621 2462 putat,
1661 2393 1783 2447 ideo

208 2480 344 2547 quod
374 2479 657 2534 decimum
693 2482 909 2536 tertium
933 2482 1099 2537 Marci
1132 2493 1294 2555 caput
1323 2500 1599 2555 exponens
1653 2484 1774 2540 fun-

206 2578 451 2628 damenta
488 2574 673 2649 templi
725 2589 1009 2644 superesse
1039 2577 1217 2643 dicat;
1270 2592 1334 2633 ea
1384 2593 1513 2634 vero
1569 2576 1786 2633 Juliano

207 2664 506 2733 imperante
543 2665 711 2719 fuisse
758 2665 991 2728 refossa,
1028 2663 1188 2734 juxta
1217 2667 1503 2738 Nicephori
1538 2671 1785 2725 testimo-

205 2755 347 2807 nium
397 2755 643 2823 :capite
702 2769 830 2809 vero
891 2759 1136 2826 sequenti
1185 2760 1448 2814 Catharos
1503 2761 1786 2817 haereticos

204 2845 471 2915 suggillet,
497 2862 731 2915 quorum
760 2848 984 2905 haeresis
1020 2861 1146 2906 ante
1193 2852 1334 2906 hanc
1363 2861 1576 2908 aetatem
1610 2854 1785 2910 fuerat

205 2938 272 2991 ab
301 2939 550 2993 Ecclesia
580 2940 883 3010 profligata.

272 3028 335 3086 V.
364 3030 527 3085 Circa
562 3031 834 3095 liomilias,
873 3048 993 3102 qua:
1038 3031 1105 3086 In
1154 3033 1383 3087 diversos
1435 3033 1655 3089 inscribi
1701 3049 1789 3089 so-

207 3124 333 3188 lent,
364 3138 493 3179 ante
519 3126 705 3178 omnia
740 3127 1033 3178 notandum
1068 3137 1153 3179 est
1192 3126 1360 3181 fuisse
1393 3127 1536 3194 ipsas
1570 3142 1600 3180 a
1644 3126 1784 3180 Mer-

204 3219 311 3270 lino
339 3231 407 3270 ex
462 3216 633 3269 variis
673 3217 810 3270 locis
859 3216 1137 3280 collectas,
1169 3227 1223 3271 et
1252 3234 1316 3270 eo
1354 3218 1644 3271 collocatas
1688 3232 1782 3272 or-

204 3309 345 3372 dine,
375 3324 484 3379 quo
520 3311 663 3362 inter
708 3324 765 3361 se
801 3309 1073 3377 disposita:
1103 3321 1419 3364 cernuntur.
1458 3309 1512 3363 ld
1560 3310 1673 3378 ipse
1728 3310 1780 3363 in
1814 3285 1857 3341 δ
1893 3329 1998 3366 non
2032 3310 2327 3366 clausulam

200 3399 439 3453 editione
473 3414 570 3452 sua
612 3399 679 3453 de
710 3400 774 3453 iis
809 3399 1067 3467 praefatus
1102 3409 1207 3455 est.
1240 3400 1394 3466 Quod
1445 3415 1782 3465 praemonen-

203 3495 300 3546 dus
347 3493 451 3545 fuit
491 3493 687 3556 lector,
720 3509 788 3547 ne
837 3493 1070 3547 miretur
1123 3494 1396 3563 quomodo
1454 3494 1692 3559 diversa,
1728 3503 1783 3547 et

202 3599 393 3651 parum
438 3584 543 3639 sibi
584 3599 821 3652 congrua
860 3587 1099 3640 membra
1130 3586 1184 3640 in
1213 3602 1376 3639 unum
1418 3601 1616 3653 corpus
1651 3601 1785 3641 con-

201 3676 477 3733 fluxerint.
535 3676 788 3748 Singulas
824 3695 967 3734 nunc
1018 3694 1261 3734 seorsum
1297 3693 1358 3733 ac
1385 3678 1659 3749 sigillatim
1691 3694 1786 3734 ex-

196 3772 492 3826 cutiamus.

270 3864 457 3918 Prima
490 3865 559 3919 ab
598 3863 851 3934 Origenis
874 3864 1017 3934 stylo
1051 3865 1268 3933 penitus
1289 3864 1463 3917 aliena
1496 3874 1578 3918 est
1604 3881 1619 3919 ε
1648 3862 1783 3918 sim-

198 3959 316 4025 plex
345 3959 439 4013 ille
474 3966 633 4013 estet
670 3957 972 4023 familiaris,
996 3957 1229 4011 litteram
1272 3956 1509 4011 breviter
1539 3958 1783 4026 exponit,

199 4059 309 4103 tum
332 4050 539 4103 transit
561 4049 628 4102 ad
658 4048 947 4119 allegorias
991 4058 1046 4101 et
1078 4049 1449 4118 tropologias;
1483 4050 1599 4103 hac
1621 4050 1785 4104 abun-

200 4144 293 4197 dat
313 4142 622 4196 schematis
644 4152 698 4196 et
726 4144 915 4212 tropis,
955 4144 1088 4198 ludit
1122 4145 1174 4197 in
1205 4144 1404 4208 verbis,
1431 4153 1485 4195 et
1507 4144 1664 4197 aliter
1692 4145 1785 4199 de-

201 4236 367 4306 nique
397 4235 695 4301 clauditur,
724 4250 885 4304 quam
912 4235 1168 4292 homilias
1195 4249 1322 4289 suas
1353 4233 1615 4304 Origenes
1636 4234 1785 4289 clau-

1888 2035 2165 2104 nuscripto
2224 2034 2570 2089 Bibliotheca:
2630 2033 2810 2100 Regiae
2862 2033 3049 2090 codice
3105 2033 3249 2089 inter
3297 2031 3465 2085 multa

1889 2128 2172 2197 Augustini
2192 2127 2474 2197 Opuscula.
2506 2127 2580 2181 De
2609 2138 2831 2182 auctore
2852 2137 3058 2182 certum
3085 2125 3220 2181 nihil
3241 2126 3468 2182 delinire

2021 2236 2132 2273 um.

2021 2236 2132 2273 um.

1891 2236 2035 2364 po13V:
2057 2309 2268 2364 tertiam
2301 2308 2523 2376 quidem
2577 2308 2798 2378 Origeni
2828 2309 3091 2377 deputare
3129 2307 3330 2373 ausim,
3373 2323 3465 2365 re-

1887 2412 2159 2472 pugnante
2202 2401 2443 2456 clausula
2479 2410 2531 2454 et
2559 2401 2702 2470 stylo
2747 2418 2762 2454 :
2796 2404 3045 2469 quamvis
3077 2401 3144 2454 ad
3184 2399 3468 2471 Origenia-

1887 2506 2014 2544 num
2071 2504 2319 2558 saporem
2374 2489 2602 2558 propius
2665 2489 2895 2544 accedat
2932 2504 3097 2557 quam
3149 2490 3465 2560 superiores

1887 2584 2040 2646 diue;
2084 2581 2345 2651 pauculas
2384 2582 2530 2636 enim
2590 2582 2854 2650 quasdam
2929 2572 3223 2652 allegorias
3278 2583 3461 2637 habet.

1886 2672 2082 2727 Prima:
2114 2681 2293 2726 tamen
2328 2671 2562 2725 similior
2582 2680 2846 2741 estquam
2870 2673 3146 2738 secundas,
3180 2671 3317 2728 adeo
3338 2688 3466 2728 cre-

1892 2766 1989 2821 bra
2028 2774 2109 2820 est
2144 2764 2333 2834 figuris
2359 2773 2413 2818 et
2442 2764 2985 2834 interrogationibus.
3021 2764 3275 2819 Latinum
3334 2768 3469 2820 scri-

1889 2865 2097 2924 ptorem
2151 2855 2322 2920 dicas,
2364 2861 2418 2907 et
2471 2853 2688 2922 quidem
2721 2852 3052 2924 Hieronymo
3084 2854 3464 2909 recentiorem.

1882 2946 2032 3002 idem
2080 2956 2198 3001 esto
2232 2948 2296 3001 de
2329 2955 2520 3015 quarta
2545 2944 3074 3013 homiliajudiciutn,
3103 2961 3264 3014 quam
3303 2946 3466 3002 exhi-

1888 3038 2017 3093 bent
2046 3051 2259 3107 quoque
2291 3036 2629 3091 Lectionaria
2670 3035 2848 3105 Regia:
2871 3037 3237 3092 Bibliotheca.

1960 3131 2159 3185 Eadem
2184 3138 2238 3183 et
2271 3129 2517 3197 quintam
2544 3128 2823 3183 bomiliam
2856 3129 3138 3196 exhibent,
3169 3143 3292 3198 quae
3330 3126 3468 3181 nihil

1890 3219 2275 3292 Origeoianum
2321 3219 2503 3287 habet,
2549 3235 2654 3275 non
2715 3220 2936 3291 stylum,
2985 3235 3090 3274 non
3152 3220 3462 3290 allegorias,

2371 3328 2387 3365 :
2427 3311 2604 3365 oratio
2636 3311 2875 3375 concisa,
2919 3310 3198 3377 dissoluta,
3220 3314 3466 3382 ἐσχημα-

1889 3404 2140 3477 τισμένη.
2176 3404 2394 3457 Initium
2423 3404 2681 3469 liomilim,
2710 3404 2851 3472 quod
2876 3402 3127 3472 Origeuis
3155 3406 3453 3479 doctrinam

1897 3499 2060 3567 sapit,
2093 3495 2384 3550 lectoribus
2412 3495 2686 3565 imposuit.
2714 3494 2842 3550 Vide
2870 3505 3074 3551 tomum
3105 3514 3138 3551 x
3175 3497 3229 3551 in
3269 3498 3465 3552 Matth.

1892 3607 2039 3646 num.
2076 3590 2131 3654 1,
2160 3590 2379 3644 easdem
2416 3588 2530 3644 fere
2552 3589 2792 3658 reperies
2817 3590 3132 3644 sententias.
3174 3589 3327 3656 Quod
3356 3590 3463 3643 nisi

1894 3684 2054 3740 dubia
2078 3691 2223 3738 esset
2252 3681 2612 3752 lnterpretum
2641 3682 2795 3748 fides,
2843 3683 3160 3751 scriptorem
3214 3680 3463 3736 Latinum

1889 3776 2325 3848 essejudicarem
2350 3791 2416 3831 ex
2443 3776 2526 3831 bis
2546 3776 2724 3831 verbis
2756 3794 2770 3829 :
2801 3794 2820 3827 ι
2853 3774 2966 3846 (17)
2992 3775 3125 3831 Cum
3144 3790 3294 3844 ager,
3324 3785 3468 3843 quou

1894 3872 1946 3927 in
1979 3887 2044 3926 eo
2066 3870 2269 3939 aliquid
2326 3879 2540 3937 agatur,
2570 3869 2655 3924 vel
2682 3869 2822 3923 .villa
2874 3886 2903 3923 a
2963 3868 3466 3923 circumvallatione

1889 3965 2096 4028 limitis,
2129 3965 2229 4017 hoc
2254 3970 2339 4017 est
2364 3963 2661 4017 munitione
2686 3962 2945 4017 custodiae
2984 3976 3180 4015 nomen
3234 3974 3464 4026 accepe-

1892 4059 1983 4121 rit,
2042 4070 2280 4125 congrue
2342 4055 2749 4125 dispensatione
2798 4054 2981 4109 carnis
3037 4053 3129 4108 illo
3187 4053 3466 4121 ingressus

1892 4150 2155 4203 asseritur
2180 4148 2460 4212 Dominus,
2492 4164 2601 4217 quo
2623 4163 2721 4218 per
2746 4147 2963 4202 deitatis
2997 4156 3207 4217 portam
3228 4145 3462 4199 circum-

1892 4241 2068 4295 dando
2101 4242 2382 4296 attralieus
2413 4241 2480 4294 ad
2514 4239 2889 4295 credulitatem
2942 4238 3272 4303 incredulos,
3298 4247 3354 4292 et
3377 4252 3465 4292 sa-

270 4417 391 4486 (17)
427 4414 565 4490 Cum
602 4431 751 4485 ager,
786 4415 931 4483 quod
981 4415 1036 4467 in
1073 4431 1132 4490 e_a
1176 4414 1382 4490 aliquid
1417 4425 1654 4490 _agat:tr,
1689 4424 1795 4470 etc.
1828 4427 1873 4481 ι)
1904 4427 2176 4488 poterant,
2210 4419 2332 4486 quia
2371 4415 2877 4490 quos'delictorum
2918 4418 3130 4471 sarcina
3184 4414 3461 4484 deprimit,

204 4484 328 4542 Haéc
372 4484 591 4550 verba,
650 4497 813 4551 atque
887 4486 1280 4553 l’irmccdentia,
1346 4503 1363 4535 ι
1409 4484 1791 4553 Capharnaum

202 4572 445 4627 namque
478 4557 868 4623 interpretatur
909 4572 1033 4624 agor
1090 4554 1183 4627 vel
1221 4554 1345 4608 villa
1395 4555 1791 4627 consolationis.

198 4625 520 4695 Cinnager,
562 4644 582 4677 ι
612 4636 747 4686 etc.,
789 4640 891 4678 non
929 4634 1145 4678 exsrant
1173 4626 1225 4678 in
1260 4626 1511 4679 omnibus
1542 4625 1607 4679 iis
1632 4636 1795 4695 quot-

201 4706 331 4765 quot
370 4697 483 4751 vidi
523 4695 767 4763 antiquis
821 4695 1140 4748 homiliariis
1184 4711 1345 4765 manu
1396 4697 1658 4759 exaratis,
1709 4696 1798 4751 uhi

204 4764 400 4823 Iiorum
444 4767 733 4820 verborum
758 4766 878 4818 loco
915 4766 1103 4832 legitur
1138 4779 1151 4815 :
1191 4783 1210 4836 ᾳ
1256 4764 1364 4819 Cur
1409 4766 1479 4819 ibi
1516 4767 1798 4836 ingressus

201 4839 328 4891 est?
362 4835 601 4904 Pmpter
637 4836 736 4888 hoc
764 4836 905 4903 quod
938 4845 990 4888 et
1025 4835 1248 4904 invenit,
1275 4845 1327 4888 et
1354 4836 1537 4889 statim
1571 4836 1801 4889 manife-

203 4921 346 4960 stum
375 4902 493 4962 est.
520 4906 753 4959 Accessit
782 4902 848 4957 ad
875 4921 993 4978 cum
1039 4902 1294 4978 Centurio
1323 4904 1541 4973 (Matth.
1572 4920 1688 4969 VIII,
1719 4907 1797 4978 5).

203 4980 455 5032 Accessit
514 4991 678 5040 vere;
752 4992 855 5028 non
928 4976 1214 5041 ditnidius,
1264 4980 1359 5029 sed
1408 4985 1554 5029 totus
1609 4994 1622 5028 :
1692 4976 1795 5032 non

205 5058 433 5114 aspectu
466 5048 711 5115 corporis
735 5055 962 5108 tantum,
1006 5047 1098 5099 sed
1116 5056 1170 5099 et
1197 5046 1388 5099 animae
1420 5046 1753 5115 plenitudine
1781 5062 1793 5097 :

205 5136 309 5171 non
343 5118 487 5171 facie
523 5127 751 5181 tantum,
780 5119 871 5169 sed
893 5127 944 5169 et
978 5117 1324 5169 immaculato
1344 5117 1527 5169 corde.
1564 5135 1584 5166 ›
1626 5116 1718 5169 Sic
1744 5128 1800 5171 et

203 5188 358 5240 initio
384 5187 628 5241 homilim
670 5202 767 5253 pro
793 5186 875 5239 his
900 5187 1079 5239 verbis
1109 5203 1122 5239 :
1154 5204 1171 5237 t
1189 5185 1536 5239 Descendenlc
1579 5186 1708 5239 Jesu
1734 5190 1799 5240 de

200 5268 396 5316 monte,
414 5268 608 5310 secutw
621 5266 743 5309 sunt
761 5257 927 5309 turbw
944 5257 1121 5309 multa?
1137 5254 1214 5325 (Μ
1221 5257 1498 5318 αιιΙι.νιιι,1
1512 5255 1551 5325 ).
1565 5256 1799 5311 Docenle

209 5344 337 5381 vero
374 5328 613 5381 Domino
674 5329 724 5379 in
763 5338 972 5388 monte,
1003 5326 1254 5394 discipuli
1292 5337 1449 5379 erant
1491 5343 1615 5380 cum
1656 5328 1795 5396 ipso,

201 5398 407 5466 quibus
434 5399 623 5450 datum
664 5406 779 5449 erat
819 5397 1053 5451 cmlestis
1091 5398 1356 5449 doctrina:
1388 5413 1549 5451 nosse
1577 5408 1787 5451 secreta

201 5485 295 5535 per
324 5483 453 5536 qua:
502 5466 697 5519 salutis
735 5467 960 5520 scientia
996 5468 1287 5519 brutorum
1330 5469 1494 5519 corda
1546 5468 1793 5532 salirent,

206 5550 607 5603 creet-rumque
631 5537 801 5589 oculis
830 5551 925 5604 per
965 5538 1252 5589 mundanae
1300 5537 1676 5590 delectationis
1710 5546 1795 5590 te-

201 5610 405 5660 nebras
452 5606 815 5673 caligantibus
867 5608 1058 5660 lucem.
1097 5605 1471 5670 patefacerent
1514 5608 1781 5661 veritatis.

202 5677 359 5730 Unde
402 5688 460 5730 et
515 5676 776 5729 Dominus
820 5679 883 5728 ad
934 5692 1068 5729 eos:
1114 5675 1214 5728 Vos
1267 5678 1411 5738 estis,
1471 5678 1665 5743 inquit,
1707 5677 1788 5729 sal

197 5758 383 5810 terra’,
426 5761 516 5798 vos
543 5749 665 5798 estis
714 5754 767 5798 ct
796 5747 997 5797 lumina
1021 5748 1200 5798 mundi
1227 5744 1440 5813 (Matth.
1465 5762 1516 5808 ν,
1559 5747 1646 5809 15,
1676 5747 1789 5817 14).

200 5817 361 5869 Nunc
387 5830 521 5869 vero
561 5817 922 5868 descendente
953 5831 1017 5867 eo
1048 5818 1114 5868 de
1145 5826 1347 5876 monte,
1393 5818 1559 5869 turbae
1592 5830 1792 5872 secuta:

198 5896 328 5943 sunt
348 5900 480 5940 eum
509 5901 521 5936 :
545 5885 598 5939 in
628 5884 860 5939 monteth
889 5885 1097 5940 scilicet
1124 5886 1419 5941 ascendere
1448 5902 1789 5957 nequaquam

1902 4491 1969 4541 ad
2006 4490 2395 4560 mysteriorum
2423 4488 2673 4560 sublimia
2707 4488 2809 4542 nisi
2844 4488 3055 4560 abiecto
3100 4501 3462 4560 onerescau-

1904 4560 2031 4613 dere
2059 4556 2282 4613 minime
2316 4558 2515 4612 valent.
2546 4558 2751 4613 Idcirco
2773 4569 2825 4613 et
2860 4559 2955 4611 lilii
2995 4557 3156 4613 Israel
3210 4556 3463 4624 primitus

1905 4629 1958 4681 in
1993 4637 2228 4683 montem
2284 4629 2579 4683 ascendere
2616 4645 2721 4683 non
2753 4639 3005 4696 poterant
3031 4629 3095 4681 ad
3140 4626 3461 4681 obviandum

1908 4698 2034 4775 Deo,
2060 4701 2182 4769 quia
2210 4698 2542 4775 [Egyptiaca
2555 4700 2768 4775 gravati
2814 4700 3230 4755 conversatione
3260 4710 3461 4775 pralpc-

1904 4771 2210 4841 diebantur,
2241 4769 2333 4824 seu
2364 4771 2508 4823 solus
2526 4770 2755 4841 Moyses,
2788 4782 2926 4835 etc.;
2970 4790 2988 4821 ι
3026 4785 3155 4823 mss.
3176 4769 3463 4820 nostri'ba-

1905 4840 2027 4893 bent
2065 4862 2075 4907 ς
2109 4841 2373 4894 «υορειιιυ
2395 4842 2444 4892 in
2466 4840 2646 4893 monte
2671 4840 3179 4907 l)omino,discipuli
3202 4844 3463 4890 venerunt

1902 4911 1968 4963 ad
1999 4904 2121 4963 eu'm
2160 4912 2299 4964 sicut
2338 4909 2565 4969 alacres,
2598 4912 2734 4962 sicut
2770 4904 3082 4972 domestici,
3102 4908 3243 4961 sicut
3272 4907 3457 4973 proxi-

1902 4980 1995 5042 mi,
2030 4982 2173 5035 sicut
2208 4979 2364 5031 amici
2398 4979 2478 5029 vel
2508 4980 2723 5035 fratres.
2748 4979 2872 5033 ldeo
2896 4980 2968 5030 ait
3008 4987 3063 5031 et
3099 4977 3360 5031 Dominus
3390 4975 3456 5026 ad

1900 5064 1994 5103 eos
2033 5068 2045 5103 :
2100 5048 2196 5102 Vos
2251 5050 2374 5101 estis
2420 5049 2501 5100 sat
2546 5058 2926 5113 lerrw,et,vos
2955 5050 3078 5100 estis
3119 5047 3213 5098 lux
3269 5044 3453 5095 mundi

1901 5118 2114 5188 (Matth.
2144 5119 2316 5183 v,15,
2362 5118 2472 5184 14).
2529 5117 2678 5171 Nunc
2707 5134 2835 5171 vero
2881 5118 3237 5171 descendente
3287 5129 3351 5165 eo
3395 5116 3460 5166 de

1900 5199 2104 5254 monte,
2141 5190 2310 5241 turba:
2348 5196 2547 5241 secuta:
2599 5196 2725 5241 sunt
2776 5203 2921 5252 eum,
2962 5202 3083 5254 qua:
3125 5188 3175 5240 iu
3224 5193 3458 5238 montem

1899 5262 2195 5314 ascendere
2226 5274 2328 5310 non
2378 5268 2668 5324 potuerunt
2701 5269 2758 5311 ut
2791 5259 2925 5327 pigri
2961 5258 3172 5327 populi,
3199 5254 3459 5327 ut_negli-

1899 5274 2195 5314 ascendere
2226 5274 2328 5310 non
2378 5274 2668 5324 poruerunt
2701 5274 2758 5311 ut
2783 5274 2925 5380 lpigri
2961 5274 3172 5327 populi,
3199 5274 3254 5307 Ill
3289 5274 3457 5323 negu-

1899 5338 2105 5396 gentes,
2140 5344 2197 5382 ut
2234 5327 2554 5397 imperfecti.
2586 5327 2660 5380 lla
2696 5338 2752 5382 et
2801 5330 2875 5381 ilii
2914 5328 3077 5381 Israel
3123 5325 3370 5397 primitus
3404 5323 3457 5375 in

1900 5395 2135 5453 1110018111
2172 5395 2465 5452 ascendere
2504 5412 2608 5450 11011
2640 5398 2922 5452 valuerunt
2976 5417 2989 5452 ζ
3030 5403 3095 5451 {Id
3125 5395 3451 5449 obviaudum

1896 5470 2009 5523 Deo
2044 5484 2266 5538 pergere
2307 5482 2410 5520 nou
2436 5476 2729 5534 potuerunt
2764 5479 2983 5538 propter
3012 5483 3161 5521 suam
3195 5464 3460 5538 irreligio-

1898 5533 2109 5592 sitatém
2142 5533 2195 5592 et
2225 5533 2591 5608 impietatem,
2614 5539 2706 5591 sed
2736 5533 2882 5592 solus
2912 5537 3143 5608 Moyses,
3176 5555 3195 5587 ι
3224 5546 3330 5588 etc.
3364 5533 3458 5587 Sic

1896 5609 2130 5676 denique
2174 5619 2227 5662 et
2269 5609 2407 5667 haec,
2448 5617 2503 5661 et
2548 5607 2668 5661 aliae
2719 5607 3286 5676 plerteqtte’ltomilise,
3323 5618 3460 5670 quas

1902 5681 2002 5732 sub
2029 5679 2278 5746 Origenis
2324 5678 2539 5731 nomine
2579 5676 2835 5731 Merlinus
2868 5679 3058 5739 edidit,
3098 5688 3457 5746 praeterquam

1896 5750 2039 5816 quod
2068 5742 2275 5801 merulis
2301 5749 2497 5815 ubique
2526 5758 2754 5811 scatent,
2803 5763 2865 5800 ac
2905 5742 3113 5803 lacunis
3164 5742 3460 5816 innumeris

1901 5813 2133 5879 inhiant,
2173 5813 2634 5885 plurima'habent
2682 5819 2883 5871 intexta
2912 5834 3035 5885 quae
3068 5820 3121 5873 in
3157 5813 3458 5873 manuscri-

1896 5889 2001 5958 piis
2037 5887 2353 5965 homiliariis
2384 5888 2541 5943 aliter
2567 5897 3040 5954 reprmseutantm.
