3952 6534
566 423 704 481 ms

1836 430 1890 486 P.
1935 431 2248 491 DANIEUS
2285 435 2520 492 llUE'l'll

3644 455 3739 504 ιιιω

568 547 761 601 uitatis
792 545 1107 602 miraculum
1131 557 1250 603 erat
1296 556 1536 604 acturus.
1569 568 1588 602 ι
1622 549 1666 605 Δ
1695 550 1881 620 prima:
1909 539 2142 610 homiliaa
2169 563 2214 618 Α
2243 573 2538 630 synonyma
2561 595 2579 624 ,
2638 560 2973 624 autitheses,
3041 559 3366 631 sllusiones,
3421 562 3612 617 colores
3663 581 3741 624 arte

566 638 710 710 ston
737 654 926 710 parum
960 641 1230 696 dissentit.

635 730 797 785 Sexta
845 732 1066 786 bomilia
1112 733 1323 803 pri'mze,
1360 733 1554 800 tertize,
1589 745 1799 806 quartas
1859 753 1923 794 ac
1969 739 2137 808 quin-

563 830 651 887 tae,
677 823 769 876 sed
801 823 974 876 tertiae
996 823 1339 892 potissimum
1368 827 1560 882 similis
1602 830 1704 890 est,
1729 830 1894 901 stylo,
1929 832 2136 902 figuris,

561 911 841 979 clausula;
877 919 1019 970 unde
1046 931 1076 968 a
1124 915 1317 971 Latino
1363 934 1580 989 quoque
1632 921 1851 976 homine
1879 923 2136 993 scriptam

561 1003 911 1059 arbitramur.
962 1006 1074 1079 (18)
1101 1007 1211 1064 Nec
1242 1009 1402 1066 aliter
1458 1013 1525 1068 de
1558 1015 1784 1083 septima
1809 1014 2136 1084 judicaums,

565 1093 695 1149 licet
721 1095 960 1152 clausula
987 1111 1190 1154 careat.
1241 1101 1353 1172 (l9)
1419 1104 1720 1176 Utramque
1778 1117 2139 1177 repraseutat

561 1185 934 1243 lcetionarium
976 1193 1244 1260 quoddam
1299 1195 1476 1265 Regize
1513 1197 1858 1253 Bibliotheca:
1906 1218 1920 1254 :
1963 1209 2018 1254 et
2057 1215 2139 1255 se-

561 1279 786 1347 ptimam
825 1283 1040 1351 quidem
1077 1286 1179 1341 ltoc
1203 1287 1355 1342 initio
1394 1305 1408 1341 :
1447 1307 1466 1342 r
1507 1288 1748 1356 Fratres,
1783 1292 1915 1346 dicit
1941 1293 2136 1363 aliquis

570 1383 638 1424 ex
671 1372 840 1438 vobis,
873 1374 972 1429 feci
1003 1386 1219 1446 peccata
1258 1381 1422 1434 multa
1447 1391 1503 1434 et
1540 1399 1733 1454 magna
1767 1401 1781 1440 :
1811 1394 1866 1440 et
1899 1386 2022 1457 quis
2064 1402 2131 1441 ex

559 1463 712 1518 vobis
739 1475 824 1520 est
859 1468 949 1535 qui
1015 1485 1118 1524 non
1170 1475 1396 1539 peccet?
1428 1474 1508 1528 Tu
1571 1477 1678 1542 dic,
1740 1481 1921 1534 erravi
1970 1495 2135 1549 super

559 1569 749 1611 omnes
787 1560 1056 1616 homines.
1093 1562 1304 1620 Sullieit
1346 1566 1440 1621 tibi
1481 1568 1534 1622 in
1566 1571 1837 1627 sacriﬁcio
1879 1572 1977 1627 ista
2005 1589 2133 1628 con-

561 1645 749 1702 fessio.
786 1651 880 1706 Dic
911 1661 966 1706 tu
999 1656 1150 1723 prior
1211 1658 1529 1727 iniquitates
1573 1669 1714 1730 tuas,
1762 1673 1821 1718 ut
1861 1665 2131 1735 iustiﬁce-

558 1737 636 1793 ris
663 1739 726 1792 ”.
764 1742 1040 1811 Cognosce
1066 1756 1135 1812 te,
1159 1751 1410 1817 quoniam
1447 1764 1699 1819 peccator
1737 1769 1799 1809 es
1829 1771 1840 1805 :
1869 1757 2007 1811 habe
2039 1761 2134 1811 tri-

567 1832 791 1899 stitiam,
829 1849 950 1890 cum
1005 1842 1339 1896 converteris
1374 1860 1386 1894 :
1415 1856 1533 1898 esto
1567 1860 1631 1899 ac
1659 1847 1703 1899 si
1731 1849 2050 1917 desperatus
2071 1860 2128 1904 et

567 1934 831 1991 maestus;
864 1928 956 1980 sed
983 1939 1038 1981 et
1061 1929 1330 2000 lacrymas
1352 1945 1702 2004 compunctus
1730 1937 1960 1994 ell‘unde.
1984 1942 2134 1996 Nun-

558 2014 688 2081 quid
720 2015 924 2084 aliquid
957 2020 1104 2075 aliud
1139 2021 1238 2076 fuit
1293 2023 1346 2077 in
1402 2028 1712 2092 meretrice,
1749 2045 1915 2100 quam
1962 2033 2134 2105 lacry-

559 2119 767 2160 marum
791 2108 1020 2164 ell'usio?
1041 2121 1096 2166 et
1117 2127 1181 2166 ex
1217 2113 1318 2169 hac
1362 2115 1680 2185 profusione
1711 2121 1915 2178 invertit
1944 2129 2132 2194 ιιι-ωεί-

558 2194 728 2263 dium,
765 2206 819 2251 et
843 2210 1064 2268 accepta
1122 2203 1317 2257 ﬁducia
1349 2208 1577 2263 accessit
1601 2211 1667 2263 ad
1703 2211 1909 2268 fontem
1947 2217 2130 2271 Domi-

555 2283 682 2338 num
706 2284 913 2344 Jesu‘m.
967 2289 1073 2346 Sed
1111 2296 1396 2350 veniamus
1428 2299 1493 2352 ad
1535 2315 1780 2360 causam.
1833 2305 1970 2371 Quid
2001 2323 2131 2378 ergo

552 2379 923 2446 evangelista?
961 2382 1031 2436 Et
1071 2386 1192 2440 inde
1234 2389 1491 2444 transiens
1551 2392 1808 2450 Dominus
1851 2397 2017 2454 'Jesus
2071 2402 2129 2455 in

553 2479 725 2535 partes
755 2469 902 2541 Tyri,
933 2483 982 2526 et
1009 2472 1245 2542 Sidonis,
1273 2487 1321 2530 et
1357 2494 1473 2532 ecce
1499 2481 1692 2536 mulier
1719 2483 2020 2541 Chananwa
2058 2487 2126 2546 “.

555 2558 687 2612 Mira
723 2576 829 2624 res,
853 2577 887 2614 o
917 2562 1257 2633 Evangelista
1285 2567 1298 2621 !
1339 2585 1359 2618 ι
1403 2567 1628 2640 Reliqua
1661 2585 1718 2629 ut
1743 2575 1796 2630 iu
1823 2575 1981 2632 libris
2009 2579 2127 2634 edi-

555 2649 623 2702 tis
651 2663 916 2720 coucepta
949 2665 1097 2708 sunt.

623 2738 775 2805 Quod
809 2742 876 2796 de
924 2745 1170 2813 proxime
1200 2750 1658 2818 praecedentibus,
1689 2755 1832 2811 idem
1865 2760 2127 2819 sentimus

551 2830 618 2884 de
643 2831 870 2896 Octava,
897 2850 1017 2904 quae
1046 2837 1331 2896 rhetoricis
1377 2845 1664 2914 pigmentis
1709 2863 1991 2920 perspersa
2023 2864 2127 2909 est.

559 2924 612 2979 ld
637 2925 823 2982 oll'ecit
873 2927 1151 2994 Merlinus,
1183 2941 1239 2986 et
1271 2933 1523 3007 Origenis
1564 2937 1763 3008 stylum
1811 2948 2126 3012 neutiquam

555 3018 760 3073 referre
791 3034 911 3074 eam
951 3022 1233 3078 confessus
1265 3036 1364 3087 est.
1422 3043 1592 3099 seque
1644 3031 1746 3086 hoc
1805 3048 1914 3088 uno
1965 3050 2125 3106 argu-

538 3105 735 3164 mento
774 3113 976 3165 dudum
1011 3113 1356 3185 Origeniauis
1391 3121 1612 3189 scriptis
1637 3123 1952 3189 inseruisse,
1979 3105 2124 3197 quod

2237 649 2487 718 quaesiti;
2552 664 2672 718 qua:
2724 651 2902 703 omnia
2967 650 3351 722 Origcnianam
3414 653 3742 722 simplicitates

2239 754 2350 792 nou
2391 739 2632 807 sapiunt.
2682 739 2967 808 Alli-goria;
2991 754 3252 810 praeterea
3287 742 3472 806 nulla,
3506 743 3642 797 nulla:
3666 756 3743 800 tro-

2239 829 2484 900 pologize.
2517 831 2572 884 Si
2594 831 2722 901 quid
2753 831 3067 901 conjectura
3113 835 3286 902 valeo,
3337 837 3644 906 scriptorem
3674 836 3746 892 la-

2242 923 2413 976 tinum
2442 923 2694 979 dixerim.

2309 1018 2383 1072 Ea
2414 1029 2564 1075 certe
2585 1029 2668 1075 est
2701 1019 2910 1088 primas,
2952 1020 3146 1084 tertiae,
3179 1032 3412 1090 quarta,
3442 1022 3644 1087 quintae,
3661 1039 3748 1078 sexo

2239 1121 2331 1178 tte,
2364 1113 2630 1182 septimm,
2661 1124 2870 1167 octavae
2922 1123 2976 1167 et
3006 1113 3230 1168 decima:
3268 1116 3611 1182 congruentia
3649 1117 3746 1170 inter

2246 1218 2306 1257 se
2329 1213 2384 1258 et
2406 1203 2866 1273 siruilitudo,f(20)
2895 1214 2954 1257 ut
2985 1219 3121 1273 pene
3151 1203 3428 1259 alﬁrmare
3449 1207 3607 1258 ausim
3636 1209 3750 1262 unius

2236 1309 2355 1356 esse
2412 1310 2602 1351 omnes
2645 1306 2699 1348 et
2749 1296 2990 1364 ejusdem
3037 1298 3317 1362 auctoris;
3358 1307 3521 1365 atque
3555 1298 3667 1368 ejus,
3710 1313 3750 1354 ut

2235 1385 2368 1449 dixi,
2417 1384 2635 1439 Latini:
2682 1387 2914 1441 secunda
2983 1387 3205 1442 alterius
3283 1399 3368 1442 est
3446 1387 3746 1458 Scriptoris:

2235 1489 2376 1528 noua
2428 1483 2656 1529 consula
2711 1486 2795 1529 est
2849 1475 3046 1544 triplici
3093 1476 3255 1530 trium
3307 1478 3621 1547 scriptorum
3668 1480 3747 1534 ira-

2233 1574 2474 1631 gmento.
2527 1565 2609 1620 Ab
2639 1564 2876 1633 Origene
2904 1577 3085 1619 autem
3123 1565 3265 1619 nulla
3309 1571 3527 1636 penitus
3567 1569 3747 1638 proiecta

2234 1665 2337 1718 est,
2363 1666 2722 1724 prasteruuam
2757 1657 2904 1726 prior
2929 1657 3016 1710 illa
3052 1673 3207 1710 nona-
3237 1659 3529 1726 particula.

2307 1752 2392 1806 Vl.
2427 1753 2651 1808 Michael
2682 1753 2988 1809 Ghislerius
3026 1756 3076 1808 in
3106 1755 3433 1809 Prml’atione
3469 1755 3534 1809 ad
3578 1771 3682 1811 suos
3712 1759 3749 1809 in

2239 1844 2522 1898 Jeremiam
2552 1846 3012 1909 Commentarios,
3042 1862 3162 1916 cap.
3199 1847 3254 1909 7,
3287 1861 3509 1917 paragr.
3537 1848 3588 1910 l,
3617 1862 3750 1902 narrat

2237 1936 2288 1988 in
2329 1935 2590 1991 Vaticano
2643 1939 2875 2004 quodam
2923 1939 3114 1994 codice
3177 1939 3372 1994 Grch
3429 1951 3649 2008 repertas
3679 1944 3749 1994 sibi

2235 2023 2487 2096 Origenis
2518 2027 2774 2083 homilias
2816 2031 2870 2082 in
2915 2029 3202 2084 Jeremiam
3238 2032 3475 2099 viginti;
3518 2046 3750 2100 earumqe

2235 2129 2583 2186 postremam,
2629 2121 2730 2175 etsi
2790 2121 2842 2176 id
2897 2122 3166 2178 indicaret
3217 2124 3432 2190 titulus,
3473 2140 3748 2194 nequaquam

2236 2221 2414 2268 taruen
2443 2214 2509 2266 ad
2542 2212 2831 2283 Origenem
2863 2215 3213 2284 pertinuisse.
3248 2215 3536 2269 Subnectit
3561 2225 3748 2284 postmo-

2232 2305 2357 2357 dum
2401 2319 2464 2359 ea
2494 2304 2608 2375 jam
2638 2305 2783 2359 edita
2815 2307 3165 2375 coruperiisse
3193 2324 3254 2362 se
3289 2324 3401 2362 non
3433 2307 3660 2376 Origenis
3684 2309 3748 2361 bo-

2235 2393 2462 2457 miliam,
2495 2396 2596 2448 scd
2638 2396 2899 2464 insignem
2948 2410 3068 2451 esse
3113 2395 3417 2452 Clementis
3460 2397 3748 2450 Alexandrini

2233 2483 2567 2550 Tractatum,
2601 2485 2753 2554 cujus
2798 2487 3166 2541 rnemiuerunt
3213 2487 3504 2551 Eusebius,
3547 2486 3749 2556 Hierony-

2229 2593 2351 2632 mus
2413 2587 2463 2632 et
2505 2577 2750 2643 Photius,
2784 2580 2981 2651 quippe
3027 2582 3107 2639 ita
3139 2581 3436 2652 inscriptus
3475 2580 3570 2634 fuit
3595 2597 3609 2635 :
3639 2581 3749 2644 Τίςό

2229 2669 2564 2738 σωζόμενος
2591 2672 2889 2739 πλούσιος
2906 2691 2926 2732 .-

2303 2759 2412 2818 Vll.
2439 2761 2653 2817 Scholia
2687 2764 2743 2817 in
2775 2763 3082 2819 Orationem
3119 2765 3479 2832 Dominicam,
3507 2776 3558 2820 et
3579 2764 3746 2819 Cantia

2229 2852 2292 2906 B.
2327 2853 2582 2922 Virginis,
2607 2855 2884 2911 Zachariae
2931 2868 2983 2913 et
3010 2859 3280 2913 Simeouis
3313 2859 3510 2913 Griece
3539 2875 3643 2912 cum
3678 2873 3744 2912 sua

2232 2946 2680 3016 interpretatione
2717 2947 2910 3001 Latina
2945 2948 3124 3018 :edidit
3177 2949 3477 3006 Federicus
3529 2949 3745 3010 Morellus,

2231 3039 2332 3094 Sub
2361 3040 2580 3094 nomine
2607 3039 2875 3109 Origenis,
2901 3041 3040 3104 sive,
3063 3051 3122 3094 ut
3145 3043 3258 3110 ipse
3285 3042 3557 3110 apposuit,
3579 3041 3744 3094 alterius

2228 3131 2469 3188 dot-toris
2501 3130 2820 3204 συγχρόνου,
2844 3147 3014 3200 eaque
3039 3147 3098 3186 se
3137 3149 3168 3187 e
3198 3133 3366 3186 veteri
3421 3133 3743 3198 manuscripto

553 3215 582 3252 a
602 3202 784 3255 multis
810 3213 1032 3270 putetur
1053 3221 1176 3261 esse
1196 3208 1529 3276 Adamantii,
1554 3223 1606 3267 et
1640 3213 1781 3268 inter
1811 3218 1927 3286 ejus
1959 3235 2122 3288 opera
2152 3238 2196 3300 ο
2229 3222 2413 3278 codice
2441 3238 2504 3276 ex
2535 3202 2682 3278 Italis
2716 3223 3056 3278 bibliothecis
3091 3224 3335 3292 profecto
3371 3226 3635 3295 selegisse,
3674 3239 3741 3278 ex-

553 3302 769 3359 reperta
805 3295 898 3350 sit.
952 3294 1082 3350 Eam
1111 3309 1290 3353 autem
1325 3301 1468 3356 inter
1505 3318 1672 3373 opera
1716 3305 1852 3363 t‘also
1888 3312 2123 3382 ascripta

524 3378 880 3453 ,Hieronynio
906 3391 1082 3452 posuit
1107 3389 1378 3448 Victorius
1405 3403 1551 3449 tomo
1577 3412 1740 3454 nono.

622 3473 852 3529 Homilia
884 3492 1024 3532 nona
1055 3483 1312 3538 membris
1337 3485 1512 3541 tribus
1541 3488 1592 3541 in
1624 3505 1788 3544 unum
1825 3495 2126 3562 compactis

550 3565 782 3620 conﬂata
819 3579 920 3625 est.
947 3569 1080 3625 Pars
1113 3574 1261 3641 prior
1283 3577 1415 3630 nihil
1441 3580 1585 3635 aliud
1614 3594 1696 3638 est
1731 3599 1891 3651 quam
1933 3585 2126 3655 Orige-

551 3656 705 3709 uiani
741 3666 1006 3714 tractatus
1038 3664 1296 3719 tricesimi
1330 3673 1508 3737 quarti
1558 3673 1609 3726 in
1661 3675 1968 3732 Manlianum
2001 3695 2128 3748 por-

555 3747 664 3812 tio;
692 3749 832 3803 uude
864 3754 1124 3808 nonnulla
1161 3759 1411 3814 consulto
1441 3776 1713 3832 cxpuncta
1761 3777 1920 3834 sunt;
1976 3747 2126 3838 quod

554 3840 620 3894 iis
651 3840 895 3896 doctrina
927 3845 1109 3901 minus
1131 3862 1262 3904 sana
1287 3854 1680 3911 contineretur.
1729 3857 1804 3912 Ea
1836 3875 1964 3916 vero
1999 3878 2125 3930 pars

551 3945 672 3999 quae
695 3934 764 3988 ab
788 3935 870 3988 his
887 3938 1099 3992 orditur
1123 3943 1307 3997 verbis
1338 3963 1352 3998 :
1387 3963 1406 3996 r
1441 3947 1482 4000 A
1522 3948 1794 4019 plerisque
1835 3955 2121 4008 conscien-

553 4021 625 4074 tia
649 4024 913 4093 accipitur
957 4040 1321 4096 peccatorutn,
1355 4052 1374 4085 ι
1412 4045 1544 4100 etc.,
1577 4049 1632 4092 et
1662 4039 1714 4093 iu
1765 4041 1832 4096 iis
1876 4043 2075 4096 desiuit
2109 4062 2122 4098 :

557 4131 576 4164 s
614 4113 750 4170 Miro
775 4117 927 4174 valde
955 4125 1112 4176 modo
1141 4127 1326 4192 paucis
1352 4129 1534 4183 verbis
1561 4145 1854 4200 expressus
1875 4144 1958 4188 est
1987 4136 2127 4205 ignis

552 4205 826 4271 gehennae,
858 4229 877 4261 ι
909 4212 1190 4283 desumpta
1219 4229 1301 4272 est
1325 4232 1392 4271 ex
1421 4219 1559 4273 libro
1593 4221 2124 4280 Commentariorum

555 4295 865 4371 Hieronymi
904 4304 958 4354 in
1014 4304 1243 4361 Isaiam.
1302 4308 1528 4379 Reliqua
1571 4314 1930 4382 suppeditavit
1965 4327 2126 4386 caput

553 4387 640 4449 17.
679 4390 798 4444 libri
835 4408 864 4444 v
919 4391 1216 4450 Moralium
1247 4397 1495 4468 Gregorii
1527 4400 1727 4472 Magni.

622 4482 894 4538 Decimum
944 4487 1220 4542 homiliam
1275 4509 1378 4545 nou
1429 4509 1552 4547 esse
1618 4495 1868 4565 Origeuis
1921 4499 2103 4552 statim

2227 3315 2538 3383 scripsisse,
2561 3315 2905 3370 transtulisse
2929 3316 3189 3370 declarat.
3222 3315 3279 3370 lu
3309 3317 3428 3384 ipso
3461 3315 3742 3372 Scholiorum

2231 3404 2386 3459 titulo
2435 3403 2624 3458 Grteco
2681 3421 2872 3460 nomen
2904 3406 3156 3476 Origeuis
3187 3406 3741 3476 ueutiquamoll’eudas.

2227 3495 2320 3549 sed
2348 3496 2476 3548 illud
2509 3497 2773 3550 duntaxat
2807 3513 2821 3548 :
2867 3499 3216 3568 Ἀνωνύμου
3248 3500 3478 3568 σχόλια
3505 3503 3588 3564 εὶς
3602 3497 3746 3564 εὐχὴν

2229 3587 2545 3655 κυριακήν.
2566 3588 2718 3644 Unde
2742 3590 2811 3644 ab
2834 3590 2949 3659 ipso
2967 3589 3400 3644 Morello'nomen
3415 3591 3642 3661 Origcuis
3654 3606 3746 3654 sup-

2228 3680 2468 3748 positum
2499 3681 2766 3748 suspicor.
2800 3681 2944 3736 Bene
2974 3696 3108 3735 vero
3135 3693 3220 3736 est
3247 3686 3393 3751 quod
3427 3683 3627 3738 Petroni
3646 3680 3744 3734 Laoo

2227 3773 2501 3826 dicensem
2540 3771 2838 3840 legitimum
2872 3784 3151 3828 auctorem
3191 3790 3257 3828 ex
3299 3774 3633 3829 Bibliotheca:
3673 3774 3746 3825 Pa-

2231 3874 2372 3916 trqu
2409 3871 2556 3917 toruo
2583 3865 2762 3931 priore
2791 3867 3194 3933 cognoscimus,
3234 3869 3288 3922 in
3321 3885 3434 3937 quo
3454 3869 3636 3923 scholia
3665 3869 3744 3919 hac

2227 3955 2282 4007 in
2317 3952 2627 4007 Orationem
2656 3953 2987 4009 Dominicam
3041 3957 3232 4012 Latine
3265 3975 3528 4014 conversa
3551 3957 3744 4013 comitiis

2232 4043 2490 4099 Germani
2522 4044 2850 4114 patriarcha:
2894 4046 3358 4118 Constantinopoli
3409 4052 3669 4117 conjuncta
3707 4051 3742 4098 in

2229 4147 2392 4187 unum
2427 4143 2483 4188 et
2516 4137 2774 4203 permista
2803 4137 3177 4205 reperiuntur.
3204 4140 3364 4208 Atqui
3405 4141 3601 4196 Morelli
3621 4145 3742 4193 codex

2229 4223 2446 4277 Scholia
2479 4225 2535 4279 in
2570 4224 2790 4280 Cantica
2820 4229 2995 4283 eidem
3024 4230 3317 4296 tribuebat,
3355 4234 3446 4286 cui
3481 4243 3534 4288 et
3579 4231 3742 4286 Scholia

2227 4317 2284 4370 in
2309 4314 2618 4372 Orationem
2651 4318 3023 4391 Dorninicaml;
3049 4330 3102 4377 et
3147 4324 3200 4378 id
3253 4329 3574 4392 persuadere
3613 4333 3743 4395 potest

2226 4408 2352 4477 styli
2384 4409 2707 4464 similitudo.

2301 4498 2434 4553 Vlll.
2461 4502 2540 4553 Ad
2579 4502 2738 4555 tinem
2766 4501 3025 4558 librorum
3053 4507 3191 4576 Περὶ
3227 4506 3435 4578 ἀρχῶν
3473 4509 3620 4564 attexi
3643 4505 3740 4561 sulci

553 4585 830 4640 agnoscet,
866 4577 1113 4646 quisquis
1151 4596 1312 4636 nares
1356 4584 1624 4638 habuerit.
1653 4587 1875 4640 Alienus
1898 4597 1982 4642 est
2009 4602 2122 4660 sty-
2157 4573 2200 4627 D
2234 4589 2462 4654 libellus,
2497 4593 2585 4658 qui
2616 4591 2928 4647 Lomentum
2965 4573 3207 4666 Origenis
3262 4573 3588 4656 inscribitur.
3618 4597 3740 4664 Hujus

551 4663 636 4717 lus
667 4665 736 4720 ab
767 4664 1019 4734 Origene,
1052 4670 1228 4723 aliena
1261 4674 1527 4738 clausula,
1584 4677 1761 4731 aliena
1810 4677 2122 4743 schemata,

622 4761 667 4792 "
696 4759 800 4815 lsa.
824 4777 977 4826 xutt,
1007 4763 1097 4818 26.
1173 4767 1220 4799 ⁵⁸
1252 4767 1441 4822 Matth.
1480 4785 1568 4832 xv,
1594 4769 1693 4835 21,
1729 4769 1822 4824 22.

620 4879 875 4953 (18)ῌΝεε
919 4882 1073 4937 aliter
1109 4885 1173 4938 de
1201 4887 1419 4950 septima
1458 4886 1785 4953 judicnmus,
1832 4899 1941 4943 etc.
1976 4889 2117 4946 Male

551 4947 865 5018 hicjudirat
895 4953 1140 5018 Huetius,
1178 4967 1235 5009 ut
1257 4947 1328 5008 Vin
1363 4947 1500 5008 infra
1539 4947 2057 5017 demonstrabimus.

619 5019 732 5093 (lii)
761 5017 1048 5093 Utramque
1097 5034 1454 5093 repra'sentat,
1503 5033 1607 5080 etc.
1659 5025 1879 5081 Sextum
1928 5030 2116 5084 itidem

547 5091 649 5141 sub
680 5088 930 5166 Origenis
961 5088 1204 5147 'noruiue
1262 5088 1651 5166 repragseutant
1703 5109 1935 5166 quatuor
1982 5115 2114 5154 mss.

552 5174 691 5226 quos
727 5160 958 5216 vidimus
983 5166 1220 5223 codices,
1255 5160 1390 5219 alter
1414 5160 1768 5220 Mareriaruiu
1792 5171 2001 5222 ordinis
2027 5170 2118 5224 Ci-

549 5230 888 5305 stercieusis,
924 5233 1062 5305 alter
1112 5236 1438 5305 cathedralis
1485 5238 1732 5290 cci-Iesia:
1759 5236 2116 5305 Turonensis,

550 5299 1113 5374 etduove‘tustisdnti
1145 5303 1423 5357 Tliuauari.
1489 5305 1899 5374 Repraesentaut
1954 5299 2117 5362 etiam

551 5366 922 5444 [iamiliarium
944 5373 1010 5425 ab
1037 5375 1367 5444 Alcuiuosed
1388 5366 1582 5428 Albino
1604 5375 1797 5430 Flacco
1815 5377 2121 5444 eolleclurn,

551 5437 786 5511 (Solonius
815 5441 1020 5511 editum
1050 5459 1189 5496 anno
1221 5443 1378 5506 1576,
1416 5460 1536 5511 pag.
1573 5446 1696 5505 16-1,
1747 5446 1971 5499 alterum
2011 5437 2122 5502 11οᾸ

551 5506 843 5583 miliarium
879 5509 1100 5583 Ba_si|e:e
1157 5506 1427 5580 vulgatum
1461 5506 1587 5569 anu.
1625 5516 1780 5576 1193.
1821 5515 1913 5572 fol.
1943 5517 2031 5583 40,
2071 5528 2126 5572 et

551 5575 906 5658 Cptiibﬁlisius
934 5575 1277 5658 Bibliotheca'
1300 5585 1723 5658 fanciomrtoriaz
1755 5575 1894 5658 tom.
1922 5586 1965 5645 ι.
1999 5575 2122 5658 pag.

554 5642 676 5699 740.
716 5645 866 5701 lianc
903 5665 1116 5718 quoque
1154 5653 1256 5705 sub
1298 5651 1452 5705 Beda:
1487 5655 1704 5707 nurnine
1755 5642 1975 5710 exhibet
1999 5642 2126 5711 ’όὸ-

556 5729 722 5791 mnus
742 5729 948 5791 noster
980 5719 1273 5791 Marteuius
1304 5719 1560 5791 Thesauri
1601 5725 1859 5779 Anecdot.
1902 5736 2033 5779 tom.
2056 5725 2124 5791 V,

554 5784 978 5860 a)|._51§,_trtto
1037 5789 1254 5855 Majoris
1314 5790 1618 5847 lllooasterii
1671 5807 1836 5860 prope
1878 5784 2124 5851 Turoues

557 5853 744 5911 codice
775 5854 963 5927 l'ultus,
998 5861 1088 5930 qui
1120 5853 1278 5917 Beda:
1305 5876 1503 5917 nomen
1527 5863 1580 5918 iu
1611 5853 1788 5919 fronte
1812 5865 2048 5934 praefert.

2235 4684 2737 4752 interpretationem
2774 4685 3103 4759 Hieronymo
3137 4691 3327 4745 tribuit
3370 4693 3544 4748 Guido
3569 4691 3738 4745 Carunc-

2292 4892 2406 4967 (20)
2436 4890 2507 4945 Ut
2539 4907 2666 4953 pene
2692 4893 2954 4967 aﬁ'irmare
2987 4894 3339 4967 ausim_unius
3377 4911 3489 4967 esse
3511 4909 3674 4954 omnes,
3703 4900 3737 4967 rt

2223 4963 2458 5031 ejusdem
2507 4963 2760 5022 auctoris.
2814 4973 2971 5031 atque
3000 4965 3113 5032 ejus
3151 4963 3350 5019 Latini.
3397 4966 3539 5018 Pcne
3579 4963 3735 5016 erravit

2224 5033 2470 5094 lluetius,
2499 5041 2660 5098 atque
2697 5033 2740 5085 si
2774 5032 2929 5100 plane
2957 5031 3120 5087 ausits
3148 5043 3291 5088 esset
3311 5035 3593 5096 aﬂirmare,
3620 5031 3735 5098 plant:

2223 5102 2642 5180 crrasset._Nam
2671 5102 2891 5156 humilia
2918 5104 3198 5180 quseiuter
3229 5119 3324 5158 eas
3349 5105 3570 5180 septima
3592 5113 3734 5180 nume

2224 5184 2395 5234 ratur,
2425 5171 2580 5236 cujus
2607 5182 2805 5247 tantam
2825 5188 2950 5247 cum
2978 5173 3095 5247 aliis
3110 5176 3515 5247 congruentiam
3550 5182 3597 5247 et
3617 5171 3732 5247 siuti-

2227 5243 2505 5296 litudinem
2536 5257 2657 5295 esse
2688 5243 2786 5312 ait,
2825 5243 3090 5310 ipsissima
3127 5254 3209 5297 est
3241 5245 3478 5305 homilia,
3507 5242 3577 5294 vel
3602 5242 3734 5312 potius

2230 5328 2352 5378 pars
2367 5312 2598 5365 hotnilite
2614 5314 2678 5364 de.
2695 5308 3020 5375 Chauiruaea,
3041 5328 3202 5380 quam
3224 5312 3550 5366 Mabillouius
3565 5308 3731 5363 ctmulti

2229 5391 2348 5449 post
2374 5397 2494 5435 eum
2523 5381 2812 5434 Laureuvio
2834 5380 3145 5436 Novariensi
3171 5385 3442 5450 episcopo,
3467 5381 3729 5450 aliipresliy-

2233 5445 2379 5514 iero,
2407 5452 2496 5504 alii
2521 5451 2810 5505 Laurentio
2839 5450 3110 5517 Mellilluo,
3143 5445 3228 5504 alii
3254 5445 3615 5505 Mediolani-nsi
3638 5445 3734 5499 falso

2237 5523 2574 5581 tribuerunt;
2617 5535 2776 5588 quam
2830 5535 2956 5599 vero
2987 5523 3215 5575 domnus
3240 5535 3424 5599 nos'er
3450 5517 3733 5599 lloritelalctt-

2233 5592 2353 5659 nius
2383 5592 2439 5644 S.
2473 5591 2862 5659 Chrysostoruo
2911 5589 3035 5656 jure
3093 5601 3145 5644 et
3202 5592 3396 5645 ruerito
3445 5589 3728 5659 adiudicavit-

2231 5658 2384 5713 Hauc
2423 5649 2850 5729 enirnfcontulit
2904 5649 3148 5714 eruditus
3177 5663 3257 5713 vir
3313 5677 3434 5716 cum
3483 5649 3649 5711 Cnseo

2230 5727 2606 5798 Chrysostomi
2667 5741 2946 5807 contextu,
3009 5741 3064 5784 et
3102 5731 3323 5807 _reperit
3371 5742 3528 5798 atque
3559 5727 3730 5807 attoniti!

2232 5792 2435 5852 meram
2475 5816 2593 5853 eam
2631 5815 2751 5853 esse
2777 5792 3300 5870 interpretationem,
3331 5815 3424 5854 seu
3447 5792 3626 5870 'potius
3654 5792 3731 5846 ira.

2231 5878 2504 5938 gmentum
2532 5870 2767 5929 humilia:
2801 5868 3000 5925 Graecae
3030 5873 3093 5926 de
3120 5871 3440 5927 Chananaia.
