3926 6530
200 441 329 498 lilii

1359 446 1930 506 ORIGENIANORUM
1969 451 2333 509 APPENDIX.

3316 455 3454 510 £282

201 561 312 624 lita,
374 560 431 614 in
485 562 685 618 haeresi
742 564 1216 633 Origenistarum;
1279 566 1467 622 tribuit
1511 577 1567 622 et
1603 568 1768 623 editio
1797 576 1841 630 Α
1873 585 1959 622 ras
2004 572 2250 637 relatam,
2283 582 2340 627 et
2369 573 2518 643 operi
2550 588 2648 628 suo
2686 574 2826 643 Περὶ
2860 574 3016 642 ὕλης
3049 573 3333 628 intextam.
3361 573 3450 626 Fi-

194 652 423 719 Llerlini,
447 664 503 708 et
527 657 701 711 codex
727 673 896 711 manu
915 669 1168 711 exaratos
1191 657 1537 715 Bibliothecze
1570 660 1770 730 Regia.

193 745 292 798 Sed
322 758 519 802 contra
549 750 836 813 Erasmus,
864 770 882 802 ‹
920 750 1240 805 Laurentum
1292 753 1417 817 hoc,
1447 753 1644 821 inquit,
1672 768 1772 809 nec

200 840 263 891 ab
290 839 534 909 Origene
568 843 837 910 scriptum
866 853 968 907 est,
1012 858 1111 897 nec
1163 844 1231 897 ab
1279 843 1606 915 Hieronymo
1648 860 1773 911 ver-

194 947 329 993 sum,
357 932 455 985 sed
496 932 819 1001 ﬁgmentum
850 945 934 988 est
960 936 1189 1005 alicujus
1237 937 1464 1000 indocti,
1516 939 1607 1007 qui
1652 949 1769 993 stu-

190 1022 362 1075 duerit
388 1022 703 1089 hujusmodi
729 1026 913 1079 colore
938 1025 1229 1094 Origeuem
1264 1028 1548 1081 infamare.
1592 1028 1765 1082 Simili

189 1112 724 1170 artiﬁciolinxerant
744 1117 1025 1185 epistolam
1053 1116 1365 1189 Hieronymi
1395 1118 1568 1183 titulo,
1591 1120 1641 1171 in
1660 1134 1765 1187 qua

192 1204 511 1272 deplorabat
541 1208 688 1275 quod
708 1208 1000 1276 aliquando
1026 1225 1146 1263 cum
1183 1209 1413 1278 Origene
1441 1211 1755 1264 sensisset.»

192 1296 251 1349 Et
284 1296 539 1353 Gelasius
574 1298 625 1351 in
659 1300 891 1353 concilio
924 1299 1173 1355 Romano
1204 1318 1216 1355 :
1258 1319 1278 1352 ι
1330 1300 1491 1355 Liber
1532 1304 1624 1371 qui
1669 1319 1765 1370 ap-

193 1388 418 1456 pellatur
449 1390 530 1442 De
559 1392 865 1455 paenitentia
902 1391 1165 1461 Origenis,
1206 1396 1568 1464 apocryphus.
1608 1413 1627 1446 ι
1664 1394 1764 1447 Mi-

185 1496 296 1534 rum
332 1482 521 1551 itaque
558 1484 680 1536 sine
721 1482 978 1537 falsitatis
1009 1495 1131 1538 uota
1162 1502 1191 1539 a
1238 1486 1499 1556 theologis
1536 1485 1756 1555 quibus~

184 1573 295 1626 dam
348 1572 553 1626 librum
610 1574 754 1628 hunc
808 1591 1193 1644 nonnunquam
1270 1576 1323 1630 in
1390 1577 1760 1630 testimonium

184 1666 355 1727 citari,
391 1676 447 1720 et
482 1667 625 1722 inter
653 1667 883 1736 genuina
927 1668 1178 1737 Origenis
1204 1682 1370 1738 opera
1402 1685 1432 1721 a
1476 1668 1760 1724 Vincentio

183 1757 550 1813 Bellovacensi
591 1760 777 1828 reponi
808 1758 963 1823 Spec.
993 1760 1169 1815 doctr.
1194 1760 1287 1815 lib.
1316 1775 1470 1825 xvut,
1508 1775 1629 1830 cap.
1666 1761 1755 1815 45.

183 1850 273 1904 llic
316 1864 453 1904 vero
526 1850 754 1903 ridenda
802 1859 887 1903 est
948 1851 1265 1905 heterodoxi
1312 1851 1590 1920 cujusdam
1654 1852 1754 1906 bu-

1875 665 1995 715 dem
2035 664 2118 717 his
2135 665 2392 719 conciliat
2413 668 2553 733 quod
2586 677 2771 720 narrat
2797 666 3175 721 Eusebiuslib.
3200 680 3252 719 vr
3285 664 3452 728 Ηὶιιη

1872 772 1992 823 cap.
2044 758 2135 819 55.
2178 758 2248 813 ab
2278 759 2452 813 artatis
2486 772 2597 814 suae
2644 759 2987 829 prtesbyteris
3028 774 3188 827 quam
3221 757 3450 826 plurima

1871 850 1938 905 de
1965 848 2199 920 Origene
2236 851 2457 921 scriptis
2490 851 2656 907 fuisse
2698 852 2892 906 tradita
2922 871 2936 918 ;
2978 863 3030 908 et
3061 854 3202 922 quod
3243 851 3449 920 Dialogi

1870 942 2105 1011 scriptor
2138 958 2292 1011 reges
2327 945 2588 1013 quosdam
2620 943 2820 999 Christi
2867 945 3024 999 [idem
3058 944 3359 1013 amplexos,
3396 951 3452 997 et

1873 1034 2066 1101 templa
2116 1035 2456 1088 ethnicorum
2497 1050 2619 1089 cum
2672 1036 2829 1089 idolis
2874 1052 3059 1089 eversa
3114 1050 3450 1089 commemo-

1870 1134 1985 1191 rat;
2042 1126 2175 1180 nihil
2236 1129 2381 1181 enim
2459 1128 2762 1197 hujusmodi
2816 1126 3066 1197 Origenis
3119 1128 3450 1195 temporibus

1867 1217 2129 1286 contigit,
2176 1220 2270 1273 sed
2319 1218 2653 1273 Constantini
2711 1237 2725 1273 :
2779 1220 2921 1273 unde
2970 1219 3188 1272 Maximi
3231 1227 3446 1272 mtatem

1866 1310 2040 1377 possis
2082 1311 2357 1380 colligere.
2393 1312 2510 1383 (2|)
2548 1311 2761 1367 Fel‘ellit
2814 1313 3046 1366 fortasse
3095 1310 3351 1365 Basilium
3393 1317 3449 1364 et

1869 1398 2188 1470 Gregorium
2222 1402 2424 1472 Dialogi
2456 1403 2638 1456 titulus
2673 1418 2865 1456 nomen
2915 1402 3222 1457 Adamantii
3256 1400 3450 1469 praefe-

1866 1505 2011 1552 rens.
2048 1492 2191 1559 quod
2229 1492 2281 1544 in
2317 1507 2381 1544 eo
2437 1492 2638 1560 primas
2682 1502 2860 1560 partes
2905 1500 3099 1546 tractet
3145 1489 3444 1560 Origenes;

1863 1582 2315 1650 quemadmodum
2378 1582 2526 1637 Laelii
2562 1593 2615 1637 et
2648 1583 2871 1638 Catonis
2901 1584 3120 1637 nomina
3153 1583 3449 1651 pra-ferunt

1868 1672 2067 1737 Dialogi
2120 1675 2185 1727 de
2232 1675 2509 1739 amicitia;
2553 1683 2607 1728 et
2643 1675 2709 1729 de
2744 1685 3029 1729 senectute
3088 1689 3192 1728 non
3237 1676 3379 1743 quod
3415 1689 3445 1728 a

1861 1763 2068 1819 Catone
2145 1765 2229 1819 vel
2282 1765 2450 1819 Laelio
2499 1767 2684 1835 scripti
2733 1766 2861 1827 sint,
2910 1767 3004 1820 sed
3060 1766 3200 1834 quod
3258 1765 3447 1834 priime

1863 1856 1995 1925 ipsis
2039 1866 2222 1925 partes
2273 1858 2601 1911 tribuantur.
2660 1857 2958 1910 Mirandum
3012 1871 3173 1925 porro
3210 1872 3312 1911 non
3363 1865 3448 1911 est

181 1941 258 2008 ius
285 1941 470 1995 malis
503 1940 795 2006 ευρίηῖιθεν
819 1940 909 2008 (illi
962 1939 1283 1995 Lamenlum
1329 1940 1548 2010 Origeni
1589 1942 1760 1997 ascri-
1791 1918 1834 1973 Β
1864 1947 2335 2017 interloquentium
2381 1965 2735 2017 personarum
2768 1951 2983 2003 nomina
3023 1965 3197 2019 neque
3248 1951 3300 2005 in
3338 1951 3449 2004 Eu-
3528 1958 3531 1971 ‘

181 2044 345 2100 ptum,
382 2047 414 2086 a
445 2032 590 2087 libro
618 2030 696 2086 De
723 2033 1027 2102 pauitantia
1057 2031 1332 2089 diversum
1362 2033 1492 2102 quid
1513 2048 1634 2087 esse
1659 2049 1758 2102 pu-

179 2127 321 2180 tarit.
486 2178 489 2181 _

238 2218 337 2273 IX.
377 2216 665 2288 Dialogum
702 2215 780 2272 De
827 2216 1126 2272 orthodoxa
1161 2217 1288 2285 ﬁde,
1322 2217 1413 2286 qtti
1461 2226 1517 2273 et
1565 2227 1755 2274 contra

185 2312 575 2367 Marcionistas
615 2311 837 2366 inscribi
864 2311 1021 2373 solet,
1047 2308 1266 2379 Origeni
1299 2311 1545 2365 tribuere
1568 2296 1757 2365 viden-

184 2416 264 2459 tur
287 2403 536 2459 Basilius
600 2413 658 2458 et
694 2402 990 2470 Gregorius
1015 2401 1413 2456 Nazianzenus.
1443 2401 1575 2455 Cum
1612 2402 1754 2454 enim

174 2514 232 2552 ex
262 2498 527 2566 operibus
554 2510 705 2550 mere
766 2486 1107 2561 Orige'nianis
1144 2494 1495 2548 Philocaliam
1518 2493 1757 2547 conﬂare

177 2605 231 2643 se
261 2588 501 2660 professi
538 2588 675 2651 sint,
711 2588 1073 2656 [ragtnentum
1103 2602 1132 2641 e
1164 2597 1318 2655 parte
1358 2586 1518 2641 tertia
1548 2583 1752 2654 Dialogi

176 2683 325 2738 istius
348 2684 738 2751 depromptum
768 2682 819 2735 in
854 2679 1208 2733 Philocaliam
1240 2680 1612 2749 conjeeerunt.
1652 2679 1758 2732 Ita-

177 2791 273 2843 que
304 2775 460 2829 illum
494 2789 620 2829 esse
646 2773 898 2842 Origeuis
927 2773 1225 2828 credidisse
1253 2773 1373 2826 illos
1405 2772 1753 2842 perspicuum

175 2880 270 2923 est.
302 2870 376 2922 At
411 2866 766 2921 induciturin
803 2880 868 2920 eo
916 2865 1135 2935 Dialogo
1176 2864 1436 2934 Origenes
1474 2864 1754 2934 probatam

176 2961 223 3014 in
272 2959 519 3015 Ecclesia
576 2959 644 3011 de
696 2957 894 3012 tunicis
936 2957 1176 3026 pelliceis
1206 2957 1420 3020 Adami,
1453 2967 1510 3009 et
1538 2960 1603 3011 de
1634 2973 1756 3011 cor-

176 3068 298 3119 pore
329 3055 574 3106 lmmano
632 3060 689 3103 et
732 3051 933 3110 anima.
972 3050 1147 3118 deque
1182 3048 1585 3103 resurrectione
1631 3063 1758 3103 sen-

175 3147 394 3200 tentiam
418 3157 805 3214 pr-Opugnans;
834 3158 954 3196 cam
981 3142 1084 3195 alia
1110 3142 1349 3195 sensisse
1378 3141 1553 3208 ipsum
1586 3156 1752 3210 supra

173 3238 597 3293 ostenderimus.
656 3233 809 3290 Unde
858 3234 1048 3303 opella:
1094 3232 1252 3301 hujus
1304 3233 1544 3299 scriptor
1579 3232 1753 3287 neuti-

172 3344 328 3397 quam
377 3328 529 3382 credi
588 3336 788 3393 potest.
836 3324 1105 3378 Praeterea
1154 3323 1220 3376 ad
1271 3322 1429 3376 linem
1468 3320 1752 3391 fragmenti

173 3419 327 3487 hujus
358 3418 503 3488 quod
542 3416 857 3470 Pltilocalia:
892 3416 1153 3469 insertum
1194 3422 1298 3475 est,
1326 3412 1578 3466 Scholion
1614 3413 1754 3466 istud

170 3512 394 3580 reperiri
422 3510 564 3565 solet
589 3526 604 3561 :
631 3508 816 3562 Ταῦτα
848 3507 955 3561 ἀπὸ
992 3506 1085 3560 τοῦ
1116 3503 1159 3570 ζ’
1190 3504 1347 3571 λόγου
1370 3503 1753 3573 τῆςηΕὺσεϐίου

169 3604 257 3657 τοῦ
278 3603 571 3675 Παμφίλου
594 3598 1008 3670 Εὐαγγελικῆς
1024 3594 1529 3667 προπαρασκευῆς
1549 3614 1757 3668 παρεκ-

173 3697 450 3768 δέὸληται.
487 3695 746 3766 Μαξίμου
777 3694 833 3746 δέ
864 3693 1022 3755 εἰσιν,
1045 3692 1119 3756 ὥς
1148 3708 1312 3762 φησιν
1340 3693 1369 3745 ό
1400 3691 1561 3755 αὐτὸς
1586 3692 1756 3744 Εὐσέ-

173 3791 303 3855 ϐιος,
329 3792 431 3844 οὐκ
460 3790 683 3860 ἀσήμου
718 3788 775 3840 ὲν
803 3789 917 3849 τοῖς
949 3787 1295 3857 Χριστιανοῖς
1350 3784 1714 3855 συγγραφέως
1738 3801 1752 3815 ’

172 3882 448 3948 αὐτολεξεὶ
487 3882 546 3935 δὲ
578 3880 807 3953 εὓρηται
836 3880 1009 3932 ταῦτα
1031 3880 1259 3950 κείμενα
1294 3879 1389 3932 καὶ
1423 3882 1480 3932 ὲν
1505 3877 1584 3948 τῷ
1624 3878 1757 3948 Ὠρι-

170 3977 358 4045 γὲνους
386 3976 529 4047 πρὸς
562 3972 1007 4045 Μαρκιωνιστὰς,
1054 3971 1147 4025 καὶ
1201 3970 1394 4033 ἄλλους
1442 3969 1753 4041 αἱρετικοὺς

168 4070 422 4139 διαλόγῳ,
449 4066 756 4138 Εὑτροπίου
805 4064 1138 4129 δικάζοντος.
1167 4063 1437 4132 Μεγεθίου
1470 4064 1526 4116 δὲ
1548 4062 1758 4115 ἀντιλέ-

170 4181 377 4233 γοντος.
412 4182 429 4213 ι
470 4161 597 4215 lizcc
622 4175 653 4214 e
676 4159 906 4227 septimo
950 4158 1087 4211 libro
1119 4157 1446 4225 Evangelirw
1494 4171 1758 4224 purpura-

170 4258 327 4309 tiom’s
354 4254 573 4309 Eusebii
606 4251 872 4320 Pamphili
924 4250 1239 4319 deprompta
1281 4258 1429 4302 sttnt.
1465 4246 1607 4301 Sunt
1659 4262 1759 4299 au-

173 4359 273 4402 tem
325 4349 571 4410 Maximi,
632 4355 691 4399 ut
740 4344 818 4397 ait
862 4343 977 4411 ipse
1026 4341 1311 4404 Eusebius,
1354 4355 1459 4393 non
1504 4337 1754 4405 ignobilis

173 4442 314 4495 inter
368 4439 719 4495 Christianos
756 4424 1063 4504 scriptOris.
1107 4432 1352 4486 Totidem
1405 4446 1536 4485 vero
1577 4430 1757 4485 verbis

171 4531 374 4601 scripta
407 4545 471 4585 ea
506 4527 862 4581 inveniuntur
883 4525 934 4578 iu
964 4523 1217 4593 Origenis
1241 4524 1502 4576 adversus
1526 4519 1757 4574 Marcio-

1862 2041 2034 2102 sebio,
2084 2056 2257 2111 neque
2292 2041 2357 2097 in
2409 2041 2700 2097 Philocalia
2745 2057 3110 2112 comparere:
3159 2059 3281 2096 nam
3320 2059 3450 2099 cum

1863 2132 2099 2195 rubrica,
2138 2133 2314 2188 aliove
2338 2134 2522 2187 colore
2562 2135 2821 2202 ejusmodi
2860 2135 3073 2188 nomina
3111 2146 3163 2190 et
3194 2134 3446 2192 lemmata

1858 2212 2096 2278 solerent
2128 2223 2413 2293 distingui,
2442 2239 2471 2276 a
2500 2224 2736 2279 librariis
2764 2240 3139 2294 saepenumero
3163 2227 3446 2283 distinctio
3516 2216 3531 2235 ⁷’

1859 2315 1975 2370 inec
2006 2316 2378 2383 omittebatur,
2400 2317 2481 2371 vel
2519 2333 2616 2387 per
2651 2319 2937 2383 incuriam,
2972 2318 3057 2373 vel
3094 2307 3272 2390 potius
3302 2323 3445 2391 quod

1859 2424 1979 2462 eaut
2012 2408 2065 2462 in
2100 2410 2440 2463 commodius
2474 2408 2782 2477 rejicientes
2810 2421 3042 2479 tempus,
3075 2408 3290 2479 penitus
3323 2394 3447 2466 tan-
3522 2480 3523 2483 η

1860 2495 2004 2558 dem,
2064 2496 2314 2563 obliviosi
2368 2498 2568 2566 quippe
2621 2492 2887 2563 homines,
2937 2504 3441 2568 prteterruitterent.

1862 2585 2135 2654 Duplicem
2169 2588 2559 2643 lucubrationis
2600 2589 2758 2657 hujus
2794 2590 3294 2657 interpretationem
3336 2591 3465 2647 La?
3520 2583 3524 2589 ⁴

1862 2678 1973 2730 tina
2017 2677 2349 2734 Cenebrardi
2400 2681 2609 2748 profert
2660 2681 2847 2744 editio,
2898 2680 3125 2735 alteram
3175 2671 3442 2739 Joachimi

1860 2765 2414 2832 Periouii,Laurentii
2454 2769 2719 2823 llumfridi
2752 2771 3003 2825 alteram.
3026 2772 3145 2826 Alia
3179 2783 3443 2843 praeterea

1859 2873 1888 2911 a
1921 2858 2129 2915 Joanne
2169 2860 2299 2915 Pico
2353 2874 2605 2915 senatore
2645 2860 2932 2917 Parisiensi
2972 2862 3254 2918 lucubrata
3303 2879 3448 2921 anno

1864 2947 2021 3013 1556,
2053 2965 2298 3004 seorsum
2325 2951 2468 3005 edita
2498 2960 2699 3006 exstat.

1932 3036 2001 3092 Χ.
2052 3040 2228 3092 Alium
2280 3054 2416 3103 suo,
2473 3039 2833 3109 Origenisque
2890 3042 3119 3098 nomine
3160 3043 3443 3113 Dialogum
3518 3043 3520 3046 ’

1857 3139 2220 3199 supposuerat
2265 3130 2551 3186 btereticns
2592 3132 2833 3199 quidam,
2881 3148 3098 3187 omnem
3140 3134 3267 3190 licet
3318 3150 3443 3190 cum

1857 3236 1922 3278 eo
1968 3219 2170 3291 Ephesi
2212 3220 2353 3275 l‘orte
2404 3221 2504 3275 sibi
2559 3222 2673 3276 viso
2702 3236 3057 3292 congressum
3092 3238 3159 3279 ac
3196 3227 3442 3296 disputa-

1864 3317 2064 3370 tionem
2118 3316 2499 3368 detrectasset.
2552 3312 2827 3368 Fictiliaut
2881 3314 3231 3384 scriptionem
3297 3319 3445 3374 misit

1861 3406 2089 3461 Romam
2126 3405 2194 3459 ad
2231 3420 2360 3458 suos
2398 3406 2713 3474 discipulos,
2759 3408 3068 3478 passimque
3112 3410 3442 3465 dissemina-

1864 3500 1964 3561 vit,
2012 3508 2066 3554 et
2111 3497 2437 3561 Antiochiae,
2484 3499 2798 3569 priusquam
2838 3500 2963 3554 illuc
3003 3504 3285 3556 accederet
3318 3500 3443 3557 Ori-
3496 3562 3500 3568 ,

1859 3608 2047 3664 genes,
2077 3593 2149 3647 ob
2184 3591 2375 3645 falsam
2404 3590 2686 3644 victoriam
2720 3590 2906 3647 inanes
2944 3592 3055 3663 egit
3084 3593 3387 3663 triumphos
3421 3612 3437 3650 :

1862 3699 1982 3737 mox
2023 3699 2151 3738 vero
2187 3691 2244 3736 ut
2285 3679 2461 3735 adfuit
2497 3681 2874 3744 Adamantius,
2921 3683 3156 3737 hominis
3190 3685 3441 3740 contudit

1860 3780 2226 3843 prolerviam,
2276 3786 2328 3827 et
2394 3772 2690 3827 vanitatem
2753 3773 3055 3830 manifestis
3103 3778 3441 3847 argumentis

1859 3872 2115 3925 convicit.
2430 3918 2431 3921 η
2818 3936 2819 3939 η

1931 3961 2024 4016 XI.
2062 3959 2223 4014 Falso
2253 3973 2470 4027 quoque
2498 3957 2803 4026 przescrihit
2831 3957 2932 4011 sibi
2965 3972 3159 4011 nomen
3192 3954 3442 4026 Origenis

1857 4055 2067 4110 libellus
2114 4053 2361 4123 quidam.
2405 4052 2495 4120 qui
2544 4048 2986 4119 philosophorum
3029 4058 3206 4103 sertas
3249 4065 3311 4103 ac
3348 4051 3444 4104 (ἰο-

1859 4156 2040 4216 gmata
2092 4154 2364 4210 recenset,
2397 4154 2452 4197 et
2492 4142 2802 4214 Ὠριγένους
2835 4140 3265 4211 φιλοσοφούμενα
3308 4142 3447 4199 solet

1855 4236 2134 4308 appellari.
2169 4235 2381 4290 Primus
2427 4245 2607 4289 autem
2659 4235 2749 4288 hic
2794 4244 2879 4288 est
2933 4234 3073 4287 liber
3121 4233 3436 4301 grandioris

1854 4332 2057 4402 operis,
2091 4344 2199 4399 quo
2231 4329 2468 4382 haereses
2494 4342 2684 4381 omnes
2710 4325 3071 4380 conlutandas
3104 4335 3295 4381 auctor
3331 4327 3439 4383 sibi

1856 4430 2249 4493 proposuerat,
2298 4421 2440 4487 quod
2505 4433 2570 4472 ex
2624 4417 2893 4487 dogmatis
2952 4414 3437 4485 philosophorum,

1860 4518 2140 4571 haereseou
2170 4522 2351 4581 pestes
2386 4509 2500 4564 fere
2537 4508 2790 4579 profectae
2821 4509 2965 4574 sint;
3005 4507 3196 4576 hisque
3218 4508 3442 4562 convel»

172 4600 368 4686 nistas,
394 4621 649 4687 aliosque
681 4618 968 4672 haereticos
992 4615 1233 4683 Dialogo,
1263 4624 1456 4683 agente
1475 4613 1752 4684 Eutr0pio,
1787 4631 1832 4689 ο
1863 4610 2039 4664 Iendis
2077 4606 2224 4661 utilis
2278 4606 2349 4659 sit
2397 4604 2611 4658 illorum
2663 4600 2991 4657 confutatio.
3030 4600 3276 4654 Larvatte
3316 4600 3443 4655 huic

172 4716 498 4770 defendente
518 4712 812 4779 Megethio.
846 4728 863 4761 ι
891 4708 1104 4763 Revera
1132 4706 1394 4762 Eusebius
1423 4706 1563 4760 libro
1583 4722 1653 4759 vn
1680 4704 1754 4759 De

169 4819 455 4875 pra’paral.
471 4802 760 4871 evangelia.
783 4801 1146 4871 fragmentum
1174 4800 1224 4853 id
1245 4800 1482 4863 exhibet.
1498 4808 1629 4854 etex
1647 4798 1756 4852 Ma-

174 4900 299 4954 ximi
337 4900 479 4954 libro
526 4895 669 4964 Περὶ
704 4895 860 4962 ὕλης
897 4908 1018 4949 sese
1048 4903 1352 4947 mutuatum
1403 4906 1524 4946 esse
1564 4892 1752 4946 tradit.

172 4991 320 5047 Utris
336 5001 525 5046 autem
550 4988 674 5059 plus
698 4988 998 5041 habeamus
1028 4982 1752 5051 ﬁdei,BasilioetGregorio,

170 5099 303 5152 opus
325 5085 379 5139 id
401 5080 627 5151 Origeni
649 5076 1046 5141 tribuentibus;
1072 5092 1139 5129 an
1162 5075 1392 5130 Eusebio
1416 5075 1555 5128 idem
1588 5073 1748 5127 Maxi-

173 5193 260 5232 mo
280 5173 614 5245 assignanti,
655 5170 1040 5240 ambigendum
1071 5184 1180 5222 non
1216 5175 1299 5222 est
1328 5183 1340 5219 :
1370 5182 1512 5236 saepe
1555 5166 1756 5236 quippe

171 5269 506 5323 ostendimus
531 5264 801 5318 nemiuem
822 5261 873 5315 in
890 5248 1296 5331 perscrutaudis
1312 5257 1566 5328 Origeuis
1593 5260 1757 5314 rebus

176 5371 380 5414 tantum
411 5358 732 5412 adhibuisse
760 5370 906 5409 cura:
938 5362 994 5406 et
1016 5350 1272 5414 solertiae,
1300 5358 1558 5420 quantam
1596 5349 1756 5403 adhi-

174 5451 595 5506 buitEusebins.
615 5447 739 5502 Veri
758 5458 941 5501 autem
979 5445 1157 5499 simile
1178 5454 1263 5498 est
1287 5441 1529 5496 habitam
1565 5456 1753 5495 revera

177 5543 338 5599 fuisse
373 5540 599 5612 Origeni
636 5555 757 5594 eum
794 5537 1080 5608 Megethio,
1121 5535 1324 5598 Marco,
1370 5533 1604 5601 aliisque
1639 5533 1753 5586 ha:-

176 5637 354 5692 reticis
386 5632 890 5695 concertationem;
915 5640 971 5683 at
996 5643 1026 5682 a
1053 5627 1290 5682 Maximo
1307 5625 1502 5681 deinde
1527 5624 1579 5677 in
1610 5624 1757 5679 litte-

245 5796 354 5869 (21)
400 5792 614 5869 efellit
644 5791 870 5869 fortasse
898 5786 1165 5869 Basiliam
1193 5793 1254 5869 ει.
1274 5781 1597 5869 (ἐξαφεῖναι
1612 5779 1757 5869 Pia-

176 5850 287 5938 ιυάῖ
306 5850 800 5938 tilitlus,etc.'Vide
825 5875 943 5938 qua:
959 5857 1202 5938 dixiuuts
1225 5854 1291 5938 de.
1321 5854 1485 5938 hocce
1509 5850 1754 5938 Oialpgo,

178 5921 368 6005 107ml,
395 5921 648 5998 Praefat.,
682 5947 799 6001 pag.
831 5921 919 5996 i2,
955 5928 1038 5995 εδ,
1064 5937 1120 5982 et
1141 5927 1194 5982 in
1226 5922 1595 5979 admonitione
1631 5921 1757 5975 huic

1861 4701 2147 4770 scriptioni
2195 4711 2483 4769 personam
2533 4695 2828 4751 detrahunt
2883 4693 2967 4748 vel
3024 4693 3184 4747 verba
3253 4692 3441 4747 iSliIIBC

1861 4811 1981 4865 qua:
2013 4803 2231 4848 exstant
2255 4792 2306 4845 in
2339 4790 2602 4860 prooemio
2633 4806 2645 4840 :
2674 4787 2858 4842 Ταῦτα
2875 4786 2933 4839 δὲ
2963 4786 3149 4858 ἕτερος
3172 4786 3272 4838 οὐκ
3291 4784 3445 4853 ἐλέγ-

1859 4886 1962 4953 ξει,
1998 4886 2031 4956 ἦ
2063 4885 2122 4937 τὸ
2148 4885 2206 4936 ὲν
2256 4880 2553 4951 Ἐκκλησία
2580 4877 2884 4949 παραδοθὲν
2911 4878 3064 4943 ἅγιον
3106 4875 3350 4944 Πνεῦμα,
3379 4866 3442 4926 οὗ

1859 4979 2217 5049 τυγχάνοντες
2268 4972 2533 5044 πρότερον
2558 4972 2608 5023 οἱ
2664 4967 2951 5022 ἀπόστολοι
2996 4966 3286 5037 μετέδοσαν
3327 4968 3440 5029 τοῖς

1858 5071 2034 5144 ὀρθῶς
2064 5064 2512 5121 πεπιστευκόσιν
2528 5054 2603 5114 ὧν
2632 5062 2791 5131 ἡμεῖς
2805 5057 3036 5128 διάδοχοι
3056 5056 3439 5125 τυγχάνοντες,

1860 5167 1960 5237 τῆς
2010 5180 2070 5217 τε
2117 5162 2288 5231 αὐτῆς
2320 5160 2541 5231 χάριτος
2586 5154 2925 5226 μετέχοντες,
2956 5151 3341 5222 ἀρχιερατεὶας
3380 5166 3442 5202 τε

1858 5258 1951 5312 καὶ
1969 5251 2335 5315 διδασκαλίας,
2366 5250 2460 5303 καὶ⁵
2486 5246 2713 5319 φρουροὶ
2739 5247 2838 5317 τῆς
2872 5244 3194 5315 Ἐκκλησίας
3232 5242 3442 5315 λελογι-

1862 5350 2068 5421 σμένοι,
2086 5347 2186 5400 οὐκ
2199 5343 2463 5415 ὀφθαλμῷ
2474 5339 2826 5411 νυστάξομεν.
2846 5336 2973 5394 Hice
2994 5346 3164 5390 autem
3182 5352 3284 5389 non
3307 5337 3443 5388 alius

1862 5448 2128 5511 conrguet,
2150 5453 2309 5508 quam
2338 5436 2567 5488 traditus
2594 5433 2649 5486 in
2677 5431 2911 5484 Ecclesia
2940 5426 3174 5499 Spiritus
3192 5436 3403 5481 sanctus
3422 5441 3441 5478 :

1862 5546 2012 5602 quem
2049 5543 2167 5581 cum
2199 5526 2445 5595 primitus
2474 5522 2793 5589 accepissent
2833 5517 3078 5587 apostoli,
3115 5516 3181 5568 iis
3209 5530 3444 5567 commu-

1865 5626 2110 5679 nicarunt
2151 5620 2241 5690 qui
2284 5624 2418 5671 recte
2467 5615 2532 5669 de
2560 5613 2667 5689 Deo
2707 5611 2995 5667 sentiebant
3029 5624 3047 5663 :
3079 5620 3302 5679 quorum
3348 5620 3442 5658 nos

1864 5777 2017 5858 operi
2079 5773 2298 5846 prteﬁxa
2354 5786 2475 5842 pag.
2536 5768 2680 5836 800,
2732 5766 2833 5822 801
2895 5776 2949 5821 et
3024 5762 3130 5821 802
3198 5762 3441 5834 ejusdem

1868 5861 2018 5906 iOIIII.
