3952 6532
569 451 591 503 1
602 452 707 507 ⁶85

1347 449 1408 502 Ρ.
1453 450 1762 505 DANIEL-IS
1801 450 2028 505 llUETll
2073 448 2647 507 ORIGENIANORUM
2692 444 3056 501 APPENDIX.

3634 441 3728 495 1283

568 587 686 624 cum
720 586 1047 625 successores
1069 572 1255 637 simus,
1292 580 1343 624 et
1366 572 1599 640 ejusdem
1622 574 1808 642 gratia:
1836 574 2137 642 participes,
2171 578 2213 631 A
2244 572 2363 626 nius
2396 579 2670 625 auctorem
2714 582 2835 623 esse
2860 566 3195 637 Cyprianum
3232 561 3436 616 levibus
3474 574 3590 613 sane
3614 563 3733 615 ratio-

567 677 763 714 nccnon
792 662 1143 731 episcopatus,
1173 670 1223 715 et
1255 663 1569 731 magisterii,
1609 675 1654 718 et
1690 667 1927 718 custodes
1962 664 2139 719 Eccle-

566 753 659 803 sia:
688 753 937 819 reputati,
963 768 1067 806 non
1091 755 1254 807 oculis
1282 770 1376 823 per
1400 756 1697 810 socordiam
1715 756 2137 812 dormitabimus.

566 843 728 911 Atqui
771 859 869 899 nec
910 844 1165 900 Ecclesia:
1207 856 1391 903 custos
1440 848 1726 919 Origenes,
1780 863 1878 904 nec
1927 849 2140 918 episco-

567 949 665 1002 pus
700 936 822 990 fuit.
873 936 1171 1007 Episcopus
1212 947 1391 993 autem
1439 938 1537 994 fuit
1582 938 1932 1010 Epiphanius,
1975 948 2030 994 et
2078 939 2143 993 li-

565 1025 720 1081 brum
762 1030 979 1098 scripsit
1009 1034 1075 1085 de
1123 1031 1422 1085 haeresibus
1448 1049 1462 1085 :
1492 1032 1634 1085 unde
1662 1048 1767 1086 non
1809 1031 1982 1085 inanis
2008 1046 2139 1087 con-

561 1120 773 1188 jectura
807 1122 1039 1177 sumitur
1082 1123 1184 1178 hoc
1227 1137 1363 1192 opus
1415 1123 1480 1177 ad
1534 1124 1707 1194 ipsum
1737 1138 1861 1180 esse
1901 1122 2142 1179 referen.

566 1208 714 1262 dum.

557 1315 562 1341 τ
636 1300 748 1355 Χιι.
774 1299 1036 1356 Libellum
1076 1301 1152 1355 De
1174 1303 1545 1373 singularitatc
1566 1302 1879 1357 clericorum
1916 1302 2136 1374 Origeni

566 1389 763 1444 addicit
793 1401 944 1447 vetus
976 1394 1145 1447 codex
1182 1393 1358 1464 Regia:
1387 1394 1747 1450 Bibliotheca.
1777 1394 2048 1448 Addicunt
2085 1403 2141 1448 et

564 1480 861 1537 Landulfus
896 1500 925 1537 a
959 1485 1222 1539 Columna
1276 1487 1329 1540 in
1385 1485 1661 1541 Breviario
1691 1485 1983 1550 historiali,
2032 1486 2139 1539 La-

565 1574 781 1628 ziardus
810 1572 1160 1639 leestinus,
1199 1578 1508 1633 Antoninus
1559 1589 1613 1632 et
1656 1578 1971 1634 Vincentius
2027 1579 2142 1633 Bel-

565 1663 889 1729 lovacencis,
924 1681 1059 1736 quos
1093 1676 1338 1721 recenset
1376 1667 1678 1733 Pamelius;
1718 1678 1773 1723 et.
1802 1668 2001 1738 quibus
2027 1670 2142 1735 ipse

563 1754 817 1821 succinit,
844 1770 965 1808 cum
1012 1756 1063 1808 in
1096 1756 1419 1812 Praefatione
1456 1758 1523 1819 ad
1552 1758 1770 1812 tertium
1797 1768 1999 1812 tomum
2032 1758 2141 1830 Cy-

565 1843 764 1911 priani,
796 1854 908 1898 tum
935 1845 990 1898 in
1018 1856 1338 1915 argumento
1364 1845 1487 1899 libri
1509 1845 1648 1915 ejus,
1674 1856 1729 1900 et
1754 1846 1807 1900 in
1830 1847 2140 1901 adnotatio-

564 1935 726 1991 nibus
750 1937 816 1989 ad
852 1945 1012 2004 caput
1038 1937 1271 2005 primum
1304 1938 1425 1992 libri
1456 1937 1781 1993 Tertulliani
1833 1938 1912 1993 De
1959 1939 2142 1993 cxhor—
2170 1920 2211 1975 Β

562 2027 757 2081 tatiotte
787 2022 1065 2081 castitatis.
1112 2027 1220 2084 Sed
1252 2030 1513 2084 reclamat
1555 2029 1844 2096 Baronius,
1866 2030 2008 2099 quod
2038 2033 2139 2085 hoc

562 2130 728 2186 Opere
773 2115 1089 2172 fetninarutn
1134 2120 1547 2175 contubernium
1582 2120 1796 2175 clericis
1846 2120 2141 2175 interdicu-

565 2217 685 2273 tur;
721 2224 844 2263 cum
872 2209 1013 2263 inter
1039 2208 1291 2265 mulieres
1319 2220 1370 2263 et
1402 2212 1609 2281 puellas
1636 2211 1898 2281 Origenes
1923 2212 2140 2266 assidue

563 2300 634 2353 sit
669 2310 1041 2355 conversatus.
1085 2300 1250 2354 Addit
1295 2301 1347 2355 id
1383 2301 1546 2357 fuisse
1576 2317 1756 2358 causae
1781 2318 1879 2359 cur
1904 2304 2140 2373 scriptus

564 2390 633 2444 ab
662 2391 985 2445 Adamantio
1016 2391 1117 2445 iste
1152 2391 1289 2446 liber
1314 2394 1557 2449 creditus
1606 2394 1715 2459 sit,
1736 2394 1881 2464 quod
1915 2404 2137 2464 sponta-

562 2496 720 2536 neam
772 2484 1163 2539 castrationem
1213 2500 1318 2539 non
1361 2486 1782 2556 improbaverit;
1830 2501 1993 2558 atque
2038 2491 2139 2543 hoc

563 2573 704 2628 idem
753 2585 1133 2645 argumentum
1188 2580 1471 2646 usurpavit
1517 2579 1790 2634 Pamelius
1834 2599 1848 2634 :
1886 2600 1904 2633 ι
1949 2582 2134 2650 Atqui,

561 2665 736 2734 inquit
768 2666 1053 2731 Baronius,
1084 2667 1384 2721 debuerunt
1426 2669 1478 2723 lti
1511 2672 1823 2725 meminisse
1865 2673 2039 2741 aliqua
2070 2690 2135 2729 ex

561 2765 716 2827 parte
760 2756 1034 2810 laudatum
1074 2771 1289 2826 quoque
1343 2772 1373 2812 a
1426 2759 1654 2814 Domino
1701 2762 1936 2817 villicum
1988 2764 2131 2819 illum

563 2844 882 2914 iniquitatis,
910 2859 1030 2900 cum
1060 2846 1259 2916 alioqui
1290 2847 1428 2902 idem
1458 2863 1649 2904 auctor
1671 2850 1738 2906 de
1781 2853 1866 2907 his
1897 2854 1987 2921 qui
2021 2855 2135 2909 haec

560 2944 977 3005 perpetrarent,
1032 2935 1139 2991 alio
1205 2934 1608 2993 Commentario
1657 2955 1717 2996 se
1775 2949 2132 2998 tractaturutn

559 3023 843 3091 spondeat.
882 3041 901 3074 ι
951 3021 1145 3078 Utilius
1181 3027 1548 3095 respondisset
1574 3028 1858 3094 Baronius,
1895 3031 1939 3086 si
1963 3033 2134 3089 dixis-

559 3122 645 3168 set
673 3115 1002 3171 exsectiouis
1022 3132 1133 3171 sua:
1154 3117 1443 3189 Origenem
1469 3123 1807 3191 pmnituisse,
1828 3134 1883 3179 et
1909 3139 1939 3177 a
1972 3126 2133 3179 simili

561 3203 808 3261 facinore
838 3207 1075 3276 reliquos
1108 3210 1469 3266 absterruisse
1515 3212 1569 3265 in
1613 3212 2034 3271 Commentariis
2065 3216 2130 3271 ad

564 3296 910 3366 Evangelium
967 3298 1225 3355 Matthxi.
1280 3301 1436 3368 Quod
1474 3318 1603 3375 ergo
1653 3305 1707 3359 in
1760 3318 2133 3377 argumentum

563 3398 843 3444 traxerunt
879 3393 1143 3458 nonnulli,
1176 3405 1236 3448 ut
1274 3395 1470 3449 librum
1512 3396 1588 3451 De
1630 3400 2001 3467 singularitate
2031 3401 2135 3457 cle-

562 3479 792 3532 ricorum
832 3480 1047 3550 Origeni
1093 3485 1451 3551 ascriberent,
1485 3487 1626 3556 quod
1659 3503 1849 3557 nempe
1889 3489 2135 3545 volunta-

562 3571 697 3625 riam
754 3572 1067 3641 genitalium
1134 3578 1554 3644 amputationem
1611 3595 1718 3634 non
1775 3584 2133 3654 damnaverit,

560 3656 792 3727 idipsuttt
836 3660 1034 3715 indicio
1068 3664 1198 3716 mihi
1229 3673 1315 3717 est
1342 3665 1540 3718 librum
1571 3681 1676 3721 non
1698 3682 1820 3723 esse
1847 3670 2129 3742 Origenis;

559 3753 759 3822 quippe
784 3768 946 3823 quem
968 3758 1125 3811 annis
1149 3760 1543 3828 provectiorem
1571 3760 1830 3819 facinoris
1857 3764 1908 3819 in
1937 3766 2131 3834 juven-

561 3845 692 3898 tutis
721 3846 903 3901 calore
926 3848 1146 3903 admissi
1176 3850 1511 3920 paenituerit.
1540 3853 1772 3909 Baronio
1792 3872 1857 3911 ex
1884 3856 2134 3930 Origenis

561 3933 768 3989 familia
803 3938 971 3992 fetum
1003 3941 1148 3996 hunc
1191 3944 1481 4013 depellenti
1529 3947 1853 4019 astipulatur
1881 3952 2130 4008 codicum

559 4027 847 4095 dissensio,
889 4045 1119 4100 quorum
1159 4033 1251 4089 alii
1298 4035 1653 4108 Hieronymo,
1688 4040 1987 4111 Augustino
2018 4044 2130 4109 alii,

560 4120 804 4189 plerique
848 4121 1119 4192 Cypriano
1165 4127 1461 4196 assignant.
1516 4129 1776 4188 Erasmus
1824 4135 1891 4189 ad
1930 4135 2131 4191 calcem

559 4210 680 4265 libri
727 4201 1010 4283 Augustini
1044 4215 1119 4269 De
1173 4217 1304 4271 bono
1357 4221 1635 4275 viduitatis
1664 4234 1683 4273 :
1709 4241 1730 4274 ο
1769 4223 2129 4293 Sequebatur,

557 4302 758 4373 inquit,
788 4306 891 4360 hoc
923 4307 1041 4363 loco
1068 4308 1278 4364 libellus
1301 4309 1376 4364 De
1404 4313 1771 4381 singularitatc
1801 4316 2130 4385 clericorum,

556 4399 653 4464 qui
680 4398 840 4453 toties
861 4406 916 4452 et
937 4398 1277 4471 llieronymi,
1303 4413 1358 4456 et
1380 4403 1632 4474 Cypriani
1664 4407 1880 4463 nomine
1901 4425 2133 4467 excnsus

557 4497 661 4553 est,
694 4504 815 4542 cum
848 4492 1062 4559 phrasis
1095 4508 1194 4547 nec
1224 4494 1630 4565 Hieronymum,
1650 4514 1750 4553 nec
1777 4502 2128 4570 Cyprianum,

2242 662 2402 717 nibus
2428 661 2711 717 contendit
2739 676 2755 714 :
2788 673 2966 727 neque
2990 670 3113 710 eum
3138 658 3319 706 movet
3344 651 3465 721 styli
3495 650 3732 713 disparitas,

2240 753 2382 823 quod
2422 766 2529 807 non
2555 751 2804 806 eumdem
2837 762 3053 818 semper
3088 744 3211 811 styli
3242 751 3477 798 tenorem
3502 739 3736 811 Cyprianus

2243 844 2563 899 servaverit.

2310 935 2365 988 In
2398 945 2503 988 tam
2533 934 2794 997 obscura,
2827 942 3083 1003 tanquam
3124 939 3474 987 controversa
3507 930 3739 1000 quastione

2239 1034 2446 1079 certum
2491 1025 2693 1094 aliquid
2742 1032 2985 1079 statuere
3024 1023 3240 1077 difﬁcile
3284 1033 3386 1077 est.
3419 1015 3736 1091 Cyprianintia

2240 1132 2360 1172 esse
2403 1117 2547 1172 istud
2579 1132 2714 1185 opus
2737 1117 2976 1171 clamant
3015 1115 3263 1170 barbarae
3303 1113 3386 1167 ha:
3413 1126 3581 1175 voces,
3607 1112 3732 1180 cujus-

2240 1210 2383 1265 ntodi
2434 1210 2606 1264 nullas
2660 1211 2711 1264 itt
2758 1224 2894 1278 puro
2946 1224 3010 1262 ac
3040 1206 3210 1261 terso
3255 1204 3507 1277 Cypriani
3556 1217 3740 1256 sermone

2241 1299 2575 1354 nanciscaris
2630 1316 2643 1352 :
2703 1318 2723 1350 ο
2782 1297 3293 1352 Constitutionarios
3325 1335 3342 1361 ,
3406 1294 3736 1364 repulsorium,

2240 1386 2606 1455 vulgaritatis,
2661 1385 3020 1452 ﬂuxurarum,
3082 1385 3441 1455 probrositas,
3497 1383 3740 1453 participia,

2241 1477 2490 1542 adunari,
2537 1477 2821 1541 vanificat,
2860 1486 3185 1547 egestosam,
3233 1476 3564 1539 intimemus,
3605 1489 3742 1544 procu-

2244 1571 2441 1635 rativa,
2474 1569 2774 1637 absentari,
2792 1568 3171 1639 conjugalitas,
3204 1567 3521 1637 parentalis,
3544 1586 3561 1617 ι
3585 1568 3741 1635 aliaque

2240 1660 2495 1729 plurima.
2531 1659 2663 1727 Quis
2703 1671 3071 1716 monstrorum
3101 1659 3364 1731 ejusmodi
3399 1668 3650 1728 parentem
3671 1659 3742 1726 Cy-

2241 1754 2492 1822 prianum
2519 1755 2704 1809 dicat?
2732 1756 3097 1810 Arianismnm
3124 1764 3388 1825 przeterea
3414 1752 3741 1820 hmcsapiunt:

2239 1844 2301 1900 Si
2346 1844 2587 1901 Christus
2617 1863 2922 1917 comparare
2963 1849 3185 1917 seipsum
3224 1863 3387 1900 ausus
3437 1856 3509 1899 est
3548 1844 3654 1907 Deo,
3681 1845 3741 1911 qui

2239 1937 2314 1990 ait
2345 1952 2363 1989 :
2394 1936 2557 1991 Pater
2596 1938 2769 2007 maior
2793 1955 2875 1993 me
2918 1950 2994 1993 est
3039 1951 3059 1991 :
3096 1949 3187 1992 aut
3215 1939 3263 1992 si
3286 1937 3509 2005 apostoli
3534 1951 3740 2005 cotrqme

2238 2031 2539 2099 semetipsos
2588 2032 2707 2084 ausi
2758 2041 2879 2085 sunt
2928 2028 3136 2085 Christo
3185 2030 3252 2084 ιδ.
3295 2029 3558 2099 Rapinam
3604 2042 3741 2093 nempe

2238 2120 2556 2188 arbitratur,
2584 2121 2858 2176 Christum
2892 2135 3014 2177 esse
3036 2121 3295 2191 aequalem
3329 2122 3438 2175 Deo
3457 2120 3530 2185 “;
3562 2128 3739 2173 tantum-

2238 2226 2345 2281 que
2405 2214 2736 2268 discriminis
2791 2213 3073 2269 Christum
3132 2215 3275 2269 inter
3322 2223 3381 2267 et
3439 2212 3591 2267 Deum
3638 2224 3741 2267 esse.

2237 2314 2499 2371 quantum
2525 2304 2798 2373 apostolos
2843 2305 2986 2361 inter
3022 2315 3076 2361 et
3099 2306 3400 2360 Christum.
3430 2303 3738 2373 Primigenia:

2237 2406 2292 2450 et
2327 2399 2561 2452 nativam
2612 2396 3045 2455 lucubrationem
3100 2401 3274 2472 stylus
3327 2400 3461 2464 olet,
3494 2414 3588 2454 non
3626 2399 3742 2451 inter-

2238 2492 2626 2559 pretationem,
2666 2506 2784 2561 quaa
2823 2494 3049 2548 astricta
3082 2493 3196 2547 fere
3223 2503 3306 2547 est
3338 2501 3397 2547 et
3438 2500 3670 2547 contorta.
3692 2489 3741 2543 £1

2236 2598 2365 2638 vero
2393 2592 2479 2638 est
2506 2585 2798 2653 scriptoris
2828 2586 3132 2649 barbaries,
3179 2594 3230 2638 ut
3262 2585 3586 2639 hellenismis
3615 2583 3741 2637 locum

2237 2674 2453 2729 dedisse
2483 2676 2707 2731 minime
2735 2677 2986 2732 mirabile
3026 2677 3116 2742 sit,
3147 2677 3237 2746 qui
3278 2685 3360 2731 tot
3398 2676 3738 2746 stribliginesac

2236 2764 2536 2820 dictionum
2586 2775 2836 2836 portenta
2889 2768 3133 2822 admisit.
3193 2768 3383 2838 Spirat
3425 2777 3587 2821 tamen
3616 2766 3741 2819 felicia

2230 2855 2637 2925 juvenescentis
2679 2857 2936 2913 Ecclesia:
2964 2868 3224 2928 tempora,
3277 2859 3418 2914 adeo
3453 2870 3507 2914 ut
3555 2859 3593 2912 si
3616 2858 3742 2911 minus

2238 2950 2387 3003 illum
2419 2950 2730 3020 Hieronymi
2781 2960 2836 3005 et
2878 2951 3164 3022 Augustini
3201 2967 3315 3007 aevo
3365 2953 3665 3021 superiorem
3689 2950 3740 3001 tli-

2235 3056 2446 3107 camus,
2470 3045 2613 3112 quod
2638 3047 2975 3114 probabilius
2996 3062 3118 3103 esse
3146 3058 3300 3117 puto,
3329 3064 3439 3103 non
3471 3046 3620 3102 multo
3638 3055 3741 3099 certe

2238 3131 2546 3188 inferiorem
2577 3135 2742 3191 liceat
2778 3139 3055 3195 arbitrari.

2306 3225 2597 3295 Reperitur
2622 3230 2839 3293 quidem
2872 3230 3015 3284 inter
3045 3230 3180 3285 falso
3219 3232 3453 3301 ascripta
3482 3230 3740 3300 Hieronymo

2236 3333 2397 3386 opera
2444 3320 2684 3389 Epistola
2716 3322 2783 3374 ad
2812 3321 3079 3375 Oceanum
3108 3324 3176 3378 de
3204 3324 3311 3377 vita
3339 3324 3655 3387 clericorum,
3677 3321 3739 3374 sed

2236 3408 2481 3479 Sulpicio
2547 3413 2752 3467 Severo
2825 3416 3121 3481 recentior,
3184 3417 3385 3486 quippe
3452 3434 3562 3486 qua:
3616 3416 3738 3470 sancti

2234 3502 2448 3557 Martini
2501 3502 2679 3558 Vitam
2735 3507 2805 3560 ab
2857 3522 2923 3561 eo
2976 3508 3234 3577 scriptam
3297 3509 3503 3564 laudet.
3551 3508 3738 3579 Ejusdem

2234 3594 2349 3649 fere
2403 3609 2466 3649 ea
2524 3607 2610 3651 est
2661 3600 2961 3667 argumenti
3013 3614 3078 3654 ac
3121 3601 3289 3655 altera
3344 3602 3463 3658 haec
3514 3618 3617 3673 qua:
3654 3600 3739 3656 Ori-

2234 3686 2354 3755 geni
2420 3687 2730 3757 afﬁngitur,
2801 3700 2860 3744 ttt
2920 3692 2964 3746 si
3030 3693 3154 3761 quis
3219 3694 3365 3748 illam
3440 3712 3505 3751 ex
3553 3699 3635 3751 hac
3675 3709 3740 3747 ex-

2235 3789 2477 3844 pressam
2511 3779 2679 3843 dicat,
2702 3779 2977 3848 conjector
3005 3797 3113 3837 non
3150 3783 3362 3854 ineptus
3406 3789 3565 3841 videri
3598 3787 3734 3857 possit

2307 3864 2444 3922 Xlll.
2501 3867 2678 3925 Josias
2706 3872 2999 3941 Simlerus,
3052 3886 3108 3932 et
3168 3877 3450 3934 Conradus
3497 3880 3671 3933 Frisius
3702 3879 3737 3928 in

2238 3957 2479 4027 Epitome
2529 3962 2872 4022 Bibliotheca:
2910 3968 3246 4027 Gesncriana:
3292 3984 3517 4028 narrant
3552 3972 3737 4042 Origcnis

2234 4053 2429 4109 librum
2473 4056 2551 4110 De
2585 4060 2875 4115 astrotabio
2924 4064 2978 4117 in
3020 4063 3277 4119 Vaticana
3328 4068 3628 4123 bibliotheca
3656 4080 3735 4118 set-

2234 4147 2373 4201 vari.
2433 4149 2753 4219 Argumenti
2812 4155 2971 4223 hujus
3030 4160 3384 4227 scriptionem
3453 4163 3517 4217 ab
3563 4158 3735 4226 Origene

2231 4237 2431 4292 exiisse
2461 4254 2641 4305 nemo,
2669 4245 2811 4311 quod
2839 4246 3033 4311 sciam,
3064 4246 3264 4302 litteris
3286 4250 3541 4318 prodidit.
3563 4248 3627 4302 Ne
3643 4247 3732 4314 quill

2235 4336 2410 4383 tamen
2444 4330 2840 4389 inconsiderate
2883 4337 3252 4406 decernerem,
3290 4343 3475 4395 curavi
3511 4340 3733 4396 Vaticanus

2232 4423 2556 4491 perlustrari
2600 4428 2822 4496 forulos,
2870 4432 3077 4489 indices
3119 4436 3289 4491 evolvi
3339 4456 3353 4491 :
3392 4438 3584 4491 nullum
3623 4435 3732 4504 plane

2233 4512 2334 4567 hoc
2364 4510 2519 4571 titulo
2562 4517 2756 4573 librttm
2799 4522 2909 4577 illic
2944 4526 3170 4593 reperiri
3219 4528 3481 4597 perlatum
3508 4528 3654 4583 estad
3676 4539 3732 4576 me

560 4592 660 4632 nec
697 4579 1056 4687 Augustinum
1112 4583 1357 4638 referat:
1408 4588 1635 4655 proinde
1679 4605 1786 4643 non
1830 4603 1914 4646 est
1959 4596 2127 4649 visum
2159 4614 2204 4668 ι)
2234 4607 2303 4656 ab
2332 4605 2543 4670 amicis,
2574 4610 2773 4677 quibus
2814 4612 2865 4667 id
2906 4579 3105 4684 negotii
3136 4579 3410 4675 dederam.
3446 4622 3577 4675 inter
3600 4615 3728 4687 spuria

556 4682 624 4723 eo
677 4683 914 4738 praesens
963 4672 1212 4729 volumen
1267 4692 1516 4733 onerare.
1566 4699 1586 4733 ι
1647 4681 2003 4741 Bellarminus
2050 4688 2128 4743 De

554 4760 734 4828 script.
790 4761 1082 4819 ecclesiast.
1135 4767 1185 4819 in
1242 4766 1553 4838 Cypriano,
1626 4788 1798 4843 neque
1852 4775 2123 4846 Origenis,

554 4867 729 4920 neque
757 4851 1036 4923 Cypriani,
1075 4858 1170 4911 sed
1219 4858 1398 4915 Latini
1448 4872 1626 4919 tamen
1679 4868 1961 4937 scriptoris
2001 4886 2126 4927 esse

551 4953 759 4999 censet.
791 4944 1062 5002 Pamelius
1096 4959 1301 5016 autem,
1324 4961 1379 5005 et
1404 4964 1526 5021 post
1554 4970 1678 5011 eum
1710 4957 1933 5015 Rivetus
1954 4961 2024 5029 “,
2056 4981 2122 5021 ex

550 5031 886 5091 hellenismis
914 5039 1241 5106 quibusdam
1282 5045 1539 5113 suspicati
1575 5059 1704 5104 sunt
1741 5066 1772 5105 e
1797 5050 1988 5108 Graeco
2013 5055 2117 5109 La-

554 5125 667 5180 tine
693 5141 816 5181 esse
840 5143 1189 5189 conversum.
1232 5133 1463 5205 Sultjicit
1500 5139 1768 5197 Pamelius
1803 5159 2029 5202 censere
2060 5164 2120 5205 se

549 5230 870 5273 conversum
925 5221 1028 5277 hoc
1063 5239 1199 5293 opus
1237 5226 1349 5296 jatn
1384 5230 1507 5285 inde
1551 5232 1620 5287 ab
1647 5245 1805 5289 aetate
1841 5236 2121 5309 Cypriani,

550 5309 620 5362 ob
657 5309 935 5366 schemata
981 5322 1036 5368 et
1076 5316 1304 5384 phrases
1345 5318 1463 5387 ejus
1488 5323 1686 5379 aetatis.
1719 5325 1921 5383 Contra
1946 5328 2117 5386 Baro-

621 5560 912 5645 :‘hliaron.
960 5583 1051 5645 an.
1097 5570 1223 5645 2537,
1274 5588 1392 5645 cap.
1443 5576 1533 5642 45,
1585 5581 1677 5638 44.

546 5625 599 5667 ⁸⁵
623 5628 847 5705 Philipp.
886 5651 945 5703 tt,
972 5638 1025 5697 6.
1105 5625 1814 5714 ajt'ttsééitnl'ia'c'itcem

1854 5585 2033 5675 Eivet.
2078 5587 2265 5647 Critic.
2327 5613 2468 5653 sacr.
2502 5599 2597 5657 lib.
2632 5617 2695 5667 tt,
2728 5618 2847 5675 cap.
2887 5606 2953 5663 13
2982 5617 3035 5662 et
3082 5608 3169 5663 15.

2226 4696 2431 4767 itaque,
2457 4710 2513 4755 et
2544 4701 2683 4757 falso
2712 4705 2884 4759 allicta
2919 4708 3139 4780 Origeni
3170 4727 3331 4781 opera
3368 4714 3508 4768 istud
3537 4711 3730 4766 animule

2229 4798 2337 4844 tur.
2382 4791 2525 4847 Idem
2571 4806 2757 4864 aperte
2793 4798 3024 4855 definire
3077 4819 3182 4858 tton
3208 4805 3379 4859 ausim
3428 4809 3491 4860 de
3523 4802 3727 4858 Brerioritt

2227 4880 2494 4951 Ot‘igenis,
2538 4887 2680 4953 quod
2718 4888 2771 4942 in
2802 4888 3098 4948 Caesenatis
3142 4896 3481 4952 bibliotheca:
3511 4894 3725 4960 Εθωιοέον

2226 4971 2295 5025 ab
2340 4972 2668 5045 Hieronymo
2714 4994 3037 5037 conversum
3078 4984 3263 5041 haberi
3305 4990 3495 5044 scribit
3539 4984 3724 5042 Passeri-

2228 5080 2328 5119 nus
2357 5064 2437 5131 “;
2474 5082 2647 5135 neque
2684 5070 2751 5125 de
2782 5072 3061 5139 Sermone,
3098 5079 3188 5146 qui
3214 5077 3292 5133 De
3323 5081 3566 5134 cateclmi
3590 5074 3727 5133 inscri-

2226 5166 2349 5225 plus
2369 5170 2473 5221 est,
2501 5171 2556 5214 et
2585 5160 2639 5216 in
2678 5162 3149 5237 lleidelbergensis
3180 5170 3514 5226 bibliotheca:
3529 5167 3724 5227 Caulo!"

2224 5248 2293 5301 ab
2341 5250 2526 5304 eodem
2581 5265 2895 5312 recensetur
2929 5276 2943 5313 :
2980 5264 3228 5330 quamvis
3281 5264 3397 5320 haec
3447 5264 3565 5319 mihi
3614 5258 3726 5311 Valde

2224 5350 2471 5409 suspecta
2502 5342 2631 5399 sint.

3272 5611 3325 5682 ⁸³,
3348 5611 3493 5666 Joau.
3541 5624 3633 5672 λιν,
3655 5601 3717 5658 23.
