3926 6540
208 452 336 508 1283

983 451 1410 509 EXCERPTUM
1448 453 1541 508 EX
1579 455 1643 512 θ.
1685 453 1885 512 BULLI
1925 455 2074 511 DEF.
2114 457 2294 512 FIDE!
2333 457 2652 516 ΝΙΟᾸΞΝίΕ.

3304 465 3440 521 {‘286

217 605 3423 651 mm

1380 782 2242 900 EXCEBPTUM

1774 1020 1857 1064 EX

1134 1178 1893 1294 GEORGII
1963 1179 2533 1293 BULLI'

1505 1392 1772 1468 PRESB.
1820 1391 2136 1455 ANGLIC.

899 1569 1667 1663 DEFENSIONE
1746 1570 2076 1659 FIDEI
2157 1572 2725 1663 NICENIE.

1297 1762 1452 1836 (Cap.
1481 1762 1575 1832 IX,
1605 1760 1684 1815 De
1713 1757 1840 1814 Filii
1869 1758 1950 1826 τῷ
1978 1761 2323 1834 ὁμοουσίῳ.)

192 2057 426 2129 Origenis
458 2056 769 2132 doctrinam
800 2055 864 2132 de
909 2052 1042 2132 itii
1079 2053 1174 2108 Dei
1213 2069 1352 2132 _vera
1394 2052 1668 2131 divinitate
1727 2049 1940 2132 omnino
1994 2050 2337 2132 catholicam.
2367 2061 2418 2132 et
2469 2051 2709 2132 Nicaeum
2766 2054 2892 2125 ﬁdei
2945 2056 3101 2132 plane
3129 2074 3438 2132 consonam,

251 2123 434 2198 Iniere,
465 2131 734 2201 pra'cipue
754 2142 818 2180 ex
847 2125 1142 2201 indubitata
1175 2123 1315 2201 eius,
1356 2135 1406 2176 et
1460 2124 1709 2201 maxime
1732 2123 2056 2201 incorrupto,
2097 2132 2251 2192 atque
2284 2124 2348 2176 ab
2390 2124 2502 2193 ipso
2520 2125 2638 2194 jam
2672 2123 2791 2179 sene
2820 2130 3137 2183 accuratiori
3157 2129 3430 2201 diligentia

247 2190 554 2254 elucubrato
591 2190 758 2268 Opere
782 2207 970 2252 contra
992 2195 1231 2262 Celsum,
1266 2194 1378 2263 [use
1405 2207 1455 2248 et
1485 2192 1771 2248 luculenter
1802 2190 2116 2248 ostenditur.

244 2511 336 2584 gl.
392 2512 552 2566 Dictu
608 2513 807 2588 mirum
839 2521 944 2577 est,
999 2525 1160 2580 quam
1210 2523 1372 2578 super
1431 2507 1589 2578 lmjus
1643 2505 1745 2560 viri
1777 2511 1821 2568 Α
1848 2505 2375 2561 versiamArianam
2415 2507 2658 2578 scripsit,
2691 2523 2814 2564 cum
2847 2509 2997 2580 prius
3029 2508 3196 2565 fuerit
3239 2510 3425 2583 Orige-

182 2604 613 2677 πολυθρυλλήτου
658 2606 929 2670 doctrina,
985 2605 1038 2660 in
1092 2613 1274 2673 partes
1308 2604 1526 2666 iveriut,
1586 2611 1748 2671 atque

181 2697 439 2750 acerrime
479 2698 624 2751 inter
671 2713 732 2752 se
774 2697 1051 2766 digladiati
1105 2696 1310 2752 fuerint
1358 2695 1589 2766 theologi
1641 2709 1747 2765 qua

179 2793 404 2849 veteres,
441 2801 550 2854 qua
598 2788 948 2842 recentiores.
1008 2785 1078 2841 Ut
1111 2787 1178 2840 de
1228 2785 1500 2841 veteribus
1549 2785 1744 2849 solum,

179 2891 375 2932 memor
414 2877 654 2932 instituti
693 2879 821 2944 mei,
863 2894 1047 2949 agam;
1109 2894 1173 2932 ex
1220 2878 1286 2933 iis
1321 2878 1409 2933 alii
1457 2879 1746 2947 Origeuem

180 2965 240 3018 ad
265 2966 465 3019 cmlunt
501 2982 676 3036 usque
712 2967 960 3022 laudibus
1010 2966 1306 3033 extollunt;
1339 2967 1428 3020 alii
1465 2968 1636 3036 ipsum
1690 2976 1750 3020 ut

177 3060 464 3124 pessimum
515 3041 974 3123 haeresiarcham',
1030 3061 1272 3127 adeoque
1313 3060 1551 3111 omnium
1609 3070 1746 3124 pene

179 3150 480 3213 lmresium,
528 3153 826 3220 praesertim
864 3167 984 3220 quae
1024 3150 1278 3206 Ecclesiae
1318 3149 1474 3204 ﬁdem
1524 3148 1592 3204 de
1640 3146 1740 3202 SS.

177 3240 429 3298 Trinitate
460 3253 736 3312 spectant,
786 3242 991 3298 fontem
1044 3251 1100 3298 et
1164 3241 1558 3311 scaturriginem
1609 3237 1743 3293 diris

177 3333 451 3387 devovent.
509 3331 619 3386 Sed
677 3331 990 3387 Calholicos
1028 3333 1172 3402 quod
1225 3333 1420 3386 attinet
1472 3331 1742 3395 doctores,

177 3422 258 3490 qui
289 3421 545 3491 Origenis
573 3432 735 3478 aetate
765 3424 1056 3479 viciniores
1086 3425 1238 3478 fuere
1263 3462 1278 3487 ,
1315 3424 1487 3492 major
1509 3433 1564 3478 et
1590 3423 1745 3493 longe

176 3515 338 3580 potior
365 3515 471 3569 fuit
502 3531 761 3570 numerus
782 3531 996 3582 eorum,
1039 3517 1129 3585 qui
1163 3517 1260 3585 ipsi
1289 3514 1561 3585 astipulati
1591 3523 1739 3570 sunt.

171 3603 469 3659 Alexander
515 3597 1049 3675 Hierosolymitanus
1086 3645 1102 3669 ,
1160 3605 1506 3659 'l'heoctistus
1561 3604 1758 3666 Caesar

173 3695 377 3762 riensis,
411 3697 708 3768 Dionysius
759 3697 1158 3752 Alexandrinus
1191 3696 1540 3752 Firmilianus
1565 3697 1744 3752 Caesa-

172 3787 381 3852 riensis,
409 3787 714 3859 Gregorius
739 3790 1208 3860 Thaumatnrgus,
1253 3800 1308 3844 et
1341 3790 1738 3856 Athenodorus,

1850 2597 1935 2652 nis
2006 2597 2350 2654 adversarius
2405 2599 2842 2669 infensissimus;
2922 2619 3080 2656 suum
3141 2604 3427 2674 aliquando

1847 2687 2030 2742 odium
2055 2687 2323 2758 deposuit,
2360 2705 2422 2744 ac
2459 2691 2677 2747 tandem
2728 2693 2869 2749 inter
2913 2695 3030 2765 ejus
3068 2695 3428 2754 admiratores

1847 2794 2042 2835 nomen
2064 2796 2218 2835 suum
2247 2782 2489 2851 proﬁteri
2520 2799 2625 2837 non
2655 2785 2893 2839 erubuit.
2927 2787 3166 2855 Denique
3196 2786 3427 2845 Rufinus

1847 2871 1899 2940 (a
1922 2870 2182 2926 Cassiano
2213 2872 2306 2928 lib.
2368 2889 2441 2927 vn
2481 2873 2558 2928 De
2608 2875 2871 2930 incarnat.
2909 2877 3100 2941 dictus,
3165 2881 3426 2950 quidquid

1846 2964 1913 3017 de
1951 2964 2064 3033 ipso
2107 2963 2368 3037 judicavit
2398 2967 2619 3035 sequior
2646 2979 2802 3032 mtas,
2855 2985 2875 3019 ι
2900 2968 3222 3026 Christiana:
3249 2973 3424 3041 philo-

1845 3054 2050 3123 sophiae
2101 3055 2221 3118 vir,
2275 3056 2417 3111 haud
2463 3061 2860 3115 contemnenda
2929 3062 3423 3120 ecclesiasticarum

1845 3143 2126 3200 doctorum
2149 3147 2364 3217 portio;
2411 3165 2432 3199 ι
2476 3149 2630 3218 cujus
2652 3151 3065 3207 sanctimoniam
3114 3154 3227 3220 ipse
3257 3157 3420 3212 etiam

1845 3233 2215 3308 Hieronymus
2249 3238 2536 3308 aliquando
2562 3242 2790 3296 summis
2827 3242 3080 3300 laudibus
3111 3247 3325 3312 extulit,
3356 3259 3418 3302 ut

1844 3342 1908 3382 ex
1935 3329 2161 3399 epistola
2211 3328 2328 3396 ejus
2361 3331 2569 3401 quinta,
2619 3331 3091 3401 ad-Florentium,
3142 3340 3417 3408 constat),

1845 3421 2098 3491 Origenis
2154 3423 2454 3478 acerrimus
2511 3423 2918 3494 hyperaspistes
2967 3426 3096 3492 fuit;
3169 3439 3228 3483 ut
3284 3431 3418 3484 nihil

1845 3513 2022 3568 dicam
2051 3513 2120 3568 de
2151 3514 2454 3568 innumeris
2482 3529 2578 3584 per
2606 3514 2898 3585 IEgyputm
2931 3517 3192 3586 dispersis
3227 3535 3418 3574 mona-

1843 3605 1985 3670 chis,
2017 3605 2108 3674 qui
2137 3606 2370 3660 niaxima
2403 3605 2651 3675 Origeuis
2683 3608 2748 3661 de
2775 3622 2938 3664 causa
2970 3625 3090 3664 cum
3116 3610 3416 3682 Theophila

1844 3695 2208 3751 Alexandrino
2243 3700 2539 3753 certamina
2580 3699 2839 3754 inierunt.

1919 3784 2038 3857 §ll.
2075 3786 2130 3841 ln
2173 3788 2278 3842 hoc
2331 3797 2481 3844 tanto
2544 3800 2817 3844 tantorum
2875 3792 3116 3846 virorum
3163 3795 3416 3853 dissensu

167 3873 412 3949 Origeuis
443 3883 735 3948 coaetanei,
771 3883 944 3952 ipsum
974 3883 1026 3936 in
1054 3884 1288 3937 tuaximo
1312 3884 1486 3952 pretio
1527 3899 1740 3952 semper
1771 3866 1812 3921 Β
1839 3878 2130 3943 optandum
2153 3889 2293 3944 erat,
2334 3891 2391 3934 ut
2443 3897 2510 3935 ex
2564 3881 2809 3946 inliuitis,
2853 3897 2974 3950 quat
3019 3885 3410 3944 Chalcenterus

167 3973 513 4030 habuerunt:
551 3983 608 4028 et
669 3983 777 4030 tota
833 3975 1143 4038 Palaestina,
1193 3975 1415 4038 Arabia,
1459 3974 1738 4030 Phoenicia

165 4074 216 4118 et
255 4066 462 4120 Achaia
515 4081 736 4120 causam
786 4066 1036 4137 Origenis
1091 4067 1350 4121 adversus
1411 4066 1737 4120 Demetrium

164 4153 587 4209 Alexandrinum
617 4167 1044 4226 propugnarunt.
1077 4156 1330 4210 Eamdem
1351 4155 1542 4210 deinde
1581 4156 1736 4210 tutati

163 4256 281 4299 sunt
337 4245 664 4314 Pamphilus
727 4257 933 4317 martyr
983 4256 1038 4302 et
1091 4248 1353 4302 Eusebius
1389 4245 1738 4302 Caesariensis

161 4349 250 4404 per
267 4337 588 4407 Apologiam
621 4353 713 4392 sex
742 4338 910 4392 libros
945 4339 1306 4407 complexam,
1359 4353 1584 4408 quorum
1617 4338 1738 4391 uni-

159 4444 249 4485 cus
297 4439 573 4501 snperest.
613 4430 760 4484 Alios
810 4447 1030 4500 quoque
1089 4432 1267 4499 magni
1313 4430 1549 4486 nominis
1591 4431 1736 4486 viros

160 4524 466 4594 complures
510 4523 733 4578 Eusebii
767 4525 1103 4593 temporibus
1142 4525 1431 4595 Apologias
1467 4539 1565 4594 pro
1602 4522 1729 4579 Ori-

157 4630 284 4684 gene
308 4617 601 4687 scripsisse
635 4617 798 4672 tradit
823 4615 1047 4672 Photius
1073 4619 1193 4672 cod.
1229 4633 1416 4672 cxvm.
1447 4617 1733 4687 Origenem

157 4723 313 4776 porro
343 4718 610 4774 tanquam
657 4707 938 4762 catholicae
987 4709 1106 4762 lidei
1159 4711 1422 4764 adversus
1457 4709 1733 4772 haeresim,

155 4815 266 4870 qua:
295 4813 494 4872 postea
529 4802 729 4856 Ariona
772 4803 918 4857 dicta
954 4801 1079 4866 luit,
1108 4814 1387 4857 strenuum
1421 4817 1734 4872 propugna-

156 4877 320 4948 torem
381 4892 629 4946 laudavit
678 4907 905 4962 magnus
956 4892 1292 4946 Athanasius
1352 4891 1405 4945 in
1461 4891 1598 4946 libro
1657 4890 1735 4944 De

151 4984 368 5038 decretis
416 4983 660 5037 Nicwme
687 4985 896 5053 synodi.
947 4981 1040 5036 His
1071 4982 1443 5038 accensendus
1479 4981 1734 5054 Didymus

150 5075 554 5131 Alexandrinus
583 5075 701 5142 (vir
761 5074 1012 5136 celebris,
1048 5089 1158 5144 quo
1193 5073 1454 5142 magistro
1483 5086 1544 5126 se
1569 5087 1724 5126 usum

149 5167 345 5236 sepius
395 5165 761 5235 Hieronymus
814 5164 1123 5236 gloriatur),
1186 5163 1277 5232 qui
1339 5177 1438 5229 pro
1499 5161 1731 5228 Origene

147 5259 563 5330 Apologeticum
591 5258 780 5321 edidit,
812 5268 868 5314 et
899 5256 1055 5312 Titus
1084 5256 1400 5313 Bostroruin
1424 5258 1732 5326 episcopus,

147 5367 194 5408 et
219 5354 616 5425 Gregoriorum
651 5351 831 5406 nobile
875 5365 996 5420 par,
1037 5348 1412 5404 Nazianzenus
1449 5357 1505 5402 et
1537 5346 1734 5417 Nysse-

149 5466 264 5515 nus,
294 5459 350 5503 et
377 5447 627 5502 Joannes
657 5444 1204 5511 Hierosolymitanus,
1238 5441 1475 5496 assiduis
1505 5455 1626 5494 eam
1656 5439 1724 5493 ob

149 5556 256 5594 rem
309 5537 606 5609 Epiphanii
677 5547 732 5591 et
782 5536 1093 5605 Hieronymi
1141 5533 1358 5603 probris
1423 5531 1729 5585 lacessitus.

146 5631 451 5688 Methodins
478 5643 731 5700 quoque,
776 5629 867 5698 qui
910 5629 1001 5682 diu
1047 5634 1175 5681 ante
1215 5637 1456 5681 exortam
1515 5634 1733 5677 contro-
1783 5665 1793 5678 .

211 5749 324 5818 I32)
365 5745 442 5802 Ut
471 5745 635 5818 facile
658 5743 932 5818 conjiciat,
955 5752 1173 5818 quanto
1213 5739 1405 5818 majori
1448 5747 1564 5806 post
1606 5751 1722 5805 ejus

146 5811 338 5873 obitum
387 5811 761 5885 conﬁdentia.
793 5825 900 5870 etc.
955 5811 1086 5885 Vide
1127 5811 1509 5885 Prazhuionem
1574 5817 1717 5885 toruo

147 5902 325 5948 nostro
340 5875 515 5961 priori
541 5875 843 5955 prtelix'atn,
877 5899 998 5956 pag.
1023 5883 1078 5951 2,
1106 5884 1139 5939 5
1161 5892 1220 5940 et
1251 5881 1308 5949 4,
1339 5881 1428 5936 ubi
1450 5879 1563 5933 haec
1587 5875 1720 5931 Bulli

1840 3969 1930 4025 ille
1957 3969 2316 4034 elucubravit,
2367 3973 2586 4040 scriptis
2616 3972 2771 4042 plura
2820 3975 2886 4027 ad
2923 3989 3023 4029 nos
3068 3978 3414 4034 devertissent

1839 4060 2048 4130 integra
2084 4072 2141 4116 et
2174 4061 2410 4128 illibata;
2443 4063 2586 4116 unde
2630 4064 2766 4133 ipsi,
2814 4065 2989 4118 neutri
3017 4068 3154 4134 parti
3187 4069 3408 4134 addicti,

1837 4152 1904 4207 de
1951 4153 2069 4222 ejus
2115 4153 2358 4206 doctrina
2425 4155 2624 4208 certius
2669 4153 2967 4220 dijudicare
3024 4158 3408 4226 potuissemus.

1835 4247 1934 4299 Ast
1983 4242 2158 4314 (proh
2197 4243 2434 4314 dolor!)
2490 4259 2559 4299 ex
2618 4244 2773 4300 libris
2830 4243 3077 4314 Origenis
3127 4251 3410 4318 quosdam,

1836 4335 1963 4387 dum
1988 4334 2033 4388 is
2055 4333 2230 4387 adhuc
2252 4335 2481 4397 viveret,
2520 4350 2548 4386 a
2575 4335 2926 4390 maleleriatis
2955 4338 3266 4395 hominibus
3291 4357 3412 4397 cor-

1837 4432 2026 4492 ruptos
2083 4432 2246 4492 atque
2295 4423 2684 4491 interpolatos;
2758 4433 2814 4478 et
2881 4427 3081 4495 scripta
3153 4431 3411 4486 nonnulla

1835 4517 2007 4571 aliena
2048 4529 2271 4585 prorsus
2294 4530 2358 4570 ac
2387 4516 2572 4585 spuria
2618 4517 2721 4572 sub
2759 4517 2878 4584 ejus
2908 4521 3126 4575 nomine
3167 4523 3412 4578 celebra-

1836 4609 2042 4664 tissitno
2063 4606 2206 4662 edita
2242 4606 2413 4663 fuisse
2455 4607 2568 4678 ipse
2604 4619 2944 4678 conquestus
2974 4621 3059 4664 est
3087 4612 3140 4666 in
3171 4613 3412 4682 Epistola

1836 4701 1903 4756 ad
1945 4700 2208 4770 quosdam
2259 4698 2644 4754 Alexandriam
2695 4702 2920 4772 scripta.
2978 4701 3091 4773 (22)
3140 4701 3207 4757 Ut
3247 4703 3411 4760 facile

1835 4792 2116 4862 conjicias,
2152 4801 2363 4861 quanto
2388 4793 2576 4860 majori
2599 4803 2721 4863 post
2737 4793 2855 4864 ejus
2877 4795 3084 4849 obitum
3126 4798 3409 4852 conliden-

1838 4886 1910 4940 tia
1962 4886 2048 4940 isti
2092 4885 2435 4940 tenebriones
2482 4885 2533 4938 id
2579 4901 2751 4952 genus
2791 4885 3030 4942 facinora
3065 4899 3410 4956 perpetrave-

1837 4975 1978 5040 rint,
2006 4983 2153 5028 certe
2185 4972 2630 5041 Origenianorutn
2676 4989 2899 5044 operum
2927 4991 3055 5045 pars
3099 4975 3255 5044 longe
3292 4993 3411 5032 ma-

1835 5065 1977 5119 xima
2017 5064 2129 5133 jam
2183 5062 2400 5132 penitus
2448 5063 2849 5118 interciderunt
2893 5083 2906 5118 :
2953 5080 3179 5135 quaeque
3243 5069 3404 5124 hodie

1836 5164 2144 5224 supersunt,
2207 5169 2292 5218 ea,
2349 5155 2578 5222 demptis
2634 5165 2817 5210 contra
2862 5153 3069 5210 Celsum
3129 5156 3306 5224 libris,
3353 5171 3408 5216 et

1836 5245 2105 5315 excerptis
2133 5243 2482 5314 quibusdam,
2517 5259 2638 5314 qure
2664 5242 2964 5299 Pliilocalia
2997 5261 3275 5312 vocantur,
3306 5249 3407 5305 La-

1835 5338 1944 5392 tine
1972 5345 2176 5390 tantum
2202 5336 2554 5399 exstiterunt,
2586 5336 2767 5405 idque,
2804 5345 2862 5390 ut
2889 5352 2958 5391 ex
3004 5341 3167 5392 certis
3195 5339 3406 5397 indiciis

1832 5437 2065 5492 constat,
2094 5427 2317 5482 multum
2343 5428 2411 5481 ab
2439 5426 2825 5496 interpretibus
2866 5428 3190 5499 interpolata
3243 5441 3406 5502 atque

1833 5523 2154 5576 immutata:
2191 5519 2363 5572 donec
2397 5534 2569 5588 nuper
2596 5519 2934 5575 clarissimus
2969 5520 3154 5576 Daniel
3179 5521 3403 5578 Huetius

1831 5611 2133 5686 ἐξηγητικά
2158 5609 2406 5680 Origenis
2435 5626 2539 5664 non
2568 5625 2736 5680 pauca
2773 5625 2840 5665 ex
2881 5626 3012 5666 mss.
3064 5611 3254 5680 Graece
3283 5615 3401 5668 edi-

1829 5737 1882 5783 et
1911 5725 2083 5781 Huetii
2109 5723 2488 5781 sententiade
2536 5723 2929 5778 adulteratione
2974 5723 3235 5780 librorum
3277 5725 3398 5782 Ori-

1828 5800 1979 5869 genis
2019 5809 2138 5869 post
2157 5796 2272 5865 ejus
2321 5794 2527 5850 obitum
2575 5795 2642 5854 ab
2701 5793 2970 5852 hazreticis
3024 5795 3169 5852 facta
3213 5797 3397 5854 conlu-

1830 5879 1990 5925 tatur.
