  <div class='ocr_page' id='page_1' title='image "/cluster/home/n/w/nwhite01/storage/ocr_20150623/17/hvd.32044051719607/655.png"; bbox 0 0 3926 6524; ppageno 0'>
   <div class='ocr_carea' id='block_1_1' title="bbox 519 449 659 507">
    <p class='ocr_par' dir='ltr' id='par_1_1' title="bbox 519 449 659 507">
     <span class='ocr_line' id='line_1_1' title="bbox 519 449 659 507; baseline -0.007 0"><span class='ocrx_word' id='word_1_1' title='bbox 519 449 659 507; x_wconf 64' lang='grc'><strong>1287</strong></span> 
     </span>
    </p>
   </div>
   <div class='ocr_carea' id='block_1_2' title="bbox 1938 442 2362 501">
    <p class='ocr_par' dir='ltr' id='par_1_2' title="bbox 1938 442 2362 501">
     <span class='ocr_line' id='line_1_2' title="bbox 1938 442 2362 501; baseline -0.009 0"><span class='ocrx_word' id='word_1_2' title='bbox 1938 442 2362 501; x_wconf 77' lang='lat' dir='ltr'><strong>EXCEBPTUM</strong></span> 
     </span>
    </p>
   </div>
   <div class='ocr_carea' id='block_1_3' title="bbox 3625 438 3741 493">
    <p class='ocr_par' dir='ltr' id='par_1_3' title="bbox 3625 438 3741 493">
     <span class='ocr_line' id='line_1_3' title="bbox 3625 438 3741 493; baseline 0.009 -1"><span class='ocrx_word' id='word_1_3' title='bbox 3625 438 3741 493; x_wconf 71' lang='grc'><strong>1288</strong></span> 
     </span>
    </p>
   </div>
   <div class='ocr_carea' id='block_1_4' title="bbox 518 558 3744 639">
    <p class='ocr_par' dir='ltr' id='par_1_4' title="bbox 518 558 3744 639">
     <span class='ocr_line' id='line_1_4' title="bbox 518 558 3744 639; baseline -0.004 -16"><span class='ocrx_word' id='word_1_4' title='bbox 518 571 614 623; x_wconf 87' lang='lat' dir='ltr'><strong>dit.</strong></span> <span class='ocrx_word' id='word_1_5' title='bbox 644 569 783 636; x_wconf 90' lang='lat' dir='ltr'><strong>Quin</strong></span> <span class='ocrx_word' id='word_1_6' title='bbox 819 583 885 624; x_wconf 89' lang='lat' dir='ltr'><strong>eo</strong></span> <span class='ocrx_word' id='word_1_7' title='bbox 923 567 1141 622; x_wconf 84' lang='lat' dir='ltr'><strong>nomine</strong></span> <span class='ocrx_word' id='word_1_8' title='bbox 1179 568 1244 621; x_wconf 90' lang='lat' dir='ltr'><strong>de</strong></span> <span class='ocrx_word' id='word_1_9' title='bbox 1292 568 1638 639; x_wconf 82' lang='grc' dir='ltr'><strong>φιλαρχαίοις</strong></span> <span class='ocrx_word' id='word_1_10' title='bbox 1682 568 1930 623; x_wconf 90' lang='lat' dir='ltr'><strong>omnibus</strong></span> <span class='ocrx_word' id='word_1_11' title='bbox 1959 583 2097 638; x_wconf 65' lang='lat' dir='ltr'><strong>prae-</strong></span> <span class='ocrx_word' id='word_1_12' title='bbox 2127 572 2170 629; x_wconf 77' lang='grc' dir='ltr'><strong>Α</strong></span> <span class='ocrx_word' id='word_1_13' title='bbox 2200 566 2399 635; x_wconf 83' lang='lat' dir='ltr'><strong>quique</strong></span> <span class='ocrx_word' id='word_1_14' title='bbox 2428 562 2563 618; x_wconf 90' lang='lat' dir='ltr'><strong>adeo</strong></span> <span class='ocrx_word' id='word_1_15' title='bbox 2590 562 2818 632; x_wconf 83' lang='lat' dir='ltr'><strong>genuina</strong></span> <span class='ocrx_word' id='word_1_16' title='bbox 2855 560 2974 629; x_wconf 77' lang='lat' dir='ltr'><strong>eius</strong></span> <span class='ocrx_word' id='word_1_17' title='bbox 3011 560 3214 629; x_wconf 89' lang='lat' dir='ltr'><strong>scripta</strong></span> <span class='ocrx_word' id='word_1_18' title='bbox 3257 575 3286 613; x_wconf 84' lang='lat' dir='ltr'><strong>a</strong></span> <span class='ocrx_word' id='word_1_19' title='bbox 3328 558 3531 628; x_wconf 86' lang='lat' dir='ltr'><strong>spuriis</strong></span> <span class='ocrx_word' id='word_1_20' title='bbox 3573 559 3744 627; x_wconf 79' lang='lat' dir='ltr'><strong>Optime</strong></span> 
     </span>
    </p>
   </div>
   <div class='ocr_carea' id='block_1_5' title="bbox 517 660 2096 726">
    <p class='ocr_par' dir='ltr' id='par_1_5' title="bbox 517 660 2096 726">
     <span class='ocr_line' id='line_1_5' title="bbox 517 660 2096 726; baseline 0.001 -11"><span class='ocrx_word' id='word_1_21' title='bbox 517 662 661 715; x_wconf 67' lang='lat' dir='ltr'><strong>clare</strong></span> <span class='ocrx_word' id='word_1_22' title='bbox 699 663 920 715; x_wconf 87' lang='lat' dir='ltr'><strong>meritus</strong></span> <span class='ocrx_word' id='word_1_23' title='bbox 952 661 1023 714; x_wconf 86' lang='lat' dir='ltr'><strong>sit</strong></span> <span class='ocrx_word' id='word_1_24' title='bbox 1048 660 1131 713; x_wconf 90' lang='lat' dir='ltr'><strong>vir</strong></span> <span class='ocrx_word' id='word_1_25' title='bbox 1169 660 1538 726; x_wconf 88' lang='lat' dir='ltr'><strong>doctissimus,</strong></span> <span class='ocrx_word' id='word_1_26' title='bbox 1571 676 1732 716; x_wconf 92' lang='lat' dir='ltr'><strong>nemo</strong></span> <span class='ocrx_word' id='word_1_27' title='bbox 1754 662 1854 715; x_wconf 82' lang='lat' dir='ltr'><strong>nisi</strong></span> <span class='ocrx_word' id='word_1_28' title='bbox 1883 662 2096 716; x_wconf 88' lang='lat' dir='ltr'><strong>invidus</strong></span> 
     </span>
    </p>
   </div>
   <div class='ocr_carea' id='block_1_6' title="bbox 517 752 2093 822">
    <p class='ocr_par' dir='ltr' id='par_1_6' title="bbox 517 752 2093 822">
     <span class='ocr_line' id='line_1_6' title="bbox 517 752 2093 822; baseline 0.001 -17"><span class='ocrx_word' id='word_1_29' title='bbox 517 752 850 807; x_wconf 83' lang='lat' dir='ltr'><strong>dil&#39;litebitnr.</strong></span> <span class='ocrx_word' id='word_1_30' title='bbox 896 752 1040 806; x_wconf 84' lang='lat' dir='ltr'><strong>Idem</strong></span> <span class='ocrx_word' id='word_1_31' title='bbox 1094 761 1269 805; x_wconf 91' lang='lat' dir='ltr'><strong>tamen</strong></span> <span class='ocrx_word' id='word_1_32' title='bbox 1316 752 1546 807; x_wconf 87' lang='lat' dir='ltr'><strong>Huetius</strong></span> <span class='ocrx_word' id='word_1_33' title='bbox 1581 754 1865 822; x_wconf 83' lang='lat' dir='ltr'><strong>profitetur</strong></span> <span class='ocrx_word' id='word_1_34' title='bbox 1901 752 2093 821; x_wconf 81' lang='lat' dir='ltr'><strong>Orige-</strong></span> 
     </span>
    </p>
   </div>
   <div class='ocr_carea' id='block_1_7' title="bbox 519 842 2093 911">
    <p class='ocr_par' dir='ltr' id='par_1_7' title="bbox 519 842 2093 911">
     <span class='ocr_line' id='line_1_7' title="bbox 519 842 2093 911; baseline 0.003 -19"><span class='ocrx_word' id='word_1_35' title='bbox 519 844 661 895; x_wconf 83' lang='lat' dir='ltr'><strong>ninn.</strong></span> <span class='ocrx_word' id='word_1_36' title='bbox 700 843 791 895; x_wconf 91' lang='lat' dir='ltr'><strong>lib.</strong></span> <span class='ocrx_word' id='word_1_37' title='bbox 824 857 909 904; x_wconf 87' lang='grc' dir='ltr'>ιιι,</span> <span class='ocrx_word' id='word_1_38' title='bbox 946 857 1065 911; x_wconf 79' lang='lat' dir='ltr'><strong>cap.</strong></span> <span class='ocrx_word' id='word_1_39' title='bbox 1096 842 1147 904; x_wconf 82' lang='lat' dir='ltr'><strong>l,</strong></span> <span class='ocrx_word' id='word_1_40' title='bbox 1189 857 1338 894; x_wconf 90' lang='lat' dir='ltr'><strong>num.</strong></span> <span class='ocrx_word' id='word_1_41' title='bbox 1374 843 1428 907; x_wconf 83' lang='grc'>5,</span> <span class='ocrx_word' id='word_1_42' title='bbox 1464 843 1565 897; x_wconf 90' lang='lat' dir='ltr'><strong>sibi</strong></span> <span class='ocrx_word' id='word_1_43' title='bbox 1614 858 1734 898; x_wconf 90' lang='lat' dir='ltr'><strong>esse</strong></span> <span class='ocrx_word' id='word_1_44' title='bbox 1781 843 2093 910; x_wconf 81' lang='lat' dir='ltr'><strong>verisimile,</strong></span> 
     </span>
    </p>
   </div>
   <div class='ocr_carea' id='block_1_8' title="bbox 523 931 2090 1002">
    <p class='ocr_par' dir='ltr' id='par_1_8' title="bbox 523 931 2090 1002">
     <span class='ocr_line' id='line_1_8' title="bbox 523 931 2090 1002; baseline 0.003 -18"><span class='ocrx_word' id='word_1_45' title='bbox 523 952 541 984; x_wconf 79' lang='grc' dir='ltr'><strong>ι</strong></span> <span class='ocrx_word' id='word_1_46' title='bbox 564 934 837 1002; x_wconf 87' lang='lat' dir='ltr'><strong>Quotquot</strong></span> <span class='ocrx_word' id='word_1_47' title='bbox 869 933 1037 987; x_wconf 90' lang='lat' dir='ltr'><strong>libros</strong></span> <span class='ocrx_word' id='word_1_48' title='bbox 1067 931 1317 1000; x_wconf 87' lang='lat' dir='ltr'><strong>Origenis</strong></span> <span class='ocrx_word' id='word_1_49' title='bbox 1341 936 1406 987; x_wconf 92' lang='lat' dir='ltr'><strong>ad</strong></span> <span class='ocrx_word' id='word_1_50' title='bbox 1438 950 1533 989; x_wconf 90' lang='lat' dir='ltr'><strong>nos</strong></span> <span class='ocrx_word' id='word_1_51' title='bbox 1583 932 1797 988; x_wconf 77' lang='lat' dir='ltr'><strong>fortuna</strong></span> <span class='ocrx_word' id='word_1_52' title='bbox 1831 935 2056 989; x_wconf 90' lang='lat' dir='ltr'><strong>transmi</strong></span> <span class='ocrx_word' id='word_1_53' title='bbox 2078 966 2090 977; x_wconf 75' lang='grc' dir='ltr'><strong>ο</strong></span> 
     </span>
    </p>
   </div>
   <div class='ocr_carea' id='block_1_9' title="bbox 516 1027 2097 1097">
    <p class='ocr_par' dir='ltr' id='par_1_9' title="bbox 516 1027 2097 1097">
     <span class='ocr_line' id='line_1_9' title="bbox 516 1027 2097 1097; baseline 0.001 -19"><span class='ocrx_word' id='word_1_54' title='bbox 516 1028 607 1088; x_wconf 92' lang='lat' dir='ltr'><strong>sit,</strong></span> <span class='ocrx_word' id='word_1_55' title='bbox 640 1027 861 1079; x_wconf 86' lang='lat' dir='ltr'><strong>violatos</strong></span> <span class='ocrx_word' id='word_1_56' title='bbox 903 1042 1043 1083; x_wconf 83' lang='lat' dir='ltr'><strong>esse.</strong></span> <span class='ocrx_word' id='word_1_57' title='bbox 1098 1036 1152 1078; x_wconf 90' lang='lat' dir='ltr'><strong>at</strong></span> <span class='ocrx_word' id='word_1_58' title='bbox 1201 1041 1295 1081; x_wconf 92' lang='lat' dir='ltr'><strong>eos</strong></span> <span class='ocrx_word' id='word_1_59' title='bbox 1326 1030 1689 1097; x_wconf 89' lang='lat' dir='ltr'><strong>potissimum,</strong></span> <span class='ocrx_word' id='word_1_60' title='bbox 1744 1030 1837 1097; x_wconf 85' lang='lat' dir='ltr'><strong>qui</strong></span> <span class='ocrx_word' id='word_1_61' title='bbox 1901 1037 2097 1097; x_wconf 67' lang='lat' dir='ltr'><strong>praeter</strong></span> 
     </span>
    </p>
   </div>
   <div class='ocr_carea' id='block_1_10' title="bbox 518 1119 2097 1189">
    <p class='ocr_par' dir='ltr' id='par_1_10' title="bbox 518 1119 2097 1189">
     <span class='ocr_line' id='line_1_10' title="bbox 518 1119 2097 1189; baseline 0.001 -18"><span class='ocrx_word' id='word_1_62' title='bbox 518 1120 849 1172; x_wconf 90' lang='lat' dir='ltr'><strong>notariorum</strong></span> <span class='ocrx_word' id='word_1_63' title='bbox 880 1119 1172 1189; x_wconf 79' lang='grc' dir='ltr'><strong>σφάλματα</strong></span> <span class='ocrx_word' id='word_1_64' title='bbox 1216 1131 1271 1175; x_wconf 90' lang='lat' dir='ltr'><strong>et</strong></span> <span class='ocrx_word' id='word_1_65' title='bbox 1332 1121 1707 1177; x_wconf 65' lang='lat' dir='ltr'><strong>haereticorum</strong></span> <span class='ocrx_word' id='word_1_66' title='bbox 1750 1120 2097 1174; x_wconf 89' lang='lat' dir='ltr'><strong>adulteratio-</strong></span> 
     </span>
    </p>
   </div>
   <div class='ocr_carea' id='block_1_11' title="bbox 520 1212 2093 1281">
    <p class='ocr_par' dir='ltr' id='par_1_11' title="bbox 520 1212 2093 1281">
     <span class='ocr_line' id='line_1_11' title="bbox 520 1212 2093 1281; baseline 0 -15"><span class='ocrx_word' id='word_1_67' title='bbox 520 1229 636 1277; x_wconf 83' lang='lat' dir='ltr'><strong>nes,</strong></span> <span class='ocrx_word' id='word_1_68' title='bbox 669 1213 1023 1281; x_wconf 84' lang='lat' dir='ltr'><strong>interpretum</strong></span> <span class='ocrx_word' id='word_1_69' title='bbox 1057 1213 1221 1266; x_wconf 89' lang='lat' dir='ltr'><strong>etiam</strong></span> <span class='ocrx_word' id='word_1_70' title='bbox 1250 1212 1699 1267; x_wconf 89' lang='lat' dir='ltr'><strong>halluciuationes</strong></span> <span class='ocrx_word' id='word_1_71' title='bbox 1729 1222 1783 1267; x_wconf 85' lang='lat' dir='ltr'><strong>et</strong></span> <span class='ocrx_word' id='word_1_72' title='bbox 1812 1212 2093 1280; x_wconf 90' lang='lat' dir='ltr'><strong>perﬁdiam</strong></span> 
     </span>
    </p>
   </div>
   <div class='ocr_carea' id='block_1_12' title="bbox 518 1306 2096 1374">
    <p class='ocr_par' dir='ltr' id='par_1_12' title="bbox 518 1306 2096 1374">
     <span class='ocr_line' id='line_1_12' title="bbox 518 1306 2096 1374; baseline -0.001 -12"><span class='ocrx_word' id='word_1_73' title='bbox 518 1316 820 1362; x_wconf 88' lang='lat' dir='ltr'><strong>senserunt.</strong></span> <span class='ocrx_word' id='word_1_74' title='bbox 856 1326 874 1358; x_wconf 75' lang='grc' dir='ltr'><strong>ι</strong></span> <span class='ocrx_word' id='word_1_75' title='bbox 941 1306 1244 1374; x_wconf 75' lang='lat' dir='ltr'><strong>Excipere,</strong></span> <span class='ocrx_word' id='word_1_76' title='bbox 1297 1308 1347 1360; x_wconf 94' lang='lat' dir='ltr'><strong>ni</strong></span> <span class='ocrx_word' id='word_1_77' title='bbox 1401 1307 1581 1369; x_wconf 90' lang='lat' dir='ltr'><strong>fallor,</strong></span> <span class='ocrx_word' id='word_1_78' title='bbox 1632 1306 1890 1361; x_wconf 88' lang='lat' dir='ltr'><strong>debuerat</strong></span> <span class='ocrx_word' id='word_1_79' title='bbox 1930 1308 2096 1361; x_wconf 91' lang='lat' dir='ltr'><strong>libros</strong></span> 
     </span>
    </p>
   </div>
   <div class='ocr_carea' id='block_1_13' title="bbox 517 1397 2092 1468">
    <p class='ocr_par' dir='ltr' id='par_1_13' title="bbox 517 1397 2092 1468">
     <span class='ocr_line' id='line_1_13' title="bbox 517 1397 2092 1468; baseline -0.001 -17"><span class='ocrx_word' id='word_1_80' title='bbox 517 1408 703 1451; x_wconf 83' lang='lat' dir='ltr'><strong>contra</strong></span> <span class='ocrx_word' id='word_1_81' title='bbox 762 1397 1009 1459; x_wconf 79' lang='lat' dir='ltr'><strong>Celsum;</strong></span> <span class='ocrx_word' id='word_1_82' title='bbox 1049 1399 1247 1466; x_wconf 80' lang='lat' dir='ltr'><strong>quippe</strong></span> <span class='ocrx_word' id='word_1_83' title='bbox 1301 1413 1439 1468; x_wconf 85' lang='lat' dir='ltr'><strong>quos</strong></span> <span class='ocrx_word' id='word_1_84' title='bbox 1493 1407 1690 1467; x_wconf 70' lang='lat' dir='ltr'><strong>prmter</strong></span> <span class='ocrx_word' id='word_1_85' title='bbox 1751 1398 2092 1451; x_wconf 89' lang='lat' dir='ltr'><strong>librariorum</strong></span> 
     </span>
    </p>
   </div>
   <div class='ocr_carea' id='block_1_14' title="bbox 520 1488 2097 1560">
    <p class='ocr_par' dir='ltr' id='par_1_14' title="bbox 520 1488 2097 1560">
     <span class='ocr_line' id='line_1_14' title="bbox 520 1488 2097 1560; baseline -0.003 -17"><span class='ocrx_word' id='word_1_86' title='bbox 520 1490 836 1560; x_wconf 77' lang='grc' dir='ltr'><strong>σφάλματα,</strong></span> <span class='ocrx_word' id='word_1_87' title='bbox 860 1506 887 1541; x_wconf 91' lang='lat' dir='ltr'><strong>a</strong></span> <span class='ocrx_word' id='word_1_88' title='bbox 913 1490 1109 1556; x_wconf 87' lang='lat' dir='ltr'><strong>quilms</strong></span> <span class='ocrx_word' id='word_1_89' title='bbox 1143 1490 1270 1541; x_wconf 84' lang='lat' dir='ltr'><strong>nulli</strong></span> <span class='ocrx_word' id='word_1_90' title='bbox 1304 1500 1543 1541; x_wconf 86' lang='lat' dir='ltr'><strong>veterum</strong></span> <span class='ocrx_word' id='word_1_91' title='bbox 1586 1488 1706 1542; x_wconf 85' lang='lat' dir='ltr'><strong>libri</strong></span> <span class='ocrx_word' id='word_1_92' title='bbox 1738 1504 1959 1557; x_wconf 88' lang='lat' dir='ltr'><strong>prorsus</strong></span> <span class='ocrx_word' id='word_1_93' title='bbox 1999 1490 2097 1541; x_wconf 88' lang='lat' dir='ltr'><strong>im-</strong></span> 
     </span>
    </p>
   </div>
   <div class='ocr_carea' id='block_1_15' title="bbox 520 1578 2097 1641">
    <p class='ocr_par' dir='ltr' id='par_1_15' title="bbox 520 1578 2097 1641">
     <span class='ocr_line' id='line_1_15' title="bbox 520 1578 2097 1641; baseline 0.003 -12"><span class='ocrx_word' id='word_1_94' title='bbox 520 1592 712 1630; x_wconf 84' lang='lat' dir='ltr'><strong>munes</strong></span> <span class='ocrx_word' id='word_1_95' title='bbox 742 1588 889 1641; x_wconf 89' lang='lat' dir='ltr'><strong>sunt,</strong></span> <span class='ocrx_word' id='word_1_96' title='bbox 926 1578 1086 1629; x_wconf 89' lang='lat' dir='ltr'><strong>aliam</strong></span> <span class='ocrx_word' id='word_1_97' title='bbox 1131 1578 1470 1630; x_wconf 88' lang='lat' dir='ltr'><strong>violationem</strong></span> <span class='ocrx_word' id='word_1_98' title='bbox 1523 1579 1815 1632; x_wconf 84' lang='lat' dir='ltr'><strong>notabilem</strong></span> <span class='ocrx_word' id='word_1_99' title='bbox 1866 1579 2097 1633; x_wconf 83' lang='lat' dir='ltr'><strong>subiisse</strong></span> 
     </span>
    </p>
   </div>
   <div class='ocr_carea' id='block_1_16' title="bbox 519 1668 1963 1738">
    <p class='ocr_par' dir='ltr' id='par_1_16' title="bbox 519 1668 1963 1738">
     <span class='ocr_line' id='line_1_16' title="bbox 519 1668 1963 1738; baseline 0.001 -17"><span class='ocrx_word' id='word_1_100' title='bbox 519 1684 699 1733; x_wconf 89' lang='lat' dir='ltr'><strong>nemo,</strong></span> <span class='ocrx_word' id='word_1_101' title='bbox 740 1669 884 1738; x_wconf 91' lang='lat' dir='ltr'><strong>quod</strong></span> <span class='ocrx_word' id='word_1_102' title='bbox 917 1670 1106 1732; x_wconf 85' lang='lat' dir='ltr'><strong>sciam,</strong></span> <span class='ocrx_word' id='word_1_103' title='bbox 1145 1668 1409 1722; x_wconf 91' lang='lat' dir='ltr'><strong>hactenus</strong></span> <span class='ocrx_word' id='word_1_104' title='bbox 1440 1671 1747 1738; x_wconf 88' lang='lat' dir='ltr'><strong>suspicatus</strong></span> <span class='ocrx_word' id='word_1_105' title='bbox 1779 1670 1963 1723; x_wconf 90' lang='lat' dir='ltr'><strong>fuerit.</strong></span> 
     </span>
    </p>
   </div>
   <div class='ocr_carea' id='block_1_17' title="bbox 589 1758 2097 1830">
    <p class='ocr_par' dir='ltr' id='par_1_17' title="bbox 589 1758 2097 1830">
     <span class='ocr_line' id='line_1_17' title="bbox 589 1758 2097 1830; baseline -0.001 -18"><span class='ocrx_word' id='word_1_106' title='bbox 589 1759 729 1830; x_wconf 86' lang='lat' dir='ltr'><strong>§lll.</strong></span> <span class='ocrx_word' id='word_1_107' title='bbox 761 1760 1023 1813; x_wconf 75' lang='lat' dir='ltr'><strong>Cmternm</strong></span> <span class='ocrx_word' id='word_1_108' title='bbox 1067 1759 1111 1813; x_wconf 90' lang='lat' dir='ltr'><strong>si</strong></span> <span class='ocrx_word' id='word_1_109' title='bbox 1151 1760 1329 1812; x_wconf 84' lang='lat' dir='ltr'><strong>omnia</strong></span> <span class='ocrx_word' id='word_1_110' title='bbox 1365 1758 1613 1829; x_wconf 88' lang='lat' dir='ltr'><strong>Origenis</strong></span> <span class='ocrx_word' id='word_1_111' title='bbox 1654 1760 1877 1829; x_wconf 88' lang='lat' dir='ltr'><strong>scripta,</strong></span> <span class='ocrx_word' id='word_1_112' title='bbox 1926 1775 2097 1829; x_wconf 88' lang='lat' dir='ltr'><strong>eaque</strong></span> 
     </span>
    </p>
   </div>
   <div class='ocr_carea' id='block_1_18' title="bbox 520 1851 2093 1920">
    <p class='ocr_par' dir='ltr' id='par_1_18' title="bbox 520 1851 2093 1920">
     <span class='ocr_line' id='line_1_18' title="bbox 520 1851 2093 1920; baseline 0.001 -17"><span class='ocrx_word' id='word_1_113' title='bbox 520 1868 653 1919; x_wconf 90' lang='lat' dir='ltr'><strong>pura</strong></span> <span class='ocrx_word' id='word_1_114' title='bbox 678 1861 730 1906; x_wconf 90' lang='lat' dir='ltr'><strong>et</strong></span> <span class='ocrx_word' id='word_1_115' title='bbox 756 1853 1089 1920; x_wconf 85' lang='lat' dir='ltr'><strong>incorrupta,</strong></span> <span class='ocrx_word' id='word_1_116' title='bbox 1146 1851 1305 1905; x_wconf 89' lang='lat' dir='ltr'><strong>hodie</strong></span> <span class='ocrx_word' id='word_1_117' title='bbox 1350 1860 1664 1914; x_wconf 82' lang='lat' dir='ltr'><strong>exstarent;</strong></span> <span class='ocrx_word' id='word_1_118' title='bbox 1718 1851 1861 1905; x_wconf 89' lang='lat' dir='ltr'><strong>haud</strong></span> <span class='ocrx_word' id='word_1_119' title='bbox 1912 1852 2093 1905; x_wconf 83' lang='lat' dir='ltr'><strong>omnia</strong></span> 
     </span>
    </p>
   </div>
   <div class='ocr_carea' id='block_1_19' title="bbox 2199 651 3746 723">
    <p class='ocr_par' dir='ltr' id='par_1_19' title="bbox 2199 651 3746 723">
     <span class='ocr_line' id='line_1_19' title="bbox 2199 651 3746 723; baseline -0.004 -12"><span class='ocrx_word' id='word_1_120' title='bbox 2199 665 2402 713; x_wconf 74' lang='lat' dir='ltr'><strong>norunt</strong></span> <span class='ocrx_word' id='word_1_121' title='bbox 2422 655 2755 721; x_wconf 84' lang='lat' dir='ltr'><strong>discernere,</strong></span> <span class='ocrx_word' id='word_1_122' title='bbox 2796 654 2927 707; x_wconf 92' lang='lat' dir='ltr'><strong>mibi</strong></span> <span class='ocrx_word' id='word_1_123' title='bbox 2971 652 3403 723; x_wconf 83' lang='lat' dir='ltr'><strong>suppeditarunt.</strong></span> <span class='ocrx_word' id='word_1_124' title='bbox 3464 652 3543 705; x_wconf 85' lang='lat' dir='ltr'><strong>Ex</strong></span> <span class='ocrx_word' id='word_1_125' title='bbox 3580 651 3746 720; x_wconf 88' lang='lat' dir='ltr'><strong>quibus</strong></span> 
     </span>
    </p>
   </div>
   <div class='ocr_carea' id='block_1_20' title="bbox 2195 742 3746 815">
    <p class='ocr_par' dir='ltr' id='par_1_20' title="bbox 2195 742 3746 815">
     <span class='ocr_line' id='line_1_20' title="bbox 2195 742 3746 815; baseline -0.006 -10"><span class='ocrx_word' id='word_1_126' title='bbox 2195 750 2448 805; x_wconf 92' lang='lat' dir='ltr'><strong>omnibus</strong></span> <span class='ocrx_word' id='word_1_127' title='bbox 2479 762 2638 815; x_wconf 90' lang='lat' dir='ltr'><strong>spero</strong></span> <span class='ocrx_word' id='word_1_128' title='bbox 2669 746 2801 813; x_wconf 86' lang='lat' dir='ltr'><strong>fore,</strong></span> <span class='ocrx_word' id='word_1_129' title='bbox 2834 756 2893 801; x_wconf 92' lang='lat' dir='ltr'><strong>ut</strong></span> <span class='ocrx_word' id='word_1_130' title='bbox 2922 745 3088 801; x_wconf 91' lang='lat' dir='ltr'><strong>lector</strong></span> <span class='ocrx_word' id='word_1_131' title='bbox 3111 745 3364 798; x_wconf 85' lang='lat' dir='ltr'><strong>cordatus</strong></span> <span class='ocrx_word' id='word_1_132' title='bbox 3384 743 3532 796; x_wconf 90' lang='lat' dir='ltr'><strong>clare</strong></span> <span class='ocrx_word' id='word_1_133' title='bbox 3559 742 3746 797; x_wconf 90' lang='lat' dir='ltr'><strong>tandem</strong></span> 
     </span>
    </p>
   </div>
   <div class='ocr_carea' id='block_1_21' title="bbox 2197 836 3746 914">
    <p class='ocr_par' dir='ltr' id='par_1_21' title="bbox 2197 836 3746 914">
     <span class='ocr_line' id='line_1_21' title="bbox 2197 836 3746 914; baseline -0.006 -15"><span class='ocrx_word' id='word_1_134' title='bbox 2197 844 2510 914; x_wconf 87' lang='lat' dir='ltr'><strong>perspiciat,</strong></span> <span class='ocrx_word' id='word_1_135' title='bbox 2554 856 2717 910; x_wconf 88' lang='lat' dir='ltr'><strong>quam</strong></span> <span class='ocrx_word' id='word_1_136' title='bbox 2765 840 3092 909; x_wconf 88' lang='lat' dir='ltr'><strong>impotenter</strong></span> <span class='ocrx_word' id='word_1_137' title='bbox 3136 839 3188 891; x_wconf 94' lang='lat' dir='ltr'><strong>in</strong></span> <span class='ocrx_word' id='word_1_138' title='bbox 3241 836 3536 906; x_wconf 85' lang='lat' dir='ltr'><strong>Origenem</strong></span> <span class='ocrx_word' id='word_1_139' title='bbox 3577 838 3746 890; x_wconf 85' lang='lat' dir='ltr'><strong>debac-</strong></span> 
     </span>
    </p>
   </div>
   <div class='ocr_carea' id='block_1_22' title="bbox 2196 927 3749 995">
    <p class='ocr_par' dir='ltr' id='par_1_22' title="bbox 2196 927 3749 995">
     <span class='ocr_line' id='line_1_22' title="bbox 2196 927 3749 995; baseline -0.006 -5"><span class='ocrx_word' id='word_1_140' title='bbox 2196 936 2386 990; x_wconf 90' lang='lat' dir='ltr'><strong>chatus</strong></span> <span class='ocrx_word' id='word_1_141' title='bbox 2413 937 2479 988; x_wconf 91' lang='lat' dir='ltr'><strong>sit</strong></span> <span class='ocrx_word' id='word_1_142' title='bbox 2515 932 2786 995; x_wconf 84' lang='lat' dir='ltr'><strong>Petavius,</strong></span> <span class='ocrx_word' id='word_1_143' title='bbox 2821 932 2948 985; x_wconf 89' lang='lat' dir='ltr'><strong>dum</strong></span> <span class='ocrx_word' id='word_1_144' title='bbox 2980 932 3050 984; x_wconf 91' lang='lat' dir='ltr'><strong>ita</strong></span> <span class='ocrx_word' id='word_1_145' title='bbox 3096 929 3163 984; x_wconf 92' lang='lat' dir='ltr'><strong>dc</strong></span> <span class='ocrx_word' id='word_1_146' title='bbox 3200 928 3358 982; x_wconf 84' lang='lat' dir='ltr'><strong>Patre</strong></span> <span class='ocrx_word' id='word_1_147' title='bbox 3392 928 3511 995; x_wconf 93' lang='lat' dir='ltr'><strong>(vel</strong></span> <span class='ocrx_word' id='word_1_148' title='bbox 3539 927 3749 981; x_wconf 89' lang='lat' dir='ltr'><strong>inimicis</strong></span> 
     </span>
    </p>
   </div>
   <div class='ocr_carea' id='block_1_23' title="bbox 2191 1019 3751 1094">
    <p class='ocr_par' dir='ltr' id='par_1_23' title="bbox 2191 1019 3751 1094">
     <span class='ocr_line' id='line_1_23' title="bbox 2191 1019 3751 1094; baseline -0.003 -17"><span class='ocrx_word' id='word_1_149' title='bbox 2191 1025 2498 1094; x_wconf 88' lang='lat' dir='ltr'><strong>jndicibns)</strong></span> <span class='ocrx_word' id='word_1_150' title='bbox 2530 1024 2872 1077; x_wconf 80' lang='lat' dir='ltr'><strong>sanctissimo</strong></span> <span class='ocrx_word' id='word_1_151' title='bbox 2919 1032 3080 1089; x_wconf 88' lang='lat' dir='ltr'><strong>atque</strong></span> <span class='ocrx_word' id='word_1_152' title='bbox 3120 1019 3494 1075; x_wconf 90' lang='lat' dir='ltr'><strong>eruditissimo</strong></span> <span class='ocrx_word' id='word_1_153' title='bbox 3538 1019 3751 1073; x_wconf 87' lang='lat' dir='ltr'><strong>scribere</strong></span> 
     </span>
    </p>
   </div>
   <div class='ocr_carea' id='block_1_24' title="bbox 2198 1109 3752 1182">
    <p class='ocr_par' dir='ltr' id='par_1_24' title="bbox 2198 1109 3752 1182">
     <span class='ocr_line' id='line_1_24' title="bbox 2198 1109 3752 1182; baseline -0.004 -13"><span class='ocrx_word' id='word_1_154' title='bbox 2198 1132 2300 1169; x_wconf 91' lang='lat' dir='ltr'><strong>non</strong></span> <span class='ocrx_word' id='word_1_155' title='bbox 2345 1127 2429 1169; x_wconf 87' lang='lat' dir='ltr'><strong>est</strong></span> <span class='ocrx_word' id='word_1_156' title='bbox 2480 1116 2729 1168; x_wconf 89' lang='lat' dir='ltr'><strong>veritus:</strong></span> <span class='ocrx_word' id='word_1_157' title='bbox 2774 1132 2791 1165; x_wconf 81' lang='grc' dir='ltr'><strong>ι</strong></span> <span class='ocrx_word' id='word_1_158' title='bbox 2823 1114 2896 1166; x_wconf 89' lang='lat' dir='ltr'><strong>De</strong></span> <span class='ocrx_word' id='word_1_159' title='bbox 2943 1111 3192 1182; x_wconf 81' lang='lat' dir='ltr'><strong>Origene,</strong></span> <span class='ocrx_word' id='word_1_160' title='bbox 3224 1131 3241 1163; x_wconf 72' lang='grc' dir='ltr'><strong>ι</strong></span> <span class='ocrx_word' id='word_1_161' title='bbox 3294 1112 3474 1181; x_wconf 84' lang='lat' dir='ltr'><strong>inquit</strong></span> <span class='ocrx_word' id='word_1_162' title='bbox 3524 1109 3752 1163; x_wconf 78' lang='lat' dir='ltr'><strong>Petavius</strong></span> 
     </span>
    </p>
   </div>
   <div class='ocr_carea' id='block_1_25' title="bbox 2202 1202 3751 1273">
    <p class='ocr_par' dir='ltr' id='par_1_25' title="bbox 2202 1202 3751 1273">
     <span class='ocr_line' id='line_1_25' title="bbox 2202 1202 3751 1273; baseline -0.004 -14"><span class='ocrx_word' id='word_1_163' title='bbox 2202 1207 2273 1260; x_wconf 86' lang='lat' dir='ltr'><strong>De</strong></span> <span class='ocrx_word' id='word_1_164' title='bbox 2296 1205 2486 1258; x_wconf 79' lang='lat' dir='ltr'><strong>Triuit.</strong></span> <span class='ocrx_word' id='word_1_165' title='bbox 2518 1206 2609 1262; x_wconf 86' lang='lat' dir='ltr'><strong>lib.</strong></span> <span class='ocrx_word' id='word_1_166' title='bbox 2647 1220 2683 1269; x_wconf 91' lang='lat' dir='ltr'><strong>I,</strong></span> <span class='ocrx_word' id='word_1_167' title='bbox 2721 1220 2839 1273; x_wconf 86' lang='lat' dir='ltr'><strong>cap.</strong></span> <span class='ocrx_word' id='word_1_168' title='bbox 2889 1204 2975 1267; x_wconf 69' lang='grc'>12,</span> <span class='ocrx_word' id='word_1_169' title='bbox 3019 1219 3167 1256; x_wconf 88' lang='lat' dir='ltr'><strong>num.</strong></span> <span class='ocrx_word' id='word_1_170' title='bbox 3210 1202 3263 1266; x_wconf 83' lang='lat'><strong>9,</strong></span> <span class='ocrx_word' id='word_1_171' title='bbox 3322 1221 3341 1253; x_wconf 67' lang='grc' dir='ltr'><em>ς</em></span> <span class='ocrx_word' id='word_1_172' title='bbox 3373 1211 3609 1265; x_wconf 89' lang='lat' dir='ltr'><strong>constat,</strong></span> <span class='ocrx_word' id='word_1_173' title='bbox 3649 1216 3751 1255; x_wconf 90' lang='lat' dir='ltr'><strong>eum</strong></span> 
     </span>
    </p>
   </div>
   <div class='ocr_carea' id='block_1_26' title="bbox 2198 1296 3750 1366">
    <p class='ocr_par' dir='ltr' id='par_1_26' title="bbox 2198 1296 3750 1366">
     <span class='ocr_line' id='line_1_26' title="bbox 2198 1296 3750 1366; baseline -0.005 -13"><span class='ocrx_word' id='word_1_174' title='bbox 2198 1300 2265 1353; x_wconf 90' lang='lat' dir='ltr'><strong>dc</strong></span> <span class='ocrx_word' id='word_1_175' title='bbox 2302 1299 2439 1353; x_wconf 87' lang='lat' dir='ltr'><strong>Filio</strong></span> <span class='ocrx_word' id='word_1_176' title='bbox 2467 1314 2527 1352; x_wconf 91' lang='lat' dir='ltr'><strong>ac</strong></span> <span class='ocrx_word' id='word_1_177' title='bbox 2564 1298 2768 1366; x_wconf 86' lang='lat' dir='ltr'><strong>Spiritu</strong></span> <span class='ocrx_word' id='word_1_178' title='bbox 2819 1307 3009 1351; x_wconf 89' lang='lat' dir='ltr'><strong>sancto</strong></span> <span class='ocrx_word' id='word_1_179' title='bbox 3056 1297 3219 1365; x_wconf 87' lang='lat' dir='ltr'><strong>impie</strong></span> <span class='ocrx_word' id='word_1_180' title='bbox 3263 1296 3608 1363; x_wconf 76' lang='lat' dir='ltr'><strong>absurdeque</strong></span> <span class='ocrx_word' id='word_1_181' title='bbox 3643 1310 3750 1348; x_wconf 87' lang='lat' dir='ltr'><strong>sen-</strong></span> 
     </span>
    </p>
   </div>
   <div class='ocr_carea' id='block_1_27' title="bbox 2196 1389 3755 1458">
    <p class='ocr_par' dir='ltr' id='par_1_27' title="bbox 2196 1389 3755 1458">
     <span class='ocr_line' id='line_1_27' title="bbox 2196 1389 3755 1458; baseline -0.003 -13"><span class='ocrx_word' id='word_1_182' title='bbox 2196 1393 2353 1447; x_wconf 90' lang='lat' dir='ltr'><strong>sisse.</strong></span> <span class='ocrx_word' id='word_1_183' title='bbox 2376 1411 2393 1442; x_wconf 73' lang='grc' dir='ltr'><strong>ι</strong></span> <span class='ocrx_word' id='word_1_184' title='bbox 2430 1392 2493 1451; x_wconf 80' lang='lat' dir='ltr'><strong>Et</strong></span> <span class='ocrx_word' id='word_1_185' title='bbox 2527 1391 2684 1457; x_wconf 86' lang='lat' dir='ltr'><strong>paulo</strong></span> <span class='ocrx_word' id='word_1_186' title='bbox 2708 1399 2829 1458; x_wconf 89' lang='lat' dir='ltr'><strong>post</strong></span> <span class='ocrx_word' id='word_1_187' title='bbox 2854 1405 3000 1443; x_wconf 91' lang='lat' dir='ltr'><strong>num.</strong></span> <span class='ocrx_word' id='word_1_188' title='bbox 3029 1390 3093 1442; x_wconf 80' lang='lat' dir='ltr'><strong>lt)</strong></span> <span class='ocrx_word' id='word_1_189' title='bbox 3126 1407 3138 1441; x_wconf 89' lang='lat'><strong>:</strong></span> <span class='ocrx_word' id='word_1_190' title='bbox 3183 1408 3199 1440; x_wconf 76' lang='grc' dir='ltr'><strong>ι</strong></span> <span class='ocrx_word' id='word_1_191' title='bbox 3232 1389 3496 1458; x_wconf 80' lang='lat' dir='ltr'><strong>Origenes</strong></span> <span class='ocrx_word' id='word_1_192' title='bbox 3535 1396 3593 1438; x_wconf 92' lang='lat' dir='ltr'><strong>ut</strong></span> <span class='ocrx_word' id='word_1_193' title='bbox 3621 1396 3755 1440; x_wconf 73' lang='lat' dir='ltr'><strong>mtate</strong></span> 
     </span>
    </p>
   </div>
   <div class='ocr_carea' id='block_1_28' title="bbox 2204 1477 3754 1549">
    <p class='ocr_par' dir='ltr' id='par_1_28' title="bbox 2204 1477 3754 1549">
     <span class='ocr_line' id='line_1_28' title="bbox 2204 1477 3754 1549; baseline -0.005 -12"><span class='ocrx_word' id='word_1_194' title='bbox 2204 1485 2390 1537; x_wconf 85' lang='lat' dir='ltr'><strong>Arium</strong></span> <span class='ocrx_word' id='word_1_195' title='bbox 2448 1482 2765 1543; x_wconf 89' lang='lat' dir='ltr'><strong>antecessit,</strong></span> <span class='ocrx_word' id='word_1_196' title='bbox 2824 1481 2903 1534; x_wconf 89' lang='lat' dir='ltr'><strong>sic</strong></span> <span class='ocrx_word' id='word_1_197' title='bbox 2958 1482 3231 1549; x_wconf 86' lang='lat' dir='ltr'><strong>impietate</strong></span> <span class='ocrx_word' id='word_1_198' title='bbox 3280 1496 3408 1549; x_wconf 87' lang='lat' dir='ltr'><strong>par;</strong></span> <span class='ocrx_word' id='word_1_199' title='bbox 3462 1479 3577 1531; x_wconf 90' lang='lat' dir='ltr'><strong>imo</strong></span> <span class='ocrx_word' id='word_1_200' title='bbox 3627 1477 3754 1546; x_wconf 79' lang='lat' dir='ltr'><strong>impii</strong></span> 
     </span>
    </p>
   </div>
   <div class='ocr_carea' id='block_1_29' title="bbox 2203 1560 3813 1642">
    <p class='ocr_par' dir='ltr' id='par_1_29' title="bbox 2203 1560 3813 1642">
     <span class='ocr_line' id='line_1_29' title="bbox 2203 1560 3813 1642; baseline -0.002 -17"><span class='ocrx_word' id='word_1_201' title='bbox 2203 1573 2472 1642; x_wconf 87' lang='lat' dir='ltr'><strong>dogmatis</strong></span> <span class='ocrx_word' id='word_1_202' title='bbox 2510 1586 2697 1625; x_wconf 85' lang='lat' dir='ltr'><strong>auctor</strong></span> <span class='ocrx_word' id='word_1_203' title='bbox 2733 1571 2805 1624; x_wconf 81' lang='lat' dir='ltr'><strong>illi</strong></span> <span class='ocrx_word' id='word_1_204' title='bbox 2842 1571 2961 1624; x_wconf 88' lang='lat' dir='ltr'><strong>fuit.</strong></span> <span class='ocrx_word' id='word_1_205' title='bbox 2986 1591 3005 1622; x_wconf 75' lang='grc' dir='ltr'><strong>ι</strong></span> <span class='ocrx_word' id='word_1_206' title='bbox 3041 1571 3104 1624; x_wconf 86' lang='grc' dir='ltr'>Ει</span> <span class='ocrx_word' id='word_1_207' title='bbox 3127 1572 3325 1638; x_wconf 90' lang='lat' dir='ltr'><strong>passim</strong></span> <span class='ocrx_word' id='word_1_208' title='bbox 3358 1570 3486 1623; x_wconf 91' lang='lat' dir='ltr'><strong>alibi</strong></span> <span class='ocrx_word' id='word_1_209' title='bbox 3516 1569 3754 1637; x_wconf 82' lang='lat' dir='ltr'><strong>ejusmodi</strong></span> <span class='ocrx_word' id='word_1_210' title='bbox 3810 1560 3813 1563; x_wconf 29' lang='grc' dir='ltr'><strong><em>λ</em></strong></span> 
     </span>
    </p>
   </div>
   <div class='ocr_carea' id='block_1_30' title="bbox 2199 1658 3757 1732">
    <p class='ocr_par' dir='ltr' id='par_1_30' title="bbox 2199 1658 3757 1732">
     <span class='ocr_line' id='line_1_30' title="bbox 2199 1658 3757 1732; baseline -0.004 -14"><span class='ocrx_word' id='word_1_211' title='bbox 2199 1666 2442 1718; x_wconf 79' lang='lat' dir='ltr'><strong>convicia</strong></span> <span class='ocrx_word' id='word_1_212' title='bbox 2495 1664 2546 1716; x_wconf 95' lang='lat' dir='ltr'><strong>iu</strong></span> <span class='ocrx_word' id='word_1_213' title='bbox 2606 1662 3076 1732; x_wconf 89' lang='lat' dir='ltr'><strong>Origenemjacit.</strong></span> <span class='ocrx_word' id='word_1_214' title='bbox 3136 1662 3392 1716; x_wconf 86' lang='lat' dir='ltr'><strong>Fortasse</strong></span> <span class='ocrx_word' id='word_1_215' title='bbox 3448 1658 3757 1715; x_wconf 79' lang='lat' dir='ltr'><strong>existimavit</strong></span> 
     </span>
    </p>
   </div>
   <div class='ocr_carea' id='block_1_31' title="bbox 2197 1750 3759 1822">
    <p class='ocr_par' dir='ltr' id='par_1_31' title="bbox 2197 1750 3759 1822">
     <span class='ocr_line' id='line_1_31' title="bbox 2197 1750 3759 1822; baseline -0.007 -10"><span class='ocrx_word' id='word_1_216' title='bbox 2197 1756 2427 1817; x_wconf 66' lang='lat' dir='ltr'><strong>Jesuita,</strong></span> <span class='ocrx_word' id='word_1_217' title='bbox 2458 1770 2516 1810; x_wconf 88' lang='lat' dir='ltr'><strong>se</strong></span> <span class='ocrx_word' id='word_1_218' title='bbox 2553 1755 2810 1822; x_wconf 83' lang='lat' dir='ltr'><strong>religione</strong></span> <span class='ocrx_word' id='word_1_219' title='bbox 2833 1770 2928 1807; x_wconf 91' lang='lat' dir='ltr'><strong>sua</strong></span> <span class='ocrx_word' id='word_1_220' title='bbox 2961 1755 3027 1807; x_wconf 86' lang='lat' dir='ltr'><strong>ad</strong></span> <span class='ocrx_word' id='word_1_221' title='bbox 3061 1755 3109 1807; x_wconf 82' lang='lat' dir='ltr'><strong>id</strong></span> <span class='ocrx_word' id='word_1_222' title='bbox 3134 1752 3456 1807; x_wconf 90' lang='lat' dir='ltr'><strong>obstrictum</strong></span> <span class='ocrx_word' id='word_1_223' title='bbox 3488 1750 3683 1815; x_wconf 89' lang='lat' dir='ltr'><strong>fuisse,</strong></span> <span class='ocrx_word' id='word_1_224' title='bbox 3709 1759 3759 1803; x_wconf 90' lang='lat' dir='ltr'><strong>ut</strong></span> 
     </span>
    </p>
   </div>
   <div class='ocr_carea' id='block_1_32' title="bbox 2201 1841 3760 1913">
    <p class='ocr_par' dir='ltr' id='par_1_32' title="bbox 2201 1841 3760 1913">
     <span class='ocr_line' id='line_1_32' title="bbox 2201 1841 3760 1913; baseline -0.004 -12"><span class='ocrx_word' id='word_1_225' title='bbox 2201 1849 2272 1901; x_wconf 88' lang='lat' dir='ltr'><strong>ita</strong></span> <span class='ocrx_word' id='word_1_226' title='bbox 2299 1848 2605 1903; x_wconf 88' lang='lat' dir='ltr'><strong>venerando</strong></span> <span class='ocrx_word' id='word_1_227' title='bbox 2638 1846 2781 1900; x_wconf 87' lang='lat' dir='ltr'><strong>Patri</strong></span> <span class='ocrx_word' id='word_1_228' title='bbox 2820 1846 3200 1909; x_wconf 87' lang='lat' dir='ltr'><strong>malediceret;</strong></span> <span class='ocrx_word' id='word_1_229' title='bbox 3234 1847 3377 1913; x_wconf 88' lang='lat' dir='ltr'><strong>quod</strong></span> <span class='ocrx_word' id='word_1_230' title='bbox 3409 1843 3620 1898; x_wconf 89' lang='lat' dir='ltr'><strong>scilicet</strong></span> <span class='ocrx_word' id='word_1_231' title='bbox 3652 1841 3760 1896; x_wconf 87' lang='lat' dir='ltr'><strong>Ori-</strong></span> 
     </span>
    </p>
   </div>
   <div class='ocr_carea' id='block_1_33' title="bbox 521 1915 3759 2013">
    <p class='ocr_par' dir='ltr' id='par_1_33' title="bbox 521 1915 3759 2013">
     <span class='ocr_line' id='line_1_33' title="bbox 521 1915 3759 2013; baseline -0.003 -17"><span class='ocrx_word' id='word_1_232' title='bbox 521 1952 699 1996; x_wconf 87' lang='lat' dir='ltr'><strong>tamcn</strong></span> <span class='ocrx_word' id='word_1_233' title='bbox 730 1958 869 1995; x_wconf 71' lang='lat' dir='ltr'><strong>vera:</strong></span> <span class='ocrx_word' id='word_1_234' title='bbox 893 1956 954 1994; x_wconf 88' lang='lat' dir='ltr'><strong>ac</strong></span> <span class='ocrx_word' id='word_1_235' title='bbox 982 1943 1227 2009; x_wconf 80' lang='lat' dir='ltr'><strong>genuime</strong></span> <span class='ocrx_word' id='word_1_236' title='bbox 1272 1940 1389 2004; x_wconf 88' lang='lat' dir='ltr'><strong>ejus</strong></span> <span class='ocrx_word' id='word_1_237' title='bbox 1434 1940 1718 1995; x_wconf 70' lang='lat' dir='ltr'><strong>sententire</strong></span> <span class='ocrx_word' id='word_1_238' title='bbox 1758 1941 2097 1995; x_wconf 66' lang='lat' dir='ltr'><strong>declaranda:</strong></span> <span class='ocrx_word' id='word_1_239' title='bbox 2129 1915 2170 1968; x_wconf 75' lang='grc' dir='ltr'><strong>Β</strong></span> <span class='ocrx_word' id='word_1_240' title='bbox 2201 1958 2361 2013; x_wconf 85' lang='lat' dir='ltr'><strong>genes</strong></span> <span class='ocrx_word' id='word_1_241' title='bbox 2392 1951 2445 1995; x_wconf 87' lang='lat' dir='ltr'><strong>et</strong></span> <span class='ocrx_word' id='word_1_242' title='bbox 2476 1940 2793 2011; x_wconf 66' lang='lat' dir='ltr'><strong>Origenistte</strong></span> <span class='ocrx_word' id='word_1_243' title='bbox 2817 1954 2938 1993; x_wconf 90' lang='lat' dir='ltr'><strong>cum</strong></span> <span class='ocrx_word' id='word_1_244' title='bbox 2967 1937 3304 2008; x_wconf 88' lang='lat' dir='ltr'><strong>dogmatibus</strong></span> <span class='ocrx_word' id='word_1_245' title='bbox 3342 1936 3456 1989; x_wconf 85' lang='lat' dir='ltr'><strong>suis</strong></span> <span class='ocrx_word' id='word_1_246' title='bbox 3476 1934 3701 1988; x_wconf 89' lang='lat' dir='ltr'><strong>damnati</strong></span> <span class='ocrx_word' id='word_1_247' title='bbox 3716 1943 3759 1987; x_wconf 89' lang='lat' dir='ltr'><strong>et</strong></span> 
     </span>
    </p>
   </div>
   <div class='ocr_carea' id='block_1_34' title="bbox 519 2032 2099 2101">
    <p class='ocr_par' dir='ltr' id='par_1_34' title="bbox 519 2032 2099 2101">
     <span class='ocr_line' id='line_1_34' title="bbox 519 2032 2099 2101; baseline -0.002 -15"><span class='ocrx_word' id='word_1_248' title='bbox 519 2034 721 2101; x_wconf 86' lang='lat' dir='ltr'><strong>pariter</strong></span> <span class='ocrx_word' id='word_1_249' title='bbox 751 2034 1096 2087; x_wconf 82' lang='lat' dir='ltr'><strong>inservirent.</strong></span> <span class='ocrx_word' id='word_1_250' title='bbox 1128 2032 1641 2086; x_wconf 88' lang='lat' dir='ltr'><strong>Scilicetvariorum</strong></span> <span class='ocrx_word' id='word_1_251' title='bbox 1674 2033 1910 2087; x_wconf 88' lang='lat' dir='ltr'><strong>auctoris</strong></span> <span class='ocrx_word' id='word_1_252' title='bbox 1939 2032 2099 2085; x_wconf 84' lang='grc' dir='ltr'>πολυ-</span> 
     </span>
    </p>
   </div>
   <div class='ocr_carea' id='block_1_35' title="bbox 517 2123 2135 2195">
    <p class='ocr_par' dir='ltr' id='par_1_35' title="bbox 517 2123 2135 2195">
     <span class='ocr_line' id='line_1_35' title="bbox 517 2123 2135 2195; baseline 0.001 -18"><span class='ocrx_word' id='word_1_253' title='bbox 517 2124 732 2195; x_wconf 74' lang='grc' dir='ltr'>γράφου</span> <span class='ocrx_word' id='word_1_254' title='bbox 782 2140 1009 2193; x_wconf 90' lang='lat' dir='ltr'><strong>operum</strong></span> <span class='ocrx_word' id='word_1_255' title='bbox 1061 2124 1274 2177; x_wconf 90' lang='lat' dir='ltr'><strong>diversa</strong></span> <span class='ocrx_word' id='word_1_256' title='bbox 1329 2123 1469 2178; x_wconf 90' lang='lat' dir='ltr'><strong>foret</strong></span> <span class='ocrx_word' id='word_1_257' title='bbox 1507 2126 1661 2179; x_wconf 91' lang='lat' dir='ltr'><strong>ratio.</strong></span> <span class='ocrx_word' id='word_1_258' title='bbox 1689 2124 1801 2195; x_wconf 72' lang='lat'><strong>(25)</strong></span> <span class='ocrx_word' id='word_1_259' title='bbox 1828 2125 1961 2179; x_wconf 86' lang='lat' dir='ltr'><strong>Nam</strong></span> <span class='ocrx_word' id='word_1_260' title='bbox 1996 2126 2097 2179; x_wconf 89' lang='lat' dir='ltr'><strong>alia</strong></span> <span class='ocrx_word' id='word_1_261' title='bbox 2127 2171 2135 2179; x_wconf 91' lang='lat'><strong>.</strong></span> 
     </span>
    </p>
   </div>
   <div class='ocr_carea' id='block_1_36' title="bbox 518 2213 2096 2283">
    <p class='ocr_par' dir='ltr' id='par_1_36' title="bbox 518 2213 2096 2283">
     <span class='ocr_line' id='line_1_36' title="bbox 518 2213 2096 2283; baseline 0.001 -16"><span class='ocrx_word' id='word_1_262' title='bbox 518 2217 584 2267; x_wconf 88' lang='lat' dir='ltr'><strong>ad</strong></span> <span class='ocrx_word' id='word_1_263' title='bbox 641 2215 843 2267; x_wconf 88' lang='lat' dir='ltr'><strong>amicos</strong></span> <span class='ocrx_word' id='word_1_264' title='bbox 906 2224 1118 2268; x_wconf 88' lang='lat' dir='ltr'><strong>secreto</strong></span> <span class='ocrx_word' id='word_1_265' title='bbox 1157 2213 1398 2282; x_wconf 78' lang='lat' dir='ltr'><strong>scripsit,</strong></span> <span class='ocrx_word' id='word_1_266' title='bbox 1442 2229 1562 2283; x_wconf 69' lang='lat' dir='ltr'><strong>quae</strong></span> <span class='ocrx_word' id='word_1_267' title='bbox 1604 2214 1779 2268; x_wconf 81' lang='lat' dir='ltr'><strong>lucem</strong></span> <span class='ocrx_word' id='word_1_268' title='bbox 1830 2231 2096 2283; x_wconf 89' lang='lat' dir='ltr'><strong>nunquam</strong></span> 
     </span>
    </p>
   </div>
   <div class='ocr_carea' id='block_1_37' title="bbox 520 2305 2100 2377">
    <p class='ocr_par' dir='ltr' id='par_1_37' title="bbox 520 2305 2100 2377">
     <span class='ocr_line' id='line_1_37' title="bbox 520 2305 2100 2377; baseline 0.001 -17"><span class='ocrx_word' id='word_1_269' title='bbox 520 2307 707 2360; x_wconf 81' lang='lat' dir='ltr'><strong>visura</strong></span> <span class='ocrx_word' id='word_1_270' title='bbox 740 2307 1019 2377; x_wconf 80' lang='lat' dir='ltr'><strong>speravit;</strong></span> <span class='ocrx_word' id='word_1_271' title='bbox 1055 2306 1107 2359; x_wconf 93' lang='lat' dir='ltr'><strong>in</strong></span> <span class='ocrx_word' id='word_1_272' title='bbox 1150 2307 1348 2375; x_wconf 84' lang='lat' dir='ltr'><strong>quibus</strong></span> <span class='ocrx_word' id='word_1_273' title='bbox 1392 2305 1559 2360; x_wconf 88' lang='lat' dir='ltr'><strong>libere</strong></span> <span class='ocrx_word' id='word_1_274' title='bbox 1594 2321 1658 2360; x_wconf 89' lang='lat' dir='ltr'><strong>ac</strong></span> <span class='ocrx_word' id='word_1_275' title='bbox 1700 2321 1834 2375; x_wconf 88' lang='lat' dir='ltr'><strong>pene</strong></span> <span class='ocrx_word' id='word_1_276' title='bbox 1866 2308 2100 2373; x_wconf 89' lang='lat' dir='ltr'><strong>sceptice</strong></span> 
     </span>
    </p>
   </div>
   <div class='ocr_carea' id='block_1_38' title="bbox 518 2398 2099 2467">
    <p class='ocr_par' dir='ltr' id='par_1_38' title="bbox 518 2398 2099 2467">
     <span class='ocr_line' id='line_1_38' title="bbox 518 2398 2099 2467; baseline 0 -16"><span class='ocrx_word' id='word_1_277' title='bbox 518 2398 797 2461; x_wconf 86' lang='lat' dir='ltr'><strong>disseruit,</strong></span> <span class='ocrx_word' id='word_1_278' title='bbox 840 2414 904 2450; x_wconf 92' lang='lat' dir='ltr'><strong>ac</strong></span> <span class='ocrx_word' id='word_1_279' title='bbox 939 2399 1256 2467; x_wconf 76' lang='lat' dir='ltr'><strong>plerumque</strong></span> <span class='ocrx_word' id='word_1_280' title='bbox 1302 2412 1406 2449; x_wconf 90' lang='lat' dir='ltr'><strong>non</strong></span> <span class='ocrx_word' id='word_1_281' title='bbox 1445 2406 1554 2450; x_wconf 91' lang='lat' dir='ltr'><strong>tam</strong></span> <span class='ocrx_word' id='word_1_282' title='bbox 1596 2412 1749 2450; x_wconf 87' lang='lat' dir='ltr'><strong>suam</strong></span> <span class='ocrx_word' id='word_1_283' title='bbox 1794 2408 1997 2452; x_wconf 88' lang='lat' dir='ltr'><strong>certam</strong></span> <span class='ocrx_word' id='word_1_284' title='bbox 2036 2412 2099 2451; x_wconf 90' lang='lat' dir='ltr'><strong>ac</strong></span> 
     </span>
    </p>
   </div>
   <div class='ocr_carea' id='block_1_39' title="bbox 519 2488 2098 2556">
    <p class='ocr_par' dir='ltr' id='par_1_39' title="bbox 519 2488 2098 2556">
     <span class='ocr_line' id='line_1_39' title="bbox 519 2488 2098 2556; baseline -0.001 -13"><span class='ocrx_word' id='word_1_285' title='bbox 519 2490 794 2547; x_wconf 91' lang='lat' dir='ltr'><strong>deﬁnitam</strong></span> <span class='ocrx_word' id='word_1_286' title='bbox 836 2492 1163 2544; x_wconf 89' lang='lat' dir='ltr'><strong>sententiam</strong></span> <span class='ocrx_word' id='word_1_287' title='bbox 1186 2527 1201 2551; x_wconf 93' lang='lat'><strong>,</strong></span> <span class='ocrx_word' id='word_1_288' title='bbox 1236 2503 1396 2556; x_wconf 88' lang='lat' dir='ltr'><strong>quam</strong></span> <span class='ocrx_word' id='word_1_289' title='bbox 1432 2488 1517 2543; x_wconf 85' lang='lat' dir='ltr'><strong>vel</strong></span> <span class='ocrx_word' id='word_1_290' title='bbox 1550 2488 1777 2541; x_wconf 88' lang='lat' dir='ltr'><strong>aliormu</strong></span> <span class='ocrx_word' id='word_1_291' title='bbox 1806 2488 2098 2542; x_wconf 83' lang='lat' dir='ltr'><strong>ratiocina-</strong></span> 
     </span>
    </p>
   </div>
   <div class='ocr_carea' id='block_1_40' title="bbox 523 2582 2099 2653">
    <p class='ocr_par' dir='ltr' id='par_1_40' title="bbox 523 2582 2099 2653">
     <span class='ocr_line' id='line_1_40' title="bbox 523 2582 2099 2653; baseline -0.003 -16"><span class='ocrx_word' id='word_1_292' title='bbox 523 2584 719 2647; x_wconf 88' lang='lat' dir='ltr'><strong>tiones,</strong></span> <span class='ocrx_word' id='word_1_293' title='bbox 744 2583 830 2637; x_wconf 83' lang='lat' dir='ltr'><strong>vel</strong></span> <span class='ocrx_word' id='word_1_294' title='bbox 876 2599 1003 2637; x_wconf 89' lang='lat' dir='ltr'><strong>suos</strong></span> <span class='ocrx_word' id='word_1_295' title='bbox 1046 2584 1312 2653; x_wconf 86' lang='lat' dir='ltr'><strong>quosdam</strong></span> <span class='ocrx_word' id='word_1_296' title='bbox 1357 2582 1641 2651; x_wconf 91' lang='lat' dir='ltr'><strong>scrupulos</strong></span> <span class='ocrx_word' id='word_1_297' title='bbox 1669 2596 1731 2635; x_wconf 88' lang='lat' dir='ltr'><strong>ac</strong></span> <span class='ocrx_word' id='word_1_298' title='bbox 1761 2582 2099 2635; x_wconf 86' lang='lat' dir='ltr'><strong>dubitation-</strong></span> 
     </span>
    </p>
   </div>
   <div class='ocr_carea' id='block_1_41' title="bbox 518 2673 2100 2743">
    <p class='ocr_par' dir='ltr' id='par_1_41' title="bbox 518 2673 2100 2743">
     <span class='ocr_line' id='line_1_41' title="bbox 518 2673 2100 2743; baseline -0.003 -13"><span class='ocrx_word' id='word_1_299' title='bbox 518 2678 692 2739; x_wconf 88' lang='lat' dir='ltr'><strong>culas,</strong></span> <span class='ocrx_word' id='word_1_300' title='bbox 720 2674 787 2729; x_wconf 89' lang='lat' dir='ltr'><strong>ad</strong></span> <span class='ocrx_word' id='word_1_301' title='bbox 819 2674 1106 2728; x_wconf 87' lang='lat' dir='ltr'><strong>clariorem</strong></span> <span class='ocrx_word' id='word_1_302' title='bbox 1132 2674 1385 2727; x_wconf 80' lang='lat' dir='ltr'><strong>veritatis</strong></span> <span class='ocrx_word' id='word_1_303' title='bbox 1431 2673 1874 2737; x_wconf 87' lang='lat' dir='ltr'><strong>elueidationem,</strong></span> <span class='ocrx_word' id='word_1_304' title='bbox 1906 2689 2100 2743; x_wconf 87' lang='lat' dir='ltr'><strong>propo-</strong></span> 
     </span>
    </p>
   </div>
   <div class='ocr_carea' id='block_1_42' title="bbox 522 2764 2097 2834">
    <p class='ocr_par' dir='ltr' id='par_1_42' title="bbox 522 2764 2097 2834">
     <span class='ocr_line' id='line_1_42' title="bbox 522 2764 2097 2834; baseline 0 -15"><span class='ocrx_word' id='word_1_305' title='bbox 522 2766 651 2819; x_wconf 90' lang='lat' dir='ltr'><strong>suit.</strong></span> <span class='ocrx_word' id='word_1_306' title='bbox 712 2765 827 2819; x_wconf 83' lang='lat' dir='ltr'><strong>Alia</strong></span> <span class='ocrx_word' id='word_1_307' title='bbox 874 2764 990 2833; x_wconf 88' lang='lat' dir='ltr'><strong>ipse</strong></span> <span class='ocrx_word' id='word_1_308' title='bbox 1035 2765 1087 2817; x_wconf 92' lang='lat' dir='ltr'><strong>in</strong></span> <span class='ocrx_word' id='word_1_309' title='bbox 1135 2764 1408 2834; x_wconf 91' lang='lat' dir='ltr'><strong>publicum</strong></span> <span class='ocrx_word' id='word_1_310' title='bbox 1464 2764 1682 2828; x_wconf 90' lang='lat' dir='ltr'><strong>emisit,</strong></span> <span class='ocrx_word' id='word_1_311' title='bbox 1746 2766 1863 2819; x_wconf 80' lang='lat' dir='ltr'><strong>sive</strong></span> <span class='ocrx_word' id='word_1_312' title='bbox 1910 2776 2097 2819; x_wconf 89' lang='lat' dir='ltr'><strong>contra</strong></span> 
     </span>
    </p>
   </div>
   <div class='ocr_carea' id='block_1_43' title="bbox 519 2856 2101 2928">
    <p class='ocr_par' dir='ltr' id='par_1_43' title="bbox 519 2856 2101 2928">
     <span class='ocr_line' id='line_1_43' title="bbox 519 2856 2101 2928; baseline -0.001 -16"><span class='ocrx_word' id='word_1_313' title='bbox 519 2856 784 2921; x_wconf 84' lang='lat' dir='ltr'><strong>infideles,</strong></span> <span class='ocrx_word' id='word_1_314' title='bbox 808 2858 922 2911; x_wconf 91' lang='lat' dir='ltr'><strong>sive</strong></span> <span class='ocrx_word' id='word_1_315' title='bbox 942 2857 1200 2911; x_wconf 85' lang='lat' dir='ltr'><strong>adversus</strong></span> <span class='ocrx_word' id='word_1_316' title='bbox 1264 2858 1566 2922; x_wconf 75' lang='lat' dir='ltr'><strong>bzereticos,</strong></span> <span class='ocrx_word' id='word_1_317' title='bbox 1618 2872 1713 2911; x_wconf 90' lang='lat' dir='ltr'><strong>seu</strong></span> <span class='ocrx_word' id='word_1_318' title='bbox 1764 2859 1998 2928; x_wconf 90' lang='lat' dir='ltr'><strong>denique</strong></span> <span class='ocrx_word' id='word_1_319' title='bbox 2035 2860 2101 2912; x_wconf 89' lang='lat' dir='ltr'><strong>ad</strong></span> 
     </span>
    </p>
   </div>
   <div class='ocr_carea' id='block_1_44' title="bbox 520 2948 2102 3018">
    <p class='ocr_par' dir='ltr' id='par_1_44' title="bbox 520 2948 2102 3018">
     <span class='ocr_line' id='line_1_44' title="bbox 520 2948 2102 3018; baseline 0 -15"><span class='ocrx_word' id='word_1_320' title='bbox 520 2950 901 3004; x_wconf 75' lang='lat' dir='ltr'><strong>instruendam</strong></span> <span class='ocrx_word' id='word_1_321' title='bbox 949 2948 1159 3017; x_wconf 88' lang='lat' dir='ltr'><strong>plebem</strong></span> <span class='ocrx_word' id='word_1_322' title='bbox 1200 2950 1603 3013; x_wconf 69' lang='lat' dir='ltr'><strong>Christianam;</strong></span> <span class='ocrx_word' id='word_1_323' title='bbox 1644 2951 1695 3003; x_wconf 93' lang='lat' dir='ltr'><strong>in</strong></span> <span class='ocrx_word' id='word_1_324' title='bbox 1733 2951 1929 3018; x_wconf 88' lang='lat' dir='ltr'><strong>quibus</strong></span> <span class='ocrx_word' id='word_1_325' title='bbox 1955 2990 1970 3012; x_wconf 93' lang='lat'><strong>,</strong></span> <span class='ocrx_word' id='word_1_326' title='bbox 2019 2951 2102 3003; x_wconf 78' lang='lat' dir='ltr'><strong>via</strong></span> 
     </span>
    </p>
   </div>
   <div class='ocr_carea' id='block_1_45' title="bbox 521 3038 2103 3106">
    <p class='ocr_par' dir='ltr' id='par_1_45' title="bbox 521 3038 2103 3106">
     <span class='ocr_line' id='line_1_45' title="bbox 521 3038 2103 3106; baseline 0 -15"><span class='ocrx_word' id='word_1_327' title='bbox 521 3040 646 3094; x_wconf 91' lang='lat' dir='ltr'><strong>trita</strong></span> <span class='ocrx_word' id='word_1_328' title='bbox 677 3054 740 3093; x_wconf 91' lang='lat' dir='ltr'><strong>ac</strong></span> <span class='ocrx_word' id='word_1_329' title='bbox 767 3047 881 3092; x_wconf 91' lang='lat' dir='ltr'><strong>tuta</strong></span> <span class='ocrx_word' id='word_1_330' title='bbox 910 3038 1189 3099; x_wconf 91' lang='lat' dir='ltr'><strong>incedens,</strong></span> <span class='ocrx_word' id='word_1_331' title='bbox 1230 3050 1502 3106; x_wconf 84' lang='lat' dir='ltr'><strong>receptant</strong></span> <span class='ocrx_word' id='word_1_332' title='bbox 1534 3038 1587 3091; x_wconf 92' lang='lat' dir='ltr'><strong>in</strong></span> <span class='ocrx_word' id='word_1_333' title='bbox 1629 3039 1868 3092; x_wconf 74' lang='lat' dir='ltr'><strong>Ecclesia</strong></span> <span class='ocrx_word' id='word_1_334' title='bbox 1914 3040 2103 3093; x_wconf 88' lang='lat' dir='ltr'><strong>catho-</strong></span> 
     </span>
    </p>
   </div>
   <div class='ocr_carea' id='block_1_46' title="bbox 520 3128 2101 3199">
    <p class='ocr_par' dir='ltr' id='par_1_46' title="bbox 520 3128 2101 3199">
     <span class='ocr_line' id='line_1_46' title="bbox 520 3128 2101 3199; baseline -0.001 -14"><span class='ocrx_word' id='word_1_335' title='bbox 520 3131 678 3185; x_wconf 88' lang='lat' dir='ltr'><strong>licam</strong></span> <span class='ocrx_word' id='word_1_336' title='bbox 723 3129 1020 3184; x_wconf 90' lang='lat' dir='ltr'><strong>doctrinam</strong></span> <span class='ocrx_word' id='word_1_337' title='bbox 1047 3129 1340 3182; x_wconf 79' lang='lat' dir='ltr'><strong>studiosius</strong></span> <span class='ocrx_word' id='word_1_338' title='bbox 1367 3128 1607 3183; x_wconf 90' lang='lat' dir='ltr'><strong>tradidit.</strong></span> <span class='ocrx_word' id='word_1_339' title='bbox 1643 3129 1841 3183; x_wconf 87' lang='lat' dir='ltr'><strong>Deimle</strong></span> <span class='ocrx_word' id='word_1_340' title='bbox 1858 3130 1958 3184; x_wconf 89' lang='lat' dir='ltr'><strong>alia</strong></span> <span class='ocrx_word' id='word_1_341' title='bbox 1985 3146 2101 3199; x_wconf 85' lang='lat' dir='ltr'><strong>pro-</strong></span> 
     </span>
    </p>
   </div>
   <div class='ocr_carea' id='block_1_47' title="bbox 2201 2028 3762 2099">
    <p class='ocr_par' dir='ltr' id='par_1_47' title="bbox 2201 2028 3762 2099">
     <span class='ocr_line' id='line_1_47' title="bbox 2201 2028 3762 2099; baseline -0.005 -12"><span class='ocrx_word' id='word_1_342' title='bbox 2201 2033 2669 2087; x_wconf 88' lang='lat' dir='ltr'><strong>anathematismis</strong></span> <span class='ocrx_word' id='word_1_343' title='bbox 2691 2031 2929 2086; x_wconf 84' lang='lat' dir='ltr'><strong>confossi</strong></span> <span class='ocrx_word' id='word_1_344' title='bbox 2986 2030 3186 2083; x_wconf 90' lang='lat' dir='ltr'><strong>fuerint</strong></span> <span class='ocrx_word' id='word_1_345' title='bbox 3215 2029 3330 2099; x_wconf 70' lang='grc' dir='ltr'><strong>(Ξι)</strong></span> <span class='ocrx_word' id='word_1_346' title='bbox 3377 2028 3430 2081; x_wconf 91' lang='lat' dir='ltr'><strong>in</strong></span> <span class='ocrx_word' id='word_1_347' title='bbox 3472 2029 3659 2096; x_wconf 87' lang='lat' dir='ltr'><strong>quinta</strong></span> <span class='ocrx_word' id='word_1_348' title='bbox 3686 2042 3762 2097; x_wconf 81' lang='lat' dir='ltr'><strong>sy-</strong></span> 
     </span>
    </p>
   </div>
   <div class='ocr_carea' id='block_1_48' title="bbox 2204 2119 3762 2180">
    <p class='ocr_par' dir='ltr' id='par_1_48' title="bbox 2204 2119 3762 2180">
     <span class='ocr_line' id='line_1_48' title="bbox 2204 2119 3762 2180; baseline -0.005 -1"><span class='ocrx_word' id='word_1_349' title='bbox 2204 2129 2364 2180; x_wconf 91' lang='lat' dir='ltr'><strong>nodo.</strong></span> <span class='ocrx_word' id='word_1_350' title='bbox 2400 2124 2600 2179; x_wconf 78' lang='lat' dir='ltr'><strong>Verum</strong></span> <span class='ocrx_word' id='word_1_351' title='bbox 2644 2140 2749 2177; x_wconf 92' lang='lat' dir='ltr'><strong>non</strong></span> <span class='ocrx_word' id='word_1_352' title='bbox 2789 2124 3009 2178; x_wconf 85' lang='lat' dir='ltr'><strong>defuere</strong></span> <span class='ocrx_word' id='word_1_353' title='bbox 3052 2123 3152 2175; x_wconf 86' lang='lat' dir='ltr'><strong>viri</strong></span> <span class='ocrx_word' id='word_1_354' title='bbox 3200 2122 3442 2173; x_wconf 74' lang='lat' dir='ltr'><strong>illustres</strong></span> <span class='ocrx_word' id='word_1_355' title='bbox 3478 2135 3509 2173; x_wconf 89' lang='lat' dir='ltr'><strong>e</strong></span> <span class='ocrx_word' id='word_1_356' title='bbox 3543 2119 3762 2173; x_wconf 76' lang='lat' dir='ltr'><strong>Romana</strong></span> 
     </span>
    </p>
   </div>
   <div class='ocr_carea' id='block_1_49' title="bbox 2204 2204 3749 2287">
    <p class='ocr_par' dir='ltr' id='par_1_49' title="bbox 2204 2204 3749 2287">
     <span class='ocr_line' id='line_1_49' title="bbox 2204 2204 3749 2287; baseline -0.008 -14"><span class='ocrx_word' id='word_1_357' title='bbox 2204 2219 2440 2273; x_wconf 79' lang='lat' dir='ltr'><strong>Ecclesia</strong></span> <span class='ocrx_word' id='word_1_358' title='bbox 2520 2216 2815 2287; x_wconf 80' lang='lat' dir='ltr'><strong>(Joannem</strong></span> <span class='ocrx_word' id='word_1_359' title='bbox 2879 2215 3060 2269; x_wconf 82' lang='lat' dir='ltr'><strong>Picum</strong></span> <span class='ocrx_word' id='word_1_360' title='bbox 3099 2204 3532 2267; x_wconf 67' lang='lat' dir='ltr'><strong>Mirantlnlauum</strong></span> <span class='ocrx_word' id='word_1_361' title='bbox 3624 2208 3749 2269; x_wconf 86' lang='lat' dir='ltr'><strong>dico,</strong></span> 
     </span>
    </p>
   </div>
   <div class='ocr_carea' id='block_1_50' title="bbox 2201 2302 3761 2368">
    <p class='ocr_par' dir='ltr' id='par_1_50' title="bbox 2201 2302 3761 2368">
     <span class='ocr_line' id='line_1_50' title="bbox 2201 2302 3761 2368; baseline -0.006 -4"><span class='ocrx_word' id='word_1_362' title='bbox 2201 2311 2461 2365; x_wconf 68' lang='lat' dir='ltr'><strong>Iacobum</strong></span> <span class='ocrx_word' id='word_1_363' title='bbox 2544 2308 2829 2362; x_wconf 81' lang='lat' dir='ltr'><strong>Mcrlinurn</strong></span> <span class='ocrx_word' id='word_1_364' title='bbox 2897 2307 3327 2361; x_wconf 76' lang='lat' dir='ltr'><strong>Victnrniensctn</strong></span> <span class='ocrx_word' id='word_1_365' title='bbox 3365 2344 3381 2368; x_wconf 94' lang='lat'><strong>,</strong></span> <span class='ocrx_word' id='word_1_366' title='bbox 3451 2302 3761 2357; x_wconf 87' lang='lat' dir='ltr'><strong>Desiderinnt</strong></span> 
     </span>
    </p>
   </div>
   <div class='ocr_carea' id='block_1_51' title="bbox 2205 2392 3763 2459">
    <p class='ocr_par' dir='ltr' id='par_1_51' title="bbox 2205 2392 3763 2459">
     <span class='ocr_line' id='line_1_51' title="bbox 2205 2392 3763 2459; baseline -0.006 -4"><span class='ocrx_word' id='word_1_367' title='bbox 2205 2402 2487 2455; x_wconf 78' lang='lat' dir='ltr'><strong>Erasmum</strong></span> <span class='ocrx_word' id='word_1_368' title='bbox 2521 2400 2941 2453; x_wconf 77' lang='lat' dir='ltr'><strong>Roterodamum</strong></span> <span class='ocrx_word' id='word_1_369' title='bbox 2964 2436 2980 2459; x_wconf 83' lang='lat'><strong>,</strong></span> <span class='ocrx_word' id='word_1_370' title='bbox 3022 2398 3231 2450; x_wconf 79' lang='lat' dir='ltr'><strong>Sixtum</strong></span> <span class='ocrx_word' id='word_1_371' title='bbox 3265 2396 3588 2458; x_wconf 78' lang='lat' dir='ltr'><strong>Senensem,</strong></span> <span class='ocrx_word' id='word_1_372' title='bbox 3621 2392 3763 2447; x_wconf 88' lang='lat' dir='ltr'><strong>Clau-</strong></span> 
     </span>
    </p>
   </div>
   <div class='ocr_carea' id='block_1_52' title="bbox 2202 2483 3763 2563">
    <p class='ocr_par' dir='ltr' id='par_1_52' title="bbox 2202 2483 3763 2563">
     <span class='ocr_line' id='line_1_52' title="bbox 2202 2483 3763 2563; baseline -0.006 -17"><span class='ocrx_word' id='word_1_373' title='bbox 2202 2495 2349 2547; x_wconf 88' lang='lat' dir='ltr'><strong>dium</strong></span> <span class='ocrx_word' id='word_1_374' title='bbox 2379 2493 2751 2563; x_wconf 64' lang='lat' dir='ltr'><strong>Espeuczeutu,</strong></span> <span class='ocrx_word' id='word_1_375' title='bbox 2789 2490 3089 2545; x_wconf 83' lang='lat' dir='ltr'><strong>Gilbcrtum</strong></span> <span class='ocrx_word' id='word_1_376' title='bbox 3146 2487 3561 2542; x_wconf 82' lang='lat' dir='ltr'><strong>Genehrardum</strong></span> <span class='ocrx_word' id='word_1_377' title='bbox 3597 2496 3649 2539; x_wconf 90' lang='lat' dir='ltr'><strong>et</strong></span> <span class='ocrx_word' id='word_1_378' title='bbox 3680 2483 3763 2539; x_wconf 83' lang='lat' dir='ltr'><strong>Pe-</strong></span> 
     </span>
    </p>
   </div>
   <div class='ocr_carea' id='block_1_53' title="bbox 2206 2572 3760 2655">
    <p class='ocr_par' dir='ltr' id='par_1_53' title="bbox 2206 2572 3760 2655">
     <span class='ocr_line' id='line_1_53' title="bbox 2206 2572 3760 2655; baseline -0.008 -14"><span class='ocrx_word' id='word_1_379' title='bbox 2206 2598 2344 2641; x_wconf 92' lang='lat' dir='ltr'><strong>trum</strong></span> <span class='ocrx_word' id='word_1_380' title='bbox 2375 2586 2675 2639; x_wconf 85' lang='lat' dir='ltr'><strong>Ilalloxiutn</strong></span> <span class='ocrx_word' id='word_1_381' title='bbox 2696 2583 2740 2655; x_wconf 94' lang='lat'><strong>),</strong></span> <span class='ocrx_word' id='word_1_382' title='bbox 2773 2583 2860 2651; x_wconf 86' lang='lat' dir='ltr'><strong>qui</strong></span> <span class='ocrx_word' id='word_1_383' title='bbox 2897 2582 3028 2635; x_wconf 92' lang='lat' dir='ltr'><strong>nihil</strong></span> <span class='ocrx_word' id='word_1_384' title='bbox 3059 2581 3159 2634; x_wconf 89' lang='lat' dir='ltr'><strong>sibi</strong></span> <span class='ocrx_word' id='word_1_385' title='bbox 3200 2572 3509 2633; x_wconf 76' lang='lat' dir='ltr'><strong>metuentes</strong></span> <span class='ocrx_word' id='word_1_386' title='bbox 3546 2593 3575 2630; x_wconf 87' lang='lat' dir='ltr'><strong>a</strong></span> <span class='ocrx_word' id='word_1_387' title='bbox 3606 2575 3760 2643; x_wconf 85' lang='lat' dir='ltr'><strong>quinti</strong></span> 
     </span>
    </p>
   </div>
   <div class='ocr_carea' id='block_1_54' title="bbox 2206 2668 3760 2740">
    <p class='ocr_par' dir='ltr' id='par_1_54' title="bbox 2206 2668 3760 2740">
     <span class='ocr_line' id='line_1_54' title="bbox 2206 2668 3760 2740; baseline -0.006 -10"><span class='ocrx_word' id='word_1_388' title='bbox 2206 2676 2421 2730; x_wconf 88' lang='lat' dir='ltr'><strong>concilii</strong></span> <span class='ocrx_word' id='word_1_389' title='bbox 2455 2674 2943 2733; x_wconf 88' lang='lat' dir='ltr'><strong>anathematismis,</strong></span> <span class='ocrx_word' id='word_1_390' title='bbox 3003 2672 3291 2740; x_wconf 88' lang='lat' dir='ltr'><strong>Origenem</strong></span> <span class='ocrx_word' id='word_1_391' title='bbox 3336 2685 3443 2722; x_wconf 89' lang='lat' dir='ltr'><strong>non</strong></span> <span class='ocrx_word' id='word_1_392' title='bbox 3476 2668 3629 2721; x_wconf 79' lang='lat' dir='ltr'><strong>niodo</strong></span> <span class='ocrx_word' id='word_1_393' title='bbox 3660 2668 3760 2721; x_wconf 85' lang='lat' dir='ltr'><strong>sine</strong></span> 
     </span>
    </p>
   </div>
   <div class='ocr_carea' id='block_1_55' title="bbox 2206 2760 3759 2838">
    <p class='ocr_par' dir='ltr' id='par_1_55' title="bbox 2206 2760 3759 2838">
     <span class='ocr_line' id='line_1_55' title="bbox 2206 2760 3759 2838; baseline -0.005 -17"><span class='ocrx_word' id='word_1_394' title='bbox 2206 2771 2403 2838; x_wconf 87' lang='lat' dir='ltr'><strong>probro</strong></span> <span class='ocrx_word' id='word_1_395' title='bbox 2434 2769 2733 2827; x_wconf 88' lang='lat' dir='ltr'><strong>n0minare,</strong></span> <span class='ocrx_word' id='word_1_396' title='bbox 2767 2767 2933 2819; x_wconf 85' lang='lat' dir='ltr'><strong>sedet</strong></span> <span class='ocrx_word' id='word_1_397' title='bbox 2957 2764 3130 2833; x_wconf 80' lang='lat' dir='ltr'><strong>palam</strong></span> <span class='ocrx_word' id='word_1_398' title='bbox 3163 2773 3461 2833; x_wconf 84' lang='lat' dir='ltr'><strong>aperteque</strong></span> <span class='ocrx_word' id='word_1_399' title='bbox 3496 2760 3759 2816; x_wconf 84' lang='lat' dir='ltr'><strong>defendere</strong></span> 
     </span>
    </p>
   </div>
   <div class='ocr_carea' id='block_1_56' title="bbox 2208 2851 3757 2923">
    <p class='ocr_par' dir='ltr' id='par_1_56' title="bbox 2208 2851 3757 2923">
     <span class='ocr_line' id='line_1_56' title="bbox 2208 2851 3757 2923; baseline -0.007 -9"><span class='ocrx_word' id='word_1_400' title='bbox 2208 2862 2322 2915; x_wconf 87' lang='lat' dir='ltr'><strong>ausi</strong></span> <span class='ocrx_word' id='word_1_401' title='bbox 2355 2870 2499 2914; x_wconf 88' lang='lat' dir='ltr'><strong>sunt.</strong></span> <span class='ocrx_word' id='word_1_402' title='bbox 2539 2858 2803 2912; x_wconf 75' lang='lat' dir='ltr'><strong>Nimirum</strong></span> <span class='ocrx_word' id='word_1_403' title='bbox 2856 2868 3001 2910; x_wconf 89' lang='lat' dir='ltr'><strong>recte</strong></span> <span class='ocrx_word' id='word_1_404' title='bbox 3046 2855 3361 2923; x_wconf 89' lang='lat' dir='ltr'><strong>judicarunt</strong></span> <span class='ocrx_word' id='word_1_405' title='bbox 3398 2854 3532 2918; x_wconf 89' lang='lat' dir='ltr'><strong>isti,</strong></span> <span class='ocrx_word' id='word_1_406' title='bbox 3579 2854 3642 2907; x_wconf 91' lang='lat' dir='ltr'><strong>ab</strong></span> <span class='ocrx_word' id='word_1_407' title='bbox 3683 2851 3757 2905; x_wconf 89' lang='lat' dir='ltr'><strong>illa</strong></span> 
     </span>
    </p>
   </div>
   <div class='ocr_carea' id='block_1_57' title="bbox 2207 2942 3759 3025">
    <p class='ocr_par' dir='ltr' id='par_1_57' title="bbox 2207 2942 3759 3025">
     <span class='ocr_line' id='line_1_57' title="bbox 2207 2942 3759 3025; baseline -0.007 -17"><span class='ocrx_word' id='word_1_408' title='bbox 2207 2956 2411 3025; x_wconf 86' lang='lat' dir='ltr'><strong>synodo</strong></span> <span class='ocrx_word' id='word_1_409' title='bbox 2466 2966 2571 3005; x_wconf 95' lang='lat' dir='ltr'><strong>non</strong></span> <span class='ocrx_word' id='word_1_410' title='bbox 2605 2961 2711 3004; x_wconf 88' lang='lat' dir='ltr'><strong>tam</strong></span> <span class='ocrx_word' id='word_1_411' title='bbox 2738 2951 2907 3017; x_wconf 88' lang='lat' dir='ltr'><strong>ipsum</strong></span> <span class='ocrx_word' id='word_1_412' title='bbox 2942 2947 3250 3017; x_wconf 84' lang='lat' dir='ltr'><strong>Origenem,</strong></span> <span class='ocrx_word' id='word_1_413' title='bbox 3283 2958 3377 3000; x_wconf 87' lang='lat' dir='ltr'><strong>aut</strong></span> <span class='ocrx_word' id='word_1_414' title='bbox 3408 2946 3635 3015; x_wconf 87' lang='lat' dir='ltr'><strong>genuina</strong></span> <span class='ocrx_word' id='word_1_415' title='bbox 3661 2942 3759 2999; x_wconf 80' lang='lat' dir='ltr'><strong>Ori-</strong></span> 
     </span>
    </p>
   </div>
   <div class='ocr_carea' id='block_1_58' title="bbox 2205 3039 3753 3117">
    <p class='ocr_par' dir='ltr' id='par_1_58' title="bbox 2205 3039 3753 3117">
     <span class='ocr_line' id='line_1_58' title="bbox 2205 3039 3753 3117; baseline -0.008 -18"><span class='ocrx_word' id='word_1_416' title='bbox 2205 3047 2361 3117; x_wconf 89' lang='lat' dir='ltr'><strong>genis</strong></span> <span class='ocrx_word' id='word_1_417' title='bbox 2406 3045 2624 3114; x_wconf 91' lang='lat' dir='ltr'><strong>placita,</strong></span> <span class='ocrx_word' id='word_1_418' title='bbox 2674 3057 2834 3111; x_wconf 89' lang='lat' dir='ltr'><strong>quam</strong></span> <span class='ocrx_word' id='word_1_419' title='bbox 2867 3039 3327 3109; x_wconf 84' lang='lat' dir='ltr'><strong>perniciosissima</strong></span> <span class='ocrx_word' id='word_1_420' title='bbox 3375 3039 3467 3091; x_wconf 90' lang='lat' dir='ltr'><strong>illa</strong></span> <span class='ocrx_word' id='word_1_421' title='bbox 3508 3039 3753 3106; x_wconf 78' lang='lat' dir='ltr'><strong>dogmata,</strong></span> 
     </span>
    </p>
   </div>
   <div class='ocr_carea' id='block_1_59' title="bbox 2206 3128 3759 3204">
    <p class='ocr_par' dir='ltr' id='par_1_59' title="bbox 2206 3128 3759 3204">
     <span class='ocr_line' id='line_1_59' title="bbox 2206 3128 3759 3204; baseline -0.007 -13"><span class='ocrx_word' id='word_1_422' title='bbox 2206 3140 2273 3191; x_wconf 89' lang='lat' dir='ltr'><strong>de</strong></span> <span class='ocrx_word' id='word_1_423' title='bbox 2320 3136 2586 3190; x_wconf 83' lang='lat' dir='ltr'><strong>Trinitate</strong></span> <span class='ocrx_word' id='word_1_424' title='bbox 2648 3132 2973 3204; x_wconf 79' lang='grc' dir='ltr'><strong>ἑτερουσίῳ,</strong></span> <span class='ocrx_word' id='word_1_425' title='bbox 3030 3132 3095 3185; x_wconf 88' lang='lat' dir='ltr'><strong>de</strong></span> <span class='ocrx_word' id='word_1_426' title='bbox 3148 3130 3487 3200; x_wconf 82' lang='lat' dir='ltr'><strong>pltantastica</strong></span> <span class='ocrx_word' id='word_1_427' title='bbox 3544 3128 3759 3197; x_wconf 84' lang='lat' dir='ltr'><strong>corporis</strong></span> 
     </span>
    </p>
   </div>
   <div class='ocr_carea' id='block_1_60' title="bbox 519 3220 3758 3315">
    <p class='ocr_par' dir='ltr' id='par_1_60' title="bbox 519 3220 3758 3315">
     <span class='ocr_line' id='line_1_60' title="bbox 519 3220 3758 3315; baseline -0 -40"><span class='ocrx_word' id='word_1_428' title='bbox 519 3230 774 3290; x_wconf 86' lang='lat' dir='ltr'><strong>perautcr</strong></span> <span class='ocrx_word' id='word_1_429' title='bbox 803 3222 1088 3282; x_wconf 89' lang='lat' dir='ltr'><strong>dictitavit,</strong></span> <span class='ocrx_word' id='word_1_430' title='bbox 1128 3221 1230 3273; x_wconf 90' lang='lat' dir='ltr'><strong>alia</strong></span> <span class='ocrx_word' id='word_1_431' title='bbox 1263 3220 1593 3291; x_wconf 80' lang='lat' dir='ltr'><strong>diligentiori</strong></span> <span class='ocrx_word' id='word_1_432' title='bbox 1636 3237 1766 3276; x_wconf 90' lang='lat' dir='ltr'><strong>cura</strong></span> <span class='ocrx_word' id='word_1_433' title='bbox 1811 3222 2092 3277; x_wconf 89' lang='lat' dir='ltr'><strong>elucubra-</strong></span> <span class='ocrx_word' id='word_1_434' title='bbox 2125 3259 2170 3315; x_wconf 73' lang='lat' dir='ltr'><strong>C</strong></span> <span class='ocrx_word' id='word_1_435' title='bbox 2211 3231 2607 3285; x_wconf 70' lang='lat' dir='ltr'><strong>resurl‘et&#39;liﬂﬂe</strong></span> <span class='ocrx_word' id='word_1_436' title='bbox 2653 3244 2774 3297; x_wconf 67' lang='lat' dir='ltr'><strong>quae</strong></span> <span class='ocrx_word' id='word_1_437' title='bbox 2808 3228 2858 3279; x_wconf 89' lang='lat' dir='ltr'><strong>in</strong></span> <span class='ocrx_word' id='word_1_438' title='bbox 2892 3224 3213 3278; x_wconf 87' lang='lat' dir='ltr'><strong>adnlteratis</strong></span> <span class='ocrx_word' id='word_1_439' title='bbox 3259 3223 3514 3293; x_wconf 83' lang='lat' dir='ltr'><strong>Origeuis</strong></span> <span class='ocrx_word' id='word_1_440' title='bbox 3568 3220 3758 3289; x_wconf 88' lang='lat' dir='ltr'><strong>scriptis</strong></span> 
     </span>
    </p>
   </div>
   <div class='ocr_carea' id='block_1_61' title="bbox 518 3309 2099 3381">
    <p class='ocr_par' dir='ltr' id='par_1_61' title="bbox 518 3309 2099 3381">
     <span class='ocr_line' id='line_1_61' title="bbox 518 3309 2099 3381; baseline -0.001 -17"><span class='ocrx_word' id='word_1_441' title='bbox 518 3311 616 3365; x_wconf 88' lang='lat' dir='ltr'><strong>vit.</strong></span> <span class='ocrx_word' id='word_1_442' title='bbox 652 3310 891 3379; x_wconf 88' lang='lat' dir='ltr'><strong>Denique</strong></span> <span class='ocrx_word' id='word_1_443' title='bbox 918 3311 1021 3363; x_wconf 89' lang='lat' dir='ltr'><strong>alia</strong></span> <span class='ocrx_word' id='word_1_444' title='bbox 1058 3309 1139 3381; x_wconf 90' lang='lat' dir='ltr'><strong>(ut</strong></span> <span class='ocrx_word' id='word_1_445' title='bbox 1166 3310 1349 3364; x_wconf 84' lang='lat' dir='ltr'><strong>Hnetii</strong></span> <span class='ocrx_word' id='word_1_446' title='bbox 1377 3310 1557 3365; x_wconf 86' lang='lat' dir='ltr'><strong>verbis</strong></span> <span class='ocrx_word' id='word_1_447' title='bbox 1590 3314 1731 3379; x_wconf 89' lang='lat' dir='ltr'><strong>utar)</strong></span> <span class='ocrx_word' id='word_1_448' title='bbox 1764 3326 1931 3365; x_wconf 81' lang='lat' dir='ltr'><strong>senex</strong></span> <span class='ocrx_word' id='word_1_449' title='bbox 1956 3311 2099 3365; x_wconf 84' lang='lat' dir='ltr'><strong>Ada-</strong></span> 
     </span>
    </p>
   </div>
   <div class='ocr_carea' id='block_1_62' title="bbox 520 3404 2100 3475">
    <p class='ocr_par' dir='ltr' id='par_1_62' title="bbox 520 3404 2100 3475">
     <span class='ocr_line' id='line_1_62' title="bbox 520 3404 2100 3475; baseline 0 -19"><span class='ocrx_word' id='word_1_450' title='bbox 520 3405 777 3468; x_wconf 87' lang='lat' dir='ltr'><strong>mantius,</strong></span> <span class='ocrx_word' id='word_1_451' title='bbox 808 3404 1025 3474; x_wconf 89' lang='lat' dir='ltr'><strong>ingenio</strong></span> <span class='ocrx_word' id='word_1_452' title='bbox 1052 3420 1147 3474; x_wconf 90' lang='lat' dir='ltr'><strong>per</strong></span> <span class='ocrx_word' id='word_1_453' title='bbox 1174 3414 1391 3459; x_wconf 56' lang='lat' dir='ltr'><strong>aetatem</strong></span> <span class='ocrx_word' id='word_1_454' title='bbox 1432 3404 1601 3475; x_wconf 90' lang='lat' dir='ltr'><strong>magis</strong></span> <span class='ocrx_word' id='word_1_455' title='bbox 1635 3404 1884 3467; x_wconf 80' lang='lat' dir='ltr'><strong>subacto,</strong></span> <span class='ocrx_word' id='word_1_456' title='bbox 1920 3404 2100 3458; x_wconf 87' lang='lat' dir='ltr'><strong>elima-</strong></span> 
     </span>
    </p>
   </div>
   <div class='ocr_carea' id='block_1_63' title="bbox 519 3496 2101 3567">
    <p class='ocr_par' dir='ltr' id='par_1_63' title="bbox 519 3496 2101 3567">
     <span class='ocr_line' id='line_1_63' title="bbox 519 3496 2101 3567; baseline 0.001 -18"><span class='ocrx_word' id='word_1_457' title='bbox 519 3497 634 3561; x_wconf 86' lang='lat' dir='ltr'><strong>vit;</strong></span> <span class='ocrx_word' id='word_1_458' title='bbox 664 3497 765 3550; x_wconf 86' lang='lat' dir='ltr'><strong>alia</strong></span> <span class='ocrx_word' id='word_1_459' title='bbox 800 3497 1060 3551; x_wconf 78' lang='lat' dir='ltr'><strong>elferente</strong></span> <span class='ocrx_word' id='word_1_460' title='bbox 1092 3513 1212 3552; x_wconf 85' lang='lat' dir='ltr'><strong>sese</strong></span> <span class='ocrx_word' id='word_1_461' title='bbox 1241 3498 1295 3553; x_wconf 91' lang='lat' dir='ltr'><strong>in</strong></span> <span class='ocrx_word' id='word_1_462' title='bbox 1331 3498 1631 3567; x_wconf 82' lang='lat' dir='ltr'><strong>juventutis</strong></span> <span class='ocrx_word' id='word_1_463' title='bbox 1674 3506 1805 3552; x_wconf 79' lang='lat' dir='ltr'><strong>:estu</strong></span> <span class='ocrx_word' id='word_1_464' title='bbox 1854 3496 2101 3551; x_wconf 81' lang='lat' dir='ltr'><strong>fecundi-</strong></span> 
     </span>
    </p>
   </div>
   <div class='ocr_carea' id='block_1_64' title="bbox 523 3589 2101 3660">
    <p class='ocr_par' dir='ltr' id='par_1_64' title="bbox 523 3589 2101 3660">
     <span class='ocr_line' id='line_1_64' title="bbox 523 3589 2101 3660; baseline 0.002 -20"><span class='ocrx_word' id='word_1_465' title='bbox 523 3596 635 3641; x_wconf 89' lang='lat' dir='ltr'><strong>tate</strong></span> <span class='ocrx_word' id='word_1_466' title='bbox 666 3589 928 3657; x_wconf 84' lang='lat' dir='ltr'><strong>profudit.</strong></span> <span class='ocrx_word' id='word_1_467' title='bbox 965 3589 1039 3643; x_wconf 90' lang='lat' dir='ltr'><strong>De</strong></span> <span class='ocrx_word' id='word_1_468' title='bbox 1068 3591 1266 3659; x_wconf 90' lang='lat' dir='ltr'><strong>quibus</strong></span> <span class='ocrx_word' id='word_1_469' title='bbox 1292 3590 1552 3658; x_wconf 65' lang='lat' dir='ltr'><strong>praeclare</strong></span> <span class='ocrx_word' id='word_1_470' title='bbox 1575 3591 1709 3644; x_wconf 90' lang='lat' dir='ltr'><strong>dixit</strong></span> <span class='ocrx_word' id='word_1_471' title='bbox 1740 3589 2101 3660; x_wconf 75' lang='lat' dir='ltr'><strong>Hieronymus</strong></span> 
     </span>
    </p>
   </div>
   <div class='ocr_carea' id='block_1_65' title="bbox 522 3678 2099 3751">
    <p class='ocr_par' dir='ltr' id='par_1_65' title="bbox 522 3678 2099 3751">
     <span class='ocr_line' id='line_1_65' title="bbox 522 3678 2099 3751; baseline 0.001 -19"><span class='ocrx_word' id='word_1_472' title='bbox 522 3678 574 3732; x_wconf 91' lang='lat' dir='ltr'><strong>in</strong></span> <span class='ocrx_word' id='word_1_473' title='bbox 593 3678 821 3747; x_wconf 84' lang='lat' dir='ltr'><strong>Prologo</strong></span> <span class='ocrx_word' id='word_1_474' title='bbox 845 3680 911 3733; x_wconf 90' lang='lat' dir='ltr'><strong>ad</strong></span> <span class='ocrx_word' id='word_1_475' title='bbox 945 3679 1381 3734; x_wconf 88' lang='lat' dir='ltr'><strong>Commentarios</strong></span> <span class='ocrx_word' id='word_1_476' title='bbox 1403 3682 1460 3734; x_wconf 87' lang='lat' dir='ltr'><strong>in</strong></span> <span class='ocrx_word' id='word_1_477' title='bbox 1493 3679 1714 3745; x_wconf 81' lang='lat' dir='ltr'><strong>Lucam,</strong></span> <span class='ocrx_word' id='word_1_478' title='bbox 1742 3680 2027 3751; x_wconf 89' lang='lat' dir='ltr'><strong>Origenem</strong></span> <span class='ocrx_word' id='word_1_479' title='bbox 2046 3682 2099 3734; x_wconf 95' lang='lat' dir='ltr'><strong>in</strong></span> 
     </span>
    </p>
   </div>
   <div class='ocr_carea' id='block_1_66' title="bbox 520 3769 2098 3841">
    <p class='ocr_par' dir='ltr' id='par_1_66' title="bbox 520 3769 2098 3841">
     <span class='ocr_line' id='line_1_66' title="bbox 520 3769 2098 3841; baseline 0.002 -18"><span class='ocrx_word' id='word_1_480' title='bbox 520 3769 845 3840; x_wconf 90' lang='lat' dir='ltr'><strong>quibusdam</strong></span> <span class='ocrx_word' id='word_1_481' title='bbox 869 3770 1218 3825; x_wconf 86' lang='lat' dir='ltr'><strong>Tractatibus</strong></span> <span class='ocrx_word' id='word_1_482' title='bbox 1253 3790 1271 3822; x_wconf 88' lang='grc'>‹</span> <span class='ocrx_word' id='word_1_483' title='bbox 1297 3772 1452 3841; x_wconf 85' lang='lat' dir='ltr'><strong>quasi</strong></span> <span class='ocrx_word' id='word_1_484' title='bbox 1479 3787 1701 3840; x_wconf 89' lang='lat' dir='ltr'><strong>puerum</strong></span> <span class='ocrx_word' id='word_1_485' title='bbox 1735 3772 1858 3825; x_wconf 89' lang='lat' dir='ltr'><strong>talis</strong></span> <span class='ocrx_word' id='word_1_486' title='bbox 1887 3772 2098 3836; x_wconf 90' lang='lat' dir='ltr'><strong>ludere;</strong></span> 
     </span>
    </p>
   </div>
   <div class='ocr_carea' id='block_1_67' title="bbox 522 3844 2100 3934">
    <p class='ocr_par' dir='ltr' id='par_1_67' title="bbox 522 3844 2100 3934">
     <span class='ocr_line' id='line_1_67' title="bbox 522 3844 2100 3934; baseline 0.003 -21"><span class='ocrx_word' id='word_1_487' title='bbox 522 3862 627 3914; x_wconf 85' lang='lat' dir='ltr'><strong>alia</strong></span> <span class='ocrx_word' id='word_1_488' title='bbox 657 3877 777 3916; x_wconf 88' lang='lat' dir='ltr'><strong>esse</strong></span> <span class='ocrx_word' id='word_1_489' title='bbox 807 3862 981 3916; x_wconf 80' lang='lat' dir='ltr'><strong>virilia</strong></span> <span class='ocrx_word' id='word_1_490' title='bbox 1034 3862 1150 3930; x_wconf 87' lang='lat' dir='ltr'><strong>ejus</strong></span> <span class='ocrx_word' id='word_1_491' title='bbox 1199 3872 1254 3917; x_wconf 86' lang='lat' dir='ltr'><strong>et</strong></span> <span class='ocrx_word' id='word_1_492' title='bbox 1309 3844 1606 3917; x_wconf 80' lang='lat' dir='ltr'><strong>senectutis</strong></span> <span class='ocrx_word' id='word_1_493' title='bbox 1639 3864 1847 3917; x_wconf 58' lang='lat' dir='ltr'><strong>serian</strong></span> <span class='ocrx_word' id='word_1_494' title='bbox 1906 3863 2100 3934; x_wconf 84' lang='lat' dir='ltr'><strong>Negari</strong></span> 
     </span>
    </p>
   </div>
   <div class='ocr_carea' id='block_1_68' title="bbox 522 3950 2096 4021">
    <p class='ocr_par' dir='ltr' id='par_1_68' title="bbox 522 3950 2096 4021">
     <span class='ocr_line' id='line_1_68' title="bbox 522 3950 2096 4021; baseline 0.003 -18"><span class='ocrx_word' id='word_1_495' title='bbox 522 3960 701 4004; x_wconf 92' lang='lat' dir='ltr'><strong>autem</strong></span> <span class='ocrx_word' id='word_1_496' title='bbox 761 3966 865 4004; x_wconf 91' lang='lat' dir='ltr'><strong>non</strong></span> <span class='ocrx_word' id='word_1_497' title='bbox 924 3962 1118 4019; x_wconf 88' lang='lat' dir='ltr'><strong>potest,</strong></span> <span class='ocrx_word' id='word_1_498' title='bbox 1181 3951 1311 4020; x_wconf 92' lang='lat' dir='ltr'><strong>quin</strong></span> <span class='ocrx_word' id='word_1_499' title='bbox 1363 3950 1618 4021; x_wconf 85' lang='lat' dir='ltr'><strong>Origenis</strong></span> <span class='ocrx_word' id='word_1_500' title='bbox 1666 3952 1982 4021; x_wconf 85' lang='lat' dir='ltr'><strong>suﬁ&#39;ragium</strong></span> <span class='ocrx_word' id='word_1_501' title='bbox 2029 3954 2096 4007; x_wconf 91' lang='lat' dir='ltr'><strong>de</strong></span> 
     </span>
    </p>
   </div>
   <div class='ocr_carea' id='block_1_69' title="bbox 521 4042 2104 4115">
    <p class='ocr_par' dir='ltr' id='par_1_69' title="bbox 521 4042 2104 4115">
     <span class='ocr_line' id='line_1_69' title="bbox 521 4042 2104 4115; baseline 0.002 -20"><span class='ocrx_word' id='word_1_502' title='bbox 521 4042 788 4096; x_wconf 88' lang='lat' dir='ltr'><strong>catholica</strong></span> <span class='ocrx_word' id='word_1_503' title='bbox 844 4044 1091 4096; x_wconf 88' lang='lat' dir='ltr'><strong>doctrina</strong></span> <span class='ocrx_word' id='word_1_504' title='bbox 1147 4045 1255 4112; x_wconf 88' lang='lat' dir='ltr'><strong>peti</strong></span> <span class='ocrx_word' id='word_1_505' title='bbox 1322 4045 1518 4098; x_wconf 88' lang='lat' dir='ltr'><strong>debeat</strong></span> <span class='ocrx_word' id='word_1_506' title='bbox 1566 4059 1631 4097; x_wconf 88' lang='lat' dir='ltr'><strong>ex</strong></span> <span class='ocrx_word' id='word_1_507' title='bbox 1704 4044 1771 4098; x_wconf 91' lang='lat' dir='ltr'><strong>iis</strong></span> <span class='ocrx_word' id='word_1_508' title='bbox 1834 4046 2104 4115; x_wconf 69' lang='lat' dir='ltr'><strong>przccipue</strong></span> 
     </span>
    </p>
   </div>
   <div class='ocr_carea' id='block_1_70' title="bbox 522 4133 2104 4205">
    <p class='ocr_par' dir='ltr' id='par_1_70' title="bbox 522 4133 2104 4205">
     <span class='ocr_line' id='line_1_70' title="bbox 522 4133 2104 4205; baseline 0.003 -19"><span class='ocrx_word' id='word_1_509' title='bbox 522 4133 767 4200; x_wconf 86' lang='lat' dir='ltr'><strong>scriptis,</strong></span> <span class='ocrx_word' id='word_1_510' title='bbox 792 4148 913 4201; x_wconf 69' lang='lat' dir='ltr'><strong>qua:</strong></span> <span class='ocrx_word' id='word_1_511' title='bbox 949 4134 1181 4202; x_wconf 88' lang='lat' dir='ltr'><strong>publicis</strong></span> <span class='ocrx_word' id='word_1_512' title='bbox 1226 4135 1411 4188; x_wconf 83' lang='lat' dir='ltr'><strong>usibus</strong></span> <span class='ocrx_word' id='word_1_513' title='bbox 1451 4135 1568 4204; x_wconf 90' lang='lat' dir='ltr'><strong>ipse</strong></span> <span class='ocrx_word' id='word_1_514' title='bbox 1618 4135 1944 4202; x_wconf 87' lang='lat' dir='ltr'><strong>destinavit;</strong></span> <span class='ocrx_word' id='word_1_515' title='bbox 1986 4152 2104 4205; x_wconf 74' lang='lat' dir='ltr'><strong>qua:</strong></span> 
     </span>
    </p>
   </div>
   <div class='ocr_carea' id='block_1_71' title="bbox 522 4225 2101 4298">
    <p class='ocr_par' dir='ltr' id='par_1_71' title="bbox 522 4225 2101 4298">
     <span class='ocr_line' id='line_1_71' title="bbox 522 4225 2101 4298; baseline 0.003 -22"><span class='ocrx_word' id='word_1_516' title='bbox 522 4225 758 4293; x_wconf 86' lang='lat' dir='ltr'><strong>cogitate</strong></span> <span class='ocrx_word' id='word_1_517' title='bbox 816 4236 870 4279; x_wconf 87' lang='lat' dir='ltr'><strong>et</strong></span> <span class='ocrx_word' id='word_1_518' title='bbox 931 4236 1137 4280; x_wconf 89' lang='lat' dir='ltr'><strong>attente</strong></span> <span class='ocrx_word' id='word_1_519' title='bbox 1210 4228 1656 4297; x_wconf 67' lang='lat' dir='ltr'><strong>exaravitzqnm</strong></span> <span class='ocrx_word' id='word_1_520' title='bbox 1714 4229 1945 4298; x_wconf 89' lang='lat' dir='ltr'><strong>denique</strong></span> <span class='ocrx_word' id='word_1_521' title='bbox 1990 4230 2101 4298; x_wconf 90' lang='lat' dir='ltr'><strong>jam</strong></span> 
     </span>
    </p>
   </div>
   <div class='ocr_carea' id='block_1_72' title="bbox 524 4319 2105 4391">
    <p class='ocr_par' dir='ltr' id='par_1_72' title="bbox 524 4319 2105 4391">
     <span class='ocr_line' id='line_1_72' title="bbox 524 4319 2105 4391; baseline 0.004 -21"><span class='ocrx_word' id='word_1_522' title='bbox 524 4332 709 4379; x_wconf 88' lang='lat' dir='ltr'><strong>senex,</strong></span> <span class='ocrx_word' id='word_1_523' title='bbox 751 4328 805 4373; x_wconf 91' lang='lat' dir='ltr'><strong>et</strong></span> <span class='ocrx_word' id='word_1_524' title='bbox 830 4319 987 4386; x_wconf 76' lang='lat' dir='ltr'><strong>longo</strong></span> <span class='ocrx_word' id='word_1_525' title='bbox 1035 4336 1214 4373; x_wconf 89' lang='lat' dir='ltr'><strong>rerum</strong></span> <span class='ocrx_word' id='word_1_526' title='bbox 1248 4336 1347 4374; x_wconf 88' lang='lat' dir='ltr'><strong>usu</strong></span> <span class='ocrx_word' id='word_1_527' title='bbox 1395 4330 1451 4375; x_wconf 89' lang='lat' dir='ltr'><strong>et</strong></span> <span class='ocrx_word' id='word_1_528' title='bbox 1494 4323 1826 4391; x_wconf 80' lang='lat' dir='ltr'><strong>experientia</strong></span> <span class='ocrx_word' id='word_1_529' title='bbox 1882 4321 2105 4378; x_wconf 88' lang='lat' dir='ltr'><strong>edoctus</strong></span> 
     </span>
    </p>
   </div>
   <div class='ocr_carea' id='block_1_73' title="bbox 523 4410 2104 4480">
    <p class='ocr_par' dir='ltr' id='par_1_73' title="bbox 523 4410 2104 4480">
     <span class='ocr_line' id='line_1_73' title="bbox 523 4410 2104 4480; baseline 0.004 -18"><span class='ocrx_word' id='word_1_530' title='bbox 523 4410 844 4477; x_wconf 88' lang='lat' dir='ltr'><strong>composuit.</strong></span> <span class='ocrx_word' id='word_1_531' title='bbox 873 4410 1187 4478; x_wconf 86' lang='lat' dir='ltr'><strong>llujnsmodi</strong></span> <span class='ocrx_word' id='word_1_532' title='bbox 1218 4422 1365 4477; x_wconf 92' lang='lat' dir='ltr'><strong>sunt,</strong></span> <span class='ocrx_word' id='word_1_533' title='bbox 1390 4415 1631 4467; x_wconf 87' lang='lat' dir='ltr'><strong>onmium</strong></span> <span class='ocrx_word' id='word_1_534' title='bbox 1654 4429 1948 4480; x_wconf 87' lang='lat' dir='ltr'><strong>consensu,</strong></span> <span class='ocrx_word' id='word_1_535' title='bbox 1982 4415 2104 4469; x_wconf 91' lang='lat' dir='ltr'><strong>libri</strong></span> 
     </span>
    </p>
   </div>
   <div class='ocr_carea' id='block_1_74' title="bbox 522 4500 2108 4574">
    <p class='ocr_par' dir='ltr' id='par_1_74' title="bbox 522 4500 2108 4574">
     <span class='ocr_line' id='line_1_74' title="bbox 522 4500 2108 4574; baseline 0.004 -21"><span class='ocrx_word' id='word_1_536' title='bbox 522 4510 649 4554; x_wconf 93' lang='lat' dir='ltr'><strong>octo</strong></span> <span class='ocrx_word' id='word_1_537' title='bbox 685 4510 868 4553; x_wconf 80' lang='lat' dir='ltr'><strong>contra</strong></span> <span class='ocrx_word' id='word_1_538' title='bbox 901 4500 1111 4554; x_wconf 83' lang='lat' dir='ltr'><strong>Celsum</strong></span> <span class='ocrx_word' id='word_1_539' title='bbox 1152 4501 1495 4570; x_wconf 82' lang='lat' dir='ltr'><strong>Epicureum.</strong></span> <span class='ocrx_word' id='word_1_540' title='bbox 1526 4505 1736 4574; x_wconf 84' lang='lat' dir='ltr'><strong>Quippe</strong></span> <span class='ocrx_word' id='word_1_541' title='bbox 1769 4506 1819 4559; x_wconf 89' lang='lat' dir='ltr'><strong>in</strong></span> <span class='ocrx_word' id='word_1_542' title='bbox 1845 4506 1929 4559; x_wconf 90' lang='lat' dir='ltr'><strong>his</strong></span> <span class='ocrx_word' id='word_1_543' title='bbox 1958 4520 2108 4560; x_wconf 86' lang='lat' dir='ltr'><strong>com-</strong></span> 
     </span>
    </p>
   </div>
   <div class='ocr_carea' id='block_1_75' title="bbox 2201 3306 3756 3386">
    <p class='ocr_par' dir='ltr' id='par_1_75' title="bbox 2201 3306 3756 3386">
     <span class='ocr_line' id='line_1_75' title="bbox 2201 3306 3756 3386; baseline -0.012 -9"><span class='ocrx_word' id='word_1_544' title='bbox 2201 3324 2638 3381; x_wconf 88' lang='lat' dir='ltr'><strong>eoutincrentur,</strong></span> <span class='ocrx_word' id='word_1_545' title='bbox 2714 3332 2903 3386; x_wconf 68' lang='lat' dir='ltr'><strong>quaeve</strong></span> <span class='ocrx_word' id='word_1_546' title='bbox 2960 3312 3202 3367; x_wconf 89' lang='lat' dir='ltr'><strong>nonnulli</strong></span> <span class='ocrx_word' id='word_1_547' title='bbox 3264 3311 3630 3379; x_wconf 72' lang='lat' dir='ltr'><strong>Origenistm,</strong></span> <span class='ocrx_word' id='word_1_548' title='bbox 3678 3306 3756 3377; x_wconf 88' lang='lat' dir='ltr'><strong>qui</strong></span> 
     </span>
    </p>
   </div>
   <div class='ocr_carea' id='block_1_76' title="bbox 2200 3399 3758 3481">
    <p class='ocr_par' dir='ltr' id='par_1_76' title="bbox 2200 3399 3758 3481">
     <span class='ocr_line' id='line_1_76' title="bbox 2200 3399 3758 3481; baseline -0.011 -13"><span class='ocrx_word' id='word_1_549' title='bbox 2200 3424 2543 3475; x_wconf 84' lang='lat' dir='ltr'><strong>vocarentur,</strong></span> <span class='ocrx_word' id='word_1_550' title='bbox 2586 3411 2761 3481; x_wconf 86' lang='lat' dir='ltr'><strong>magni</strong></span> <span class='ocrx_word' id='word_1_551' title='bbox 2793 3410 2937 3463; x_wconf 88' lang='lat' dir='ltr'><strong>illius</strong></span> <span class='ocrx_word' id='word_1_552' title='bbox 2979 3405 3213 3460; x_wconf 89' lang='lat' dir='ltr'><strong>nominis</strong></span> <span class='ocrx_word' id='word_1_553' title='bbox 3256 3404 3557 3474; x_wconf 88' lang='lat' dir='ltr'><strong>patrocinio</strong></span> <span class='ocrx_word' id='word_1_554' title='bbox 3598 3399 3758 3454; x_wconf 84' lang='lat' dir='ltr'><strong>defen-</strong></span> 
     </span>
    </p>
   </div>
   <div class='ocr_carea' id='block_1_77' title="bbox 2202 3492 3757 3571">
    <p class='ocr_par' dir='ltr' id='par_1_77' title="bbox 2202 3492 3757 3571">
     <span class='ocr_line' id='line_1_77' title="bbox 2202 3492 3757 3571; baseline -0.013 -10"><span class='ocrx_word' id='word_1_555' title='bbox 2202 3508 2430 3571; x_wconf 87' lang='lat' dir='ltr'><strong>derent,</strong></span> <span class='ocrx_word' id='word_1_556' title='bbox 2479 3504 2827 3557; x_wconf 87' lang='lat' dir='ltr'><strong>anathemate</strong></span> <span class='ocrx_word' id='word_1_557' title='bbox 2866 3498 3220 3553; x_wconf 85' lang='lat' dir='ltr'><strong>condemnata</strong></span> <span class='ocrx_word' id='word_1_558' title='bbox 3264 3496 3451 3550; x_wconf 89' lang='lat' dir='ltr'><strong>fuisse.</strong></span> <span class='ocrx_word' id='word_1_559' title='bbox 3506 3492 3757 3549; x_wconf 83' lang='lat' dir='ltr'><strong>Damnavit</strong></span> 
     </span>
    </p>
   </div>
   <div class='ocr_carea' id='block_1_78' title="bbox 2202 3586 3759 3669">
    <p class='ocr_par' dir='ltr' id='par_1_78' title="bbox 2202 3586 3759 3669">
     <span class='ocr_line' id='line_1_78' title="bbox 2202 3586 3759 3669; baseline -0.009 -18"><span class='ocrx_word' id='word_1_560' title='bbox 2202 3600 2418 3669; x_wconf 89' lang='lat' dir='ltr'><strong>quidem</strong></span> <span class='ocrx_word' id='word_1_561' title='bbox 2449 3596 2689 3667; x_wconf 80' lang='lat' dir='ltr'><strong>synodus</strong></span> <span class='ocrx_word' id='word_1_562' title='bbox 2722 3608 2825 3647; x_wconf 90' lang='lat' dir='ltr'><strong>una</strong></span> <span class='ocrx_word' id='word_1_563' title='bbox 2856 3607 2979 3646; x_wconf 91' lang='lat' dir='ltr'><strong>cum</strong></span> <span class='ocrx_word' id='word_1_564' title='bbox 3008 3591 3128 3646; x_wconf 90' lang='lat' dir='ltr'><strong>istis</strong></span> <span class='ocrx_word' id='word_1_565' title='bbox 3175 3586 3228 3644; x_wconf 77' lang='lat' dir='ltr'><strong>et</strong></span> <span class='ocrx_word' id='word_1_566' title='bbox 3269 3590 3539 3659; x_wconf 79' lang='lat' dir='ltr'><strong>paradoxa</strong></span> <span class='ocrx_word' id='word_1_567' title='bbox 3584 3588 3663 3639; x_wconf 83' lang='lat' dir='ltr'><strong>illa</strong></span> <span class='ocrx_word' id='word_1_568' title='bbox 3705 3586 3759 3638; x_wconf 85' lang='lat' dir='ltr'><strong>de</strong></span> 
     </span>
    </p>
   </div>
   <div class='ocr_carea' id='block_1_79' title="bbox 2202 3676 3760 3760">
    <p class='ocr_par' dir='ltr' id='par_1_79' title="bbox 2202 3676 3760 3760">
     <span class='ocr_line' id='line_1_79' title="bbox 2202 3676 3760 3760; baseline -0.012 -14"><span class='ocrx_word' id='word_1_569' title='bbox 2202 3688 2631 3760; x_wconf 79' lang='lat' dir='ltr'><strong>przeexsistentia</strong></span> <span class='ocrx_word' id='word_1_570' title='bbox 2688 3686 3015 3748; x_wconf 91' lang='lat' dir='ltr'><strong>animarum,</strong></span> <span class='ocrx_word' id='word_1_571' title='bbox 3072 3682 3140 3735; x_wconf 90' lang='lat' dir='ltr'><strong>de</strong></span> <span class='ocrx_word' id='word_1_572' title='bbox 3191 3682 3357 3735; x_wconf 81' lang='lat' dir='ltr'><strong>astris</strong></span> <span class='ocrx_word' id='word_1_573' title='bbox 3401 3690 3456 3733; x_wconf 88' lang='lat' dir='ltr'><strong>et</strong></span> <span class='ocrx_word' id='word_1_574' title='bbox 3504 3676 3760 3732; x_wconf 84' lang='lat' dir='ltr'><strong>elementis</strong></span> 
     </span>
    </p>
   </div>
   <div class='ocr_carea' id='block_1_80' title="bbox 2204 3769 3757 3846">
    <p class='ocr_par' dir='ltr' id='par_1_80' title="bbox 2204 3769 3757 3846">
     <span class='ocr_line' id='line_1_80' title="bbox 2204 3769 3757 3846; baseline -0.011 -10"><span class='ocrx_word' id='word_1_575' title='bbox 2204 3782 2479 3842; x_wconf 87' lang='lat' dir='ltr'><strong>animatis,</strong></span> <span class='ocrx_word' id='word_1_576' title='bbox 2513 3787 2650 3842; x_wconf 90' lang='lat' dir='ltr'><strong>etc.,</strong></span> <span class='ocrx_word' id='word_1_577' title='bbox 2696 3792 2814 3846; x_wconf 68' lang='lat' dir='ltr'><strong>quae</strong></span> <span class='ocrx_word' id='word_1_578' title='bbox 2850 3790 2978 3830; x_wconf 87' lang='lat' dir='ltr'><strong>vere</strong></span> <span class='ocrx_word' id='word_1_579' title='bbox 3013 3774 3263 3843; x_wconf 85' lang='lat' dir='ltr'><strong>Origenis</strong></span> <span class='ocrx_word' id='word_1_580' title='bbox 3320 3773 3510 3826; x_wconf 87' lang='lat' dir='ltr'><strong>fuere:</strong></span> <span class='ocrx_word' id='word_1_581' title='bbox 3539 3770 3627 3824; x_wconf 85' lang='lat' dir='ltr'><strong>sed</strong></span> <span class='ocrx_word' id='word_1_582' title='bbox 3671 3769 3757 3822; x_wconf 86' lang='lat' dir='ltr'><strong>ista</strong></span> 
     </span>
    </p>
   </div>
   <div class='ocr_carea' id='block_1_81' title="bbox 2204 3862 3755 3935">
    <p class='ocr_par' dir='ltr' id='par_1_81' title="bbox 2204 3862 3755 3935">
     <span class='ocr_line' id='line_1_81' title="bbox 2204 3862 3755 3935; baseline -0.01 -9"><span class='ocrx_word' id='word_1_583' title='bbox 2204 3871 2482 3926; x_wconf 88' lang='lat' dir='ltr'><strong>damnavit</strong></span> <span class='ocrx_word' id='word_1_584' title='bbox 2512 3878 2723 3923; x_wconf 89' lang='lat' dir='ltr'><strong>tantum</strong></span> <span class='ocrx_word' id='word_1_585' title='bbox 2749 3877 2809 3921; x_wconf 92' lang='lat' dir='ltr'><strong>ut</strong></span> <span class='ocrx_word' id='word_1_586' title='bbox 2843 3868 2971 3921; x_wconf 85' lang='lat' dir='ltr'><strong>falsa</strong></span> <span class='ocrx_word' id='word_1_587' title='bbox 3016 3877 3069 3921; x_wconf 92' lang='lat' dir='ltr'><strong>et</strong></span> <span class='ocrx_word' id='word_1_588' title='bbox 3104 3865 3475 3935; x_wconf 86' lang='lat' dir='ltr'><strong>perabsurda,</strong></span> <span class='ocrx_word' id='word_1_589' title='bbox 3526 3862 3621 3915; x_wconf 77' lang='lat' dir='ltr'><strong>n‘on</strong></span> <span class='ocrx_word' id='word_1_590' title='bbox 3652 3871 3755 3913; x_wconf 85' lang='lat' dir='ltr'><strong>tan-</strong></span> 
     </span>
    </p>
   </div>
   <div class='ocr_carea' id='block_1_82' title="bbox 2204 3950 3754 4032">
    <p class='ocr_par' dir='ltr' id='par_1_82' title="bbox 2204 3950 3754 4032">
     <span class='ocr_line' id='line_1_82' title="bbox 2204 3950 3754 4032; baseline -0.008 -18"><span class='ocrx_word' id='word_1_591' title='bbox 2204 3978 2366 4032; x_wconf 89' lang='lat' dir='ltr'><strong>quam</strong></span> <span class='ocrx_word' id='word_1_592' title='bbox 2416 3960 2711 4024; x_wconf 76' lang='lat' dir='ltr'><strong>hzeretica;</strong></span> <span class='ocrx_word' id='word_1_593' title='bbox 2764 3958 2867 4012; x_wconf 88' lang='lat' dir='ltr'><strong>nisi</strong></span> <span class='ocrx_word' id='word_1_594' title='bbox 2920 3958 3217 4012; x_wconf 89' lang='lat' dir='ltr'><strong>accesserit</strong></span> <span class='ocrx_word' id='word_1_595' title='bbox 3276 3955 3559 4025; x_wconf 65' lang='lat' dir='ltr'><strong>praefracta</strong></span> <span class='ocrx_word' id='word_1_596' title='bbox 3610 3950 3754 4005; x_wconf 87' lang='lat' dir='ltr'><strong>animi</strong></span> 
     </span>
    </p>
   </div>
   <div class='ocr_carea' id='block_1_83' title="bbox 2203 4042 3754 4116">
    <p class='ocr_par' dir='ltr' id='par_1_83' title="bbox 2203 4042 3754 4116">
     <span class='ocr_line' id='line_1_83' title="bbox 2203 4042 3754 4116; baseline -0.011 -6"><span class='ocrx_word' id='word_1_597' title='bbox 2203 4054 2521 4116; x_wconf 88' lang='lat' dir='ltr'><strong>obstinatio,</strong></span> <span class='ocrx_word' id='word_1_598' title='bbox 2554 4062 2608 4106; x_wconf 91' lang='lat' dir='ltr'><strong>et</strong></span> <span class='ocrx_word' id='word_1_599' title='bbox 2631 4052 2914 4107; x_wconf 68' lang='lat' dir='ltr'><strong>catholica:</strong></span> <span class='ocrx_word' id='word_1_600' title='bbox 2940 4051 3225 4105; x_wconf 64' lang='lat' dir='ltr'><strong>sententiae</strong></span> <span class='ocrx_word' id='word_1_601' title='bbox 3267 4058 3601 4112; x_wconf 88' lang='lat' dir='ltr'><strong>comemptus</strong></span> <span class='ocrx_word' id='word_1_602' title='bbox 3634 4063 3646 4097; x_wconf 90' lang='lat'>:</span> <span class='ocrx_word' id='word_1_603' title='bbox 3676 4042 3754 4110; x_wconf 90' lang='lat' dir='ltr'><strong>qui</strong></span> 
     </span>
    </p>
   </div>
   <div class='ocr_carea' id='block_1_84' title="bbox 2206 4135 3759 4214">
    <p class='ocr_par' dir='ltr' id='par_1_84' title="bbox 2206 4135 3759 4214">
     <span class='ocr_line' id='line_1_84' title="bbox 2206 4135 3759 4214; baseline -0.009 -15"><span class='ocrx_word' id='word_1_604' title='bbox 2206 4156 2263 4199; x_wconf 89' lang='grc' dir='ltr'><strong>ιιι</strong></span> <span class='ocrx_word' id='word_1_605' title='bbox 2293 4146 2362 4200; x_wconf 88' lang='lat' dir='ltr'><strong>ab</strong></span> <span class='ocrx_word' id='word_1_606' title='bbox 2390 4146 2504 4214; x_wconf 89' lang='lat' dir='ltr'><strong>ipso</strong></span> <span class='ocrx_word' id='word_1_607' title='bbox 2538 4144 2771 4213; x_wconf 87' lang='lat' dir='ltr'><strong>Origene</strong></span> <span class='ocrx_word' id='word_1_608' title='bbox 2798 4142 2983 4212; x_wconf 87' lang='lat' dir='ltr'><strong>procul</strong></span> <span class='ocrx_word' id='word_1_609' title='bbox 3026 4141 3217 4205; x_wconf 86' lang='lat' dir='ltr'><strong>abfuit,</strong></span> <span class='ocrx_word' id='word_1_610' title='bbox 3258 4141 3330 4193; x_wconf 87' lang='lat' dir='ltr'><strong>ita</strong></span> <span class='ocrx_word' id='word_1_611' title='bbox 3372 4142 3424 4193; x_wconf 92' lang='lat' dir='ltr'><strong>in</strong></span> <span class='ocrx_word' id='word_1_612' title='bbox 3466 4135 3759 4207; x_wconf 84' lang='lat' dir='ltr'><strong>Origenistis</strong></span> 
     </span>
    </p>
   </div>
   <div class='ocr_carea' id='block_1_85' title="bbox 2206 4228 3755 4307">
    <p class='ocr_par' dir='ltr' id='par_1_85' title="bbox 2206 4228 3755 4307">
     <span class='ocr_line' id='line_1_85' title="bbox 2206 4228 3755 4307; baseline -0.006 -18"><span class='ocrx_word' id='word_1_613' title='bbox 2206 4237 2479 4307; x_wconf 89' lang='lat' dir='ltr'><strong>plerisque</strong></span> <span class='ocrx_word' id='word_1_614' title='bbox 2502 4236 2727 4289; x_wconf 89' lang='lat' dir='ltr'><strong>nimium</strong></span> <span class='ocrx_word' id='word_1_615' title='bbox 2758 4250 2815 4287; x_wconf 92' lang='lat' dir='ltr'><strong>se</strong></span> <span class='ocrx_word' id='word_1_616' title='bbox 2843 4233 3097 4303; x_wconf 89' lang='lat' dir='ltr'><strong>prodidit.</strong></span> <span class='ocrx_word' id='word_1_617' title='bbox 3136 4230 3241 4287; x_wconf 88' lang='lat' dir='ltr'><strong>Sed</strong></span> <span class='ocrx_word' id='word_1_618' title='bbox 3292 4230 3505 4285; x_wconf 89' lang='lat' dir='ltr'><strong>tandem</strong></span> <span class='ocrx_word' id='word_1_619' title='bbox 3557 4228 3618 4282; x_wconf 89' lang='lat' dir='ltr'><strong>ad</strong></span> <span class='ocrx_word' id='word_1_620' title='bbox 3658 4241 3755 4281; x_wconf 89' lang='lat' dir='ltr'><strong>rem</strong></span> 
     </span>
    </p>
   </div>
   <div class='ocr_carea' id='block_1_86' title="bbox 2206 4329 2751 4400">
    <p class='ocr_par' dir='ltr' id='par_1_86' title="bbox 2206 4329 2751 4400">
     <span class='ocr_line' id='line_1_86' title="bbox 2206 4329 2751 4400; baseline -0.007 -14"><span class='ocrx_word' id='word_1_621' title='bbox 2206 4332 2378 4400; x_wconf 89' lang='lat' dir='ltr'><strong>ipsam</strong></span> <span class='ocrx_word' id='word_1_622' title='bbox 2409 4329 2751 4384; x_wconf 83' lang='lat' dir='ltr'><strong>accedamus.</strong></span> 
     </span>
    </p>
   </div>
   <div class='ocr_carea' id='block_1_87' title="bbox 2277 4414 3757 4492">
    <p class='ocr_par' dir='ltr' id='par_1_87' title="bbox 2277 4414 3757 4492">
     <span class='ocr_line' id='line_1_87' title="bbox 2277 4414 3757 4492; baseline -0.006 -18"><span class='ocrx_word' id='word_1_623' title='bbox 2277 4420 2305 4492; x_wconf 69' lang='grc' dir='ltr'>ς</span> <span class='ocrx_word' id='word_1_624' title='bbox 2342 4420 2429 4474; x_wconf 74' lang='grc' dir='ltr'><strong>ιγ.</strong></span> <span class='ocrx_word' id='word_1_625' title='bbox 2458 4421 2513 4474; x_wconf 94' lang='lat' dir='ltr'><strong>ln</strong></span> <span class='ocrx_word' id='word_1_626' title='bbox 2538 4418 2690 4472; x_wconf 89' lang='lat' dir='ltr'><strong>libris</strong></span> <span class='ocrx_word' id='word_1_627' title='bbox 2732 4429 2913 4471; x_wconf 82' lang='lat' dir='ltr'><strong>contra</strong></span> <span class='ocrx_word' id='word_1_628' title='bbox 2940 4414 3148 4470; x_wconf 78' lang='lat' dir='ltr'><strong>Celsum</strong></span> <span class='ocrx_word' id='word_1_629' title='bbox 3184 4416 3344 4469; x_wconf 88' lang='lat' dir='ltr'><strong>toties</strong></span> <span class='ocrx_word' id='word_1_630' title='bbox 3373 4415 3622 4482; x_wconf 79' lang='lat' dir='ltr'><strong>Origenes</strong></span> <span class='ocrx_word' id='word_1_631' title='bbox 3646 4422 3757 4461; x_wconf 71' lang='lat' dir='ltr'><strong>veto</strong></span> 
     </span>
    </p>
   </div>
   <div class='ocr_carea' id='block_1_88' title="bbox 2207 4506 3754 4575">
    <p class='ocr_par' dir='ltr' id='par_1_88' title="bbox 2207 4506 3754 4575">
     <span class='ocr_line' id='line_1_88' title="bbox 2207 4506 3754 4575; baseline -0.01 -10"><span class='ocrx_word' id='word_1_632' title='bbox 2207 4512 2469 4575; x_wconf 84' lang='lat' dir='ltr'><strong>divinant,</strong></span> <span class='ocrx_word' id='word_1_633' title='bbox 2518 4510 2619 4563; x_wconf 90' lang='lat' dir='ltr'><strong>hoc</strong></span> <span class='ocrx_word' id='word_1_634' title='bbox 2644 4516 2749 4571; x_wconf 89' lang='lat' dir='ltr'><strong>est,</strong></span> <span class='ocrx_word' id='word_1_635' title='bbox 2784 4508 3105 4567; x_wconf 85' lang='lat' dir='ltr'><strong>iucreataut,</strong></span> <span class='ocrx_word' id='word_1_636' title='bbox 3155 4506 3445 4566; x_wconf 87' lang='lat' dir='ltr'><strong>inﬁnitam,</strong></span> <span class='ocrx_word' id='word_1_637' title='bbox 3483 4506 3754 4568; x_wconf 82' lang='lat' dir='ltr'><strong>incompre-</strong></span> 
     </span>
    </p>
   </div>
   <div class='ocr_carea' id='block_1_89' title="bbox 525 4592 3753 4661">
    <p class='ocr_par' dir='ltr' id='par_1_89' title="bbox 525 4592 3753 4661">
     <span class='ocr_line' id='line_1_89' title="bbox 525 4592 3753 4661; baseline -0.001 -14"><span class='ocrx_word' id='word_1_638' title='bbox 525 4607 744 4647; x_wconf 88' lang='lat' dir='ltr'><strong>munem</strong></span> <span class='ocrx_word' id='word_1_639' title='bbox 777 4592 1212 4647; x_wconf 90' lang='lat' dir='ltr'><strong>Christianorum</strong></span> <span class='ocrx_word' id='word_1_640' title='bbox 1242 4595 1571 4658; x_wconf 89' lang='lat' dir='ltr'><strong>doctrinam,</strong></span> <span class='ocrx_word' id='word_1_641' title='bbox 1613 4598 1872 4651; x_wconf 87' lang='lat' dir='ltr'><strong>adversus</strong></span> <span class='ocrx_word' id='word_1_642' title='bbox 1905 4600 2105 4652; x_wconf 89' lang='lat' dir='ltr'><strong>instru-</strong></span> <span class='ocrx_word' id='word_1_643' title='bbox 2136 4598 2181 4652; x_wconf 90' lang='lat' dir='ltr'><strong>D</strong></span> <span class='ocrx_word' id='word_1_644' title='bbox 2212 4600 2551 4661; x_wconf 86' lang='lat' dir='ltr'><strong>hensibilem,</strong></span> <span class='ocrx_word' id='word_1_645' title='bbox 2576 4598 2971 4653; x_wconf 88' lang='lat' dir='ltr'><strong>immutabilem</strong></span> <span class='ocrx_word' id='word_1_646' title='bbox 2996 4596 3154 4653; x_wconf 82' lang='lat' dir='ltr'><strong>Verbi</strong></span> <span class='ocrx_word' id='word_1_647' title='bbox 3182 4608 3236 4649; x_wconf 89' lang='lat' dir='ltr'><strong>et</strong></span> <span class='ocrx_word' id='word_1_648' title='bbox 3265 4595 3511 4654; x_wconf 77' lang='lat' dir='ltr'><strong>Filii,Dei</strong></span> <span class='ocrx_word' id='word_1_649' title='bbox 3536 4604 3753 4647; x_wconf 87' lang='lat' dir='ltr'><strong>naturant</strong></span> 
     </span>
    </p>
   </div>
   <div class='ocr_carea' id='block_1_90' title="bbox 526 4684 2092 4756">
    <p class='ocr_par' dir='ltr' id='par_1_90' title="bbox 526 4684 2092 4756">
     <span class='ocr_line' id='line_1_90' title="bbox 526 4684 2092 4756; baseline 0.004 -18"><span class='ocrx_word' id='word_1_650' title='bbox 526 4684 824 4739; x_wconf 92' lang='lat' dir='ltr'><strong>ctissimum</strong></span> <span class='ocrx_word' id='word_1_651' title='bbox 856 4684 1136 4755; x_wconf 86' lang='lat' dir='ltr'><strong>religionis</strong></span> <span class='ocrx_word' id='word_1_652' title='bbox 1177 4696 1376 4740; x_wconf 64' lang='lat' dir='ltr'><strong>nostrae</strong></span> <span class='ocrx_word' id='word_1_653' title='bbox 1415 4689 1622 4740; x_wconf 90' lang='lat' dir='ltr'><strong>hostem</strong></span> <span class='ocrx_word' id='word_1_654' title='bbox 1656 4700 1952 4756; x_wconf 86' lang='lat' dir='ltr'><strong>propugnat</strong></span> <span class='ocrx_word' id='word_1_655' title='bbox 1985 4710 1998 4744; x_wconf 94' lang='lat'>:</span> <span class='ocrx_word' id='word_1_656' title='bbox 2039 4692 2092 4744; x_wconf 92' lang='lat' dir='ltr'><strong>hi</strong></span> 
     </span>
    </p>
   </div>
   <div class='ocr_carea' id='block_1_91' title="bbox 527 4779 2105 4852">
    <p class='ocr_par' dir='ltr' id='par_1_91' title="bbox 527 4779 2105 4852">
     <span class='ocr_line' id='line_1_91' title="bbox 527 4779 2105 4852; baseline 0.006 -21"><span class='ocrx_word' id='word_1_657' title='bbox 527 4792 741 4831; x_wconf 86' lang='lat' dir='ltr'><strong>summo</strong></span> <span class='ocrx_word' id='word_1_658' title='bbox 780 4780 1020 4833; x_wconf 89' lang='lat' dir='ltr'><strong>auctoris</strong></span> <span class='ocrx_word' id='word_1_659' title='bbox 1045 4779 1244 4841; x_wconf 89' lang='lat' dir='ltr'><strong>studio,</strong></span> <span class='ocrx_word' id='word_1_660' title='bbox 1290 4781 1525 4833; x_wconf 89' lang='lat' dir='ltr'><strong>maxima</strong></span> <span class='ocrx_word' id='word_1_661' title='bbox 1568 4782 1896 4849; x_wconf 88' lang='lat' dir='ltr'><strong>eruditione,</strong></span> <span class='ocrx_word' id='word_1_662' title='bbox 1946 4783 2105 4852; x_wconf 90' lang='lat' dir='ltr'><strong>idque</strong></span> 
     </span>
    </p>
   </div>
   <div class='ocr_carea' id='block_1_92' title="bbox 527 4869 2106 4943">
    <p class='ocr_par' dir='ltr' id='par_1_92' title="bbox 527 4869 2106 4943">
     <span class='ocr_line' id='line_1_92' title="bbox 527 4869 2106 4943; baseline 0.005 -21"><span class='ocrx_word' id='word_1_663' title='bbox 527 4869 595 4923; x_wconf 92' lang='lat' dir='ltr'><strong>ab</strong></span> <span class='ocrx_word' id='word_1_664' title='bbox 622 4870 739 4939; x_wconf 93' lang='lat' dir='ltr'><strong>ipso</strong></span> <span class='ocrx_word' id='word_1_665' title='bbox 770 4871 881 4941; x_wconf 92' lang='lat' dir='ltr'><strong>jam</strong></span> <span class='ocrx_word' id='word_1_666' title='bbox 917 4872 1272 4941; x_wconf 88' lang='lat' dir='ltr'><strong>sexagenario</strong></span> <span class='ocrx_word' id='word_1_667' title='bbox 1300 4872 1491 4941; x_wconf 89' lang='lat' dir='ltr'><strong>majori</strong></span> <span class='ocrx_word' id='word_1_668' title='bbox 1526 4872 1625 4943; x_wconf 93' lang='lat' dir='ltr'><strong>(ut</strong></span> <span class='ocrx_word' id='word_1_669' title='bbox 1645 4872 1845 4928; x_wconf 89' lang='lat' dir='ltr'><strong>diserte</strong></span> <span class='ocrx_word' id='word_1_670' title='bbox 1876 4884 2106 4930; x_wconf 89' lang='lat' dir='ltr'><strong>testatur</strong></span> 
     </span>
    </p>
   </div>
   <div class='ocr_carea' id='block_1_93' title="bbox 524 4961 2105 5036">
    <p class='ocr_par' dir='ltr' id='par_1_93' title="bbox 524 4961 2105 5036">
     <span class='ocr_line' id='line_1_93' title="bbox 524 4961 2105 5036; baseline 0.004 -20"><span class='ocrx_word' id='word_1_671' title='bbox 524 4961 792 5017; x_wconf 88' lang='lat' dir='ltr'><strong>Eusebius</strong></span> <span class='ocrx_word' id='word_1_672' title='bbox 824 4965 962 5017; x_wconf 77' lang='lat' dir='ltr'><strong>Hist.</strong></span> <span class='ocrx_word' id='word_1_673' title='bbox 1002 4964 1290 5019; x_wconf 76' lang='lat' dir='ltr'><strong>ecrlcsiast.</strong></span> <span class='ocrx_word' id='word_1_674' title='bbox 1341 4965 1436 5019; x_wconf 93' lang='lat' dir='ltr'><strong>lib.</strong></span> <span class='ocrx_word' id='word_1_675' title='bbox 1478 4980 1551 5029; x_wconf 89' lang='lat' dir='ltr'><strong>vt,</strong></span> <span class='ocrx_word' id='word_1_676' title='bbox 1595 4981 1714 5036; x_wconf 89' lang='lat' dir='ltr'><strong>cap.</strong></span> <span class='ocrx_word' id='word_1_677' title='bbox 1752 4966 1867 5036; x_wconf 79' lang='lat'><strong>56)</strong></span> <span class='ocrx_word' id='word_1_678' title='bbox 1918 4968 2105 5023; x_wconf 61' lang='lat' dir='ltr'><strong>elucuo</strong></span> 
     </span>
    </p>
   </div>
   <div class='ocr_carea' id='block_1_94' title="bbox 526 5054 2100 5127">
    <p class='ocr_par' dir='ltr' id='par_1_94' title="bbox 526 5054 2100 5127">
     <span class='ocr_line' id='line_1_94' title="bbox 526 5054 2100 5127; baseline 0.004 -19"><span class='ocrx_word' id='word_1_679' title='bbox 526 5054 667 5108; x_wconf 90' lang='lat' dir='ltr'><strong>brati</strong></span> <span class='ocrx_word' id='word_1_680' title='bbox 700 5054 871 5110; x_wconf 91' lang='lat' dir='ltr'><strong>fuere.</strong></span> <span class='ocrx_word' id='word_1_681' title='bbox 900 5054 1087 5125; x_wconf 84' lang='lat' dir='ltr'><strong>Itaque</strong></span> <span class='ocrx_word' id='word_1_682' title='bbox 1120 5073 1184 5111; x_wconf 83' lang='lat' dir='ltr'><strong>ex</strong></span> <span class='ocrx_word' id='word_1_683' title='bbox 1216 5058 1301 5112; x_wconf 85' lang='lat' dir='ltr'><strong>bis</strong></span> <span class='ocrx_word' id='word_1_684' title='bbox 1318 5060 1592 5127; x_wconf 59' lang='lat' dir='ltr'><strong>praecipue</strong></span> <span class='ocrx_word' id='word_1_685' title='bbox 1610 5059 1763 5114; x_wconf 90' lang='lat' dir='ltr'><strong>libris</strong></span> <span class='ocrx_word' id='word_1_686' title='bbox 1789 5060 2100 5114; x_wconf 83' lang='lat' dir='ltr'><strong>testimonia</strong></span> 
     </span>
    </p>
   </div>
   <div class='ocr_carea' id='block_1_95' title="bbox 529 5149 2104 5217">
    <p class='ocr_par' dir='ltr' id='par_1_95' title="bbox 529 5149 2104 5217">
     <span class='ocr_line' id='line_1_95' title="bbox 529 5149 2104 5217; baseline 0.005 -18"><span class='ocrx_word' id='word_1_687' title='bbox 529 5162 647 5201; x_wconf 89' lang='lat' dir='ltr'><strong>mea</strong></span> <span class='ocrx_word' id='word_1_688' title='bbox 675 5150 968 5217; x_wconf 78' lang='lat' dir='ltr'><strong>proferam,</strong></span> <span class='ocrx_word' id='word_1_689' title='bbox 1017 5149 1213 5217; x_wconf 83' lang='lat' dir='ltr'><strong>quibus</strong></span> <span class='ocrx_word' id='word_1_690' title='bbox 1266 5151 1604 5205; x_wconf 84' lang='lat' dir='ltr'><strong>Catholieum</strong></span> <span class='ocrx_word' id='word_1_691' title='bbox 1672 5152 1839 5206; x_wconf 85' lang='lat' dir='ltr'><strong>fuisse</strong></span> <span class='ocrx_word' id='word_1_692' title='bbox 1893 5153 1944 5206; x_wconf 92' lang='lat' dir='ltr'><strong>in</strong></span> <span class='ocrx_word' id='word_1_693' title='bbox 2003 5154 2104 5208; x_wconf 89' lang='lat' dir='ltr'><strong>hoc</strong></span> 
     </span>
    </p>
   </div>
   <div class='ocr_carea' id='block_1_96' title="bbox 527 5239 2104 5312">
    <p class='ocr_par' dir='ltr' id='par_1_96' title="bbox 527 5239 2104 5312">
     <span class='ocr_line' id='line_1_96' title="bbox 527 5239 2104 5312; baseline 0.004 -20"><span class='ocrx_word' id='word_1_694' title='bbox 527 5239 754 5293; x_wconf 90' lang='lat' dir='ltr'><strong>articulo</strong></span> <span class='ocrx_word' id='word_1_695' title='bbox 778 5239 1066 5309; x_wconf 89' lang='lat' dir='ltr'><strong>Origenem</strong></span> <span class='ocrx_word' id='word_1_696' title='bbox 1097 5242 1378 5295; x_wconf 90' lang='lat' dir='ltr'><strong>ostendam</strong></span> <span class='ocrx_word' id='word_1_697' title='bbox 1413 5262 1426 5296; x_wconf 92' lang='lat'><strong>:</strong></span> <span class='ocrx_word' id='word_1_698' title='bbox 1457 5243 1716 5312; x_wconf 82' lang='lat' dir='ltr'><strong>subjectis</strong></span> <span class='ocrx_word' id='word_1_699' title='bbox 1737 5253 1945 5298; x_wconf 92' lang='lat' dir='ltr'><strong>tantum</strong></span> <span class='ocrx_word' id='word_1_700' title='bbox 1973 5244 2104 5299; x_wconf 88' lang='lat' dir='ltr'><strong>locis</strong></span> 
     </span>
    </p>
   </div>
   <div class='ocr_carea' id='block_1_97' title="bbox 526 5331 2100 5402">
    <p class='ocr_par' dir='ltr' id='par_1_97' title="bbox 526 5331 2100 5402">
     <span class='ocr_line' id='line_1_97' title="bbox 526 5331 2100 5402; baseline 0.006 -19"><span class='ocrx_word' id='word_1_701' title='bbox 526 5331 869 5397; x_wconf 87' lang='lat' dir='ltr'><strong>quibusdam,</strong></span> <span class='ocrx_word' id='word_1_702' title='bbox 916 5346 1036 5400; x_wconf 71' lang='lat' dir='ltr'><strong>qua:</strong></span> <span class='ocrx_word' id='word_1_703' title='bbox 1080 5347 1145 5386; x_wconf 88' lang='lat' dir='ltr'><strong>ex</strong></span> <span class='ocrx_word' id='word_1_704' title='bbox 1181 5331 1303 5386; x_wconf 89' lang='lat' dir='ltr'><strong>aliis</strong></span> <span class='ocrx_word' id='word_1_705' title='bbox 1346 5334 1510 5401; x_wconf 88' lang='lat' dir='ltr'><strong>ipsius</strong></span> <span class='ocrx_word' id='word_1_706' title='bbox 1566 5335 1788 5402; x_wconf 81' lang='lat' dir='ltr'><strong>scriptis</strong></span> <span class='ocrx_word' id='word_1_707' title='bbox 1845 5335 2100 5391; x_wconf 89' lang='lat' dir='ltr'><strong>catholici</strong></span> 
     </span>
    </p>
   </div>
   <div class='ocr_carea' id='block_1_98' title="bbox 526 5421 2105 5496">
    <p class='ocr_par' dir='ltr' id='par_1_98' title="bbox 526 5421 2105 5496">
     <span class='ocr_line' id='line_1_98' title="bbox 526 5421 2105 5496; baseline 0.005 -20"><span class='ocrx_word' id='word_1_708' title='bbox 526 5421 798 5487; x_wconf 87' lang='lat' dir='ltr'><strong>doctores,</strong></span> <span class='ocrx_word' id='word_1_709' title='bbox 817 5424 910 5492; x_wconf 88' lang='lat' dir='ltr'><strong>qui</strong></span> <span class='ocrx_word' id='word_1_710' title='bbox 933 5424 1184 5494; x_wconf 83' lang='lat' dir='ltr'><strong>Origcnis</strong></span> <span class='ocrx_word' id='word_1_711' title='bbox 1200 5426 1532 5495; x_wconf 89' lang='lat' dir='ltr'><strong>temporibus</strong></span> <span class='ocrx_word' id='word_1_712' title='bbox 1555 5427 1914 5496; x_wconf 87' lang='lat' dir='ltr'><strong>proximiores</strong></span> <span class='ocrx_word' id='word_1_713' title='bbox 1935 5429 2105 5493; x_wconf 85' lang='lat' dir='ltr'><strong>fuere,</strong></span> 
     </span>
    </p>
   </div>
   <div class='ocr_carea' id='block_1_99' title="bbox 599 5601 2109 5677">
    <p class='ocr_par' dir='ltr' id='par_1_99' title="bbox 599 5601 2109 5677">
     <span class='ocr_line' id='line_1_99' title="bbox 599 5601 2109 5677; baseline 0.007 -22"><span class='ocrx_word' id='word_1_714' title='bbox 599 5602 710 5677; x_wconf 56' lang='grc' dir='ltr'><strong>(ἓξ)</strong></span> <span class='ocrx_word' id='word_1_715' title='bbox 742 5601 883 5655; x_wconf 89' lang='lat' dir='ltr'><strong>Nam</strong></span> <span class='ocrx_word' id='word_1_716' title='bbox 916 5604 1024 5657; x_wconf 86' lang='lat' dir='ltr'><strong>alia</strong></span> <span class='ocrx_word' id='word_1_717' title='bbox 1052 5606 1126 5677; x_wconf 72' lang='lat' dir='ltr'><strong>ad</strong></span> <span class='ocrx_word' id='word_1_718' title='bbox 1153 5608 1350 5661; x_wconf 77' lang='lat' dir='ltr'><strong>amicos</strong></span> <span class='ocrx_word' id='word_1_719' title='bbox 1372 5618 1567 5661; x_wconf 74' lang='lat' dir='ltr'><strong>secreto</strong></span> <span class='ocrx_word' id='word_1_720' title='bbox 1605 5609 1842 5677; x_wconf 77' lang='lat' dir='ltr'><strong>scripsit,</strong></span> <span class='ocrx_word' id='word_1_721' title='bbox 1888 5622 1997 5663; x_wconf 91' lang='lat' dir='ltr'><strong>etc.</strong></span> <span class='ocrx_word' id='word_1_722' title='bbox 2033 5612 2109 5666; x_wconf 85' lang='lat' dir='ltr'><strong>De</strong></span> 
     </span>
    </p>
   </div>
   <div class='ocr_carea' id='block_1_100' title="bbox 529 5671 2111 5743">
    <p class='ocr_par' dir='ltr' id='par_1_100' title="bbox 529 5671 2111 5743">
     <span class='ocr_line' id='line_1_100' title="bbox 529 5671 2111 5743; baseline 0.007 -19"><span class='ocrx_word' id='word_1_723' title='bbox 529 5671 615 5743; x_wconf 68' lang='lat' dir='ltr'><strong>his</strong></span> <span class='ocrx_word' id='word_1_724' title='bbox 651 5671 1011 5743; x_wconf 82' lang='lat' dir='ltr'><strong>Hieronymus</strong></span> <span class='ocrx_word' id='word_1_725' title='bbox 1049 5676 1102 5728; x_wconf 89' lang='lat' dir='ltr'><strong>itt</strong></span> <span class='ocrx_word' id='word_1_726' title='bbox 1144 5678 1369 5743; x_wconf 86' lang='lat' dir='ltr'><strong>epistola</strong></span> <span class='ocrx_word' id='word_1_727' title='bbox 1394 5678 1485 5742; x_wconf 82' lang='lat'><strong>65,</strong></span> <span class='ocrx_word' id='word_1_728' title='bbox 1516 5679 1580 5731; x_wconf 83' lang='lat' dir='ltr'><strong>ad</strong></span> <span class='ocrx_word' id='word_1_729' title='bbox 1610 5671 2019 5735; x_wconf 23' lang='lat' dir='ltr'><strong>Patitma’cbiunt</strong></span> <span class='ocrx_word' id='word_1_730' title='bbox 2056 5692 2111 5735; x_wconf 88' lang='lat' dir='ltr'><strong>et</strong></span> 
     </span>
    </p>
   </div>
   <div class='ocr_carea' id='block_1_101' title="bbox 527 5740 2108 5829">
    <p class='ocr_par' dir='ltr' id='par_1_101' title="bbox 527 5740 2108 5829">
     <span class='ocr_line' id='line_1_101' title="bbox 527 5740 2108 5829; baseline 0.005 -34"><span class='ocrx_word' id='word_1_731' title='bbox 527 5740 1124 5829; x_wconf 58' lang='lat' dir='ltr'><strong>Oreamnu,_i§statur,</strong></span> <span class='ocrx_word' id='word_1_732' title='bbox 1183 5740 1490 5829; x_wconf 44' lang='lat' dir='ltr'><strong>Origenem.</strong></span> <span class='ocrx_word' id='word_1_733' title='bbox 1541 5750 1593 5802; x_wconf 92' lang='lat' dir='ltr'><strong>in</strong></span> <span class='ocrx_word' id='word_1_734' title='bbox 1660 5751 1883 5829; x_wconf 86' lang='lat' dir='ltr'><strong>epistola</strong></span> <span class='ocrx_word' id='word_1_735' title='bbox 1945 5766 2108 5829; x_wconf 80' lang='lat' dir='ltr'><strong>quam</strong></span> 
     </span>
    </p>
   </div>
   <div class='ocr_carea' id='block_1_102' title="bbox 532 5812 2111 5887">
    <p class='ocr_par' dir='ltr' id='par_1_102' title="bbox 532 5812 2111 5887">
     <span class='ocr_line' id='line_1_102' title="bbox 532 5812 2111 5887; baseline 0.007 -25"><span class='ocrx_word' id='word_1_736' title='bbox 532 5812 836 5887; x_wconf 81' lang='lat' dir='ltr'><strong>scripsitad</strong></span> <span class='ocrx_word' id='word_1_737' title='bbox 862 5812 1182 5875; x_wconf 84' lang='lat' dir='ltr'><strong>Fabianum,</strong></span> <span class='ocrx_word' id='word_1_738' title='bbox 1207 5812 1584 5887; x_wconf 66' lang='lat' dir='ltr'><strong>preiiitentiam</strong></span> <span class='ocrx_word' id='word_1_739' title='bbox 1624 5812 1822 5887; x_wconf 82' lang='lat' dir='ltr'><strong>egisse,</strong></span> <span class='ocrx_word' id='word_1_740' title='bbox 1859 5812 2111 5873; x_wconf 61' lang='lat' dir='ltr'><strong>cur&#39;talia</strong></span> 
     </span>
    </p>
   </div>
   <div class='ocr_carea' id='block_1_103' title="bbox 533 5882 2110 5949">
    <p class='ocr_par' dir='ltr' id='par_1_103' title="bbox 533 5882 2110 5949">
     <span class='ocr_line' id='line_1_103' title="bbox 533 5882 2110 5949; baseline 0.008 -18"><span class='ocrx_word' id='word_1_741' title='bbox 533 5882 830 5949; x_wconf 83' lang='lat' dir='ltr'><strong>scripserit,</strong></span> <span class='ocrx_word' id='word_1_742' title='bbox 880 5891 934 5938; x_wconf 86' lang='lat' dir='ltr'><strong>et</strong></span> <span class='ocrx_word' id='word_1_743' title='bbox 982 5882 1238 5945; x_wconf 67' lang='lat' dir='ltr'><strong>causam]</strong></span> <span class='ocrx_word' id='word_1_744' title='bbox 1260 5889 1586 5943; x_wconf 86' lang='lat' dir='ltr'><strong>temeritatis</strong></span> <span class='ocrx_word' id='word_1_745' title='bbox 1653 5882 1705 5942; x_wconf 73' lang='lat' dir='ltr'><strong>in</strong></span> <span class='ocrx_word' id='word_1_746' title='bbox 1762 5891 2110 5945; x_wconf 84' lang='lat' dir='ltr'><strong>Ambrosium</strong></span> 
     </span>
    </p>
   </div>
   <div class='ocr_carea' id='block_1_104' title="bbox 2206 4683 3752 4757">
    <p class='ocr_par' dir='ltr' id='par_1_104' title="bbox 2206 4683 3752 4757">
     <span class='ocr_line' id='line_1_104' title="bbox 2206 4683 3752 4757; baseline -0.013 -8"><span class='ocrx_word' id='word_1_747' title='bbox 2206 4694 2467 4756; x_wconf 89' lang='lat' dir='ltr'><strong>declarat,</strong></span> <span class='ocrx_word' id='word_1_748' title='bbox 2501 4700 2578 4754; x_wconf 90' lang='lat' dir='ltr'><strong>ut,</strong></span> <span class='ocrx_word' id='word_1_749' title='bbox 2614 4692 2660 4744; x_wconf 90' lang='lat' dir='ltr'><strong>si</strong></span> <span class='ocrx_word' id='word_1_750' title='bbox 2693 4693 2875 4744; x_wconf 90' lang='lat' dir='ltr'><strong>omnia</strong></span> <span class='ocrx_word' id='word_1_751' title='bbox 2909 4692 3011 4743; x_wconf 91' lang='lat' dir='ltr'><strong>huc</strong></span> <span class='ocrx_word' id='word_1_752' title='bbox 3039 4690 3347 4757; x_wconf 84' lang='lat' dir='ltr'><strong>spectantia</strong></span> <span class='ocrx_word' id='word_1_753' title='bbox 3381 4687 3564 4740; x_wconf 86' lang='lat' dir='ltr'><strong>vellem</strong></span> <span class='ocrx_word' id='word_1_754' title='bbox 3604 4683 3752 4737; x_wconf 86' lang='lat' dir='ltr'><strong>addu-</strong></span> 
     </span>
    </p>
   </div>
   <div class='ocr_carea' id='block_1_105' title="bbox 2204 4774 3753 4854">
    <p class='ocr_par' dir='ltr' id='par_1_105' title="bbox 2204 4774 3753 4854">
     <span class='ocr_line' id='line_1_105' title="bbox 2204 4774 3753 4854; baseline -0.01 -14"><span class='ocrx_word' id='word_1_755' title='bbox 2204 4801 2350 4850; x_wconf 88' lang='lat' dir='ltr'><strong>cere,</strong></span> <span class='ocrx_word' id='word_1_756' title='bbox 2385 4786 2501 4851; x_wconf 91' lang='lat' dir='ltr'><strong>ejus</strong></span> <span class='ocrx_word' id='word_1_757' title='bbox 2540 4784 2915 4854; x_wconf 83' lang='lat' dir='ltr'><strong>Syutagmatis</strong></span> <span class='ocrx_word' id='word_1_758' title='bbox 2953 4797 3078 4850; x_wconf 92' lang='lat' dir='ltr'><strong>pars</strong></span> <span class='ocrx_word' id='word_1_759' title='bbox 3125 4798 3319 4851; x_wconf 84' lang='lat' dir='ltr'><strong>magna</strong></span> <span class='ocrx_word' id='word_1_760' title='bbox 3357 4780 3487 4835; x_wconf 90' lang='lat' dir='ltr'><strong>mihi</strong></span> <span class='ocrx_word' id='word_1_761' title='bbox 3524 4774 3753 4832; x_wconf 87' lang='lat' dir='ltr'><strong>transcri-</strong></span> 
     </span>
    </p>
   </div>
   <div class='ocr_carea' id='block_1_106' title="bbox 2208 4863 3752 4945">
    <p class='ocr_par' dir='ltr' id='par_1_106' title="bbox 2208 4863 3752 4945">
     <span class='ocr_line' id='line_1_106' title="bbox 2208 4863 3752 4945; baseline -0.01 -13"><span class='ocrx_word' id='word_1_762' title='bbox 2208 4879 2378 4932; x_wconf 88' lang='lat' dir='ltr'><strong>benda</strong></span> <span class='ocrx_word' id='word_1_763' title='bbox 2414 4874 2790 4945; x_wconf 71' lang='lat' dir='ltr'><strong>foret.&#39;ltaque</strong></span> <span class='ocrx_word' id='word_1_764' title='bbox 2829 4890 2894 4929; x_wconf 87' lang='lat' dir='ltr'><strong>ex</strong></span> <span class='ocrx_word' id='word_1_765' title='bbox 2923 4890 2987 4928; x_wconf 92' lang='lat' dir='ltr'><strong>eo</strong></span> <span class='ocrx_word' id='word_1_766' title='bbox 3022 4889 3188 4944; x_wconf 88' lang='lat' dir='ltr'><strong>opere</strong></span> <span class='ocrx_word' id='word_1_767' title='bbox 3232 4873 3352 4927; x_wconf 91' lang='lat' dir='ltr'><strong>loca</strong></span> <span class='ocrx_word' id='word_1_768' title='bbox 3400 4884 3595 4925; x_wconf 88' lang='lat' dir='ltr'><strong>tantum</strong></span> <span class='ocrx_word' id='word_1_769' title='bbox 3627 4863 3752 4920; x_wconf 76' lang='lat' dir='ltr'><strong>sele-</strong></span> 
     </span>
    </p>
   </div>
   <div class='ocr_carea' id='block_1_107' title="bbox 2205 4956 3755 5037">
    <p class='ocr_par' dir='ltr' id='par_1_107' title="bbox 2205 4956 3755 5037">
     <span class='ocr_line' id='line_1_107' title="bbox 2205 4956 3755 5037; baseline -0.009 -13"><span class='ocrx_word' id='word_1_770' title='bbox 2205 4970 2379 5024; x_wconf 88' lang='lat' dir='ltr'><strong>ctiora</strong></span> <span class='ocrx_word' id='word_1_771' title='bbox 2417 4967 2665 5037; x_wconf 60' lang='lat' dir='ltr'><strong>quadam</strong></span> <span class='ocrx_word' id='word_1_772' title='bbox 2723 4965 3087 5035; x_wconf 83' lang='lat' dir='ltr'><strong>proferemus.</strong></span> <span class='ocrx_word' id='word_1_773' title='bbox 3148 4964 3205 5018; x_wconf 91' lang='lat' dir='ltr'><strong>In</strong></span> <span class='ocrx_word' id='word_1_774' title='bbox 3258 4966 3395 5019; x_wconf 90' lang='lat' dir='ltr'><strong>libro</strong></span> <span class='ocrx_word' id='word_1_775' title='bbox 3442 4982 3454 5016; x_wconf 91' lang='grc' dir='ltr'><strong>ι</strong></span> <span class='ocrx_word' id='word_1_776' title='bbox 3503 4964 3564 5015; x_wconf 90' lang='lat' dir='ltr'><strong>de</strong></span> <span class='ocrx_word' id='word_1_777' title='bbox 3608 4956 3755 5023; x_wconf 76' lang='lat' dir='ltr'><strong>Magis</strong></span> 
     </span>
    </p>
   </div>
   <div class='ocr_carea' id='block_1_108' title="bbox 2206 5048 3754 5119">
    <p class='ocr_par' dir='ltr' id='par_1_108' title="bbox 2206 5048 3754 5119">
     <span class='ocr_line' id='line_1_108' title="bbox 2206 5048 3754 5119; baseline -0.01 -4"><span class='ocrx_word' id='word_1_778' title='bbox 2206 5077 2270 5115; x_wconf 87' lang='lat' dir='ltr'><strong>ex</strong></span> <span class='ocrx_word' id='word_1_779' title='bbox 2302 5061 2526 5115; x_wconf 89' lang='lat' dir='ltr'><strong>Oriente</strong></span> <span class='ocrx_word' id='word_1_780' title='bbox 2570 5060 2623 5113; x_wconf 90' lang='lat' dir='ltr'><strong>in</strong></span> <span class='ocrx_word' id='word_1_781' title='bbox 2667 5057 2909 5112; x_wconf 73' lang='lat' dir='ltr'><strong>.lndzeam</strong></span> <span class='ocrx_word' id='word_1_782' title='bbox 2953 5056 3331 5119; x_wconf 89' lang='lat' dir='ltr'><strong>venientibus,</strong></span> <span class='ocrx_word' id='word_1_783' title='bbox 3385 5054 3451 5108; x_wconf 91' lang='lat' dir='ltr'><strong>ad</strong></span> <span class='ocrx_word' id='word_1_784' title='bbox 3500 5048 3754 5104; x_wconf 84' lang='lat' dir='ltr'><strong>visendum</strong></span> 
     </span>
    </p>
   </div>
   <div class='ocr_carea' id='block_1_109' title="bbox 2206 5139 3754 5222">
    <p class='ocr_par' dir='ltr' id='par_1_109' title="bbox 2206 5139 3754 5222">
     <span class='ocr_line' id='line_1_109' title="bbox 2206 5139 3754 5222; baseline -0.012 -15"><span class='ocrx_word' id='word_1_785' title='bbox 2206 5153 2433 5221; x_wconf 82' lang='lat' dir='ltr'><strong>Regem,</strong></span> <span class='ocrx_word' id='word_1_786' title='bbox 2464 5168 2623 5222; x_wconf 83' lang='lat' dir='ltr'><strong>quem</strong></span> <span class='ocrx_word' id='word_1_787' title='bbox 2661 5150 2815 5205; x_wconf 87' lang='lat' dir='ltr'><strong>stella</strong></span> <span class='ocrx_word' id='word_1_788' title='bbox 2854 5150 3070 5202; x_wconf 79' lang='lat' dir='ltr'><strong>insolita</strong></span> <span class='ocrx_word' id='word_1_789' title='bbox 3130 5148 3409 5211; x_wconf 79' lang='lat' dir='ltr'><strong>indicavit,</strong></span> <span class='ocrx_word' id='word_1_790' title='bbox 3445 5157 3632 5215; x_wconf 75' lang='lat' dir='ltr'><strong>agens,</strong></span> <span class='ocrx_word' id='word_1_791' title='bbox 3685 5139 3754 5189; x_wconf 86' lang='lat' dir='ltr'><strong>sic</strong></span> 
     </span>
    </p>
   </div>
   <div class='ocr_carea' id='block_1_110' title="bbox 2190 5228 3755 5311">
    <p class='ocr_par' dir='ltr' id='par_1_110' title="bbox 2190 5228 3755 5311">
     <span class='ocr_line' id='line_1_110' title="bbox 2190 5228 3755 5311; baseline -0.008 -15"><span class='ocrx_word' id='word_1_792' title='bbox 2190 5242 2443 5311; x_wconf 89' lang='lat' dir='ltr'><strong>loquitur</strong></span> <span class='ocrx_word' id='word_1_793' title='bbox 2474 5258 2623 5295; x_wconf 91' lang='lat' dir='ltr'><strong>num.</strong></span> <span class='ocrx_word' id='word_1_794' title='bbox 2661 5243 2749 5301; x_wconf 82' lang='lat'><strong>60,</strong></span> <span class='ocrx_word' id='word_1_795' title='bbox 2777 5258 2900 5311; x_wconf 92' lang='lat' dir='ltr'><strong>pag.</strong></span> <span class='ocrx_word' id='word_1_796' title='bbox 2921 5240 3027 5294; x_wconf 80' lang='lat'><strong>575</strong></span> <span class='ocrx_word' id='word_1_797' title='bbox 3063 5256 3077 5295; x_wconf 90' lang='lat'>:</span> <span class='ocrx_word' id='word_1_798' title='bbox 3113 5239 3381 5309; x_wconf 79' lang='grc' dir='ltr'>Φέροντες</span> <span class='ocrx_word' id='word_1_799' title='bbox 3413 5238 3506 5308; x_wconf 82' lang='grc' dir='ltr'>μὲν</span> <span class='ocrx_word' id='word_1_800' title='bbox 3536 5234 3693 5305; x_wconf 74' lang='grc' dir='ltr'><strong>δῶρα,</strong></span> <span class='ocrx_word' id='word_1_801' title='bbox 3724 5228 3755 5280; x_wconf 74' lang='grc' dir='ltr'>ἃ</span> 
     </span>
    </p>
   </div>
   <div class='ocr_carea' id='block_1_111' title="bbox 2205 5316 3757 5405">
    <p class='ocr_par' dir='ltr' id='par_1_111' title="bbox 2205 5316 3757 5405">
     <span class='ocr_line' id='line_1_111' title="bbox 2205 5316 3757 5405; baseline -0.013 -16"><span class='ocrx_word' id='word_1_802' title='bbox 2205 5334 2305 5405; x_wconf 84' lang='grc' dir='ltr'><strong>(ἶν’</strong></span> <span class='ocrx_word' id='word_1_803' title='bbox 2372 5332 2545 5395; x_wconf 74' lang='grc' dir='ltr'>οὕτως</span> <span class='ocrx_word' id='word_1_804' title='bbox 2604 5331 2886 5402; x_wconf 81' lang='grc' dir='ltr'><strong>ὀνομάσω)</strong></span> <span class='ocrx_word' id='word_1_805' title='bbox 2951 5329 3189 5400; x_wconf 79' lang='grc' dir='ltr'><strong>συνϐἐτῳ</strong></span> <span class='ocrx_word' id='word_1_806' title='bbox 3242 5328 3350 5381; x_wconf 79' lang='grc' dir='ltr'><strong>τινὶ</strong></span> <span class='ocrx_word' id='word_1_807' title='bbox 3404 5330 3465 5379; x_wconf 83' lang='grc' dir='ltr'><strong>ὲκ</strong></span> <span class='ocrx_word' id='word_1_808' title='bbox 3507 5320 3634 5375; x_wconf 75' lang='grc' dir='ltr'>Θεοῦ</span> <span class='ocrx_word' id='word_1_809' title='bbox 3677 5316 3757 5370; x_wconf 75' lang='grc' dir='ltr'><strong>καὶ</strong></span> 
     </span>
    </p>
   </div>
   <div class='ocr_carea' id='block_1_112' title="bbox 2204 5408 3757 5499">
    <p class='ocr_par' dir='ltr' id='par_1_112' title="bbox 2204 5408 3757 5499">
     <span class='ocr_line' id='line_1_112' title="bbox 2204 5408 3757 5499; baseline -0.009 -17"><span class='ocrx_word' id='word_1_810' title='bbox 2204 5424 2496 5499; x_wconf 84' lang='grc' dir='ltr'><strong>ἀνθρώπου</strong></span> <span class='ocrx_word' id='word_1_811' title='bbox 2550 5423 2743 5495; x_wconf 80' lang='grc' dir='ltr'>Θνητοῦ</span> <span class='ocrx_word' id='word_1_812' title='bbox 2791 5423 3194 5494; x_wconf 79' lang='grc' dir='ltr'><strong>προσήνεγκαν,</strong></span> <span class='ocrx_word' id='word_1_813' title='bbox 3233 5418 3472 5491; x_wconf 73' lang='grc' dir='ltr'><strong>σύμϐολα</strong></span> <span class='ocrx_word' id='word_1_814' title='bbox 3513 5417 3625 5487; x_wconf 80' lang='grc' dir='ltr'>μὲν,</span> <span class='ocrx_word' id='word_1_815' title='bbox 3692 5408 3757 5468; x_wconf 79' lang='grc' dir='ltr'><strong>ὡς</strong></span> 
     </span>
    </p>
   </div>
   <div class='ocr_carea' id='block_1_113' title="bbox 2205 5590 3753 5674">
    <p class='ocr_par' dir='ltr' id='par_1_113' title="bbox 2205 5590 3753 5674">
     <span class='ocr_line' id='line_1_113' title="bbox 2205 5590 3753 5674; baseline -0.016 -11"><span class='ocrx_word' id='word_1_816' title='bbox 2205 5608 2483 5670; x_wconf 76' lang='lat' dir='ltr'><strong>retulisse,</strong></span> <span class='ocrx_word' id='word_1_817' title='bbox 2513 5606 2656 5673; x_wconf 90' lang='lat' dir='ltr'><strong>quod</strong></span> <span class='ocrx_word' id='word_1_818' title='bbox 2679 5616 2893 5660; x_wconf 90' lang='lat' dir='ltr'><strong>secreto</strong></span> <span class='ocrx_word' id='word_1_819' title='bbox 2919 5605 3063 5660; x_wconf 88' lang='lat' dir='ltr'><strong>edita</strong></span> <span class='ocrx_word' id='word_1_820' title='bbox 3090 5604 3143 5658; x_wconf 93' lang='lat' dir='ltr'><strong>in</strong></span> <span class='ocrx_word' id='word_1_821' title='bbox 3181 5602 3451 5674; x_wconf 89' lang='lat' dir='ltr'><strong>publicum</strong></span> <span class='ocrx_word' id='word_1_822' title='bbox 3470 5590 3753 5670; x_wconf 88' lang='lat' dir='ltr'><strong>protulerit.</strong></span> 
     </span>
    </p>
   </div>
   <div class='ocr_carea' id='block_1_114' title="bbox 2205 5678 2741 5737">
    <p class='ocr_par' dir='ltr' id='par_1_114' title="bbox 2205 5678 2741 5737">
     <span class='ocr_line' id='line_1_114' title="bbox 2205 5678 2741 5737; baseline -0.013 0"><span class='ocrx_word' id='word_1_823' title='bbox 2205 5680 2478 5737; x_wconf 69' lang='lat' dir='ltr'><strong>Gnoncws</strong></span> <span class='ocrx_word' id='word_1_824' title='bbox 2510 5678 2741 5731; x_wconf 76' lang='lat' dir='ltr'><strong>BULLUS.</strong></span> 
     </span>
    </p>
   </div>
   <div class='ocr_carea' id='block_1_115' title="bbox 2280 5727 3755 5819">
    <p class='ocr_par' dir='ltr' id='par_1_115' title="bbox 2280 5727 3755 5819">
     <span class='ocr_line' id='line_1_115' title="bbox 2280 5727 3755 5819; baseline -0.012 -16"><span class='ocrx_word' id='word_1_825' title='bbox 2280 5727 2485 5819; x_wconf 27' lang='lat' dir='ltr'><strong>(Il-divin</strong></span> <span class='ocrx_word' id='word_1_826' title='bbox 2509 5727 2942 5819; x_wconf 48' lang='lat' dir='ltr'><strong>eubda—synodo.</strong></span> <span class='ocrx_word' id='word_1_827' title='bbox 2981 5744 3085 5819; x_wconf 77' lang='lat' dir='ltr'><strong>seu</strong></span> <span class='ocrx_word' id='word_1_828' title='bbox 3114 5745 3291 5819; x_wconf 81' lang='lat' dir='ltr'><strong>potius</strong></span> <span class='ocrx_word' id='word_1_829' title='bbox 3329 5743 3381 5796; x_wconf 92' lang='lat' dir='ltr'><strong>in</strong></span> <span class='ocrx_word' id='word_1_830' title='bbox 3413 5740 3539 5819; x_wconf 39' lang='lat' dir='ltr'><strong>alia.</strong></span> <span class='ocrx_word' id='word_1_831' title='bbox 3564 5727 3755 5819; x_wconf 47' lang='lat' dir='ltr'><strong>synodo</strong></span> 
     </span>
    </p>
   </div>
   <div class='ocr_carea' id='block_1_116' title="bbox 2208 5800 3755 5887">
    <p class='ocr_par' dir='ltr' id='par_1_116' title="bbox 2208 5800 3755 5887">
     <span class='ocr_line' id='line_1_116' title="bbox 2208 5800 3755 5887; baseline -0.006 -14"><span class='ocrx_word' id='word_1_832' title='bbox 2208 5800 2676 5887; x_wconf 62' lang='lat' dir='ltr'><strong>Coiistimtiiiopoli</strong></span> <span class='ocrx_word' id='word_1_833' title='bbox 2715 5800 2919 5887; x_wconf 58' lang='lat' dir='ltr'><strong>habita,</strong></span> <span class='ocrx_word' id='word_1_834' title='bbox 2946 5800 3131 5883; x_wconf 75' lang='lat' dir='ltr'><strong>quinta</strong></span> <span class='ocrx_word' id='word_1_835' title='bbox 3172 5816 3259 5867; x_wconf 90' lang='lat' dir='ltr'><strong>illa</strong></span> <span class='ocrx_word' id='word_1_836' title='bbox 3294 5806 3562 5887; x_wconf 58' lang='lat' dir='ltr'><strong>anteriori-</strong></span> <span class='ocrx_word' id='word_1_837' title='bbox 3588 5800 3599 5803; x_wconf 38' lang='lat'>_</span> <span class='ocrx_word' id='word_1_838' title='bbox 3632 5800 3755 5851; x_wconf 58' lang='lat' dir='ltr'><strong>“de</strong></span> 
     </span>
    </p>
   </div>
   <div class='ocr_carea' id='block_1_117' title="bbox 2215 5878 3585 5957">
    <p class='ocr_par' dir='ltr' id='par_1_117' title="bbox 2215 5878 3585 5957">
     <span class='ocr_line' id='line_1_117' title="bbox 2215 5878 3585 5957; baseline -0.007 -14"><span class='ocrx_word' id='word_1_839' title='bbox 2215 5888 2411 5943; x_wconf 81' lang='lat' dir='ltr'><strong>Valesii</strong></span> <span class='ocrx_word' id='word_1_840' title='bbox 2471 5878 2636 5942; x_wconf 77' lang='lat' dir='ltr'><strong>Notas</strong></span> <span class='ocrx_word' id='word_1_841' title='bbox 2694 5888 2759 5941; x_wconf 86' lang='lat' dir='ltr'><strong>ad</strong></span> <span class='ocrx_word' id='word_1_842' title='bbox 2812 5878 3114 5957; x_wconf 74' lang='lat' dir='ltr'><strong>EVagi&#39;ium</strong></span> <span class='ocrx_word' id='word_1_843' title='bbox 3149 5902 3273 5957; x_wconf 85' lang='lat' dir='ltr'><strong>pag.</strong></span> <span class='ocrx_word' id='word_1_844' title='bbox 3331 5884 3445 5938; x_wconf 85' lang='lat' dir='ltr'><strong>lll.</strong></span> <span class='ocrx_word' id='word_1_845' title='bbox 3513 5878 3585 5933; x_wconf 83' lang='lat' dir='ltr'><strong>lo.</strong></span> 
     </span>
    </p>
   </div>
  </div>
