3926 6528
268 420 405 473 1⁵389

1265 425 1360 470 ut
1410 415 1472 470 G.
1514 414 1716 469 ΒΗΜΛ
1759 410 1907 468 DEF.
1949 409 2125 467 FIDEI
2167 411 2494 470 ΝΙΟᾸΞΝᾹΞ.

3355 417 3489 466 ιειθιο

261 534 466 606 βασιλεῖ
496 534 586 588 τὸν
609 535 829 605 χρυσὸν,
859 535 934 599 ὡς
958 535 1014 588 δὲ
1039 533 1412 606 τεθνηξομένῳ
1437 534 1533 604 τὴν
1558 535 1802 606 σμύρναν

1930 533 2248 595 rum,dictis
2286 533 2578 601 Scriptura:
2619 531 2755 586 locis
2803 532 3174 597 abutentimu;
3219 546 3491 601 quamque

260 628 333 690 ὡς
373 626 430 678 δὲ
469 625 592 696 Θεῷ
613 627 704 680 τὸν
729 624 1041 680 λιϐανωτόν
1079 627 1113 680 i.
1144 641 1196 682 e.
1235 645 1248 680 :
1283 646 1300 677 ‹
1332 626 1586 680 Ferentes
1609 628 1744 679 dona
1773 627 1822 680 ei

261 716 347 783 qui
382 719 806 784 componebatur
835 716 1028 787 (utsic
1059 717 1276 786 loquar)
1304 733 1369 771 ex
1404 717 1509 771 Deo
1531 728 1584 771 et
1611 717 1824 771 homine

263 808 495 869 mortali,
523 807 767 879 sytnbola
793 808 1131 873 obtulerunt;
1162 824 1350 862 aurum
1382 819 1638 878 tanquam
1689 811 1821 876 tegi,

257 909 315 952 ut
341 898 604 952 morituro
641 902 941 969 myrrham,
967 907 1026 952 ut
1050 899 1157 952 Deo
1183 900 1327 953 thus.
1361 916 1386 949 ~i
1419 899 1516 954 Ubi
1545 900 1596 952 in
1625 900 1820 954 Christi

255 1003 482 1057 persona
530 989 778 1058 agnoscit
821 998 875 1042 et
915 989 1185 1042 hominem
1231 989 1512 1043 mortalem
1551 997 1607 1043 et
1660 991 1821 1042 Deum

259 1079 660 1144 immortalem,
713 1081 796 1135 cui
843 1081 1017 1136 honos
1075 1082 1290 1136 divinus
1337 1082 1514 1135 thuris
1554 1082 1824 1135 oblatione

257 1171 380 1224 olim
407 1171 656 1224 exhiberi
711 1171 924 1233 solitus,
971 1171 1252 1226 debeatur.
1297 1171 1393 1225 Cui
1439 1171 1683 1241 gemimus
1738 1181 1822 1226 est

262 1260 425 1325 locus,
462 1260 555 1328 qui
590 1260 642 1314 in
670 1260 864 1314 eodem
906 1259 1071 1324 libro,
1096 1259 1338 1329 pauculis
1361 1261 1658 1331 interiectis
1681 1263 1823 1332 pagi-

256 1351 362 1415 nis,
389 1350 631 1405 occurrit
664 1369 678 1404 :
713 1349 801 1404 ubi
829 1349 989 1404 Celso
1011 1349 1235 1405 lndente
1255 1351 1309 1405 in
1341 1353 1654 1421 sanguinem
1693 1352 1819 1406 Iesu

256 1441 534 1513 profusum
575 1442 630 1494 in
663 1455 849 1504 cruce,
889 1455 952 1494 ac
983 1441 1216 1503 dicente,
1277 1461 1297 1493 ι
1322 1459 1427 1497 non
1469 1443 1635 1499 fuisse
1674 1444 1818 1499 illum

249 1550 538 1600 cruorem,
602 1535 781 1602 qualis
849 1535 988 1589 divis
1053 1536 1189 1591 solet
1251 1552 1373 1592 esse
1434 1538 1689 1600 beatis“
1746 1539 1817 1592 ita

251 1626 819 1696 respondetOrigencs
853 1644 999 1680 num.
1031 1627 1119 1692 66,
1149 1643 1269 1698 pag.
1303 1630 1430 1693 380,
1459 1631 1555 1685 381
1589 1631 1818 1702 εἨμεῖς

246 1720 307 1773 δὲ
341 1720 489 1790 αὐτῷ
527 1719 873 1782 πιστεύοντες
926 1721 1121 1789 Ἰησοῦ,
1154 1723 1278 1792 περὶ
1319 1723 1416 1793 μὲν
1443 1723 1543 1794 τῆς
1574 1725 1632 1776 ὲν
1670 1722 1819 1793 αὐτῷ

245 1812 522 1882 θειότητος
549 1812 762 1881 λέγοντι
781 1829 795 1842 ⁸
831 1813 970 1881 Ἐγὼ
989 1814 1106 1882 ειμι
1126 1814 1163 1880 ἡ
1185 1812 1343 1880 ὁδὸς,
1375 1815 1472 1868 καί
1488 1813 1526 1882 ἡ
1547 1814 1814 1882 ἀλήθεια,

1928 623 2203 678 sententia:
2226 621 2651 683 Catholicorum,
2693 638 2756 676 ex
2801 636 2965 692 opere
3014 623 3303 678 creationis
3352 623 3491 677 divi-

1926 714 2147 765 nitatem
2207 709 2327 766 Filii
2388 713 2784 773 asserentium.
2841 715 2907 768 ad
2965 715 3222 768 amussim
3290 730 3488 770 conve-

1924 804 2056 865 niat,
2082 803 2275 857 oculati
2303 818 2490 858 omnes
2518 803 2721 858 vident.
2775 801 2978 860 Ibidem
3020 807 3178 860 docet
3223 804 3489 878 Origenes

1929 898 2019 951 Dei
2047 896 2206 950 Verbi
2241 897 2576 950 divinitatem
2597 912 2692 964 per
2713 896 3142 956 incarnationem
3169 901 3484 970 neutiquam

1925 987 2090 1043 fuisse
2139 988 2211 1040 ita
2277 987 2760 1058 circumscriptam,
2794 998 2853 1044 ut
2895 1005 3159 1061 nusquam
3195 991 3281 1046 illa
3340 1002 3488 1048 esset
3527 998 3532 1003 '

1923 1087 2074 1132 extra
2104 1076 2232 1132 Iesu
2272 1093 2467 1147 corpus
2516 1091 2568 1133 et
2603 1081 2874 1146 animam;
2906 1086 2999 1136 sed
3046 1099 3168 1139 esse
3214 1084 3486 1155 fuisseque
3566 1153 3574 1160 _

1923 1185 2137 1238 semper
2175 1170 2446 1239 φθάνοντα
2502 1172 2802 1242 πανταχοῦ,
2837 1175 3026 1244 ubique
3077 1179 3400 1244 prmeirtem.
3428 1176 3488 1231 id

1923 1277 2050 1317 vero
2082 1277 2148 1317 ne
2179 1268 2300 1331 quis
2333 1264 2382 1316 in
2427 1261 2795 1320 Cerinthianaa
2852 1266 3074 1324 haeresis
3126 1271 3484 1337 patrocinium

1923 1357 2183 1423 traheret,
2214 1369 2337 1409 mox
2368 1355 2664 1426 subiungit,
2694 1373 2818 1428 pag.
2846 1358 2950 1414 ’594
2973 1377 2985 1412 :
3013 1359 3482 1433 Ταῦταδέφαμεν,

1917 1447 1980 1498 οὺ
2013 1445 2334 1517 χωρίζοντες
2359 1445 2450 1500 τὸν
2477 1447 2605 1500 Υίὸν
2638 1448 2730 1502 τοῦ
2769 1448 2904 1504 Θεοῦ
2967 1450 3075 1504 ἀπὸ
3099 1441 3103 1446 ⁸
3124 1451 3218 1504 τοῦ
3287 1453 3482 1524 Ἰησοῦ*

1918 1536 1977 1589 ἒν
2003 1537 2110 1607 γὰρ
2131 1537 2363 1606 μάλιστα
2396 1537 2533 1608 μετὰ
2561 1538 2659 1610 τὴν
2687 1541 2996 1612 οἰκονομίαν
3026 1543 3314 1615 γεγένηται
3349 1544 3486 1615 πρὸς

1917 1628 2008 1681 τὸν
2049 1627 2220 1696 Λόγον
2256 1629 2347 1681 τοῦ
2383 1628 2518 1684 Θεοῦ
2543 1631 2576 1700 ἡ
2601 1630 2743 1703 ψυχὴ
2769 1632 2863 1686 καὶ⁹
2884 1633 2945 1686 τὸ
2973 1633 3129 1704 σῶμα
3152 1633 3246 1688 τοῦ
3288 1635 3482 1706 Ἰησοῦ,

1919 1717 1972 1771 id
1995 1728 2100 1783 eat,
2133 1737 2152 1769 ‹
2190 1717 2316 1773 Haec
2351 1730 2530 1774 autem
2577 1737 2683 1776 non
2741 1737 2806 1778 eo
2859 1737 2888 1776 a
2930 1723 3086 1779 nobis
3137 1725 3278 1778 dicta
3334 1736 3482 1783 sunt.

1917 1806 2058 1878 quod
2089 1823 2403 1879 separemus
2435 1823 2465 1865 a
2504 1810 2631 1866 Iesu
2673 1812 2865 1868 Filium
2895 1814 3026 1879 Dei;
3072 1831 3283 1872 summe
3337 1818 3482 1871 enim

249 1901 346 1956 καί
379 1904 417 1970 ἡ
440 1901 577 1970 ζωὴ,
619 1904 717 1956 καὶ
743 1902 796 1956 εί
827 1921 880 1956 τι
909 1902 1118 1968 τούτοις
1165 1906 1557 1978 παραπλήσιον.
1590 1907 1723 1979 Περὶ
1760 1907 1809 1961 δὲ

1922 1898 2070 1953 uni'ta
2102 1899 2254 1956 fuere
2281 1912 2402 1971 post
2431 1903 2888 1971 dispensationem
2907 1908 3084 1961 anima
3108 1906 3234 1962 Iesu
3259 1923 3488 1979 corpus-

247 1995 361 2058 τοῦ,
386 1996 470 2049 ὅτι
503 1996 562 2047 ὲν
597 1995 922 2067 ἀνθρωπίνῳ
945 1995 1157 2066 σώματι
1203 1991 1272 2068 ἦν
1307 1996 1477 2050 ταῦτα
1521 1999 1811 2067 φασκόντι-

256 2088 382 2141 Νῦν
398 2085 470 2139 δὲ
487 2085 711 2154 ζητεῖτέ
719 2104 797 2156 με
820 2087 1162 2161 ἀποκζεῖναι
1176 2088 1503 2156 ἄνθρωπον,
1517 2089 1688 2157 ὅστις
1702 2091 1818 2161 τὴν

247 2178 538 2246 ἀλήθειαν
551 2179 698 2250 ὑμῖν
723 2179 1054 2248 λελάληκα·
1071 2179 1320 2233 σύνθετόν
1348 2198 1400 2234 τι
1422 2182 1612 2253 χρῆμά
1636 2201 1816 2255 φαμεν

230 2274 404 2327 ἀὐτὸν
423 2275 730 2343 γεγονέναι-
758 2275 793 2328 i.
819 2290 892 2340 e.,
914 2293 932 2327 ι
957 2273 1063 2328 Nos
1087 2290 1216 2328 vero
1243 2277 1342 2344 ipsi
1364 2274 1488 2330 Iesu
1510 2279 1812 2342 credentes,

252 2367 317 2420 de
346 2368 629 2422 divinitate
667 2367 882 2435 quidem
916 2382 1034 2434 τινα)
1074 2367 1126 2420 in
1166 2381 1233 2421 eo
1277 2376 1394 2421 erat
1423 2368 1622 2422 dicenti
1653 2387 1667 2422 :
1703 2367 1814 2440 Ego

238 2474 354 2512 sum
386 2460 490 2522 ria,
512 2460 707 2512 veritas
727 2471 777 2512 et
807 2460 908 2512 vita
929 2460 996 2522 “,
1042 2466 1096 2511 et
1134 2460 1178 2513 si
1210 2461 1336 2527 quid
1356 2469 1445 2514 est
1476 2460 1559 2515 his
1596 2463 1810 2516 simile:

242 2549 309 2602 de
336 2563 566 2617 corpore
598 2563 729 2602 vero
765 2551 814 2601 in
858 2546 972 2619 quo'
996 2561 1113 2605 erat
1144 2550 1382 2605 humano
1411 2553 1490 2606 sic
1526 2551 1767 2621 loquenti
1793 2571 1811 2609 :

246 2637 398 2692 Nunc
429 2653 512 2692 me
531 2639 772 2708 queritis
810 2639 1100 2707 interﬁcere
1122 2640 1404 2704 hominem.
1427 2644 1517 2712 qui
1544 2646 1813 2699 veritatem

241 2732 378 2786 vobis
411 2730 644 2784 'locutus
691 2748 805 2784 sum
835 2732 922 2785 δτι
956 2733 1131 2788 aimus
1171 2749 1291 2787 cum
1349 2734 1515 2790 fuisse
1556 2736 1810 2806 quiddam

235 2825 621 2893 compositum.
643 2841 663 2876 ν
703 2823 824 2877 Mox
872 2821 1072 2890 dicitp.
1108 2825 1203 2880 581
1238 2825 1515 2880 Christum
1549 2829 1806 2883 habuisse

236 2913 506 2986 θειότερόν
535 2932 588 2967 τι
626 2917 684 2968 ὲν
720 2914 796 2985 τῷ
833 2913 1147 2986 βλεπομένῳ
1179 2915 1467 2987 ἀνθρώπῳ,
1511 2918 1648 2990 ὅπερ
1685 2915 1754 2990 ἦν
1781 2922 1812 2972 ὁ

242 3006 461 3074 κυρίως
492 3005 625 3068 Υίὸς
674 3005 830 3068 Θεοῦ,
864 3005 996 3068 Θεὸς
1032 3005 1222 3073 Λόγος,
1263 3004 1399 3058 Θεοῦ
1426 3006 1672 3078 δύναμις,
1717 3011 1812 3063 καὶ

238 3093 373 3147 Θεοῦ
393 3095 574 3163 σοφία·
598 3096 634 3145 i.
654 3110 727 3155 e.,
750 3093 1046 3159 «Quiddam
1071 3095 1301 3148 divinius
1317 3096 1415 3149 sub
1445 3097 1675 3150 humana
1698 3113 1812 3164 spe-

238 3187 322 3239 cie
345 3225 361 3250 ,
407 3185 550 3253 quod
594 3194 714 3236 erat
748 3184 954 3253 proprie
1013 3182 1104 3237 Dei
1147 3184 1346 3243 Filius.
1381 3185 1520 3239 Deus
1552 3185 1805 3250 Verbum,

237 3279 412 3331 virtus
451 3276 825 3346 sapietuiaque
869 3275 981 3334 Dei.
1023 3294 1042 3326 ι
1095 3275 1159 3329 Et
1205 3287 1325 3344 post
1377 3275 1804 3344 aliquammulta,

233 3368 509 3423 Christum
539 3367 775 3437 appellat
804 3383 950 3420 nunt.
975 3367 1062 3431 68,
1099 3384 1153 3436 p.
1185 3368 1309 3431 585,
1337 3368 1467 3420 Θεὸν
1503 3370 1560 3421 ἐν
1592 3368 1806 3442 ἀνθρω-

235 3458 375 3529 πίνῳ
427 3458 667 3528 φανέντα
726 3456 938 3529 σώματι
997 3459 1085 3510 ἐπ’
1127 3458 1414 3530 εὐεργεσίᾳ
1480 3459 1572 3511 τοῦ
1619 3460 1806 3528 γένους

233 3551 412 3621 ἡμῶν.
437 3570 456 3602 ι
482 3551 651 3604 Deum
685 3559 1030 3619 apparentem
1057 3549 1114 3604 in
1137 3552 1372 3604 hmuano
1389 3565 1636 3620 corpore,
1668 3563 1722 3606 ut
1753 3555 1804 3607 iu

236 3649 480 3696 nostrum
503 3657 679 3713 genus
712 3652 996 3698 exerceret
1020 3643 1454 3698 beneﬁcentiam.
1493 3661 1512 3694 ι

299 3731 332 3804 ᾗ
361 3733 424 3788 V.
448 3732 508 3787 In
539 3733 679 3787 libro
702 3735 938 3788 seetlndo
966 3734 1142 3788 citatis
1172 3733 1365 3788 Genes.
1388 3750 1425 3796 l.
1456 3733 1527 3788 96
1561 3754 1575 3788 :
1608 3732 1804 3791 Facia-

229 3839 348 3877 mus
400 3823 664 3878 hominem
720 3825 792 3876 ad
840 3825 1122 3894 imaginem
1168 3839 1215 3877 et
1268 3825 1662 3880 similitudinem
1710 3845 1804 3882 no-

230 3925 437 3979 stram;
484 3923 539 3968 et
588 3914 763 3967 locum
816 3913 1030 3968 Davidis
1069 3916 1262 3984 psalm.
1303 3930 1529 3979 CXLVIII,
1585 3918 1618 3971 5
1645 3936 1657 3968 :
1688 3918 1808 3985 Ipse

227 4008 388 4072 dixit,
431 4018 480 4061 et
526 4007 674 4076 facta
717 4019 856 4072 sunt,
893 4009 1002 4075 ipse
1045 4009 1304 4062 mandavit
1349 4019 1395 4062 et
1431 4020 1607 4063 creata
1643 4025 1805 4073 sum;

229 4100 320 4154 Dei
353 4101 518 4154 fuisse
547 4099 742 4152 Filium
769 4114 831 4154 ac
863 4099 1211 4168 Sermonem,
1249 4103 1333 4155 cui
1370 4103 1440 4156 ita
1478 4104 1685 4158 locutus
1725 4117 1808 4158 est

227 4205 290 4245 ac
316 4193 577 4261 prmeepit
605 4191 744 4244 Deus
770 4189 954 4254 Pater,
982 4193 1080 4247 hac
1099 4197 1310 4247 ratione
1338 4195 1546 4264 colligit
1575 4211 1721 4247 nutu.
1749 4197 1801 4256 9,

229 4299 348 4353 pag.
394 4285 501 4339 393
527 4303 540 4336 :
570 4284 637 4336 Et
666 4283 774 4353 γὰρ
797 4282 1098 4337 ἐνετείλατο
1118 4286 1147 4337 ὁ
1169 4285 1319 4350 Θεὸς,
1359 4288 1450 4338 καὶ
1486 4285 1706 4356 ἐκτίσθη
1739 4287 1806 4339 τά

225 4381 718 4452 δημιουργήματα·
747 4381 830 4442 τὶς
855 4378 940 4442 ἂν,
970 4381 1106 4433 κατὰ
1137 4381 1197 4433 τὸ
1221 4381 1453 4452 ἀρέσκον
1484 4381 1560 4450 τῷ
1590 4397 1803 4453 προφη-

228 4473 362 4544 τικῷ
382 4473 688 4542 Πνεύματι,
715 4472 798 4542 εἴη
817 4473 844 4524 ὁ
858 4472 955 4542 τὴν
972 4472 1298 4542 τηλικαύτην
1321 4473 1412 4524 τοῦ
1435 4473 1643 4544 ἱΙατρὸς
1659 4475 1807 4527 ἐντο-

1919 2006 2026 2061 que
2039 2006 2159 2047 cum
2183 1991 2362 2049 Verbo
2383 1993 2499 2050 Dei.
2533 2014 2553 2048 ι
2577 1997 2775 2066 Ecquis
2809 2013 2938 2055 vero
2963 2010 3251 2071 utramque
3277 2001 3483 2058 Christi

1917 2089 2187 2147 naturam,
2217 2092 2274 2138 et
2322 2084 2610 2154 utriusque
2641 2096 2848 2143 natura:
2882 2091 3134 2145 unionem
3183 2093 3483 2163 hypostati~

1915 2187 2034 2231 cam
2083 2174 2256 2242 magis
2304 2174 2583 2233 Catholice
2627 2178 2900 2247 explicare
2945 2182 3149 2250 potuit,
3206 2199 3366 2252 quam
3415 2185 3482 2240 ab

1915 2262 2152 2335 Origene
2200 2265 2348 2322 hisee
2375 2267 2428 2321 in
2458 2266 2592 2324 locis
2615 2269 2815 2325 factum
2836 2271 2959 2326 est?
2984 2271 3106 2328 Mox
3131 2274 3326 2329 ibidem
3359 2291 3483 2330 cor-

1914 2368 2016 2422 pus
2045 2353 2248 2408 Christi
2294 2356 2425 2410 dicit
2473 2372 2623 2411 num.
2660 2356 2749 2423 10,
2803 2358 2896 2412 τὸν
2925 2359 3140 2432 ἀληθῶς
3191 2363 3317 2416 ναὸν
3344 2363 3480 2419 Θεοῦ

1911 2443 2006 2498 τοῦ
2051 2444 2248 2514 Λόγου,
2278 2447 2373 2500 καὶ
2418 2447 2516 2519 τῆς
2565 2447 2777 2519 σοφίας,
2810 2452 2906 2505 καὶ
2959 2455 3056 2524 τῆς
3107 2455 3396 2526 ἀληθείας,
3428 2457 3482 2512 id

1913 2542 1998 2591 est
2018 2575 2034 2599 ,
2094 2554 2115 2588 ι
2155 2534 2354 2591 Verum
2385 2538 2644 2608 templum
2675 2541 2768 2596 Dei
2801 2541 2986 2610 Ve’rhi,
3018 2547 3266 2603 veritatis
3304 2559 3361 2606 et
3393 2565 3481 2604 sa—

1913 2625 2164 2694 pientim;
2209 2644 2232 2680 ι
2268 2629 2412 2698 quod
2435 2629 2631 2696 Iudaei,
2673 2631 2943 2702 lapideum
2963 2637 3058 2692 Dei
3084 2640 3338 2710 templum
3362 2643 3480 2712 plus

1910 2719 2049 2774 satis
2074 2732 2414 2787 venerantes,
2452 2734 2917 2797 contempserunt.

1983 2809 2015 2883 ς
2049 2811 2136 2868 Vl.
2163 2813 2218 2868 In
2249 2813 2389 2870 libro
2413 2819 2572 2872 tertio
2607 2820 2885 2890 ohjicienti
2933 2824 3259 2890 Christianis
3296 2829 3483 2899 Celso,

1911 2918 2062 2959 num.
2094 2905 2185 2971 41,
2209 2921 2262 2974 p.
2309 2908 2437 2972 475,
2469 2909 2597 2976 474,
2631 2929 2654 2965 ι
2702 2917 2845 2983 quod
2881 2915 3066 2972 Iesum
3103 2922 3318 2976 mortali
3355 2939 3480 2978 cor-

1908 3008 2042 3062 pore
2076 3005 2414 3054 constantem
2443 3004 2668 3058 credant
2692 3019 2813 3062 esse
2865 3009 3056 3074 Deum,
3084 3011 3244 3083 idque
3268 3017 3353 3084 pie
3377 3017 3479 3072 sibi

1911 3084 2200 3140 videantur
2231 3086 2445 3155 facere;
2485 3110 2502 3142 ι
2536 3092 2609 3146 ita
2635 3099 2924 3163 respondet
2946 3097 3212 3170 Origenes
3246 3123 3262 3157 :
3292 3106 3479 3160 Ἴστω-

1914 3191 2010 3228 σαν
2054 3178 2107 3229 οἱ
2153 3178 2539 3245 ἐγκαλοῦντες,
2581 3183 2664 3236 ὅτι
2701 3183 2760 3238 ὃν
2800 3186 2900 3256 μὲν
2940 3191 3229 3261 νομίζομεν
3256 3195 3351 3246 καὶ
3384 3213 3477 3248 πει

1911 3266 2180 3336 πείσμεθα
2201 3269 2437 3341 ἀρχῆθεν
2464 3267 2601 3326 εἶναι
2639 3274 2770 3329 Θεὸν
2803 3279 2898 3331 καί
2927 3279 3053 3333 Υἱὸν
3078 3281 3234 3345 Θεοῦ,
3268 3279 3422 3349 οὗτος
3450 3287 3478 3339 ὃ

1903 3359 2194 3428 αὑτολόγος
2223 3363 2338 3414 ἐστὶ
2374 3365 2526 3435 καὶὴ
2567 3367 2860 3437 αὐτοσοφία
2899 3370 2992 3422 καὶ
3035 3373 3068 3442 ἡ
3097 3373 3477 3447 αὐτοαλήθεια·

1904 3451 1967 3504 τὸ
1999 3452 2057 3506 δὲ
2082 3452 2272 3525 θνητὸν
2308 3454 2470 3508 αὑτοῦ
2521 3456 2698 3528 σῶμα,
2743 3458 2836 3512 καὶ
2886 3459 2984 3530 τὴν
3034 3462 3380 3537 ἀνθρωπίνην
3419 3469 3478 3521 ὲν

1905 3545 2055 3616 αὐτῷ
2102 3546 2298 3617 ψυχὴν,
2359 3551 2423 3620 τῇ
2459 3549 2595 3620 πρὸς
2650 3551 2852 3605 ἐκεῖνον
2907 3554 2966 3605 οὐ
3019 3555 3178 3624 μόνον
3229 3559 3475 3630 κοινωνίᾳ

1903 3637 2043 3693 ἀλλὰ
2075 3641 2170 3693 καὶ
2198 3640 2386 3694 ἑνώσει
2415 3642 2510 3695 καὶ
2553 3643 2870 3715 ἀνακράσει,
2922 3646 2991 3699 τὰ
3039 3647 3478 3721 μέγιστά-φαμεν

1906 3733 2348 3804 προσειληφέναι,
2381 3737 2474 3788 καὶ
2490 3737 2588 3806 τῆς
2620 3737 2830 3790 ἐκείνου
2858 3738 3131 3810 θειότητος
3157 3758 3478 3813 κεκοινωνηο

1906 3827 2042 3879 κότα
2081 3828 2161 3891 εἰς
2203 3828 2336 3880 Θεὸν
2391 3829 2844 3900 μεταϐεϐηκέναι,
2871 3832 2920 3883 id
2945 3843 3048 3897 est,
3092 3851 3114 3884 ο
3151 3833 3339 3888 Sciant
3389 3837 3475 3889 isti

1907 3918 2285 3972 criminatores
2324 3919 2464 3973 hunc
2509 3919 2691 3974 Iesum
2719 3962 2736 3986 ,
2781 3939 2940 3991 quem
2987 3923 3055 3977 ab
3101 3925 3252 3978 initio
3309 3927 3474 3981 Deum

1907 4007 2110 4078 Deique
2137 4009 2330 4063 Filium
2359 4026 2478 4065 esse
2527 4012 2830 4076 credimus,
2862 4015 3034 4082 ipsum
3065 4029 3186 4069 esse
3214 4015 3473 4080 Verbum,

1907 4101 2077 4170 ipsam
2111 4105 2413 4167 veritatem,
2452 4103 2620 4171 ipsam
2651 4104 3012 4173 sapientiam:
3043 4115 3294 4160 caeterum
3333 4122 3475 4162 mor-

1908 4194 2014 4249 tale
2051 4195 2167 4262 ejus
2195 4209 2395 4263 corpus
2437 4206 2492 4247 et
2529 4196 2820 4249 humanam
2869 4197 2920 4250 in
2955 4213 3022 4253 eo
3061 4198 3296 4252 animam
3332 4199 3476 4254 illius

1908 4285 2071 4342 Verbi
2103 4303 2208 4342 non
2247 4288 2418 4341 solum
2447 4290 2958 4355 communicatione,
2998 4292 3092 4344 sed
3125 4292 3287 4345 etiam
3320 4292 3475 4346 unio~

1906 4396 1975 4434 ne
2006 4389 2064 4436 et
2094 4381 2462 4450 permistione,
2497 4381 2733 4435 maxima
2761 4397 2992 4452 quaeque
3020 4383 3250 4438 dicimus
3315 4398 3475 4438 acceo

1905 4471 2070 4538 pisse,
2095 4480 2150 4525 et
2179 4471 2514 4526 divinitatem
2555 4473 2726 4542 ipsius
2757 4475 3162 4545 participantia,
3211 4477 3264 4530 in
3305 4475 3472 4532 Deum

227 4562 321 4634 λὴν
341 4563 704 4634 ἐκπληρῶσαι
731 4563 997 4632 δυνηθεὶς,
1034 4563 1068 4633 ἢ
1116 4565 1144 4615 ὁ
1185 4562 1272 4632 (ἶν’
1305 4562 1475 4626 οὕτως
1515 4563 1800 4636 ὀνομάσῳ)

1913 4565 2204 4617 evasisse”
2265 4563 2430 4632 Cujus
2486 4567 2853 4631 responsionis
2893 4567 2958 4634 (si
2999 4567 3128 4636 quid
3161 4567 3336 4638 video)
3388 4567 3476 4622 hic

227 4654 471 4725 ἔμψυχος
519 4652 679 4720 λόγος
726 4654 819 4706 καὶ
860 4652 1086 4721 ἀλήθεια
1106 4655 1405 4724 τυγχάνων,
1445 4655 1496 4709 id
1544 4665 1646 4718 est,
1675 4674 1699 4706 ‹
1740 4656 1796 4710 Si

225 4748 372 4800 enim
431 4745 709 4800 mandavit
742 4743 913 4805 Deus,
959 4755 1014 4798 et
1057 4749 1288 4802 conditae
1327 4758 1450 4802 sunt
1499 4757 1796 4811 creaturae;

227 4837 347 4908 quis
367 4838 525 4907 juxta
549 4837 871 4890 sententiam
889 4839 1186 4905 prophetici
1215 4837 1450 4907 Spiritus
1469 4849 1655 4908 posset
1683 4855 1804 4894 esse

227 4929 358 4984 tanti
409 4929 624 4997 paterni
675 4928 910 4981 mandati
946 4941 1255 4992 exsecutor,
1294 4947 1453 4998 quam
1507 4931 1615 4995 ille,
1646 4941 1704 4986 ut
1725 4934 1802 4987 sic

226 5019 441 5090 loquar,
470 5019 740 5072 animatus
759 5019 876 5087 ejus
899 5033 1078 5073 sermo
1111 5030 1167 5073 et
1193 5021 1434 5075 veritas?
1467 5041 1486 5074 ι
1521 5021 1724 5086 Quibus
1747 5025 1799 5077 in

227 5115 414 5167 verbis
453 5111 646 5164 Filium
677 5109 768 5163 Dei
795 5126 825 5163 a
867 5109 1026 5164 rebus
1059 5113 1257 5166 creatis
1288 5113 1539 5166 omnibus
1577 5115 1806 5182 apertis-

225 5204 362 5258 sime
387 5201 710 5270 distinguit;
741 5201 868 5270 quin
905 5209 960 5255 et
978 5201 1122 5256 clare
1146 5201 1303 5256 docet
1323 5217 1458 5272 opus
1476 5204 1766 5258 creationis
1785 5245 1800 5268 ,

225 5296 297 5350 illi
345 5296 441 5349 Dei
487 5294 625 5350 Filio
663 5309 693 5346 a
734 5293 895 5347 Patre
951 5309 1049 5349 suo
1105 5297 1483 5349 demandatum
1511 5336 1526 5357 ,
1593 5305 1799 5349 tantum

226 5389 444 5452 luisse,
507 5398 693 5459 utpote
752 5387 948 5441 divinae
1007 5386 1412 5456 omnipotentis:
1479 5387 1797 5455 proprium,

226 5493 284 5538 nt
345 5482 538 5554 perlici
608 5480 917 5549 neutiquam
972 5481 1208 5548 potuerit
1260 5480 1361 5534 nisi
1417 5480 1485 5533 ab
1542 5493 1641 5540 eo,
1705 5479 1798 5548 qui

225 5576 294 5630 sit
321 5577 440 5644 ipse
484 5573 580 5628 Dei
622 5571 800 5625 Patris
847 5587 1022 5626 sermo
1069 5588 1133 5627 ac
1179 5572 1399 5626 veritas.
1455 5570 1585 5637 Quae
1634 5571 1800 5625 ratio-

223 5667 432 5721 cinatio
485 5679 650 5735 quam
696 5664 881 5733 procul
921 5666 1080 5718 distet
1131 5680 1159 5717 a
1200 5673 1385 5718 mente
1435 5663 1799 5717 Ariomanita—

295 5845 341 5874 “
362 5843 522 5899 Ioui.
561 5856 674 5900 stv,
697 5840 749 5894 6.
826 5842 868 5870 ⁸⁷
893 5838 1047 5893 Joan.
1077 5857 1196 5904 vni,
1227 5841 1316 5895 40.

588 5936 858 5994 Ρλτιιοι.
903 5937 1018 5997 Cn.
1068 5936 1262 5996 XV“.

1907 4671 2102 4711 sensus
2147 4655 2464 4711 manifestus
2497 4667 2582 4710 est
2629 4672 2644 4708 :
2691 4657 2774 4710 An
2808 4657 2941 4711 illud
2969 4673 3067 4712 vos
3098 4657 3406 4719 conturbat,
3442 4672 3475 4712 ο

1907 4749 2235 4818 philosophi,
2269 4751 2410 4819 quod
2473 4765 2570 4803 nos
2623 4749 2913 4804 Christiani
2965 4749 3236 4803 Christum
3279 4749 3473 4803 Serva-

1911 4852 2082 4897 torem
2115 4853 2377 4905 nostrum,
2409 4841 2622 4896 mortali
2649 4856 2876 4909 corpore
2910 4850 3274 4902 constantem,
3307 4839 3472 4893 Deum

1910 4933 2176 4986 dicimus?
2227 4932 2366 4992 luto,
2419 4931 2704 4999 ringamini
2748 4932 2894 4997 licet,
2945 4932 3093 4986 illttm
3149 4932 3312 4984 Deum
3353 4945 3474 4986 esse

1911 5022 2239 5076 aliirmamus
2299 5023 2671 5089 ipsissimum;
2721 5035 2911 5090 nempe
2966 5023 3138 5091 ipsam
3185 5023 3470 5086 rationem,-

1903 5114 2073 5184 ipsant
2108 5119 2414 5176 veritatem,
2449 5113 2618 5182 ipsam
2649 5113 3010 5180 sapientiam:
3035 5114 3163 5182 quin
3187 5121 3242 5166 et
3271 5113 3322 5164 in
3356 5124 3473 5164 tan-

1903 5216 2015 5260 tum
2047 5206 2236 5270 Deum,
2272 5217 2332 5260 ut
2359 5222 2466 5261 non
2491 5220 2778 5260 vereamur
2803 5205 3007 5268 dicere,
3036 5204 3154 5274 ejus
3183 5204 3344 5256 etiam
3379 5203 3473 5256 lm-

1902 5310 2116 5349 manam
2157 5307 2424 5359 naturam,
2461 5312 2559 5364 per
2605 5295 2860 5349 unionem
2919 5310 3044 5350 cum
3087 5294 3290 5357 divina,
3337 5309 3473 5362 quo-

1902 5386 2188 5442 dammodo
2223 5386 2526 5440 tleilicatam
2557 5403 2700 5442 esse.
2747 5386 2989 5440 Notanda
3017 5386 3103 5446 bic
3143 5395 3226 5440 est
3271 5385 3472 5438 locutio

1899 5477 2120 5532 omnino
2179 5476 2489 5542 Platonica,
2552 5477 2858 5546 αὐτολόγος,
2909 5475 3284 5547 αὐτοαλήθεια.
3336 5474 3469 5529 Nam

1902 5569 2054 5626 Plato
2072 5568 2404 5638 αὐτοαγαθόν
2436 5570 2592 5634 dixit,
2615 5571 2758 5639 quod
2785 5581 2867 5623 est
2897 5583 3024 5624 vere
3055 5584 3119 5623 ac
3146 5584 3241 5636 per
3287 5581 3345 5622 se
3376 5569 3472 5620 ho.

1904 5677 2029 5716 num
2053 5678 2071 5721 ς
2102 5661 2230 5714 illud
2258 5661 2536 5729 epitheton
2562 5661 2860 5714 attrihucns
2882 5659 2980 5714 soli
3007 5675 3137 5714 vero
3165 5673 3229 5713 ac
3259 5673 3470 5712 summu

3037 5931 3106 5991 Ιιι
