3952 6538
348 448 363 463 ι
466 385 595 443 teet

1876 388 2242 443 EXCERPTU
2253 386 2300 442 Μ

3598 385 3730 437 1292

465 510 596 569 beo,
643 521 671 559 a
729 520 835 575 qtto
868 506 957 562 ille
988 504 1081 560 τὸν
1107 507 1279 575 Λόγον
1314 505 1528 576 longius
1562 507 1833 576 sperabat.
1885 507 2036 575 Atqui

2150 505 2342 577 κούρου
2377 506 2484 558 θεοὶ
2506 548 2520 571 ,
2548 502 2787 558 σύνθετοι
2820 503 2878 568 ἐξ
2897 503 3114 574 ἀτόμων
3136 502 3527 572 τυγχάνοντες,
3557 502 3651 554 καὶ
3676 502 3733 554 τὺ

462 599 747 666 Origenes,
778 608 1033 668 tauquam
1065 614 1129 651 ex
1167 598 1476 652 Christiana
1541 596 1869 652 Platonicam
1917 598 2039 666 phi-

468 690 777 759 losophiam
822 690 1119 759 corrigens,
1151 690 1316 743 etiam
1350 690 1440 743 τὸν
1470 690 1641 759 Λόγον
1682 691 1797 744 sive
1844 690 2038 744 Filium

466 781 558 833 Dei
588 779 934 849 αὑτοσοφίαν,
967 780 1376 852 αὑτοαλήθειαν,
1408 797 1471 835 ac
1516 782 1741 852 proinde
1768 782 2042 849 αὐτοαγα-

466 873 557 926 θόν
576 874 699 943 jure
734 874 925 929 merito
952 874 1055 929 dici
1084 889 1239 943 posse
1272 875 1605 944 pronuntiat.
1635 872 1901 929 Caeterum
1933 888 2042 927 non

469 976 575 1032 est,
610 967 753 1037 quod
782 966 981 1021 fratres
1014 966 1185 1022 nostri
1208 966 1529 1031 Lutherani,
1554 967 1644 1036 qui
1680 965 1863 1021 nescio
1882 979 2042 1034 quam

467 1061 720 1115 humana:
745 1059 798 1114 in
826 1058 1054 1115 Christo
1091 1070 1301 1115 natura!
1333 1059 1691 1130 ubiquitatem
1725 1057 2041 1127 defendunt,

468 1167 538 1205 ex
565 1152 648 1206 his
670 1151 919 1220 Origenis
947 1150 1127 1207 verbis
1160 1152 1452 1221 quidquam
1497 1166 1673 1206 causae
1717 1166 1830 1206 suae
1883 1165 2043 1205 acce-

467 1243 597 1297 dere
623 1244 977 1298 arbitrentur.
1006 1244 1142 1298 Nam
1166 1244 1220 1297 in
1254 1242 1395 1307 loco,
1452 1258 1613 1313 quem
1656 1258 1724 1297 ex
1771 1243 1909 1298 libro
1953 1256 2043 1297 se-

468 1335 649 1389 cundo
685 1334 842 1389 modo
870 1333 1215 1404 adduximus,
1238 1344 1427 1403 aperte
1468 1336 1624 1389 docet
1666 1332 1928 1405 Origenes
1951 1334 2044 1388 τὸν

467 1423 624 1494 λόγον
670 1425 743 1480 ita
794 1440 917 1481 cum
951 1427 1194 1481 humana
1227 1426 1432 1483 Christi
1456 1436 1651 1481 natura
1691 1427 2045 1497 coniunctum

465 1533 610 1583 esse,
645 1528 702 1572 ut
731 1520 893 1573 etiam
922 1532 1075 1573 extra
1111 1518 1237 1575 Jesu
1266 1520 1502 1574 animam
1546 1533 1847 1589 corpusque
1902 1520 2046 1575 exsi-

466 1618 612 1677 stat;
645 1625 709 1664 ac
729 1610 790 1663 τό
822 1611 1010 1680 ubique
1030 1628 1140 1665 esse
1173 1612 1227 1665 in
1252 1610 1421 1666 solam
1448 1611 1786 1667 divinitatem
1826 1626 2044 1682 compe-

468 1714 608 1757 tere.
634 1701 774 1768 Quin
832 1711 887 1757 et
928 1703 980 1757 in
1011 1704 1114 1758 hoc
1152 1704 1271 1773 ipso
1315 1704 1435 1760 loco
1481 1718 1604 1758 mox
1627 1713 1748 1774 post
1776 1704 1937 1759 verba
1966 1703 2045 1757 al-

460 1794 601 1859 lata,
625 1794 768 1863 quod
798 1794 864 1847 de
902 1793 1255 1861 permistione
1298 1793 1550 1848 humanae
1591 1794 1644 1847 iu
1694 1792 1912 1848 Christo
1947 1808 2043 1847 na-

2143 598 2265 650 ὃσον
2301 596 2393 648 ἐπὶ
2420 598 2485 666 τῇ
2519 594 2772 647 συστάσει
2808 593 3085 657 ἀναλυτοὶ,
3114 592 3603 663 πραγματεύονται
3639 592 3731 655 τάς

2143 688 2500 759 φθοροποιοὺς
2548 689 2784 758 ἀτόμους
2806 686 3177 741 ἀποσείεσθαι.
3216 686 3380 739 Ἀλλά
3423 685 3525 738 καὶ
3567 687 3597 737 ὁ
3630 684 3732 735 τῶν

2144 780 2382 833 Στοῖκῶν
2402 780 2553 843 Θεὸς,
2578 778 2674 833 ἆτε
2711 778 2871 849 σῶμα
2890 779 3195 848 τυγχάνων,
3235 779 3324 831 ὁτὲ
3377 776 3481 847 μὲν
3529 778 3730 845 ἠγεμοο

2142 870 2291 924 νικὸν
2317 870 2430 941 ἔχει
2468 869 2567 941 τὴν
2609 870 2738 941 ὃλην
2772 870 2983 935 οὐσίαν,
3007 871 3134 923 ὅταν
3178 872 3213 940 ἡ
3273 868 3598 940 ἐκπύρωσις

2142 963 2232 1016 ὁτὲ
2263 965 2355 1016 ἐπὶ
2380 962 2578 1035 μέρους
2605 962 2815 1032 γίνεται
2857 963 3058 1034 αὐτῆς,
3102 963 3231 1015 ὅταν
3269 964 3303 1033 ἡ
3337 962 3747 1032 διιι.π.ι5ιηι.τ;σγ.ςοΔ

2142 1055 2262 1110 οὐδὲ
2280 1056 2389 1128 γὰρ
2415 1056 2730 1127 δεδύνηνται
2757 1050 2904 1111 οὗτοι
2945 1056 3224 1128 τρανῶσαι
3250 1056 3351 1126 τὴν
3383 1054 3627 1126 φυσικὴν
3644 1053 3731 1106 τοῦ

2142 1148 2279 1202 Θεοῦ
2301 1147 2528 1215 ἔννοιαν,
2552 1147 2629 1212 ὼς
2658 1148 2834 1220 πάντη
2877 1148 3177 1219 ἀφθάρτου,
3218 1150 3312 1201 καὶ
3359 1148 3542 1202 ἁπλοῦ
3573 1189 3590 1213 ,
3633 1149 3723 1200 καὶ

2142 1242 2460 1308 ἀσυνθέτου,
2501 1245 2595 1298 καὶ
2638 1243 2969 1315 ἀδιαιρέτου,
3003 1243 3077 1297 Τὸ
3122 1243 3181 1297 δὲ
3233 1242 3623 1313 καταϐεϐηκδς
3658 1243 3731 1304 εἰς

2143 1336 2462 1409 ἀνθρώπους
2508 1339 2565 1391 ὲν
2599 1341 2780 1410 μορφῇ
2819 1336 2953 1390 Θεοῦ
2988 1337 3223 1409 ὑπῆρχε,
3252 1337 3347 1390 καὶ
3403 1335 3499 1389 διὰ
3552 1334 3730 1403 φιλαν-

2144 1429 2391 1503 θρωπίαν
2437 1429 2629 1485 ἑαυτὸν
2684 1430 2975 1495 ἐκένωσεν,
3012 1428 3451 1499 ἴνα,χωρηθῆναι
3509 1428 3602 1480 ὑπ’
3652 1428 3731 1479 άν-

2143 1519 2377 1592 θρώπων
2413 1520 2614 1592 δυνηθῇ
2638 1536 2653 1553 ⁸
2689 1520 2749 1575 οὒ
2780 1520 2954 1591 δήπου
3003 1520 3047 1574 δ’
3080 1518 3140 1583 ἐξ
3184 1518 3390 1588 ἀγαθοῦ
3434 1521 3521 1582 εἰς
3571 1520 3735 1573 κακὸν

2144 1609 2366 1680 γέγονεν
2421 1610 2569 1682 αὐτῷ
2598 1608 2892 1681 μεταϐολὴ,
2934 1626 2989 1666 κ.
3022 1626 3075 1663 τ.
3107 1608 3157 1663 λ.
3206 1608 3259 1662 id
3305 1616 3413 1670 est,
3461 1624 3483 1657 ι
3518 1608 3597 1660 Ad
3627 1609 3731 1659 haec

2142 1702 2278 1758 satis
2333 1717 2653 1772 responsum
2687 1704 2829 1769 erit,
2888 1710 2947 1754 ut
2993 1700 3124 1755 mihi
3168 1698 3411 1763 videtur,
3443 1698 3496 1751 si
3550 1698 3732 1753 dixem

2143 1793 2415 1862 quomodo
2446 1794 2499 1848 ln
2528 1793 2736 1849 sanctis
2764 1791 3069 1861 Scripturis
3103 1791 3410 1859 accipiatur
3436 1791 3731 1845 demums

472 1893 606 1938 tura:
637 1899 759 1938 cum
795 1882 973 1936 divina
1001 1882 1233 1946 dixerat,
1261 1884 1333 1937 ita
1363 1883 1478 1953 ipse
1518 1881 1779 1953 Origenes
1839 1884 2041 1939 diserte
2070 1865 2117 1926 Β
2146 1884 2241 1941 Dei
2272 1886 2340 1940 ad
2370 1886 2620 1942 homines
2654 1904 2668 1939 :
2710 1886 2777 1939 ad
2810 1900 2973 1955 quem
3030 1883 3177 1939 nulla
3220 1884 3539 1937 mutatione
3602 1897 3730 1953 Opus

467 1976 731 2045 explicat,
788 1981 857 2028 ut.
915 1972 1050 2027 nihil
1107 1974 1252 2029 aliud
1307 1988 1365 2030 se
1414 1974 1647 2029 voluisse
1704 1974 2042 2046 profiteatur,

469 2083 634 2138 quam
685 2083 903 2124 carnem
938 2067 1064 2123 Jesu
1095 2066 1477 2136 glorificatam,
1508 2068 1728 2123 mutatis
1768 2066 2046 2137 qualitati-

469 2161 573 2216 bus
606 2161 762 2216 talem
794 2175 915 2217 esse
939 2156 1228 2224 redditam,
1264 2158 1480 2229 qualem
1524 2159 1752 2215 decebat
1798 2158 2046 2216 habitare

469 2254 527 2309 in
561 2270 774 2309 summo
808 2255 1034 2318 aethere,
1065 2253 1197 2307 nihil
1250 2252 1573 2309 retinentem
1623 2252 1857 2308 carnalis
1891 2252 2045 2307 infir-

464 2348 677 2403 mitatis
714 2347 1032 2415 congenitre.
1068 2344 1247 2417 Lege,
1279 2346 1326 2401 si
1360 2354 1535 2411 vacat,
1577 2361 1697 2414 qua;
1738 2345 1879 2415 apud
1923 2344 2046 2401 Ori-

458 2452 661 2507 genem
712 2446 1013 2508 sequuntur
1056 2452 1070 2489 :
1112 2449 1212 2506 ego
1252 2448 1284 2490 e
1338 2433 1657 2491 diverticulo
1697 2436 1750 2490 in
1775 2436 1916 2491 viam
1961 2450 2046 2492 re-

464 2528 594 2583 deo.

516 2617 568 2688 ης
595 2618 699 2672 Vll.
726 2620 783 2673 ln
820 2618 960 2672 libro
975 2628 1172 2689 quarto
1196 2619 1473 2673 inducitur
1497 2616 1691 2675 Celsus
1722 2617 2039 2689 Epicureus,

469 2709 733 2765 adversus
755 2708 1188 2765 Christianorum
1214 2711 1279 2765 de
1308 2710 1401 2764 Dei
1438 2707 1559 2764 Filii
1594 2711 1645 2764 iu
1688 2718 1864 2766 terras
1923 2711 2045 2766 des-

468 2815 634 2856 censu
672 2810 726 2856 et
754 2800 1120 2872 ὲνσαρκώσει,
1175 2802 1482 2857 doctrinam
1525 2805 1669 2858 hunc
1720 2802 1773 2857 in
1823 2803 2041 2859 modum

465 2894 751 2963 disputans
792 2908 941 2948 num.
976 2892 1069 2958 14,
1117 2908 1241 2964 pag.
1277 2893 1403 2961 5l0,
1466 2914 1485 2947 ι
1521 2894 1665 2950 Deus
1714 2907 1797 2951 est
1847 2896 2041 2965 bonus,

458 2984 711 3055 pulcher,
747 2983 897 3049 felix,
937 2995 994 3040 et
1032 2984 1395 3056 pulcherrima
1455 2989 1768 3057 optimaque
1812 2989 1994 3059 specie
2025 3005 2038 3041 :

465 3078 514 3131 is
567 3076 611 3131 si
665 3076 1018 3131 descenderet
1065 3078 1132 3131 ad
1200 3078 1469 3147 homines,
1513 3090 1573 3134 ut
1624 3090 1863 3136 mutetur
1905 3096 2044 3152 opus

461 3178 579 3235 est;
610 3167 905 3221 mutabitur
936 3178 1114 3223 autem
1146 3183 1175 3224 e
1206 3170 1347 3225 bono
1376 3171 1428 3226 in
1460 3172 1684 3238 malum,
1720 3188 1751 3229 e
1810 3174 2040 3244 pulchro

454 3259 521 3313 ~in
554 3269 841 3327 turpem,e
873 3256 1029 3313 lelice
1060 3259 1114 3314 in
1147 3259 1445 3326 infelicem,
1489 3277 1554 3317 ex
1606 3263 1812 3331 optimo
1860 3264 1912 3318 in
1946 3279 2041 3320 ne-

460 3351 809 3420 quissimum.
850 3350 983 3416 Quis
1032 3352 1111 3406 sic
1147 3367 1207 3406 se
1256 3362 1519 3408 mutatum
1571 3356 1826 3424 cuperet?
1880 3355 2040 3413 Certe

452 3440 691 3494 mutatio
742 3442 858 3495 haec
916 3450 971 3494 et
1022 3439 1437 3497 transformatio
1490 3444 1637 3499 cadit
1676 3447 1727 3499 in
1760 3446 2038 3502 hominem

460 3530 748 3585 mortalem
793 3546 806 3582 :
841 3531 1135 3585 immortali
1166 3547 1294 3587 vero
1328 3549 1541 3605 semper
1568 3536 1755 3592 eodem
1788 3539 1951 3594 modo
1979 3554 2043 3596 se

452 3620 666 3675 habere
698 3621 973 3675 convenit.
998 3619 1142 3691 Ergo
1176 3639 1450 3693 nunquam
1491 3627 1634 3681 Deus
1663 3628 1821 3683 talem
1863 3641 2039 3685 muta-

460 3712 666 3767 tionem
696 3711 983 3783 reciperet.
1026 3731 1045 3764 ι
1074 3711 1193 3768 Jam
1230 3714 1277 3768 si
1326 3715 1591 3787 Origenes
1629 3719 1770 3773 idem
1806 3721 1871 3777 de
1897 3722 2038 3780 Filio

450 3802 557 3857 .Dei
588 3803 869 3870 sensisset,
905 3804 1047 3872 quod
1083 3815 1267 3875 postea
1292 3808 1476 3877 Arius,
1507 3824 1669 3879 quam
1728 3811 1887 3868 facile
1942 3830 2037 3884 po-

458 3893 656 3948 tuisset
695 3894 852 3963 hujus
880 3900 1186 3966 argumenti
1233 3899 1411 3969 ipsum
1465 3900 1874 3961 fundamentum
1910 3909 2038 3963 sub-

455 3986 717 4040 vertere?
746 4001 854 4042 uno
880 3988 1091 4043 scilicet
1111 3992 1277 4045 verbo
1307 3992 1537 4051 dicendo
1588 4011 1764 4068 neque
1804 4014 1895 4067 se,
1940 4016 2037 4057 ne-

446 4093 564 4147 que
599 4079 1268 4139 catholicosChristianos
1301 4086 1384 4140 sui
1438 4091 1698 4160 temporis
1735 4094 2035 4151 credidisse

447 4168 655 4224 Filium
712 4171 806 4226 Dei
839 4185 964 4228 esse
1014 4189 1203 4231 revera
1260 4175 1429 4232 Deum
1479 4180 2032 4251 immutabilem;sed

446 4261 619 4331 plane
641 4265 899 4336 statuisse
928 4275 1234 4322 creaturam
1266 4268 1415 4323 illum
1439 4284 1580 4337 esse,
1608 4289 1637 4327 a
1685 4275 1795 4330 Deo
1845 4276 2033 4333 aliene:

455 4365 522 4405 ac
548 4367 769 4421 prorsus
793 4357 1069 4413 mutabilis
1098 4368 1326 4415 naturae.
1362 4360 1466 4417 Sed
1525 4364 1683 4436 longe
1741 4368 1920 4435 aliter,
1976 4381 2033 4425 et

450 4440 602 4495 salva
632 4444 853 4499 omnino
889 4445 1292 4503 Catholicorum
1346 4450 1654 4522 hypothesi,
1686 4456 1751 4511 de
1783 4458 1903 4513 Filii
1936 4460 2030 4515 Dei

2145 1984 2249 2042 est,
2295 1985 2355 2031 ut
2402 1974 2593 2032 Celsus
2635 1983 2793 2047 putat
2853 1988 2955 2030 nos
2984 1974 3218 2043 opinari,
3247 1989 3346 2029 nec
3394 1975 3653 2040 versione
3680 1975 3729 2027 in

2145 2069 2345 2125 malum
2376 2070 2590 2134 ebono,
2620 2078 2711 2123 aut
2730 2083 2759 2123 e
2784 2067 3013 2139 pulchro
3040 2068 3092 2123 in
3122 2077 3357 2139 turpem,
3387 2080 3487 2123 aut
3514 2083 3550 2123 e
3579 2067 3731 2123 felice

2146 2160 2199 2217 in
2238 2162 2508 2217 infelicem
2534 2201 2550 2227 ,
2593 2170 2687 2217 aut
2721 2177 2789 2217 ex
2840 2161 3047 2231 optimo
3077 2161 3129 2217 in
3167 2162 3595 2231 nequissimum.
3628 2160 3730 2214 Im-

2145 2253 2421 2308 mutabilis
2450 2254 2594 2309 enim
2636 2254 2689 2309 in
2722 2268 2816 2310 sua
2846 2254 3084 2309 essentia
3106 2269 3359 2319 manens,
3394 2254 3727 2310 condescen-

2142 2346 2223 2403 dit
2260 2345 2422 2401 rebus
2442 2343 2697 2399 humanis
2721 2344 3061 2413 providentia
3088 2354 3143 2400 et
3162 2345 3598 2415 dispensatione.
3627 2344 3726 2399 Nos

2143 2445 2293 2493 certe
2343 2450 2375 2491 e
2428 2435 2601 2491 sacris
2665 2435 2863 2490 litteris
2926 2434 3092 2489 Deum
3153 2434 3564 2490 immutabilem
3613 2450 3727 2489 esse

2144 2528 2427 2593 discimus,
2444 2526 2536 2583 ubi
2564 2524 2756 2596 legitur
2796 2539 2814 2580 :
2854 2524 2931 2579 Tu
2958 2535 3132 2580 autem
3162 2526 3274 2595 ipse
3302 2542 3356 2581 es
3375 2526 3459 2593 ⁸⁸;
3482 2537 3541 2582 et
3566 2546 3582 2581 :
3610 2523 3726 2579 Νοι

2143 2621 2392 2674 immutor
2411 2618 2482 2678 ".
2536 2618 2753 2690 Epicuri
2798 2633 2927 2675 vero
2953 2618 3027 2673 dii
3060 2633 3126 2673 ex
3161 2619 3360 2674 atomis
3417 2620 3722 2689 compositi,

2142 2721 2198 2769 et
2229 2711 2455 2783 proinde
2490 2710 2883 2768 constitutione
2938 2724 3038 2765 sua
3088 2708 3463 2773 dissolubiles,
3531 2710 3723 2764 habent

2142 2805 2283 2874 quod
2314 2813 2499 2873 agant,
2526 2804 2649 2857 dum
2687 2803 2808 2859 illas
2840 2814 3071 2871 atomos,
3098 2818 3219 2872 qua:
3251 2803 3589 2874 corporibus
3609 2818 3723 2857 cor-

2142 2896 2445 2967 ruptionem
2473 2893 2734 2963 efﬁciunt,
2754 2896 3051 2949 excutiant.
3089 2894 3197 2951 Nec
3221 2909 3383 2950 secus
3412 2894 3719 2950 Stoicorum

2144 2988 2306 3056 Deus,
2348 2998 2529 3059 utpote
2556 3002 2779 3057 corpus,
2822 2989 3098 3044 interdum
3164 3003 3319 3043 mens
3350 2998 3439 3042 est
3484 3003 3611 3059 qua:
3645 2999 3714 3043 to-

2142 3089 2252 3137 tam
2302 3082 2540 3151 possidct
2593 3080 2975 3145 substantiam,
3010 3094 3135 3135 cum
3197 3080 3269 3135 sit
3328 3079 3720 3150 conﬂagratio;

2142 3173 2416 3228 interdum
2447 3188 2575 3229 vero
2602 3190 2667 3229 ex
2692 3182 2846 3243 parte
2872 3171 3041 3242 ipsius
3068 3173 3389 3228 substantia:
3411 3182 3721 3243 generatur,

2141 3281 2262 3321 cum
2298 3265 2371 3322 sit
2402 3266 2587 3320 mundi
2617 3266 2908 3322 ordinatio.
2941 3266 3033 3321 lsti
3087 3266 3232 3320 enim
3284 3280 3395 3320 non
3433 3274 3723 3335 potuerant

2138 3358 2354 3429 quidem
2403 3358 2549 3413 clare
2605 3359 2700 3415 Dei
2748 3369 2995 3413 naturam
3063 3357 3395 3429 intelligere,
3446 3357 3599 3427 quod
3653 3358 3723 3411 sit

2136 3451 2360 3506 omnino
2399 3450 2849 3520 incorruptibilis,
2901 3450 3153 3521 simplex,
3208 3466 3309 3505 uec
3361 3450 3721 3519 compositus,

2137 3557 2239 3599 nec
2281 3543 2587 3598 divisibilis.
2625 3542 2681 3597 Id
2711 3553 2892 3598 autem
2932 3545 3076 3614 quod
3124 3543 3191 3597 ad
3217 3542 3471 3597 homines
3498 3543 3723 3597 descen—

2137 3634 2239 3699 dit,
2268 3634 2323 3689 in
2359 3634 2530 3703 fama
2564 3635 2659 3689 Dei
2681 3636 2729 3667 ⁸⁰
2763 3636 3037 3702 substitit,
3093 3642 3147 3689 et
3205 3645 3431 3704 propter
3480 3648 3721 3689 amorem

2136 3725 2356 3781 humani
2382 3727 2599 3795 generis
2629 3726 2865 3795 seipsum
2895 3726 3216 3793 exinanivit,
3258 3736 3319 3780 ut
3368 3737 3560 3795 posset
3593 3740 3715 3780 con.

2135 3816 2241 3887 cipi
2272 3816 2341 3871 ab
2375 3817 2727 3882 hominibus,
2781 3819 2988 3888 absque
3036 3817 3146 3872 ulla
3199 3827 3380 3872 tamen
3421 3818 3722 3871 mutatione

2134 3921 2200 3962 ex
2222 3907 2363 3962 bono
2394 3909 2446 3962 in
2483 3908 2708 3975 malum,
2751 3926 2770 3960 ι
2802 3918 2910 3963 etc.
2959 3908 3088 3963 Post
3142 3908 3321 3978 aliqua
3358 3910 3549 3963 subdit
3584 3910 3721 3961 Ada-

2134 4002 2371 4057 mantius
2402 4016 2554 4058 num.
2590 4000 2676 4064 l5,
2719 4016 2772 4069 p.
2819 4000 2947 4065 5H,
2972 4000 3037 4053 Et
3071 3999 3130 4054 δὲ
3169 4000 3263 4054 καὶ
3314 3998 3482 4070 σῶμα
3532 3999 3720 4070 θνητὸν

2134 4093 2228 4147 καὶ
2248 4092 2428 4164 ψυχὴν
2484 4093 2829 4165 ἀνθρωπίνην
2863 4091 3145 4147 ἀναλαϐὼν
3195 4093 3225 4145 ὁ
3266 4092 3544 4156 ἀθάνατος
3592 4092 3717 4154 Θεὸς

2132 4184 2325 4254 Λόγος,
2354 4186 2502 4239 δοκεῖ
2530 4186 2607 4256 τῷ
2638 4186 2829 4257 Κέλσῳ
2862 4186 3217 4241 ἀλλάττεσθαι
3264 4187 3361 4240 καὶ
3418 4186 3716 4257 μεταπλάτ-

2130 4278 2346 4331 τεσθαι·
2380 4278 2719 4348 μανθανέτω,
2750 4280 2830 4332 ὃτι
2860 4281 2889 4332 ό
2919 4279 3090 4348 Λόγος
3116 4283 3181 4352 τῇ
3213 4280 3371 4351 οὐσίᾳ
3406 4279 3588 4349 μένων
3622 4278 3715 4333 Αό·

2132 4390 2246 4441 γος,
2271 4372 2423 4425 οὐδὲν
2450 4374 2548 4444 μὲν
2579 4373 2777 4445 πάσχει
2800 4366 2875 4426 ὧν
2906 4372 3108 4443 πάσχει
3135 4373 3197 4426 τὺ
3222 4373 3385 4443 σῶμα
3410 4373 3447 4444 ἢ
3488 4375 3522 4445 η
3553 4373 3709 4442 ψυχή’

2136 4464 2582 4533 συγκαταϐαίνων
2599 4465 2644 4518 δ’
2667 4466 2779 4519 ἐσθ’
2806 4467 2893 4519 ὅτε
2926 4465 3004 4537 τῷ
3027 4465 3102 4537 μὴ
3127 4464 3411 4535 δυναμένῳ
3437 4465 3608 4518 αὑτοῦ
3624 4464 3712 4526 τάς

444 4541 650 4587 natura
704 4550 831 4591 vere
876 4537 1056 4592 divina
1108 4550 1165 4594 et
1222 4541 1691 4606 incommutabili.
1739 4555 2028 4619 rcSpomlet

2137 4553 2504 4626 μαρμαρυγὰς
2527 4556 2622 4609 καὶ
2640 4556 2737 4627 τὴν
2774 4556 3135 4627 λαμπρότητα
3160 4555 3257 4626 τῆς
3290 4555 3576 4626 θειότητος
3604 4555 3711 4625 βλέ-

445 4624 717 4693 Origenes
766 4628 851 4682 his
886 4631 1065 4686 verbis
1094 4652 1106 4686 :
1159 4636 1318 4688 Δοκεῖ
1344 4637 1407 4707 δή
1457 4656 1546 4707 μοι
1581 4642 1717 4712 πρὸς
1740 4645 1913 4699 ταῦτα
1940 4647 2027 4699 λέ-

448 4715 642 4809 γεσθαι
678 4718 746 4770 τὰ
798 4718 1003 4786 δέοντα,
1066 4725 1452 4800 διηγησαμένῳ
1508 4732 1605 4804 τὴν
1638 4735 1696 4786 ὲν
1736 4739 1856 4800 ταῖς
1882 4738 2024 4809 Γρα-

443 4808 575 4875 φαῖς
608 4807 908 4880 λεγομένην
930 4815 1231 4870 κατάϐασιν
1256 4818 1390 4872 Θεοῦ
1413 4822 1549 4891 πρὸς
1580 4824 1647 4877 τά
1674 4807 1988 4898 ἀνθρώπινα
2006 4847 2019 4861 ·

444 4900 526 4991 εις
574 4900 641 4971 ἢν
678 4903 739 4953 οὐ
788 4904 1089 4978 μεταϐολῆς
1150 4908 1296 4980 αὐτῷ
1326 4910 1437 4975 δεῖ,
1476 4913 1551 4977 ὡς
1615 4916 1822 4981 Κέλσος
1876 4922 2025 4991 ἡμᾶς

444 4990 615 5044 οἴεται
640 4992 834 5062 λέγειν,
864 4995 987 5049 οὔτε
1016 5001 1221 5070 τροπῆς
1252 5003 1353 5073 τῆς
1373 5002 1432 5069 ἐξ
1463 5004 1774 5073 άγαθοῦιείς
1831 4990 2022 5079 κακὸν,

440 5079 479 5151 ἢ
507 5083 570 5135 ὲκ
586 5084 751 5137 καλοῦ
786 5089 866 5150 είς
899 5090 1144 5163 αἰσχρὸν,
1185 5092 1218 5163 ἢ
1249 5092 1308 5157 ἐξ
1341 5094 1685 5167 εὐδαιμονίας
1734 5103 1814 5165 εἰς
1857 5121 2022 5158 κακο-

438 5168 745 5241 δαιμονίαν,
784 5176 817 5247 ἢ
882 5179 945 5229 ἐκ
995 5178 1088 5231 τοῦ
1134 5180 1359 5251 ἀρίστου
1411 5187 1491 5250 είς
1526 5187 1588 5239 τὸ
1633 5192 2017 5261 πονηρότατον·

439 5263 629 5358 μένων
673 5266 781 5338 γὰρ
824 5271 889 5339 τῇ
942 5270 1098 5342 οὐσίᾳ
1154 5274 1443 5344 ἄτρεπτος,
1482 5282 1901 5347 συγκαταϐαίνει
1951 5290 2016 5358 τῇ

435 5356 670 5428 προνοίᾳ
695 5360 787 5412 καὶ
822 5363 889 5431 τῇ
911 5362 1194 5436 οἰκονομίᾳ
1218 5370 1332 5431 τοῖς
1366 5368 1730 5440 ἀνθρωπίνοις
1760 5356 2040 5448 πράγμαέ,

437 5464 543 5502 σιν.
583 5448 773 5520 Ἡμεῖς
808 5447 1018 5521 μὲν-οὗν
1040 5456 1136 5508 καὶ
1166 5458 1236 5511 τά
1272 5458 1389 5512 θεῖα
1416 5461 1725 5533 Γράμματα
1751 5447 2019 5538 παρίστα-

436 5555 539 5607 μεν
573 5540 842 5611 ἄτρεπτον
889 5543 1115 5613 λέγοντα
1140 5548 1231 5602 τὸν
1262 5551 1425 5617 Θεὸν,
1458 5553 1515 5606 ἔν
1544 5572 1603 5608 τε
1638 5557 1737 5627 τῷ,
1770 5558 1854 5612 Σὺ
1887 5559 1954 5612 δὲ
1986 5560 2017 5615 ὃ

431 5632 617 5697 αὐτὸς
640 5630 717 5688 εῖι
748 5638 1024 5710 κώὲντῷ,
1056 5642 1176 5695 Οὐκ
1202 5642 1555 5716 ὴλλοίωμαι·
1589 5649 1638 5701 οἱ
1666 5649 1721 5702 δὲ
1748 5650 1843 5704 τοῦ
1870 5653 2017 5705 Ἐπι-

2134 4662 2258 4698 πειν
2289 4685 2305 4711 ,
2371 4646 2534 4698 οἱονεὶ
2583 4644 2718 4716 σὰρξ
2759 4646 3012 4715 γίνεται,
3061 4644 3391 4715 σωματικῶς
3456 4645 3709 4715 λαλούμε-

2133 4753 2242 4800 νος,
2273 4737 2326 4791 id
2366 4746 2485 4803 est,
2525 4757 2543 4790 ι
2578 4738 2732 4804 Quod
2781 4738 2827 4793 si
2888 4739 3120 4793 Verbum
3164 4737 3306 4792 Deus
3367 4738 3705 4799 immortalis,

2133 4830 2258 4900 quia
2281 4845 2483 4899 corpus
2510 4832 2740 4888 mortale
2783 4832 3130 4900 animamque
3160 4832 3460 4891 humanam
3506 4846 3708 4885 assumo

2131 4923 2320 4993 pserit,
2363 4922 2520 4979 Celso
2571 4924 2776 4979 ideirco
2825 4923 3096 4979 immutari
3161 4922 3417 4976 videatur
3457 4939 3477 4976 :
3542 4924 3709 4977 discat

2131 5014 2364 5069 Verbum
2397 5030 2616 5071 manere
2655 5016 2888 5073 Verbum
2921 5030 3016 5070 sua
3067 5014 3398 5078 substantia,
3447 5029 3549 5069 nec
3605 5014 3707 5083 pati

2127 5123 2316 5164 eorum
2347 5109 2668 5180 quidquam,
2699 5124 2820 5179 quae
2860 5124 3055 5178 corpus
3110 5118 3204 5163 aut
3234 5109 3415 5162 anima
3466 5110 3704 5174 patitur;

2128 5201 2566 5258 condescendere
2594 5211 2774 5256 tamen
2805 5201 3074 5256 interdum
3114 5217 3219 5256 non
3246 5200 3561 5254 valentibus
3592 5200 3705 5269 ejus

2127 5293 2427 5348 claritatem
2478 5306 2542 5348 ac
2599 5294 2944 5363 splendorem
3004 5292 3306 5369 divinitatis
3349 5294 3592 5357 obtueri,
3646 5307 3704 5345 ac

2126 5383 2289 5438 veluti
2328 5398 2549 5438 carnem
2581 5382 2805 5446 factum,
2845 5383 2990 5453 loqui
3034 5384 3410 5454 corporaliter.
3447 5402 3469 5435 ι
3517 5383 3703 5439 Dicant

2127 5474 2336 5529 cordati
2384 5489 2572 5529 omnes
2596 5516 2612 5541 ,
2650 5490 2716 5528 an
2752 5475 2866 5530 hate
2896 5484 3020 5530 sunt
3053 5476 3218 5530 verba
3269 5475 3576 5545 scriptoris,
3611 5474 3699 5543 qui

2118 5582 2152 5616 ι
2187 5564 2376 5619 Arium
2406 5566 2681 5635 impietate
2696 5566 2989 5637 superavit,
3022 5567 3268 5637 adeoque
3300 5566 3449 5635 impii
3478 5567 3698 5635 dogma-

2126 5655 2195 5711 tis
2218 5666 2407 5714 auctor
2436 5656 2508 5714 illi
2526 5657 2715 5732 fuit.)
2747 5655 2970 5714 Scilicet
3002 5657 3149 5715 clare
3186 5656 3279 5715 hic
3316 5656 3478 5714 docet
3516 5655 3693 5726 Orige-
