3952 6526
458 397 598 452 £295

1903 397 2328 452 E‘xcsttewu
2433 469 2436 472 ἢ

3593 392 3615 443 1
3626 391 3728 445 Ξίὶξῖ

458 514 630 568 solius
687 514 783 570 Dei
844 512 1022 570 Patris
1077 514 1302 586 ejusque
1354 514 1614 586 unigeniti
1669 513 1820 580 Filii,
1846 526 2032 570 contra
2067 530 2110 577 Α
2141 516 2295 578 Θεὸν,
2327 515 2538 570 nescire
2571 530 2674 569 non
2710 522 2926 584 poterat
2967 512 3226 574 Sandius,
3273 510 3615 566 luculentam
3653 528 3732 562 rr-

458 605 831 659 mlorationem
869 605 1129 659 luminum
1171 604 1472 660 ccelestium
1499 645 1514 668 ,
1552 605 1623 658 ita
1683 606 2042 661 ratiocinatnr

462 697 693 752 ibidem:
719 696 948 750 Ἀτοπον
967 696 1024 749 δέ
1047 697 1182 761 ἐστι,
1226 696 1319 750 τοῦ
1349 694 1733 768 πληρώσαντος
1763 697 1854 749 τὸν
1883 693 2044 768 οὖρα-

459 785 570 851 νὺν,
602 787 696 840 καὶ
710 785 808 858 τὴν
833 787 958 864 γῆν,
982 787 1075 841 καὶ
1091 787 1354 851 εἰπόντος,
1377 787 1520 856 Οὐχὶ
1540 787 1646 840 τὸν
1667 788 1926 856 οὐρανὸν
1945 787 2042 842 καὶ

458 878 576 946 τὴν
595 876 712 948 γῆν
735 877 852 948 ἐγὼ
867 877 1109 947 πληρῶς
1122 877 1284 949 λέγει
1302 879 1538 948 Κύρίος,
1558 879 1707 942 ὄντος
1725 876 1843 948 μεθ’
1865 880 1898 950 ἡ
1907 879 2042 949 μῶν,

459 970 555 1023 καὶ
596 969 824 1040 πλησίον
864 972 996 1042 ἡμῖν
1048 971 1405 1042 τυγχάνοντος
1454 969 1716 1041 (πιστεύω
1746 970 1854 1042 γὰρ
1899 969 2046 1041 αὐτῷ

461 1059 696 1128 λέγοντι,
722 1061 866 1127 Θεὸς
891 1057 1132 1130 ἐγγίζων
1152 1058 1266 1130 ἐγώ
1283 1062 1418 1128 εἰμι,
1446 1058 1544 1112 καὶ
1572 1059 1642 1113 οὺ
1665 1057 1811 1123 Θεὸς
1829 1057 2047 1125 πόῤῥω-

457 1155 588 1218 θεν,
619 1151 783 1220 λέγει
812 1151 1068 1221 Κύριος),
1101 1149 1282 1222 ζητεῖν
1313 1149 1567 1221 εὔχεσθαι
1587 1149 1664 1220 τῷ
1689 1148 1764 1219 μὴ
1790 1146 2046 1217 φθάνοντι

459 1243 556 1296 ἐπὶ
599 1243 669 1297 τὰ
710 1242 1005 1314 σύμπαντα
1054 1241 1270 1313 ήλίῳ,ἦ
1313 1241 1532 1314 σελήνῃ,
1553 1241 1588 1312 ’ή
1612 1258 1717 1293 τινι
1743 1238 1852 1293 τῶν
1887 1239 2047 1292 ἀστέ-

447 1351 597 1408 ρων,
629 1335 680 1390 id
708 1343 812 1402 est,
852 1353 872 1387 ι
905 1335 1216 1388 Absurdum
1261 1345 1440 1387 autem
1472 1341 1650 1398 esset,
1685 1347 1806 1386 cum
1843 1330 1912 1398 is,
1954 1330 2047 1400 qui

461 1427 661 1483 ccelum
708 1436 762 1481 et
792 1436 988 1482 terram
1027 1427 1214 1495 implet
1250 1465 1266 1491 ,
1294 1425 1505 1488 dicens,
1536 1422 1730 1478 Nonne
1774 1423 1959 1478 coelum
1998 1430 2048 1476 et

462 1529 658 1573 terram
691 1517 1032 1589 egoimpleo?
1067 1519 1140 1572 ait
1170 1517 1522 1580 Dominus”;
1556 1515 1711 1570 nobis
1756 1523 1952 1585 praesto
1975 1513 2046 1568 sit

461 1615 518 1661 et
552 1607 604 1660 in
634 1607 880 1676 proximo
935 1607 1229 1675 (credimus
1284 1607 1429 1660 enim
1492 1605 1730 1669 dicenti,
1783 1603 1922 1657 Deus
1955 1619 2049 1672 ap-

446 1701 820 1772 eprOpt‘nquans
849 1717 941 1771 ego
972 1718 1113 1767 sum,
1139 1717 1243 1755 non
1287 1701 1424 1754 Deus
1465 1700 1811 1770 longinquus,
1845 1700 1923 1752 ait
1945 1697 2051 1750 Do-

468 1795 645 1847 minus
688 1793 757 1867 “)
804 1808 1069 1863 quaerere,
1130 1794 1218 1848 cui
1263 1802 1387 1846 vota
1446 1791 1637 1856 facias,
1665 1806 1780 1846 non
1833 1802 2048 1857 semper

2146 607 2490 678 sponsionem
2540 606 2839 661 reddidisse
2867 603 2954 659 Cl.
2995 603 3245 658 liuctiurn
3281 605 3606 672 Origenian.
3641 601 3728 655 lib.

2148 714 2208 764 ιι,
2236 710 2424 768 qumst.
2449 696 2504 761 ἱ,
2538 710 2686 751 num.
2713 696 2805 762 ΞΒ,
2838 711 2956 768 ρειε.
2992 694 3114 757 151,
3152 713 3172 746 ι
3201 692 3498 763 Origenes,
3530 695 3732 762 inquit,

2150 767 2270 842 cum
2301 786 2495 841 Filium
2525 785 2754 856 appellat
2779 767 3007 855 γενητὸν
3035 784 3188 848 Θεόν,
3229 785 3305 839 sic
3351 785 3545 853 accipe
3584 803 3602 836 :
3647 785 3732 850 qui

2147 879 2468 949 principium
2502 877 2582 931 sui
2632 877 2792 930 habet
2844 886 2899 930 et
2948 875 3244 929 exsistendi
3291 875 3558 927 initium:
3603 871 3736 926 Filio

2147 972 2360 1039 quidem
2401 984 2687 1024 commune
2721 977 2800 1022 est
2847 982 2969 1021 cum
3017 968 3240 1032 creatis,
3273 967 3356 1019 sui
3398 966 3734 1034 principium

2148 1078 2210 1117 ac
2237 1061 2500 1132 originem
2535 1058 2757 1121 habere.
2795 1058 3084 1113 emanandi
3125 1067 3302 1111 autem
3332 1072 3400 1110 ex
3443 1057 3544 1110 illo
3587 1056 3736 1122 prin-

2148 1155 2290 1224 cipio
2315 1168 2378 1206 ac
2412 1151 2705 1222 prodeundi
2750 1149 2889 1204 ratio
2930 1150 3088 1218 plane
3130 1149 3344 1203 diversa
3384 1160 3517 1202 est:
3552 1148 3733 1218 prodit

2149 1245 2292 1299 enim
2333 1243 2502 1297 Filius
2539 1257 2635 1313 per
2664 1241 3072 1309 generationem
3109 1249 3410 1303 aeternam;
3461 1239 3737 1307 prodeunt

2143 1344 2346 1390 creata:
2377 1351 2462 1388 res
2497 1349 2593 1404 per
2632 1331 3014 1403 temporariam
3061 1330 3525 1385 creationem.....
3559 1329 3739 1398 Atque

2150 1425 2224 1481 ita
2269 1424 2436 1479 Filius
2481 1422 2587 1478 dici
2634 1431 2812 1494 potest
2859 1420 3162 1491 ἀγένητος,
3210 1421 3300 1490 qui
3351 1422 3423 1476 ab
3460 1419 3575 1473 alio
3629 1432 3734 1500 non

2151 1517 2318 1572 habet
2354 1526 2409 1570 ut
2447 1517 2550 1585 sit,
2579 1530 2769 1583 nempe
2813 1522 3065 1583 tanquam
3107 1529 3242 1582 Opus
3275 1529 3372 1568 seu
3418 1529 3512 1568 res
3566 1513 3738 1580 laeta,

2150 1606 2234 1662 vel
2287 1617 2539 1676 tanquam
2597 1621 2685 1661 res
2734 1614 2959 1659 creata:
2991 1615 3046 1659 et
3075 1603 3338 1673 γενητός,
3383 1604 3481 1674 qui
3531 1606 3602 1658 ab
3641 1604 3740 1657 alio

2153 1699 2315 1755 habet
2355 1707 2412 1751 ut
2438 1698 2535 1762 sit,
2573 1711 2766 1766 nempe
2800 1705 3054 1766 tanquam
3088 1711 3174 1751 res
3221 1697 3407 1766 genita
3439 1707 3504 1751 et
3552 1695 3738 1751 Filius.

2153 1791 2244 1845 Sic
2270 1791 2565 1860 Origenes,
2600 1790 2689 1860 qui
2733 1787 2960 1858 γενητὸν
3008 1787 3145 1841 Θεόν
3185 1787 3496 1858 appellasse
3548 1787 3739 1844 Filium

454 1884 674 1954 -ubique
727 1865 1050 1956 przesentem
1103 1884 1305 1950 solem,
1345 1883 1527 1938 lunam
1567 1893 1661 1938 aut
1693 1881 1901 1938 stellam
1955 1879 2050 1933 ali-
2076 1865 2122 1919 Β
2155 1878 2858 1942 insimulatur......Filium
2906 1889 3084 1932 tamen
3116 1877 3389 1949 ἀγένητον
3434 1889 3602 1934 vocat
3649 1880 3736 1934 lib.

449 1991 651 2046 'quam.
692 1994 710 2027 ι

539 2065 678 2138 §1X.
709 2063 764 2118 In
794 2064 932 2118 libro
954 2073 1108 2119 sexto
1130 2064 1368 2119 divinam
1400 2077 1625 2132 prorsus
1657 2071 1821 2132 atque
1841 2060 2051 2116 increa-

464 2167 576 2213 tam
609 2158 730 2214 Filii
766 2156 857 2212 Dei
891 2166 1138 2212 naturam
1157 2156 1340 2211 verbis
1369 2155 1520 2210 hisce
1547 2153 1692 2209 omni
1716 2153 1835 2208 luce
1860 2154 2052 2208 clario-

472 2249 625 2304 ribus
658 2247 948 2303 conﬁrmat
1008 2255 1159 2301 num.
1189 2244 1279 2314 Π,
1320 2261 1442 2317 pag.
1470 2243 1576 2300 645
1608 2261 1622 2300 ;
1671 2243 1808 2299 Οὔτε
1830 2243 1936 2317 γὰρ
1961 2243 2051 2298 τὸν

447 2339 728 2414 »ἀγένητον
769 2339 865 2394 καὶ
911 2338 1093 2410 πάσης
1149 2335 1386 2409 γενητῆς
1435 2336 1651 2406 φύσεως
1711 2335 2053 2408 πρωτότοκον

447 2434 589 2488 ’κατ’
611 2431 766 2500 ἀξίαν
791 2430 988 2486 εἰδέναι
1013 2448 1096 2494 τις
1115 2429 1359 2495 δύναται,
1389 2428 1464 2494 ὡς
1505 2432 1534 2484 ὁ
1575 2430 1843 2502 γεννήσας
1893 2429 2054 2482 αὐτὸν

445 2523 688 2596 --Πατὴρ,
717 2521 843 2576 οὔτε
878 2522 970 2575 τὸν
1013 2521 1255 2592 Πατέρα,
1294 2521 1370 2584 ὡς
1415 2522 1444 2574 ὁ
1467 2519 1709 2592 ἔμψυχος
1742 2520 1914 2589 Λόγος
1960 2521 2056 2574 καὶ

468 2613 632 2683 σοφία
664 2611 829 2666 αὐτοῦ
856 2613 953 2665 καὶ
979 2610 1229 2682 ἀλήθεια.
1259 2612 1312 2665 id
1339 2621 1443 2678 est,
1493 2631 1511 2662 ι
1547 2611 1733 2680 Neque
1756 2613 1899 2666 enim
1929 2626 2053 2666 eum

445 2705 561 2776 qui
591 2705 766 2761 lactus
792 2719 898 2759 non
921 2713 1027 2769 est,
1052 2716 1106 2758 et
1134 2713 1342 2757 natura:
1363 2703 1541 2758 omnis
1567 2701 1726 2759 facta:
1748 2711 1831 2759 est
1861 2703 2058 2774 primo-

471 2798 706 2869 genitus,
741 2797 1030 2870 quisquam
1067 2811 1167 2867 pro
1188 2795 1456 2867 dignitate
1489 2804 1668 2866 potest
1700 2810 1887 2864 nosse,
1914 2797 2054 2853 sicut

453 2888 631 2946 Pater
663 2889 779 2960 ipse
827 2887 916 2959 qui
967 2889 1198 2960 genuit:
1245 2902 1422 2958 neque
1466 2887 1683 2944 Patrem
1745 2888 2051 2960 quisquam,

467 2982 610 3037 sicut
640 2982 938 3036 animatum
963 2981 1084 3051 ejus
1119 2981 1379 3046 Verbum,
1417 2983 1621 3038 veritas
1652 2993 1708 3038 et
1729 2983 2050 3054 sapientia.»

455 3073 656 3141 Hisce,
683 3074 927 3146 inquam,
961 3073 1144 3129 verbis
1190 3072 1475 3141 Origenes,
1526 3082 1784 3143 tanquam
1838 3073 1892 3129 in
1924 3089 2055 3129 cox-

469 3181 620 3222 sessu
649 3165 868 3221 Patrum
901 3164 1245 3221 Nicaeuorum
1276 3165 1391 3234 ipse
1418 3164 1532 3233 jam
1578 3166 1836 3232 sedisset,
1868 3176 2052 3221 contra

468 3258 659 3311 Arium
687 3257 886 3311 diserte
929 3257 1266 3326 pronuntiat,
1303 3257 1494 3312 Filiqu
1543 3257 1636 3313 Dei
1665 3257 1784 3312 οὐδὲ
1808 3257 2052 3330 ποιητὸν,

449 3348 592 3426 οὐδὲ
647 3347 887 3413 κτιστύν,
927 3364 1090 3418 neque
1143 3347 1368 3417 factum,
1409 3365 1570 3419 neque
1622 3359 1857 3403 creatum
1888 3364 2052 3404 esse:

471 3441 622 3512 (nam
653 3446 944 3509 utrumque
973 3439 1352 3510 complectitur
1369 3455 1466 3495 suo
1493 3439 1698 3495 ambitu
1725 3455 1830 3495 vox
1858 3439 2056 3511 ἀγένη-

472 3532 606 3596 τος)
638 3531 802 3602 :quin
831 3539 888 3585 et
907 3529 1121 3585 Patrem
1144 3540 1198 3586 et
1228 3528 1424 3585 Filium
1455 3531 1557 3586 sibi
1593 3531 1820 3587 invicem
1851 3533 2057 3604 pariter

469 3622 1012 3693 comprehensibiles,
1031 3623 1292 3677 creaturis
1311 3637 1441 3678 vero
1460 3624 1711 3680 omnibus
1727 3639 1953 3694 prorsus
1970 3625 2055 3681 in-

476 3711 993 3783 comprehensibiles
1005 3726 1149 3778 esse,
1164 3726 1421 3784 expresse
1437 3713 1791 3786 docet.Hujus
1803 3727 1982 3775 autem
2001 3719 2058 3774 il-

475 3810 662 3866 lustris
708 3808 811 3864 loci
857 3807 1021 3864 ictum
1059 3817 1118 3862 ut
1144 3810 1341 3866 evadat
1369 3810 1638 3878 Sandius,
1670 3813 1822 3885 lingit
1853 3821 2056 3869 textum

463 3898 730 3970 'Origenis
758 3898 1140 3969 interpolatum
1165 3899 1254 3956 hic
1281 3916 1344 3957 ac
1368 3904 1719 3972 depravatum
1748 3918 1887 3960 esse.
1913 3924 1933 3958 ι
1958 3904 2058 3960 Pe-

455 3991 680 4057 tavius,
727 3989 903 4060 inquit
951 3988 1045 4044 lib.
1078 3988 1154 4044 De
1181 3991 1423 4060 scriptor.
1469 3993 1755 4051 ecclesiast.
1803 4009 1926 4065 pag.
1966 3996 2056 4056 55,

474 4086 676 4159 probat
709 4085 800 4141 lib.
841 4101 860 4141 ι
903 4083 978 4140 De
1020 4083 1234 4148 Trinit.,
1279 4098 1400 4153 cap.
1423 4083 1480 4149 ὅ,
1529 4099 1679 4138 num.
1708 4084 1742 4139 5
1770 4093 1828 4140 et
1868 4084 1902 4140 6
1942 4086 2057 4156 (seu

475 4179 654 4250 petius
679 4192 796 4248 cap.
825 4176 882 4242 4,
911 4192 1061 4232 num.
1089 4175 1122 4232 6
1147 4185 1201 4230 et
1230 4176 1307 4244 7),
1336 4177 1512 4231 locum
1540 4174 1811 4246 Origenis,
1842 4177 2058 4254 quando

475 4267 573 4326 lib.
598 4283 651 4321 vt
693 4276 876 4321 contra
925 4264 1156 4330 Celsum,
1197 4264 1391 4321 Filium
1423 4265 1687 4336 ἀγένητον
1730 4273 1909 4332 vocet,
1939 4281 2060 4322 esse

461 4357 882 4428 interpolatum,
926 4370 992 4414 eo
1028 4357 1170 4426 quod
1211 4357 1542 4427 Epiphanius
1589 4360 1780 4413 haeres.
1809 4357 2061 4430 Origenis

476 4447 836 4517 reprehendat
880 4462 1036 4512 eum,
1080 4447 1221 4516 quod
1259 4448 1311 4500 in
1355 4448 1775 4505 Commentariis
1815 4451 1884 4507 ad
1913 4452 2060 4520 psal-

478 4555 626 4594 mum
655 4556 693 4603 I,
716 4539 912 4593 Filium
947 4539 1150 4594 dixerit
1171 4539 1404 4612 γενητὸν
1433 4539 1633 4595 Deum.
1661 4561 1681 4596 ι
1715 4542 1821 4597 Sed
1850 4559 1956 4598 non
1987 4545 2057 4599 ibi
2093 4581 2138 4640 υ

462 4631 633 4696 dicit,
667 4631 862 4685 nedum
893 4629 1089 4698 probat
1117 4629 1388 4698 Petavius,
1432 4631 1607 4688 locum
1641 4634 1781 4687 hunc
1807 4633 2057 4704 Origenis

482 4722 860 4794 interpolatum
903 4734 1075 4776 esse:
1121 4737 1295 4790 neque
1341 4723 1386 4777 si
1436 4723 1510 4777 ita
1557 4723 1786 4780 dixisset
1818 4723 2056 4794 Jesuita,

479 4815 660 4885 magni
693 4815 1009 4868 aestimanda
1054 4822 1197 4868 esset
1228 4810 1345 4881 eius
1393 4827 1644 4871 censura.
1693 4814 1830 4870 Nam
1883 4817 2056 4872 Graeci

461 4907 698 4963 'codices
731 4919 864 4961 mss.
888 4919 1100 4970 omnes,
1133 4914 1396 4974 quotquot
1429 4906 1636 4976 uSpiam
1670 4907 1871 4978 reperti
1908 4918 2054 4974 sunt,

478 5015 602 5056 cum
641 5000 864 5055 excusis
886 4997 1285 5068 exemplaribus
1315 4999 1402 5053 hic
1442 4999 1805 5055 consentiunt.
1837 5000 1904 5056 Et
1934 5016 2057 5056 sen-

465 5089 647 5146 tentia
678 5088 837 5158 hujus
865 5088 977 5143 loci
1016 5088 1240 5142 omnino
1271 5098 1640 5143 consentanea
1665 5098 1752 5143 est
1781 5090 2050 5145 constanti

470 5180 736 5236 doctrinae
779 5180 969 5233 borqu
1001 5165 1195 5231 contra
1222 5176 1430 5232 Celsum
1465 5177 1751 5244 librorum,
1779 5178 1831 5231 in
1865 5179 2058 5248 quibus

456 5273 739 5344 "Origenes
769 5271 966 5327 Filium
1011 5271 1110 5327 Dei
1145 5285 1176 5324 θ
1206 5285 1370 5324 censu
1407 5270 1516 5324 τῶν
1548 5269 2052 5343 δημιουργημάτων

461 5367 680 5437 passim
705 5365 908 5421 diserte
942 5361 1157 5430 eximit,
1193 5371 1253 5417 ut
1281 5378 1348 5416 ex
1390 5363 1718 5419 testimoniis
1752 5362 1864 5433 jam
1895 5380 2056 5434 supra

475 5471 506 5512 a
541 5453 697 5510 nobis
733 5454 1012 5524 productis
1047 5454 1234 5523 liquet.
1275 5452 1355 5508 Ad
1395 5453 1448 5508 id
1490 5468 1619 5509 vero
1643 5454 1787 5523 quod
1820 5468 1887 5507 ex
1929 5452 2059 5525 Epi-

473 5547 677 5614 phanio
701 5545 888 5616 objicit
918 5544 1197 5612 Petavius,
1237 5558 1435 5615 nempe
1469 5543 1758 5617 Origenem
1793 5544 1846 5600 in
1893 5545 2056 5601 Com-

2150 1989 2202 2027 vt
2233 1984 2414 2042 contra
2440 1971 2602 2034 Cels..
2641 1987 2788 2025 num.
2816 1970 2903 2025 ΓΙ.
2935 1989 2953 2022 ι
2985 1969 3149 2024 Paulo
3174 1982 3296 2040 post
3322 1971 3440 2024 haec
3462 1970 3742 2042 subiungit

2151 2059 2292 2114 idem
2325 2039 2554 2114 iiuelius
2579 2075 2630 2126 p.
2660 2058 2799 2114 152:
2829 2077 2848 2112 ι
2877 2057 3011 2114 Cum
3040 2039 3238 2113 Filium
3263 2059 3405 2113 dixit
3426 2039 3738 2132 (Origenes)

2151 2151 2412 2224 γενητὸν,
2441 2153 2494 2206 id
2550 2154 2651 2207 sibi
2689 2151 2894 2218 voluit,
2943 2151 3144 2206 habere
3190 2152 3366 2222 ipsum
3420 2153 3507 2206 sui
3546 2154 3740 2222 princi-

2154 2246 2332 2315 pium;
2363 2253 2550 2299 contra
2600 2243 2960 2316 Hieronymus
3002 2244 3287 2314 exposuit,
3334 2259 3461 2299 esse
3516 2246 3737 2302 factum.

2154 2336 2355 2406 Nempe
2389 2336 2467 2391 sic
2491 2335 2653 2390 verba
2680 2335 2930 2405 Origenis
2963 2335 3016 2390 in
3053 2339 3345 2406 pessimum
3383 2353 3613 2394 sensum
3643 2348 3741 2392 tra-

2156 2429 2286 2485 here
2337 2429 2572 2484 amabat.
2621 2429 2695 2483 ita
2740 2429 3066 2500 Epiphanius
3105 2431 3296 2486 hares.
3339 2447 3494 2495 txiv,
3543 2432 3740 2502 «ξομε.

2157 2521 2306 2577 vocis
2349 2521 2575 2593 γενητὸς
2616 2537 2770 2575 nsunt
2817 2522 2870 2576 in
2908 2521 3030 2578 aliis
3073 2524 3430 2593 probaturum
3476 2540 3543 2580 se
3585 2526 3739 2587 dicit,

2157 2611 2210 2667 in
2250 2612 2479 2682 Origene
2511 2614 2794 2669 damnare.
2827 2631 2846 2665 ι
2885 2611 3045 2668 Plura
3080 2614 3182 2670 bac
3212 2614 3279 2668 de
3313 2630 3374 2670 re
3424 2617 3572 2686 apud
3606 2615 3740 2671 ﬂuc-

2158 2706 2290 2760 timn
2331 2703 2527 2758 ibidem
2569 2705 2730 2777 legas.
2771 2707 2883 2776 Ego
2925 2709 2992 2761 ad
3033 2707 3201 2763 libros
3264 2707 3526 2778 Origenis
3567 2721 3739 2761 contra

2157 2797 2366 2852 Celsum
2397 2796 2574 2853 redeo.
2605 2796 2660 2852 ln
2700 2800 2890 2854 eodem
2934 2799 3073 2855 libro
3126 2810 3282 2855 sexto
3314 2801 3528 2855 dicenti
3562 2801 3736 2864 Celso,

2159 2887 2324 2944 Deum
2373 2905 2546 2959 neque
2601 2891 2811 2946 ratione
2861 2904 2983 2946 esse
3033 2892 3627 2963 comprehensibilem,
3669 2895 3742 2946 sic

2159 2969 2448 3054 r’espondet
2491 2983 2752 3054 Origenes
2782 3001 2930 3042 num.
2957 2985 3046 3051 65,
3087 3000 3212 3057 pag.
3250 2985 3356 3041 682
3386 3005 3400 3040 :
3429 2985 3742 3039 Διαστέλὶοο

2161 3093 2258 3147 μαι
2294 3075 2354 3130 τὸ
2389 3075 2824 3147 σημαινόμενον,
2864 3077 2957 3130 καί
3002 3093 3175 3148 φημι,
3213 3079 3260 3130 εξ
3322 3077 3427 3149 μὲν
3485 3078 3633 3148 λόγῳ
3671 3095 3743 3148 τῳ

2160 3168 2218 3220 ὲν
2251 3169 2403 3240 ἡμῖν,
2446 3169 2555 3223 εἴτε
2590 3170 2648 3223 ὲν
2679 3167 2927 3240 διαθέτῳ,
2964 3168 3074 3221 εἴτε
3113 3168 3210 3222 καὶ
3250 3169 3610 3241 προφορικῷ·
3657 3171 3744 3221 καὶ

2159 3261 2318 3331 ἡμεῖς
2365 3262 2641 3334 φήσομεν,
2686 3261 2768 3316 ὅτι
2814 3261 2914 3316 οὐκ
2950 3261 3097 3314 ἔστιν
3148 3259 3367 3332 ὲφικτὸς
3420 3263 3502 3333 τῷ
3543 3263 3684 3332 λόγῳ
3716 3261 3743 3314 6

2157 3349 2308 3415 Θεός.
2338 3353 2400 3406 Ei
2435 3353 2488 3407 δὲ
2521 3355 2810 3425 νοήσαντες
2838 3352 2918 3418 τὸ,
2950 3353 3046 3406 Ἐν
3071 3351 3229 3423 ἀρχῇ
3252 3349 3332 3424 ἦν
3357 3356 3392 3407 ό
3418 3354 3632 3424 Λόγος,
3654 3353 3743 3407 καὶ

2159 3446 2193 3498 ό
2218 3446 2409 3514 Λόγος
2431 3441 2509 3515 ἦν
2533 3444 2684 3515 πρὸς
2714 3443 2881 3511 Θεὸν,
2899 3445 2994 3500 καὶ
3025 3444 3169 3511 Θεὸς
3196 3443 3274 3517 ἦν
3299 3448 3333 3498 ό
3356 3447 3577 3516 Λόγυςο
3614 3448 3741 3500 ἁπο-

2161 3535 2494 3606 φαινόμεοα,
2548 3537 2630 3590 ὅτι
2679 3537 2857 3608 τούτῳ
2905 3535 2984 3608 τῷ
3035 3536 3178 3607 λόγῳ
3245 3538 3470 3607 ἐφικτός
3524 3540 3674 3592 ἑστιν
3715 3537 3745 3590 6

2160 3626 2320 3691 Θεός.
2365 3627 2420 3683 Id
2459 3639 2576 3693 est,
2617 3646 2634 3680 t
2681 3629 2960 3698 Distingue
3000 3630 3358 3701 signiﬁcatum
3405 3643 3463 3686 et
3510 3633 3665 3695 dico,
3700 3633 3740 3685 si

2162 3719 2490 3788 intelligatur
2530 3721 2597 3776 de
2646 3722 2874 3788 ratione,
2903 3737 3025 3792 qua:
3073 3723 3156 3776 vel
3197 3722 3399 3777 inserta
3440 3734 3528 3778 est
3573 3726 3740 3788 nobis,

2159 3811 2244 3866 vel
2275 3827 2305 3866 e
2342 3812 2497 3868 nobis
2529 3827 2585 3867 se
2629 3813 2827 3878 exerit,
2859 3814 2963 3868 hac
2994 3829 3100 3868 non
3131 3828 3253 3869 esse
3301 3815 3472 3869 Deum
3501 3831 3737 3886 compre

2161 3901 2500 3958 bensibilem.
2553 3903 2649 3957 Sin
2694 3903 2761 3958 de
2794 3902 2907 3971 illa,
2957 3920 3077 3975 qua:
3115 3914 3231 3958 erat
3281 3906 3334 3958 in
3370 3907 3668 3976 principio,
3696 3917 3743 3960 et

2161 4003 2279 4049 erat
2307 3994 2447 4063 apud
2493 3995 2658 4049 Deum
2682 4036 2698 4062 ,
2736 4005 2792 4050 et
2833 3994 2950 4065 ipsa
2997 4005 3118 4051 erat
3152 3998 3288 4054 Deus
3311 3999 3384 4062 ⁵⁸,
3416 3998 3602 4053 aimus
3650 3999 3741 4053 hac

2161 4085 2329 4142 Deum
2372 4101 2494 4142 esse
2526 4088 3094 4158 comprehensibilem.
3124 4108 3155 4143 ι·
3195 4089 3416 4145 Scilicet
3468 4093 3610 4146 Deus
3646 4091 3741 4144 nisi

2161 4191 2191 4230 a
2229 4177 2367 4243 Deo;
2407 4177 2549 4246 quod
2585 4177 2850 4233 inﬁnitum
2879 4188 2983 4245 est,
3017 4179 3120 4235 nisi
3146 4180 3214 4234 ab
3248 4180 3466 4235 intinito
3501 4195 3742 4252 compre-

2161 4265 2321 4321 hendi
2374 4285 2479 4322 tton
2528 4278 2740 4338 potest;
2798 4269 2940 4324 unde
2988 4269 3235 4340 sequitur
3280 4271 3375 4324 τὸν
3423 4271 3610 4341 λόγον,
3657 4274 3738 4342 qui

2163 4358 2330 4414 Deum
2375 4357 2551 4414 valeat
2591 4357 3081 4428 comprehendere,
3133 4361 3306 4431 ipsum
3356 4376 3486 4418 esse
3537 4362 3737 4424 Deum;

2163 4449 2306 4519 quod
2335 4457 2388 4504 et
2430 4449 2482 4503 in
2517 4449 2765 4505 terminis
2795 4449 3057 4519 Origenes
3085 4464 3206 4505 cum
3251 4449 3465 4506 Joanne
3514 4467 3738 4521 evange-

2165 4541 2286 4597 lista
2333 4542 2588 4596 alIirmat.
2639 4541 2808 4609 Quam
2859 4542 2963 4596 hoc
3015 4541 3276 4613 Origenes
3325 4545 3732 4613 pronuntiatum

2165 4635 2382 4690 Arianae
2435 4634 2783 4706 blasphemia:
2817 4649 2883 4688 ex
2925 4634 3195 4690 diametro
3239 4646 3539 4707 repugnet,
3592 4650 3738 4692 nemo

2165 4736 2248 4784 est
2273 4727 2364 4796 qui
2394 4743 2498 4783 non
2527 4729 2718 4783 videat.
2750 4731 2899 4786 Dixit
2923 4731 3066 4785 enim
3096 4731 3259 4786 Arius
3297 4731 3352 4784 in
3390 4732 3535 4786 libro
3564 4730 3738 4784 Τήειίι

2165 4817 2424 4887 inscripto
2467 4820 2768 4889 (referente
2812 4822 3114 4876 Athanasio
3161 4823 3213 4876 in
3263 4822 3360 4877 lib.
3389 4821 3470 4876 De
3509 4824 3736 4893 sunt),

2177 4907 2438 4962 Ἀδύνατα
2483 4909 2598 4981 Υἱῷ
2648 4911 2740 4966 τὸν
2776 4912 3016 4984 Πατέρα,
3062 4910 3394 4982 ὲξιχνιάσαι,
3439 4907 3554 4975 οἷός
3602 4913 3739 4964 ἐστιν

2163 5001 2252 5071 ἐφ’
2289 5002 2516 5056 ἑαυτοῦ·
2557 5003 2718 5068 αὐτὸς
2763 5003 2873 5076 γὰρ
2919 5006 2949 5057 ὁ
2999 5005 3126 5068 Υἱὸς
3175 5003 3273 5076 τὴν
3311 5003 3513 5057 ἑαυτοῦ
3562 5003 3736 5057 οὐσίαν

2162 5096 2264 5149 οὐκ
2312 5090 2472 5160 οἶδεν,
2510 5095 2561 5150 id
2599 5105 2679 5151 est
2713 5134 2731 5162 ,
2779 5115 2798 5148 ι
2827 5097 3086 5151 Possibile
3131 5097 3275 5151 enim
3327 5111 3437 5150 non
3471 5105 3558 5150 est
3613 5092 3737 5148 Filio

2166 5185 2496 5254 investigare
2553 5185 2788 5249 Patrem,
2849 5186 3026 5256 qualis
3074 5185 3127 5240 in
3185 5185 3367 5256 seipso
3417 5195 3529 5249 est,
3577 5182 3738 5240 Filius

2174 5276 2371 5346 quippe
2404 5293 2557 5331 suam
2604 5277 2719 5347 ipse
2762 5277 3050 5333 essentiam
3102 5290 3209 5330 non
3259 5275 3429 5331 novit.
3463 5295 3484 5327 ι
3524 5274 3621 5330 llis
3653 5288 3738 5344 ge-

2165 5369 2309 5418 mina
2347 5375 2494 5430 sunt,
2529 5381 2648 5435 quae
2676 5375 2797 5436 post
2857 5365 3263 5435 aliquammulta
3295 5363 3348 5418 in
3381 5365 3572 5420 eodem
3609 5365 3737 5420 libro

2163 5470 2220 5510 v1
2255 5467 2437 5510 contra
2469 5456 2698 5521 Celsum,
2728 5473 2876 5511 num.
2905 5455 2994 5524 68,
3027 5473 3081 5528 p.
3111 5455 3236 5522 σει,
3269 5467 3614 5527 sequuntur:
3648 5455 3734 5518 Τίς

2162 5545 2220 5600 δὲ
2263 5544 2421 5611 ἄλλος
2459 5546 2629 5601 σῶσαι
2666 5547 2760 5602 καὶ
2798 5549 3166 5621 προσαγαγεῖν
3196 5547 3274 5619 τῷ
3316 5548 3410 5601 ἐπὶ
3450 5549 3588 5602 πᾶσι
3625 5545 3735 5615 Θεῷ

477 5639 748 5696 intentario
778 5639 844 5697 ad
873 5638 1134 5712 psalmum
1149 5653 1201 5704 ιι,
1235 5637 1434 5696 Fi‘lium
1462 5636 1556 5693 Dei
1583 5636 1788 5693 dixisse
1822 5638 2050 5710 γενητὸν

2157 5636 2378 5694 δύναται
2405 5639 2504 5712 τὴν
2539 5638 2632 5694 τοῦ
2672 5639 2958 5713 ἀνθρώπου
2993 5641 3191 5714 ψυχὴν,
3227 5641 3262 5712 ἢ
3307 5642 3336 5695 6
3371 5640 3505 5705 Θεδς
3541 5641 3733 5707 Λόγος

543 5814 806 5873 "lenm.
842 5833 997 5885 xxtn,
1035 5815 1126 5877 ﬁt.
1201 5821 1247 5854 “
1282 5820 1414 5881 ibid.
1439 5818 1529 5877 23.
1607 5822 1652 5854 ⁵⁸
1689 5820 1845 5880 Jumi.
1879 5839 1918 5888 ι,
1950 5823 2001 5876 t.
