3926 6540
208 488 335 545 ΙξῖΠ

200 692 373 749 θέντας
402 690 467 757 τῇ
501 688 663 757 σαρκὶ
689 688 781 740 καὶ
831 687 1156 758 γενομένους
1182 690 1320 755 ὅπερ
1348 688 1502 758 σὰρξ,
1533 689 1748 756 ἐγένετο

203 780 352 848 σὰρξ,
401 777 487 831 ἵνα
534 778 755 849 χωρηθῇ
804 777 906 830 ὑπὸ
956 778 1065 831 τῶν
1117 778 1193 850 μὴ
1229 778 1539 848 δυναμένων
1585 777 1748 832 αὐτὸν

204 867 401 936 βλέπειν
441 864 574 919 καθὸ
612 867 783 933 Λόγος
840 862 938 937 ἦν,
988 867 1082 919 καὶ⁹
1137 867 1273 937 πρὸς
1334 867 1466 920 Θεὸν
1520 862 1609 937 ἦν,
1654 868 1748 920 καὶ

201 958 316 1019 Θεὸς
345 952 428 1026 ἦν,
468 956 521 1010 id
556 965 673 1020 est,
705 976 724 1008 ι
747 956 874 1023 Quis
918 958 1062 1011 enim
1111 957 1253 1012 alius
1300 959 1473 1013 valeat
1507 973 1746 1025 servare,

200 1056 249 1099 rt
277 1050 335 1098 ad
374 1048 537 1099 Deum
587 1045 712 1114 Opt.
761 1045 900 1100 Max.
951 1046 1243 1099 humanam
1298 1048 1536 1100 animam
1575 1047 1748 1101 addu-

202 1151 332 1195 cere,
367 1150 526 1201 quam
566 1134 709 1189 Deus
756 1134 1027 1189 Verbum?
1065 1135 1157 1203 qui
1210 1151 1333 1189 cum
1386 1139 1435 1190 in
1487 1137 1749 1207 principio

206 1228 328 1294 apud
361 1225 527 1279 Deum
561 1236 728 1292 esset,
763 1236 981 1294 propter
1007 1227 1157 1280 carni
1188 1230 1520 1281 cohaerentes
1545 1236 1601 1282 ct
1632 1244 1750 1282 car-

205 1317 337 1369 nales
371 1330 496 1369 caro
529 1313 709 1369 factus
740 1326 844 1380 est,
879 1326 938 1370 ut
972 1327 1253 1385 caperetur
1283 1318 1349 1371 ab
1383 1317 1469 1381 iis,
1498 1332 1527 1370 a
1556 1318 1751 1387 quibus

202 1407 381 1474 alioqui
425 1422 492 1460 ne
525 1406 696 1459 videri
729 1405 947 1474 quidem
978 1416 1206 1475 poterat,
1241 1408 1292 1461 in
1322 1417 1582 1476 quantum
1620 1408 1750 1462 Ver-

204 1500 484 1561 Intulerat,
525 1506 581 1551 et
631 1498 770 1567 apud
805 1497 967 1552 Deum
1018 1508 1165 1562 erat,
1209 1509 1263 1553 et
1312 1498 1451 1553 Deus
1493 1509 1611 1554 erat
1636 1500 1745 1554 “.s

194 1589 421 1656 Denique
446 1588 713 1656 Origenes
742 1604 865 1644 mox
904 1590 1099 1642 ibidem
1138 1590 1332 1645 Filium
1360 1592 1491 1645 dicit
1533 1591 1752 1660 perinde

203 1694 259 1736 ac
306 1679 511 1735 Patrem
572 1696 825 1750 tnagnum
894 1694 1054 1749 atque
1111 1683 1748 1752 incomprehensibilem;

201 1784 313 1836 quin
346 1778 401 1823 et
436 1767 656 1823 Patrem
705 1784 827 1823 cum
867 1769 1139 1838 unigenito
1170 1769 1308 1825 Filio
1335 1772 1496 1825 etiam
1544 1770 1750 1840 magni-

204 1859 420 1913 tudinem
447 1873 603 1914 soam
645 1860 1075 1916 communicasse
1107 1860 1359 1916 amrtnat.
1392 1862 1564 1916 Verba
1610 1861 1748 1916 infra

202 1949 529 2003 commodiori
564 1948 684 2004 loco
712 1949 923 2020 integre
956 1952 1325 2008 recitaliimus.

267 2036 385 2109 §X.
434 2037 619 2105 Vides,
654 2039 844 2106 lector,
890 2049 949 2093 ut
986 2039 1248 2110 Origenes
1286 2041 1337 2095 in
1383 2041 1535 2096 libris
1566 2052 1748 2095 contra

200 2128 389 2183 Celsum
418 2129 529 2199 (qui
562 2145 632 2185 ex
658 2131 910 2187 omnibus
967 2132 1083 2203 ejus
1109 2134 1328 2203 scriptis
1353 2136 1593 2188 omnium
1630 2150 1752 2189 coo-

200 2234 365 2284 sensu,
431 2221 674 2275 maxime
718 2222 958 2292 genuini,
1000 2224 1118 2293 puri
1163 2232 1219 2278 et
1252 2226 1546 2294 incorrupti
1592 2226 1749 2294 sunt)

200 2326 363 2365 veram
409 2312 528 2367 Filii
568 2314 904 2369 divinitatem
954 2314 1148 2384 saepius
1203 2324 1366 2385 atque
1416 2316 1752 2383 apertissime

200 2404 481 2458 conﬁrmet.
538 2403 673 2470 Quis
718 2404 831 2475 jam
882 2406 1275 2474 suspicaretur,
1314 2421 1379 2462 ex
1429 2407 1580 2463 hisce
1622 2408 1753 2477 ipsis

203 2496 335 2551 libris
357 2512 415 2550 ea
452 2496 638 2564 colligi
672 2497 943 2565 potuisse,
989 2512 1107 2566 quae
1147 2498 1360 2552 Arianae
1405 2498 1754 2569 blasphemia:

200 2589 464 2660 Origenem
507 2588 714 2644 favisse
755 2590 1134 2644 ostenderent?
1170 2589 1425 2645 Petavius
1471 2601 1646 2646 tamen
1676 2592 1754 2647 De

203 2683 368 2738 Trinit.
416 2683 509 2737 lib.
555 2701 603 2747 I,
656 2698 776 2752 cap.
807 2682 875 2751 4,
924 2700 1071 2737 num.
1099 2684 1154 2749 5,
1195 2684 1247 2738 id
1292 2684 1480 2755 objicit
1535 2685 1755 2756 Origcni

206 2785 439 2843 tanquam
466 2775 840 2829 Arianismum
870 2777 1105 2844 sapiens,
1135 2777 1278 2847 quod
1308 2777 1361 2832 in
1394 2777 1533 2833 libro
1562 2794 1611 2832 vi
1641 2795 1757 2833 σοη·

199 2877 270 2918 tra
297 2864 524 2931 Celsum,
564 2882 715 2920 num.
745 2864 833 2931 60,
870 2882 991 2936 pag.
1015 2868 1139 2929 678,
1168 2869 1445 2939 scripserit
1472 2887 1485 2923 :
1519 2870 1622 2923 Τὸν
1656 2871 1756 2941 μὲν

199 2956 458 3029 πῳπχῶς
497 2957 841 3028 δημιουργὸν
873 2952 1011 3010 εἶναι
1050 2956 1145 3011 τὸν
1181 2959 1307 3013 Υεὸν
1350 2959 1442 3011 τοῦ
1487 2959 1621 3014 Θεοῦ
1655 2958 1757 3012 Λό-

198 3064 307 3115 γον,
353 3049 445 3102 καὶ
501 3047 749 3119 ὡσπερεὶ
794 3047 1090 3119 αὐτουργὸν
1126 3047 1219 3101 τοῦ
1274 3048 1479 3119 κόσμου
1500 3065 1514 3079 θ
1555 3049 1644 3102 τὸν
1698 3048 1757 3102 δὲ

198 3140 397 3213 Πατέρα
426 3140 527 3194 τοῦ
558 3139 731 3209 Λόγου
756 3138 833 3211 τῷ
863 3139 1287 3211 προστεταχέναι
1312 3139 1390 3212 τῷ
1421 3138 1534 3212 Υἱῷ
1562 3139 1754 3194 ἑαυτοῦ

196 3232 355 3302 Λόγῳ,
386 3232 615 3303 ποιῆσαι
647 3230 738 3284 τὸν
784 3232 1009 3303 κόσμον,
1050 3229 1189 3289 εἶναι
1222 3231 1452 3304 πρώτως
1497 3232 1758 3303 δημιουρ-

199 3322 369 3390 τόν.Ιά
399 3333 521 3391 εει,
551 3342 570 3374 ‹
599 3321 910 3378 Proximum
937 3325 1118 3379 mundi
1144 3324 1392 3393 opiﬁcem
1414 3338 1533 3378 esse
1561 3322 1753 3377 Filium

201 3415 281 3468 Dei
314 3417 570 3481 Verbum,
607 3415 698 3485 qui
728 3414 873 3469 velut
904 3432 999 3484 per
1026 3430 1086 3472 se
1126 3417 1383 3471 mundum
1432 3416 1546 3483 ipse
1597 3414 1761 3468 fabri-

198 3507 358 3561 carit:
388 3506 609 3561 Patrem
659 3520 786 3560 vero
827 3507 1009 3573 Verbi,
1051 3522 1118 3563 eo
1149 3508 1286 3576 ipso,
1316 3507 1457 3577 quod
1497 3505 1633 3562 Filio
1664 3520 1761 3561 suo

196 3609 344 3666 atque
380 3597 564 3653 Verbo
597 3596 825 3667 jusserit
866 3600 1121 3653 mundum
1165 3598 1365 3663 facere,
1393 3612 1514 3655 esse
1560 3599 1761 3666 prima-

200 3690 325 3743 rium
372 3692 695 3759 opiﬁcem.»
753 3691 858 3745 Sed
913 3691 1182 3760 quomodo
1245 3691 1362 3744 haec
1412 3689 1759 3759 intelligenda

198 3781 311 3847 sint,
352 3781 464 3851 jam
504 3797 668 3850 supra
716 3782 927 3837 ostendi
960 3782 1025 3837 de
1073 3781 1259 3837 lrenaei
1293 3782 1540 3837 doctrina
1594 3797 1763 3850 agens

200 3870 342 3936 hujus
385 3872 650 3927 sectionis
693 3887 813 3941 cap.
843 3871 898 3935 5,
932 3887 1082 3925 num.
1109 3870 1172 3938 6,
1213 3886 1320 3942 quo
1365 3871 1624 3926 lectorem
1674 3886 1760 3924 re-

198 3963 356 4016 mitto.
388 3961 556 4017 Certe
581 3978 609 4015 a
649 3961 805 4016 Patre
843 3972 1093 4031 tanquam
1120 3977 1331 4018 summo
1369 3962 1564 4032 Opiﬁce
1601 3962 1757 4031 quasi

199 4050 509 4122 imperante,
545 4068 643 4121 per
671 4052 867 4106 Filium
918 4052 1096 4106 Patris
1124 4053 1423 4123 jussionem
1457 4070 1518 4108 ac
1566 4052 1760 4105 volun-

198 4153 348 4197 tatem
375 4154 766 4212 exsequentem
797 4152 993 4199 creata'
1011 4144 1176 4201 fuisse
1204 4146 1421 4211 omnia;
1448 4146 1582 4199 adeo
1604 4146 1757 4199 Aria-

198 4248 313 4287 Illllfl
350 4250 457 4289 non
485 4243 595 4301 est,
633 4244 690 4288 nt
718 4236 881 4289 etiam
910 4237 1164 4292 catholici
1206 4237 1477 4302 doctores,
1520 4237 1611 4305 qui
1641 4245 1763 4305 post

196 4325 477 4379 concilium
521 4324 799 4379 Nic-aenum
848 4326 1109 4390 vixerunt,
1150 4327 1350 4397 quique
1385 4328 1600 4381 Arianae
1646 4326 1760 4380 ba?-

199 4415 324 4468 resis
360 4415 618 4470 acerrimi
659 4416 1065 4486 impugnatores
1099 4418 1272 4482 fuere,
1300 4419 1499 4488 passim
1541 4416 1670 4470 illud
1709 4419 1760 4469 in

195 4505 402 4576 scriptis
433 4507 552 4562 suis
574 4506 841 4563 alIirmare
876 4524 980 4563 non
1022 4509 1132 4564 sint
1159 4510 1338 4576 veriti,
1372 4518 1429 4563 ut
1466 4508 1662 4561 ibidem
1694 4521 1761 4561 ex

1211 486 1299 538 EX
1341 486 1403 539 (ἶ.
1447 485 1642 539 BELLI
1681 482 1831 540 DEF.
1873 481 2047 536 FlDEl
2082 478 2402 537 ΝιςΛςΝλΕτ.

3380 36 3461 44 Ἠ

3292 480 3441 536 1⁸29³

206 602 332 659 isti;
383 598 439 649 ὲν
479 595 619 666 ἀρχῇ
659 596 797 667 πρὸς
833 595 925 647 τὸν
966 595 1099 648 Θεὸν
1143 594 1241 658 ὢν,
1284 596 1369 649 διὰ
1400 599 1525 659 τοῦς
1562 596 1752 664 κολλη-

1860 595 2070 648 tabatur
2122 606 2302 647 autem
2357 591 2427 646 ob
2479 590 2741 645 laetitiam
2779 588 2956 647 Patris
3002 590 3431 661 inperfectione

1847 685 2053 750 mundi,
2080 696 2135 738 et
2168 685 2219 737 in
2254 682 2373 736 ﬁliis
2409 681 2688 736 hominum
2724 681 2980 736 betantis.
3024 680 3301 752 Scriptum
3342 692 3429 739 est

1847 776 1988 829 enim
2017 793 2030 829 :
2058 774 2123 827 Et
2147 775 2273 827 uidit
2304 772 2438 826 Deus
2460 772 2585 840 quia
2616 773 2753 825 bona
2778 784 2895 825 sunt
2920 772 2983 825 ⁸⁷.
3026 772 3246 827 Placere
3274 774 3427 829 Patri

1846 880 2009 932 opera
2027 880 2119 919 sua
2137 866 2354 935 gaudet.
2376 878 2476 916 res
2501 876 2563 917 ss
2582 878 2649 916 ex
2665 877 2955 918 PBECEPTO
2977 880 3096 919 FJUS
3127 876 3385 922 εει-κου,
3399 884 3420 918 s

1848 956 1980 1023 Qua:
2010 965 2278 1023 postrema
2310 952 2497 1008 llilarii
2532 954 2723 1020 verba,
2759 953 2860 1009 loci
2892 953 3226 1024 Origeniani.
3258 973 3425 1025 quem

1844 1044 2021 1114 carpit
2061 1042 2336 1107 Petavius,
2372 1043 2695 1097 sententiam
2742 1043 2900 1112 plene
2928 1044 3258 1112 exprimunt.
3288 1045 3431 1102 Illud

1849 1150 2010 1205 porro
2049 1134 2347 1189 notandum
2386 1143 2503 1197 est,
2551 1134 2838 1204 Origenent
2894 1136 3096 1189 dictum
3128 1151 3310 1202 suum,
3356 1154 3426 1193 ne

1850 1227 2097 1296 cuiquam
2148 1226 2516 1280 duriuscnlum
2569 1227 2860 1290 videretur,
2924 1240 3182 1295 expresse
3247 1227 3425 1282 emol-

1851 1316 1996 1370 liisse
2047 1316 2321 1379 adverbio,
2365 1315 2609 1386 ὡσπερεί
2657 1315 2812 1368 velut.
2850 1314 3044 1383 Filius,
3089 1317 3296 1387 inquit,
3342 1328 3426 1375 est

1850 1407 2133 1477 proximus
2158 1406 2339 1459 mundi
2377 1406 2580 1474 opifex,
2610 1405 2700 1474 qui
2737 1405 2876 1460 velut
2925 1420 3024 1476 per
3068 1420 3127 1462 se
3166 1408 3424 1464 mundum

1852 1499 1965 1569 ipse
1992 1498 2275 1553 fabricarit
2302 1516 2316 1552 :
2348 1513 2452 1566 qua
2501 1497 2756 1552 cautione
2790 1497 2954 1553 dubio
2998 1498 3189 1568 procul
3234 1515 3425 1556 occur-

1852 1604 1972 1645 rere
2000 1589 2176 1643 voluit
2196 1605 2384 1643 eorum
2418 1589 2617 1651 errori,
2645 1589 2734 1657 qui
2777 1588 3037 1643 Patriset
3071 1589 3191 1644 Filii
3240 1591 3295 1645 in
3328 1606 3424 1647 eo-

1850 1682 1969 1735 dem
2025 1684 2313 1735 creatiouis
2385 1695 2549 1749 opere
2603 1680 2891 1734 indivisam
2956 1680 3241 1751 ἐνέργειαν
3316 1699 3424 1739 non

1852 1774 2188 1843 agnoverint.
2221 1773 2324 1827 Sed
2355 1789 2462 1841 quo
2494 1772 2713 1827 tandem
2754 1774 2957 1828 evadet
2992 1775 3107 1828 haec
3138 1774 3425 1829 scholasti-

1854 1880 2041 1918 corum
2102 1866 2483 1933 theologorum
2522 1863 2577 1917 in
2629 1864 2915 1919 censendis
2978 1875 3219 1919 veterum
3261 1867 3425 1922 dictis

1783 1945 1825 2000 Β
1854 1959 2075 2012 audacia
2120 1974 2183 2012 ac
2222 1957 2544 2012 temeritas?
2594 1956 2739 2012 Sane
2770 1957 2816 2011 si
2858 1958 2926 2019 is,
2956 1958 3046 2027 qui
3092 1959 3290 2013 dixerit
3321 1958 3425 2013 Pa-

1852 2060 2008 2113 trem,
2041 2068 2146 2120 qua
2191 2051 2347 2105 Pater
2387 2059 2492 2114 est,
2525 2050 2841 2119 primarium
2872 2064 2993 2104 esse
3037 2051 3219 2104 mundi
3265 2051 3426 2121 cpiti-

1849 2159 1988 2205 cem,
2013 2145 2100 2212 qui
2137 2144 2250 2196 Ιιςεε
2279 2142 2527 2195 universa
2558 2155 2653 2209 per
2683 2140 2876 2193 Filium
2909 2153 3067 2193 suum
3091 2141 3429 2209 condiderit,

1851 2251 1948 2304 pro
1987 2236 2189 2289 Ariano
2234 2233 2512 2289 habendus
2561 2242 2677 2296 est;
2726 2233 2813 2287 vix
2853 2233 2922 2287 ab
2959 2233 3251 2286 Arianismi
3300 2231 3431 2288 labe

1853 2340 2018 2395 purus
2044 2325 2148 2380 erit
2175 2324 2286 2393 ipse
2314 2323 2531 2387 Paulus,
2561 2326 2614 2376 in
2655 2321 2819 2393 Epist.
2851 2330 2875 2377 ι
2906 2324 2974 2377 ad
3004 2323 3267 2386 Earini/2.,
3296 2338 3418 2394 cap.

1852 2435 1970 2483 vm,
2002 2435 2143 2474 vers.
2168 2419 2221 2483 6,
2264 2417 2332 2472 de
2380 2417 2642 2485 partibus,
2686 2426 2744 2469 ut
2792 2416 2863 2469 ita
2900 2416 3109 2484 loquar,
3144 2414 3322 2469 Patris
3368 2422 3433 2471 et

1854 2510 1976 2566 Filii
2017 2510 2068 2565 in
2103 2524 2280 2564 rerum
2314 2508 2589 2563 creatione
2621 2517 2674 2560 et
2714 2506 3090 2568 renovatione,
3128 2507 3206 2560 sic
3243 2507 3421 2559 disse-

1857 2618 2019 2658 rens:
2057 2621 2076 2654 ι
2106 2600 2267 2656 Nobis
2300 2615 2438 2654 unus
2484 2610 2568 2655 est
2602 2600 2742 2653 Deus
2777 2597 2954 2661 Pater,
2992 2613 3021 2650 a
3066 2613 3174 2667 quo
3220 2602 3424 2662 omnia,

1857 2704 1913 2749 et
1940 2708 2041 2748 nos
2069 2693 2121 2747 in
2170 2694 2286 2763 ipso
2325 2710 2339 2747 :
2385 2700 2443 2745 et
2471 2706 2611 2745 unus
2662 2689 2918 2744 Dominus
2952 2687 3109 2743 Jesus
3155 2688 3425 2752 Christus.

1858 2798 1955 2853 per
1984 2797 2140 2852 quem
2170 2784 2374 2847 omnia,
2400 2791 2455 2837 et
2485 2797 2581 2835 nos
2614 2795 2711 2849 per.
2738 2781 2933 2847 ipsum.
2966 2798 2983 2829 ι
3026 2778 3159 2831 Nam
3211 2777 3339 2830 illud
3369 2776 3433 2843 ἐξ

1858 2869 1941 2941 οὗ,
1969 2892 2001 2928 a
2026 2891 2147 2942 quo,
2184 2887 2405 2927 causam
2446 2870 2758 2940 primariam
2803 2870 3057 2923 denotare
3087 2867 3429 2921 manifestum

1858 2974 1960 3019 est.
1993 2963 2142 3018 Unde
2174 2972 2228 3015 et
2261 2961 2573 3017 Theodorus
2615 2959 2749 3014 Beza
2782 2959 2848 3012 ad
2887 2959 3063 3013 locum
3109 2959 3225 3013 base
3256 2958 3431 3012 adno-

1861 3063 1976 3108 tat:
2014 3071 2032 3103 t
2066 3052 2199 3108 Cum
2234 3052 2394 3106 Pater
2439 3066 2466 3103 a
2511 3048 2651 3105 Filio
2695 3049 3061 3117 distinguitur,
3098 3048 3171 3102 illi
3221 3047 3432 3116 princi«

1859 3146 2003 3218 pium
2053 3144 2321 3198 tribuitur.
2348 3161 2366 3196 ι
2406 3140 2624 3195 Scilicet
2654 3142 2765 3195 [nec
2811 3140 2994 3195 omnia
3024 3141 3247 3193 omnino
3285 3138 3427 3193 refe-

1863 3236 2025 3290 renda
2054 3243 2176 3289 sunt
2200 3232 2266 3286 ad
2300 3231 2443 3285 illam
2471 3229 2591 3283 Filii
2620 3229 3116 3283 snhordiuationem
3145 3242 3247 3295 qua
3284 3226 3431 3281 Patri

1862 3335 1919 3381 ut
1944 3325 2152 3379 auctori
2187 3339 2285 3379 suo
2309 3322 2421 3392 (hic
2451 3321 2645 3375 iterum
2673 3320 2805 3388 ipsis
2836 3318 3023 3373 Hilarii
3052 3318 3232 3371 verbis
3262 3315 3431 3387 utor),

1859 3416 2132 3484 subjectus
2178 3424 2292 3480 est,
2338 3414 2403 3467 de
2449 3427 2554 3483 qua
2589 3411 2828 3465 sectione
2873 3419 3062 3478 quarta
3099 3408 3272 3462 fusius
3308 3423 3435 3477 age-

1861 3523 1998 3562 mus.
2031 3504 2211 3571 Quid?
2234 3501 2377 3572 quod
2409 3501 2462 3556 in
2503 3501 2621 3569 ipso
2650 3498 2909 3570 Symbolo
2954 3496 3165 3552 Nicaeno
3190 3498 3434 3550 credere

1858 3596 2127 3667 juhemur,
2169 3595 2344 3663 primo
2382 3610 2399 3643 ι
2434 3592 2487 3645 in
2526 3605 2690 3644 unum
2743 3588 2906 3642 Deum
2951 3586 3163 3641 Patrem
3190 3587 3435 3655 otiiuipo-

1863 3698 2067 3744 tentem
2113 3687 2354 3740 omnium
2406 3682 2704 3737 visibilium
2728 3689 2783 3734 et
2824 3676 3177 3735 invisibilium
3224 3687 3437 3731 creato-

1864 3795 1976 3834 rem
2022 3796 2037 3834 :
2091 3777 2285 3832 deinde
2346 3776 2397 3829 in
2455 3788 2617 3829 unum
2683 3770 2965 3825 Dominum
3021 3768 3205 3824 Jesum
3260 3767 3437 3823 Chri—

1860 3882 2028 3936 stum,
2053 3881 2183 3932 etc.,
2224 3884 2317 3939 per
2347 3882 2508 3936 quem
2548 3864 2729 3920 omnia
2769 3862 2910 3918 facta
2955 3870 3099 3916 sunt.
3126 3880 3145 3914 ι
3178 3860 3312 3914 Puto
3342 3857 3437 3912 Ni-

1862 3979 2039 4020 caanos
2069 3962 2277 4025 Patres,
2308 3962 2410 4013 nisi
2441 3961 2495 4012 in
2528 3956 2866 4012 (ecumenico
2890 3954 3272 4009 convenissent
3305 3968 3437 4006 con-

1861 4056 2008 4120 cilio,
2036 4055 2122 4109 cui
2156 4053 2308 4107 nefas
2336 4052 2407 4105 sit
2433 4049 2832 4113 contradicere,
2865 4055 3086 4116 prepter
3115 4046 3227 4099 lucc
3264 4046 3432 4107 dicta,

1862 4162 2041 4202 acrem
2065 4145 2266 4200 Petavii
2294 4142 2512 4198 Jesuita:
2535 4154 2820 4195 censuram
2848 4140 2936 4191 vix
2959 4151 3216 4191 evasuros
3243 4134 3430 4192 fuisse.

1863 4239 1935 4294 Ut
1961 4237 2294 4307 paucisrem
2326 4244 2491 4288 telam
2527 4232 2878 4301 complectar,
2902 4230 2992 4298 qui
3029 4229 3222 4284 dixerit
3266 4229 3431 4283 lleum

1863 4330 2096 4394 Patrem,
2144 4337 2396 4394 tanquam
2445 4323 2646 4378 fontem
2699 4321 3001 4375 divinitatis
3036 4321 3277 4389 adeoque
3323 4336 3438 4374 om-

1864 4423 2010 4477 nium
2053 4421 2425 4489 operationum
2465 4417 2775 4471 divinarum
2824 4415 3140 4483 originem,
3173 4430 3201 4466 a
3253 4415 3432 4483 seipse

1862 4527 1960 4583 per
1991 4512 2182 4566 Filium
2231 4525 2385 4565 suum
2442 4508 2698 4562 mundum
2739 4505 3064 4570 condidisse,
3110 4521 3173 4560 ac
3213 4507 3437 4575 proinde

198 4595 306 4665 ipso
350 4598 579 4655 Petavio
627 4602 986 4655 Ostendimus.
1038 4600 1404 4671 Scriptoribus
1456 4600 1619 4654 isthic
1664 4599 1759 4652 ad-
1794 4628 1839 4683 ι)
1870 4619 2050 4661 rerum
2101 4602 2341 4657 omnium
2391 4599 2704 4668 primarium
2749 4615 2871 4654 esse
2917 4598 3206 4668 opiﬁcem,
3261 4611 3342 4651 ita
3389 4600 3436 4651 is

195 4690 357 4746 ductis
398 4691 537 4746 libet
578 4692 666 4746 hic
707 4708 869 4745 nntnn
916 4691 1179 4746 llilarium
1218 4693 1530 4761 adjungere,
1578 4690 1668 4760 qui
1704 4689 1756 4744 in

198 4780 324 4837 hbro
365 4798 417 4836 iv
451 4783 525 4836 De
569 4781 756 4835 Triuit.
792 4798 958 4852 agens
1006 4786 1073 4838 de
1113 4787 1294 4840 verbis
1338 4786 1439 4838 illis
1489 4784 1683 4838 Cenes.
1711 4797 1762 4846 I,

193 4871 275 4937 26,
302 4872 597 4927 Faciamus
627 4874 886 4928 hominem
920 4876 989 4927 ad
1020 4875 1299 4944 imaginem
1328 4886 1579 4938 nostram,
1615 4882 1720 4927 etc.
1736 4885 1759 4939 ';

195 4965 267 5018 sic
305 4966 548 5037 loquitur
587 4982 637 5036 p.
663 4966 787 5027 839.
820 4966 961 5022 850:
1004 4986 1021 5019 ι
1052 4967 1153 5023 Ρει-
1179 4968 1231 5022 id
1258 4968 1400 5036 quod
1428 4968 1630 5021 dictum
1660 4975 1763 5031 est,

198 5052 481 5110 Faciamus
524 5058 817 5120 hominem,
851 5074 915 5112 ex
953 5075 1018 5114 eo
1048 5062 1201 5129 origo
1236 5067 1337 5119 est,
1363 5071 1428 5111 ex
1473 5073 1577 5124 qun
1622 5056 1768 5123 capit

193 5156 244 5198 et
279 5163 500 5203 sermo:
535 5151 586 5202 in
616 5165 680 5204 eo
716 5166 840 5204 vero
873 5153 1014 5219 quod
1050 5154 1190 5219 Deus
1237 5150 1301 5203 ad
1338 5151 1623 5218 imaginem
1674 5147 1768 5203 Dei

197 5238 317 5295 facit
371 5239 691 5305 hominem,
745 5242 1301 5315 signiticatnretiam
1340 5241 1407 5303 is,
1456 5256 1552 5308 per
1607 5253 1766 5306 quem

194 5341 599 5385 consummatur
652 5333 913 5399 Operatio.
943 5350 961 5384 ι
1022 5331 1088 5385 Ει
1137 5332 1294 5400 paulo
1344 5341 1500 5401 post:
1538 5350 1555 5381 ι
1591 5330 1648 5383 in
1701 5344 1768 5388 eo

194 5424 331 5487 quod
368 5424 588 5485 dicitur,
617 5420 922 5488 Faciamus,
957 5432 1011 5475 et
1035 5424 1207 5487 jussiu
1238 5434 1551 5491 exsequatur
1581 5431 1635 5475 et
1683 5421 1767 5477 fa-

193 5524 358 5565 ctum.
380 5534 401 5565 ι
441 5513 505 5566 Et
538 5529 659 5567 mox
692 5513 883 5566 iterum
914 5516 980 5569 de
1019 5512 1295 5583 Sapientia
1344 5514 1457 5566 sive
1491 5511 1625 5566 Filio
1674 5512 1769 5568 Dei

196 5602 338 5657 Patri
386 5620 487 5659 suo
529 5605 858 5674 aggaudente
904 5605 959 5658 in
1004 5604 1299 5660 crcationis
1330 5604 1606 5672 operibus,
1654 5605 1772 5660 haec

196 5695 399 5750 habet:
438 5712 457 5746 ι
486 5695 714 5750 Causam
744 5695 937 5750 lxtitia:
979 5712 1089 5751 sua:
1115 5695 1388 5764 Sapientia
1423 5694 1606 5751 docuit
1634 5712 1649 5749 :
1682 5694 1773 5751 la:-

268 5892 313 5924 ιε
354 5890 510 5948 Joan.
542 5909 581 5956 ι,
619 5896 662 5948 l.
739 5895 782 5926 ετ
824 5895 953 5950 Gen.
986 5913 1021 5963 ι,
1056 5897 1137 5963 io,
1168 5895 1250 5962 ιδ,
1282 5895 1569 5965 ιεειβε.

1865 4696 2079 4750 Arianae
2134 4693 2355 4748 haeresis
2408 4691 2718 4760 neutiquam
2769 4688 3094 4744 incusandus
3148 4699 3229 4743 est
3276 4707 3289 4742 :
3336 4690 3439 4742 nisi

1867 4803 1998 4843 vero
2031 4786 2268 4856 antiquis
2299 4786 2554 4840 Ecclesia:
2591 4784 2845 4838 Pati-ibus
2875 4784 3164 4849 universis,
3195 4784 3439 4848 adeoque

1869 4878 2003 4949 ipsis
2074 4878 2425 4945 scriptoribus
2477 4874 2850 4936 θεοπνεύστοις
2911 4874 3202 4927 Arianismi
3257 4872 3437 4925 dicam

1872 4970 2170 5038 impingere
2203 4966 2450 5020 velimus.
2480 4966 2585 5020 Sed
2632 4966 2758 5017 illud
2794 4965 3007 5016 dentom
3049 4964 3263 5016 Ariame
3297 4969 3441 5016 esset

1873 5058 2239 5127 blasphemiae,
2286 5057 2332 5109 si
2364 5057 2485 5124 quis
2514 5056 2758 5115 doceret,
2786 5054 3000 5106 Patrem
3040 5054 3155 5107 haec
3186 5052 3440 5105 universa

1870 5149 2212 5203 constituisse
2239 5162 2334 5215 per
2363 5146 2578 5213 Filium,
2612 5156 2869 5215 tanquam
2900 5160 2996 5213 per
3022 5145 3440 5199 instrumentum

1872 5241 1974 5296 sibi
2002 5252 2342 5303 extraneum,
2368 5248 2461 5294 aut
2495 5249 2752 5308 tanquam
2784 5216 2880 5306 per
2908 5237 3164 5290 virtutem
3200 5233 3442 5301 aliquam

1872 5343 1998 5389 ante
2039 5342 2233 5387 cetera
2280 5332 2462 5386 omnia
2510 5340 2786 5391 creatam,
2832 5336 2995 5396 atque
3040 5326 3108 5379 ab
3143 5325 3311 5395 ipsius
3354 5339 3443 5380 es-

1874 5426 2044 5481 sentia
2080 5424 2310 5479 alienam
2338 5443 2351 5477 :
2385 5438 2505 5493 quae
2535 5423 2781 5489 impietas
2817 5428 3051 5473 mentem
3085 5415 3343 5487 Origenis
3377 5431 3446 5492 ne

1877 5529 1973 5583 per
2003 5513 2270 5568 somnium
2306 5512 2521 5581 quidem
2554 5527 2791 5579 unquam
2824 5508 3011 5575 subiit,
3043 5515 3101 5561 ut
3140 5520 3205 5561 ex
3241 5503 3376 5559 locis
3413 5519 3444 5560 a

1878 5604 2032 5660 nobis
2058 5603 2302 5670 superius
2328 5602 2572 5657 adductis
2608 5601 2795 5671 liquet.

1956 5692 2108 5768 §‘Xl.
2140 5693 2246 5749 Sed
2281 5704 2336 5750 et
2363 5692 2467 5747 alia
2498 5691 2744 5764 quaedam
2785 5693 2841 5745 in
2871 5689 3001 5759 ipsis
3028 5693 3215 5741 contra
3238 5680 3453 5737 Celsum
