3952 6558
504 490 644 539 1⁸399

1947 482 2371 537 EXCERPTUM

3625 476 3760 529 ιὸω

501 600 654 654 libris
701 612 824 654 atro
873 598 1085 654 calculo
1128 605 1280 652 notat
1331 608 1387 651 et
1441 612 1569 649 veru
1640 599 1910 666 transﬁgit
1956 598 2070 667 ipse
2100 606 2144 658 Α
2174 600 2240 652 ab
2272 596 2595 666 Epiphanio,
2630 594 2870 662 adeoque
2914 594 2981 649 ab
3027 592 3151 661 ipso
3177 591 3484 645 Athanasio
3515 592 3755 644 ostendit

502 689 742 751 Huctius,
768 703 832 743 ex
857 690 1050 758 quibus
1074 704 1171 743 nos
1200 691 1468 757 praecipua
1494 690 1862 744 discutiemus.
1890 689 2074 744 Primo

502 783 715 835 adducit
749 781 971 835 Httetius
1020 779 1333 850 Origem'an.
1376 781 1470 833 lib.
1519 796 1589 842 tt,
1624 790 1813 849 quzest.
1838 780 1895 845 2,
1928 797 2073 834 num.

501 873 552 931 3,
589 887 641 940 p.
672 872 795 935 116,
822 882 1089 951 ‘tanquam
1140 872 1319 925 solutu
1367 871 1702 931 ditliciliora.
1749 872 1912 925 verba
1952 872 2075 926 Ori-

472 963 650 1029 ‘geuis
680 961 770 1015 lib.
799 978 888 1017 vttt
918 972 1098 1015 contra
1128 961 1355 1021 Celsum,
1394 977 1543 1018 num.
1574 961 1640 1031 12
1671 963 1771 1014 :Ei
1807 962 1863 1014 δέ
1893 978 1977 1025 τις
2011 962 2075 1014 ἐκ

501 1051 702 1107 τούτων
749 1053 1272 1126 περισπασθήσεται,
1307 1055 1380 1124 μή
1413 1070 1487 1124 πη
1512 1053 1911 1124 αὐτομολῶμεν
1941 1054 2076 1125 πρὸς

500 1146 628 1208 τοὺς
657 1145 1017 1217 ἀναιροῦντας
1043 1145 1135 1197 δύο
1185 1141 1322 1197 εἷναι
1362 1145 1687 1208 ὑποστάσεις
1728 1146 1944 1217 Πατέρα
1982 1147 2076 1199 καὶ

503 1232 652 1285 Υὶόν⁵
673 1233 1019 1304 ἐπιστησάτω
1045 1232 1121 1303 τῷ
1139 1250 1152 1263 ·
1184 1229 1293 1287 Ἦν
1316 1232 1384 1285 δὲ
1417 1233 1659 1287 πάντων
1687 1233 1804 1287 τῶν
1835 1249 2075 1291 πιστευ-

502 1322 740 1377 σάντων·
757 1324 805 1391 ήκ
827 1324 1039 1394 καρδία
1072 1326 1169 1378 καὶ
1193 1328 1230 1393 ἡ
1250 1326 1422 1394 ψυχὴ
1436 1327 1565 1395 μία,
1600 1327 1686 1381 ἵνα
1716 1328 1965 1402 θεωρήσῃ
1994 1330 2073 1383 τόν

516 1416 658 1486 Ἐγὼ
693 1418 790 1471 καὶ
829 1417 1033 1485 Πατὴρ
1076 1418 1148 1471 ἓν
1190 1419 1397 1483 ἐσμεν,
1433 1420 1483 1472 id
1521 1431 1621 1483 est,
1658 1439 1680 1471 ε
1710 1422 1857 1487 Quod
1886 1424 1929 1476 si
1956 1424 2077 1493 quis

504 1508 589 1563 bis
616 1518 793 1564 motus
825 1511 1099 1564 verebitur
1132 1525 1197 1564 ne
1227 1512 1364 1565 forte
1397 1513 1818 1582 transfugiamus
1848 1516 1917 1568 ad
1953 1529 2068 1577 eos,

502 1600 598 1668 qui
631 1610 832 1669 negant
862 1602 994 1655 duas
1018 1617 1138 1656 esse
1166 1602 1484 1671 hypostases
1514 1603 1728 1658 Patrem
1761 1614 1816 1659 et
1836 1606 2030 1660 Filium
2056 1627 2071 1661 :

502 1693 686 1747 audiat
731 1692 890 1757 illud,
927 1692 1061 1746 Erat
1112 1703 1286 1747 autem
1342 1696 1572 1749 omnium
1621 1697 1945 1750 credentium
1988 1714 2079 1751 cor

501 1798 665 1836 unum
702 1792 751 1835 et
802 1799 907 1835 uno
936 1783 1216 1848 animo”;
1271 1794 1327 1836 ut
1375 1784 1770 1851 contempletur
1825 1785 1952 1838 illud
1993 1786 2076 1839 di-

501 1884 670 1936 ctum,
696 1872 813 1943 Ego
830 1883 877 1926 et
895 1872 1060 1927 Pater
1084 1890 1245 1926 unum
1273 1890 1453 1927 sumus
1472 1874 1538 1927 ⁸⁹.
1555 1893 1575 1925 ›
1600 1874 1666 1927 Ει
1684 1875 1874 1929 deinde
1898 1892 1912 1928 :
1939 1876 2078 1948 Θρη-

2178 690 2426 744 l‘etavius
2460 689 2535 742 De
2578 687 2769 741 Trinit.
2804 684 2900 738 lib.
2932 699 3003 752 tv,
3035 698 3157 751 cap.
3191 686 3245 745 1.
3280 699 3435 736 num.
3467 682 3523 744 2,
3556 682 3617 735 3.
3668 680 3761 733 De-

2160 781 2336 849 hique
2367 782 2530 850 (quod
2570 794 2683 833 rem
2726 788 2967 832 nostram
3016 776 3237 844 propius
3268 776 3532 843 spectat},
3567 788 3759 826 vocem

2176 872 2523 933 ὑποστάσεως
2565 869 2855 939 aliquoties
2894 884 2923 922 a
2966 868 3161 936 priscis
3200 868 3467 921 Ecclesia:
3519 866 3762 919 doctori-

2172 966 2295 1028 bus,
2325 966 2489 1018 etiam
2522 964 2611 1032 qui
2643 962 2942 1017 concilium
2983 960 3264 1014 Nicamum
3312 966 3759 1019 antecesserunt,

2176 1072 2275 1127 pro
2317 1056 2690 1118 subsistentia,
2734 1054 2817 1106 vel
2850 1067 2955 1121 pro
2994 1067 3053 1105 re
3093 1049 3352 1119 singulari
3396 1064 3505 1118 per
3531 1064 3603 1102 se
3640 1048 3761 1102 sub-

2175 1149 2423 1206 sistente.
2451 1161 2571 1215 quae
2623 1146 2674 1198 in
2712 1145 2872 1198 rebus
2906 1141 3177 1196 intellectu
3207 1140 3457 1209 pra‘ditis
3505 1139 3653 1191 idem
3683 1150 3762 1191 est

2176 1240 2315 1311 quod
2362 1254 2612 1307 persona,
2662 1235 2914 1305 usurpari
2967 1234 3149 1288 multis
3196 1230 3471 1298 exemplis
3518 1238 3755 1283 constat.

2176 1330 2539 1384 Tertullianus
2567 1330 2618 1383 in
2660 1328 2801 1381 libro
2838 1330 3084 1380 adversus
3117 1323 3459 1387 Praz.,cum
3506 1334 3760 1373 asserere

2170 1422 2345 1476 voluit
2372 1422 2493 1476 Filii
2526 1419 2929 1475 subsistentiam
2966 1426 3153 1470 contra
3197 1428 3291 1468 eos
3323 1412 3416 1481 qui
3474 1411 3633 1464 illum
3681 1409 3757 1462 di-

2177 1514 2426 1567 stinctam
2457 1526 2581 1566 esse
2607 1526 2641 1565 a
2666 1509 2830 1563 Patre
2873 1521 3158 1578 personam
3188 1505 3487 1574 negabant,
3527 1498 3759 1551 aﬁrmat

2178 1605 2374 1658 Filium
2420 1603 2515 1657 Dei
2562 1615 2680 1656 esse
2737 1598 3145 1655 osubstautiam
3190 1604 3246 1648 et
3288 1608 3404 1647 rem
3457 1589 3763 1645 substanti-

2177 1710 2319 1750 vam.
2348 1714 2368 1747 ι
2418 1692 2510 1749 Sic
2547 1707 2667 1762 cap.
2726 1693 2763 1745 τ
2798 1705 2815 1745 :
2859 1708 2879 1742 ι
2930 1691 3090 1758 Ergo,
3125 1687 3329 1754 inquis,
3373 1685 3475 1739 das
3523 1683 3757 1751 aliquam

2177 1785 2536 1841 substantiam
2561 1798 2682 1838 esse
2709 1795 3033 1843 sermonem,
3077 1778 3282 1846 Spiritu
3304 1784 3361 1830 et
3397 1773 3627 1842 Sephiae
3654 1782 3754 1826 tra-

2177 1879 2380 1934 ditione
2423 1874 2831 1934 constructam?
2856 1873 3033 1943 plane.
3066 1869 3183 1924 Non
3218 1871 3298 1923 vis
3324 1883 3457 1923 eum
3504 1868 3756 1920 substan-

504 1937 769 2036 σκεὺομεν
794 1961 888 2019 οὖν
910 1966 1001 2018 τὸν
1025 1965 1242 2037 Πατέρα
1263 1967 1361 2036 τῆς
1387 1966 1662 2037 ἀληθείας,
1704 1968 1797 2022 καὶ
1833 1967 1925 2021 τὸν
1949 1937 2073 2023 fieri

2183 1972 2347 2025 tivum
2389 1970 2589 2024 habere
2619 1968 2671 2021 in
2709 1982 2786 2032 re,
2833 1937 2931 2035 per
2972 1962 3292 2019 substantia:
3336 1960 3757 2030 proprietatem,

502 2057 599 2128 τὴν
633 2056 913 2127 ἀλήθειαν,
951 2057 1077 2110 ὅντα
1113 2057 1208 2110 δύο
1237 2060 1302 2127 τῇ
1334 2058 1629 2112 ὑποστάσει
1670 2060 1987 2130 πράγματα,
2019 2060 2078 2114 ἓν

501 2146 558 2201 δὲ
583 2150 647 2217 τῇ
683 2148 938 2219 ὁμονοίᾳ,
975 2148 1071 2201 καὶ
1092 2151 1161 2219 τῇ
1191 2149 1513 2219 συμφωνίᾳ,
1561 2150 1655 2204 καὶ
1686 2155 1750 2223 τῇ
1790 2152 2077 2223 ταύτότητι

500 2239 613 2292 ιτοίἰ-Δ
637 2239 992 2311 βουλήματος,
1034 2242 1084 2296 id
1122 2250 1226 2305 est,
1273 2259 1293 2293 ιη
1318 2239 1503 2312 Itaque
1548 2243 1794 2313 religiose
1853 2244 2080 2301 colimus

500 2329 715 2384 Patrem
750 2331 1022 2395 veritatis,
1053 2340 1106 2384 et
1137 2333 1414 2386 veritatein
1446 2332 1660 2397 Filium,
1695 2334 1831 2391 duos
1856 2336 2074 2403 quidem

502 2422 796 2493 hypostasi,
824 2438 988 2478 unum
1034 2438 1160 2478 vero
1211 2425 1500 2478 concordia
1521 2466 1537 2488 ,
1578 2440 1862 2492 consensu,
1889 2428 2077 2482 volitu-

500 2511 734 2579 tatisque
764 2513 1065 2568 identitate.
1088 2532 1109 2565 ›
1144 2516 1222 2567 Ad
1264 2530 1389 2580 quae
1424 2516 1537 2570 haec
1586 2517 1810 2571 adnotat
1847 2520 1932 2572 vir
1975 2522 2072 2573 do-

500 2602 814 2657 missimus:
856 2621 874 2654 ι
913 2603 1126 2657 Patrem
1170 2616 1224 2659 et
1263 2604 1457 2658 Filium
1497 2608 1605 2661 duo
1646 2623 1768 2663 esse
1818 2610 1897 2663 ait
1944 2612 2077 2665 ὑπο-

501 2694 723 2756 στάσει,
770 2709 934 2748 unum
974 2709 1244 2750 consensu
1285 2707 1340 2751 et
1388 2699 1698 2753 concordia.
1728 2701 1890 2770 Atqui
1944 2703 2076 2756 ὑπό-

501 2802 691 2849 στασις
727 2799 831 2855 pro
855 2786 1013 2856 οὐσίᾳ
1054 2787 1248 2854 priscis
1283 2789 1611 2858 temporibus
1660 2792 1864 2847 solebat
1916 2809 2076 2848 usur-

500 2876 614 2944 pari
644 2877 712 2930 ab
754 2878 983 2931 ethnicis
1013 2886 1066 2931 et
1101 2878 1423 2935 Christianis
1470 2880 1850 2953 (Hieronymus
1872 2924 1889 2946 ,
1920 2887 2071 2954 epist.

499 2968 591 3031 57,
611 2970 679 3022 ad
723 2968 987 3039 Damus.)-
1011 2970 1141 3023 Tota
1181 2972 1519 3046 saecularium
1560 2974 1861 3029 litterarum
1888 2977 2072 3031 schola

500 3060 632 3113 nihil
680 3059 823 3114 aliud
863 3060 1162 3113 ὑπόστασιν
1210 3060 1311 3113 nisi
1360 3062 1551 3116 οὐσίαν
1584 3066 1755 3119 novit.
1796 3063 1868 3118 Ita
1920 3082 2070 3120 sunt-

500 3162 725 3221 pserunt
752 3152 953 3208 Nicazui
982 3154 1188 3215 Patres,
1221 3156 1293 3208 ita
1326 3154 1698 3211 Sardicenses.
1734 3156 1810 3211 lta
1841 3169 1896 3213 et
1929 3174 2072 3213 sum-

2181 2070 2239 2115 ιιι
2282 2074 2370 2117 res
2396 2069 2450 2114 et
2478 2073 2707 2129 persona
2733 2056 2981 2126 quaedam
3018 2054 3191 2108 videri
3233 2053 3424 2121 possit,
3460 2061 3522 2105 et
3555 2052 3634 2104 ita
3673 2066 3758 2104 ea-

2178 2155 2291 2222 piat
2324 2151 2591 2207 secundus
2621 2164 2650 2203 a
2698 2148 2807 2203 Deo
2855 2145 3179 2201 constitutus
3216 2146 3355 2197 duos
3388 2141 3634 2205 edicere,
3665 2142 3755 2195 Pa-

2183 2256 2319 2299 trem
2345 2254 2398 2299 et
2432 2243 2647 2307 Filium,
2672 2241 2841 2295 Deum
2869 2247 2925 2293 et
2961 2238 3288 2293 sermonem.
3314 2236 3457 2302 Quid
3485 2244 3577 2289 est
3612 2234 3750 2289 enim

2178 2337 2327 2394 dices
2359 2351 2564 2399 sermo,
2593 2334 2693 2389 nisi
2724 2348 2823 2388 vox
2853 2341 2910 2386 et
2944 2346 3111 2386 sonus
3135 2330 3268 2391 oris.
3300 2338 3355 2382 et
3383 2329 3557 2396 (sicut
3590 2342 3759 2395 gran-

2178 2430 2367 2485 tnatici'
2416 2426 2657 2497 tradunt)
2715 2441 2811 2480 aer
2854 2423 3108 2488 offensus,
3156 2421 3514 2492 intelligibilis
3557 2420 3754 2483 auditu,

2177 2531 2431 2577 cartorum
2454 2520 2683 2574 'vacuum
2725 2518 2913 2573 nescio
2937 2516 3085 2586 quid,
3099 2526 3166 2569 ⁸ει
3197 2516 3380 2579 inane,
3411 2522 3466 2566 et
3511 2513 3752 2579 incorpo-

2177 2612 2334 2666 rale?
2371 2614 2439 2665 At
2482 2626 2581 2680 ego
2626 2608 2758 2663 nihil
2805 2607 2928 2662 dico
2966 2608 3031 2661 de
3075 2606 3185 2659 Deo
3230 2605 3403 2658 inane
3438 2615 3498 2656 et
3536 2617 3750 2655 vacttuta

2176 2703 2393 2774 prodire
2435 2701 2702 2772 potuisse,
2745 2708 2804 2754 ut
2847 2714 2951 2752 non
2984 2699 3056 2751 de
3088 2697 3236 2750 inani
3279 2705 3334 2750 et
3365 2709 3550 2749 vacuo
3582 2694 3751 2764 prola-

2178 2809 2340 2852 tum:
2385 2810 2483 2851 nec
2523 2808 2713 2850 carere
2755 2793 3080 2859 substantia,
3125 2792 3264 2860 quod
3315 2790 3384 2845 de
3434 2799 3593 2842 tanta
3639 2787 3755 2841 sub-

2175 2889 2368 2943 stantia
2413 2886 2697 2959 processit,
2723 2904 2742 2937 r
2791 2893 2897 2939 etc.
2943 2883 3149 2938 Rursus
3192 2897 3314 2951 t-ap.
3352 2880 3451 2944 26,
3483 2882 3558 2935 de
3594 2879 3757 2933 Patris

2174 2992 2227 3033 et
2266 2979 2386 3034 Filii
2442 2977 2792 3033 distinctione
2842 2990 3034 3045 agens,
3082 2973 3167 3029 sie
3210 2972 3456 3042 loquitur
3503 2987 3523 3023 :
3560 2987 3583 3021 ι
3625 2970 3754 3024 Deus

2174 3070 2265 3124 Dei
2308 3078 2563 3137 tanquam
2599 3067 2935 3121 substantiva
2972 3080 3078 3127 res,
3138 3078 3241 3116 non
3280 3062 3386 3115 erit
3429 3062 3551 3131 ipse
3584 3061 3749 3123 Deus;

2172 3162 2267 3215 sed
2308 3159 2571 3214 hactenus
2622 3158 2793 3220 Deus,
2852 3154 2976 3225 quia
3015 3169 3077 3208 ex
3135 3154 3303 3221 ipsius
3350 3152 3450 3207 Dei
3511 3152 3752 3206 sttbstau-

499 3244 669 3312 psisse
701 3242 985 3314 Origenem
1030 3247 1320 3303 verisimile
1347 3255 1449 3302 est.
1473 3266 1493 3298 ›
1529 3248 1846 3318 Respondeo
1891 3254 2065 3323 primo
2092 3271 2136 3328 ο
2171 3253 2266 3315 tia,
2302 3266 2423 3321 quae
2453 3257 2507 3304 et
2545 3248 2880 3304 substantive
2924 3262 3011 3301 res
3048 3256 3162 3309 est,
3184 3265 3203 3299 ν
3251 3254 3356 3299 etc.
3410 3243 3541 3299 Mox
3597 3253 3749 3312 negat

501 3350 665 3391 voces
711 3336 1008 3402 ὑπόστασις
1044 3348 1093 3393 ει
1130 3338 1286 3392 οὐσία
1325 3340 1518 3406 priscis
1560 3342 1890 3410 temporibus
1925 3345 2073 3399 varie

500 3432 771 3492 usurpatae
804 3426 972 3487 fuere,
1012 3427 1209 3481 saltem
1244 3443 1272 3481 a
1311 3427 1659 3485 Christianis.
1692 3430 1912 3487 Scilicet
1942 3448 2074 3489 non-

500 3529 776 3583 nunquam
823 3516 1120 3581 ὑπόστασις
1162 3533 1261 3588 pro
1292 3533 1357 3573 eo
1386 3521 1528 3589 quod
1568 3534 1669 3576 nos
1713 3522 1902 3577 οὐσίαν
1940 3525 2077 3579 dici-

497 3621 644 3671 mus,
672 3616 731 3660 ut
757 3607 876 3660 vice
902 3623 1058 3663 versa
1090 3624 1191 3662 vox
1228 3610 1393 3664 οὐσίαι
1415 3626 1515 3680 pro
1542 3627 1609 3666 eo
1638 3615 1781 3681 quod
1813 3630 1910 3669 nos
1942 3616 2075 3669 imo"

503 3715 699 3751 στάσιν
714 3699 1063 3766 appellamus,
1093 3699 1163 3754 ab
1202 3701 1330 3770 ipsis
1363 3711 1587 3773 accepta
1633 3704 1736 3759 fuit
1771 3725 1784 3758 :
1826 3722 2076 3762 nonnun-

501 3804 661 3857 quam
686 3789 986 3842 ὑπόστασιν
1023 3791 1275 3846 dixerunt
1302 3803 1540 3857 veteres,
1574 3796 1739 3849 etiam
1769 3799 1858 3866 qui
1891 3800 2073 3854 conci-

500 3881 634 3934 lium
662 3881 936 3936 Nicwnum
971 3891 1400 3951 antecesserunt,
1428 3886 1571 3955 quod
1604 3902 1701 3942 nos
1749 3889 1908 3944 hodie
1950 3906 2073 3960 per-

443 4040 449 4044 _
502 3986 694 4026 sonam
722 3973 836 4026 sive
876 3973 1277 4028 subsistentiam
1318 3975 1670 4045 appellamus.
1715 3978 1913 4035 Vocem
1944 3982 2074 4035 ὑπο-

503 4064 745 4128 στάσεως
774 4081 872 4135 pro
900 4080 965 4119 eo
989 4067 1133 4136 quod
1164 4082 1264 4121 nos
1305 4068 1496 4122 οὐσίαν
1536 4070 1786 4136 dicimus,
1815 4088 1844 4125 a
1875 4075 2072 4143 priscis

501 4162 823 4231 quandoque
855 4163 1103 4231 usurpari
1154 4178 1260 4217 non
1316 4167 1477 4220 modo
1528 4165 1836 4233 conﬁtetur,
1888 4171 1980 4224 sed
2018 4180 2073 4224 et

499 4255 779 4309 contendit
828 4254 1071 4309 Huctius.
1102 4254 1422 4325 Quanquam
1476 4256 1559 4328 (ut
1606 4274 1792 4313 verum
1843 4260 2073 4329 ingenue

497 4343 718 4416 fatear),
766 4361 873 4400 non
914 4347 1131 4401 memini
1190 4364 1273 4402 me
1310 4363 1495 4404 vocem
1554 4350 1625 4403 ita
1677 4363 1988 4421 usurpatam
2038 4370 2068 4407 a

495 4439 764 4507 scriptore
796 4439 975 4508 aliquo
1015 4441 1314 4505 Catholica,
1348 4442 1416 4496 de
1462 4440 1563 4496 SS.
1597 4441 1867 4498 Trinitate
1896 4444 2070 4500 disse-

496 4537 685 4593 rente,
729 4537 854 4582 ante
892 4530 1180 4584 concilium
1237 4532 1551 4597 Nicaeuum,
1604 4543 1699 4586 aut
1757 4535 2067 4604 aliquandiu

2178 3343 2497 3413 sapientiam
2538 3348 2592 3395 et
2641 3339 3036 3409 providentiam
3081 3351 3201 3393 esse
3244 3354 3327 3391 res
3367 3339 3751 3399 substantiam.

2178 3444 2270 3488 aut
2314 3432 2655 3495 substantias,
2700 3431 2801 3484 hoc
2838 3439 2939 3493 est,
2978 3427 3325 3490 ὑποστάσεις.
3363 3426 3593 3481 Scilicet
3632 3430 3751 3481 haec

2175 3525 2425 3595 loquendi
2466 3524 2695 3577 formam
2723 3537 2788 3575 ex
2826 3519 3032 3576 Graecis
3066 3520 3323 3573 Patribus
3364 3519 3598 3572 omnino
3624 3534 3751 3572 sum-

2174 3618 2349 3687 psisse
2376 3615 2587 3668 videtur
2619 3612 2930 3668 Graecorum
2963 3610 3054 3665 ille
3089 3610 3352 3675 imitator,
3382 3608 3642 3663 Grtecam
3674 3624 3751 3661 vo-

2176 3724 2290 3763 cem
2323 3708 2624 3761 ὑπόστασιν
2665 3704 2857 3759 Latine
2886 3703 3240 3756 substantiam
3285 3714 3341 3755 et
3374 3718 3483 3754 rem
3514 3707 3750 3753 subst"-

2174 3802 2332 3853 tivam
2370 3809 2626 3854 vertens:
2664 3811 2786 3852 cum
2838 3796 3037 3863 alioqui
3087 3794 3287 3857 Latini,
3328 3793 3498 3846 etiam
3551 3792 3750 3846 Tertul-

2173 3890 2301 3945 liani
2332 3900 2511 3955 aetate,
2550 3905 2703 3945 suum
2750 3888 2985 3943 habuere
3031 3887 3383 3945 vocabulum.
3429 3902 3541 3955 quo
3587 3886 3747 3939 subsi—

2174 3983 2426 4037 stentiam
2482 3982 2534 4035 in
2594 3980 2773 4034 divina
2820 3979 3052 4034 essentia
3103 3978 3514 4048 exprimerent,
3573 3993 3749 4044 nempe

2173 4089 2357 4128 vocem
2401 4088 2657 4141 personat,
2703 4084 2821 4139 qua:
2856 4070 3143 4138 aliquoties
3187 4070 3241 4123 in
3279 4070 3470 4123 eodem
3520 4068 3660 4122 libro
3691 4069 3752 4120 ab

2175 4167 2293 4234 ipso
2321 4162 2655 4217 Tertulliano
2694 4172 3000 4231 usurpatur.
3037 4160 3382 4230 Hippolytus,
3416 4158 3749 4212 Tertulliano

2172 4267 2330 4311 aetate
2365 4256 2638 4325 proximus
2681 4263 2733 4309 et
2765 4252 2996 4322 Origene
3049 4252 3347 4321 antiquior,
3393 4251 3449 4304 in
3497 4252 3617 4305 loco
3663 4266 3745 4303 su-

2172 4353 2355 4420 perius
2382 4367 2410 4403 a
2445 4350 2598 4404 nobis
2631 4347 2845 4401 laudato
2875 4346 2923 4377 “
2947 4346 3023 4399 ait
3066 4360 3281 4399 carnem
3316 4346 3431 4398 sive
3468 4348 3746 4399 humanam

2173 4444 2228 4498 in
2266 4444 2485 4499 Christo
2516 4454 2761 4495 naturam
2793 4455 2889 4507 per
2929 4454 2985 4492 se
3016 4453 3121 4491 non
3164 4438 3490 4498 subsistere,
3522 4438 3618 4490 sed
3653 4454 3671 4485 ι
3697 4436 3745 4487 in

2174 4536 2353 4590 Verbo
2384 4536 2585 4589 habere
2610 4532 2707 4604 τὴν
2734 4532 3049 4593 ὑπόστασιν,
3084 4530 3186 4583 hoc
3216 4538 3316 4590 est,
3353 4529 3406 4580 in
3438 4526 3619 4581 Verbo
3639 4526 3745 4579 sub-

497 4630 645 4690 post,
676 4619 885 4688 legisse.
916 4620 1243 4675 Vocabulum
1275 4637 1405 4677 vero
1431 4624 1617 4677 οὑσίαν
1650 4625 1719 4679 ab
1752 4626 1941 4681 iisdem
1975 4644 2071 4697 pro
2104 4610 2147 4665 Ι)
2176 4621 2389 4675 sistere.
2416 4639 2437 4670 ›
2481 4619 2767 4688 Dionysius
2812 4618 3207 4671 Alexandrinus
3227 4656 3243 4681 ,
3288 4616 3545 4685 Origenis
3598 4616 3744 4668 disci-

498 4728 569 4767 eo
612 4713 754 4781 quod
798 4726 899 4765 nos
946 4712 1241 4765 ὑπόστασιν
1277 4714 1629 4783 appellamus,
1683 4732 2069 4788 nonnunquam

498 4804 671 4875 accipi
719 4804 1084 4859 certissimum
1115 4814 1218 4859 est.
1249 4805 1342 4860 Sic
1400 4805 1612 4862 Pierius
1642 4816 1848 4880 martyr
1872 4820 1926 4865 et
1956 4826 2073 4879 pre-

498 4899 703 4968 shytcr,
740 4895 1013 4966 Pamphili
1045 4896 1297 4969 martyris
1314 4909 1632 4969 praeceptor,
1664 4915 1785 4954 cum
1815 4902 1879 4956 de
1912 4902 2073 4959 Patre

499 4995 554 5039 et
593 4985 728 5039 Filio
756 4986 1025 5040 catholico
1060 5001 1211 5041 more
1258 4987 1505 5051 sentiret,
1554 4988 1772 5044 Patrem
1804 4998 1982 5047 tamen
2015 5002 2070 5048 et

498 5075 692 5130 Filium
720 5076 906 5138 οὐσίας
935 5087 989 5131 ει
1020 5076 1211 5145 φύσεις
1243 5078 1376 5132 duas
1400 5092 1522 5133 esse
1555 5080 1787 5146 dicebat,
1822 5090 1878 5136 ut
1908 5082 2071 5137 refert

496 5165 727 5222 Photius
759 5168 901 5222 Bibl.
948 5169 1072 5222 cod.
1100 5185 1250 5251 th,
1298 5172 1431 5225 asia:
1461 5181 1515 5225 et
1565 5184 1765 5227 natum
1814 5176 2075 5230 vocabulo

500 5258 823 5327 bypostasim
846 5260 1181 5329 significans,
1213 5271 1273 5315 ut
1298 5277 1363 5317 ex
1398 5264 1841 5318 antecedentibus
1864 5274 1924 5319 et
1947 5280 2074 5319 cou-

498 5350 851 5419 sequeutibus
886 5361 1133 5407 constare
1156 5355 1286 5408 dicit
1316 5355 1454 5410 idem
1484 5354 1727 5409 Photius.
1757 5354 1848 5410 Sic
1886 5372 2071 5411 vocem

498 5441 662 5511 φύσις
714 5444 854 5513 (qua:
902 5445 1100 5515 alioqui
1155 5446 1363 5500 latioris
1409 5456 1493 5502 est
1544 5448 1980 5517 signiﬁcationis,
2017 5459 2074 5503 ut

494 5547 602 5588 vox
660 5536 855 5599 οὐσία,
906 5552 935 5588 a
984 5535 1265 5592 Clemente
1327 5539 1693 5593 Alexandrino
1752 5551 2069 5612 usurpatum

497 5622 666 5680 fuisse
704 5643 864 5697 supra
911 5628 1320 5683 observavimus
1360 5644 1480 5697 cap.
1508 5631 1562 5693 6,
1610 5648 1758 5684 num.
1790 5632 1844 5685 6.
1901 5634 2073 5701 Atque

497 5714 685 5767 eodem
715 5731 878 5769 sensu
909 5716 1227 5771 vocabulum
1257 5718 1428 5787 accipi
1457 5735 1487 5772 a
1516 5719 1776 5789 Gregorio
1805 5718 2071 5792 Nysseno,

568 5828 618 5859 ⁸⁸
656 5831 774 5883 Act.
822 5848 898 5894 rv,
946 5832 1035 5887 52.
1110 5832 1157 5865 ³⁹
1195 5833 1351 5889 Joan.
1393 5850 1461 5898 x,
1492 5835 1583 5889 50.

574 5917 690 5993 (25)
727 5918 1045 5978 Theodorct.
1080 5923 1220 5979 Ilist.
1250 5926 1405 5993 εισι,
1432 5926 1522 5980 lib.
1552 5942 1595 5994 ι,
1625 5943 1739 5997 cap.
1772 5928 1825 5983 L

2172 4713 2349 4781 pulus,
2380 4712 2432 4764 in
2463 4711 2816 4779 responsione
2845 4710 2912 4763 ad
2939 4708 3287 4777 quaestionem
3317 4717 3575 4775 quartam
3606 4704 3740 4758 Pauli

2174 4801 2518 4856 Samosateni
2577 4801 2643 4855 de
2694 4803 2865 4854 tribus
2927 4798 3169 4869 personis
3226 4798 3281 4852 S.
3329 4795 3624 4849 Trinitatis
3676 4797 3742 4848 sic

2177 4893 2413 4962 loquitur
2450 4892 2563 4964 (25)
2605 4910 2618 4945 :
2666 4892 2732 4943 Ai
2778 4891 2887 4958 ﬁdo
2934 4889 3258 4951 ὑποστάσεις
3286 4887 3619 4959 ἀχώριστοι,
3660 4886 3744 4938 καὶ

2171 4986 2233 5039 τὸ
2282 4985 2651 5040 ὲνυπόστατον
2674 4983 2766 5037 τοῦ
2824 4981 3037 5053 Πατρὸς
3092 4980 3342 5050 Πνεῦμα,
3393 4981 3423 5031 ὃ
3466 4974 3543 5050 ἦν
3586 4981 3640 5031 ἐν
3678 4978 3746 5047 τῷ

2183 5077 2315 5149 Υἱῷ,
2353 5078 2406 5132 id
2437 5088 2551 5141 est,
2603 5096 2622 5128 ι
2655 5076 2780 5130 θυῖε
2833 5077 3152 5145 hypostases
3202 5072 3416 5139 (Patris
3454 5073 3665 5126 scilicet
3696 5079 3743 5122 et

2179 5172 2323 5243 Filii)
2358 5164 2746 5241 inseparabiles
2777 5177 2922 5236 sunt,
2950 5176 3004 5223 et
3033 5168 3333 5222 subsistens
3374 5165 3557 5219 Patris
3586 5163 3743 5233 Spiri-

2179 5273 2286 5328 tus,
2313 5263 2401 5332 qui
2436 5272 2554 5316 erat
2585 5262 2636 5315 in
2672 5261 2827 5315 Filio.
2855 5279 2884 5312 ι.
2911 5262 3087 5330 Atque
3128 5273 3191 5312 ex
3227 5259 3328 5311 hoc
3362 5256 3602 5326 Dionysii
3630 5254 3742 5308 Aie.

2176 5354 2421 5407 xandrini
2461 5353 2587 5407 loco
2612 5353 2835 5406 omnino
2866 5351 3181 5420 explicanda
3218 5349 3348 5402 mihi
3377 5348 3594 5402 videtur
3630 5362 3740 5400 sen-

2178 5445 2344 5499 tentia
2384 5445 2736 5514 cognominis,
2779 5453 2834 5497 et
2884 5442 3138 5497 coactanei
3191 5439 3306 5507 ejus
3355 5438 3597 5508 Dionysii
3639 5437 3736 5491 Ro-

2174 5538 2319 5591 mani
2362 5557 2375 5589 :
2421 5539 2509 5604 qui
2559 5537 2612 5589 in
2663 5535 2901 5605 Epistola
2974 5547 3162 5589 contra
3222 5532 3561 5586 Sabellianos
3613 5531 3737 5597 apud

2173 5627 2522 5681 Athanasium
2558 5625 2697 5697 (26),
2730 5635 3014 5696 postquam
3056 5626 3200 5694 ipsos
3244 5623 3611 5681 refutaverat.
3656 5636 3735 5672 eo:

2168 5720 2361 5773 deinde
2410 5720 2708 5789 redarguit,
2754 5720 2843 5789 qui
2890 5720 3141 5774 deitatem
3180 5718 3436 5772 secabant
3483 5717 3567 5778 ei;
3600 5715 3733 5785 τρεῖς

1660 5838 1705 5868 ⁶⁰
1755 5853 1876 5908 cap.
1923 5836 1977 5907 8,
2004 5853 2154 5895 num.
2186 5838 2240 5892 5.

2223 5929 2533 5999 (Ξιῆδιιιέιιι.
2557 5929 2627 5983 De
2645 5927 2889 5996 θυμαλγής.
2914 5929 3064 5989 Dea.
3084 5946 3133 5989 υ.
3150 5927 3273 5987 275.
3295 5928 3379 5984 ed.
3402 5922 3723 5983 [‘aris.l627.
