3952 6538
245 455 386 519 1501

242 676 493 720 stases.»
564 664 818 720 Petavius
887 666 1105 736 quidem
1166 665 1245 720 De
1312 665 1543 731 Trinit.,
1607 667 1699 723 lib.
1745 684 1829 735 tv,

242 770 297 810 ε.
343 757 392 821 1,
432 755 460 827 §
495 756 549 821 5,
576 770 641 811 eo
675 754 728 810 in
761 755 879 811 loco
911 772 1092 811 vocem
1125 757 1422 812 ὑπόστασιν
1453 774 1550 828 pro
1578 758 1734 831 οὑσίᾳ
1776 760 1832 815 in

241 845 575 916 generaliori
652 845 1040 916 signiﬁcatione
1118 848 1246 918 poni
1318 849 1519 917 voluit;
1594 851 1726 916 hoc,
1777 859 1835 906 ut

244 938 507 1003 arbitror,
531 948 850 1010 argumento
883 940 949 994 ad
982 940 1035 995 id
1066 941 1338 1007 inductus,
1369 947 1511 1012 quod
1543 941 1833 1013 Dionysius

242 1027 557 1084 dissensum
604 1044 757 1085 suum
808 1031 877 1086 ab
926 1031 991 1086 iis
1044 1031 1381 1101 proﬁteatur,
1431 1033 1525 1104 qui
1575 1034 1831 1090 deitatem

202 1119 306 1191 .in
351 1131 460 1177 tres
508 1123 829 1193 bypostases
875 1123 1208 1179 dividebant.
1250 1122 1357 1179 Sed
1400 1126 1501 1181 boc
1552 1126 1687 1181 nihil
1729 1136 1831 1182 est.

244 1211 441 1283 Neque
474 1214 617 1267 enim
649 1213 975 1284 simpliciter
1000 1230 1095 1270 eos
1141 1216 1324 1286 culpat
1357 1216 1665 1289 Dionysius,
1701 1233 1834 1274 con-

246 1312 343 1359 tra
375 1320 513 1377 quos
548 1306 810 1376 disputat,
845 1308 990 1377 quod
1032 1316 1142 1363 tres
1180 1309 1234 1363 in
1277 1310 1480 1365 deitate
1517 1309 1838 1381 hypostases

245 1399 583 1467 statuerint;
638 1399 732 1455 sed
774 1399 901 1456 ideo
929 1410 1139 1455 tantum
1171 1403 1316 1471 quod
1364 1402 1686 1474 hypostases
1719 1404 1839 1461 illas

249 1497 373 1542 tres
430 1504 552 1545 esse
609 1491 1021 1562 μεμερισμένας
1086 1508 1106 1543 t
1147 1492 1387 1547 divisas»
1450 1494 1834 1551 existimarint.

250 1580 413 1646 Quod
467 1596 590 1636 mox
641 1582 838 1637 ibidem
888 1585 1100 1654 plenius
1150 1586 1431 1656 exprimit,
1474 1586 1600 1641 dum
1650 1604 1838 1644 rursus

249 1674 476 1729 eosdem
510 1675 798 1730 btercticos
826 1677 1079 1732 divisisse
1109 1677 1187 1733 ait
1220 1678 1558 1734 divinitatem
1588 1682 1669 1744 εἰς
1690 1684 1837 1753 τρεῖς

254 1768 585 1832 ὑποστάσεις
618 1768 792 1833 ξένας,
846 1769 1091 1842 ἀλλήλων
1124 1771 1440 1828 παντάπασι
1490 1774 1835 1846 κεχωρισμέ-

251 1876 385 1923 ναςο
423 1878 441 1911 ι
471 1859 525 1914 in
575 1869 685 1915 tres
737 1861 1062 1932 hypostases
1103 1862 1443 1932 peregrinas,
1494 1864 1564 1920 ab
1609 1864 1836 1919 invicem

1286 459 1380 514 EX
1420 458 1486 516 G.
1529 458 1734 517 BULLI
1783 459 1935 517 DEF.
1977 457 2155 515 FIDE]
2197 456 2523 514 NlCASN/E.

246 574 664 653 μεμερισμένας
717 575 1046 641 ὑποστάσεις
1105 574 1209 631 tiu
1260 585 1371 631 tres
1423 576 1623 633 divisas
1669 578 1839 648 hypo-

1946 592 2035 632 sex
2069 576 2333 646 episcopi,
2361 573 2450 645 qui
2493 589 2562 631 ex
2599 570 2805 643 synodo
2830 569 3167 626 Antiochena
3194 568 3261 623 ad
3291 567 3515 622 Paulum

1733 3 1932 13 —
2544 9 3725 16 —_———————

3382 452 3517 506 1302

1935 668 2346 723 Samosatenum
2378 667 2643 735 scripsere
2668 663 2949 732 epistolam
2970 661 3103 734 (28),
3127 662 3178 715 in
3199 661 3310 730 ipsa
3328 668 3518 714 contra

1932 762 2183 817 eumdem
2222 759 2448 814 Paulum
2499 769 2553 812 et
2600 756 2922 820 Sabellium,
2957 767 3159 826 negant
3187 752 3382 808 Filium
3423 750 3518 803 Dei

1932 867 2054 907 esse
2086 850 2264 905 Patris
2292 850 2602 920 ἐπιστήμην
2634 846 3025 913 ἀνυπόστατον,
3061 843 3385 900 «scientiam
3420 854 3519 908 per

1934 958 1993 1001 se
2026 943 2246 998 minime
2271 943 2689 997 subsistentem.
2719 959 2737 992 ι
2774 940 2839 993 Ει
2872 938 3068 993 ibidem
3102 938 3275 1007 ipsum
3307 935 3397 989 Dei
3425 934 3519 988 Fi-

1936 1037 2062 1090 littm
2096 1035 2281 1090 dicunt
2311 1035 2404 1089 Dei
2432 1033 2612 1089 Patris
2641 1033 2925 1105 ὲνέργειαν
2956 1030 3136 1096 ζῶσαν
3160 1029 3254 1087 καὶ
3276 1026 3521 1096 ὑφεστῶο

1938 1146 2089 1192 σαν,‹
2119 1128 2366 1182 virtutem
2392 1128 2660 1181 viventem
2694 1141 2757 1179 ac
2782 1125 3187 1179 subsistentem.
3210 1139 3229 1174 ι
3257 1119 3388 1186 Quis
3414 1119 3518 1187 igi-

1938 1231 2027 1277 tur
2059 1221 2270 1276 dubitet
2321 1221 2450 1290 quin
2500 1220 2551 1275 bi
2592 1218 2832 1288 episcopi
2874 1216 3066 1272 Filium
3118 1228 3335 1283 quoque
3376 1213 3521 1267 dixe-

1937 1316 2046 1371 rint
2076 1314 2371 1371 ὑπόστασιν
2406 1328 2435 1367 a
2465 1312 2628 1367 Patre
2671 1309 3022 1366 distinctam?
3057 1307 3363 1363 Prtesertim
3393 1320 3516 1359 cum

1939 1391 2228 1478 Dionysius
2258 1405 2655 1460 Alexandrinus
2680 1404 2920 1472 ejusdem
2946 1400 3133 1456 saeculi
3155 1399 3253 1471 τὴν
3279 1396 3519 1451 ὑπόστα-

1940 1519 2023 1557 σιν
2074 1511 2126 1555 et
2173 1501 2234 1553 τὸ
2274 1500 2639 1554 ἐνυπόστατον
2680 1509 2935 1567 tanquam
2979 1496 3120 1550 idem
3159 1492 3521 1564 signiﬁcantia

1937 1594 2234 1663 usurparit,
2272 1603 2331 1647 ut
2357 1608 2424 1648 ex
2450 1593 2570 1647 loco
2602 1606 2771 1661 supra
2792 1590 2959 1644 allato
2985 1588 3182 1660 liquet.
3211 1585 3521 1640 Alexander

1935 1687 2221 1754 episc0pus
2249 1685 2669 1747 Alexandrinus,
2696 1683 2748 1738 in
2776 1681 3013 1753 epistola.
3060 1681 3125 1735 ad
3153 1678 3520 1735 Alexandrum

1936 1774 2593 1844 Constantinopolitanum
2621 1783 2748 1828 ante
2775 1772 3040 1845 synodum
3070 1771 3348 1825 Niczenam
3381 1768 3523 1822 scri-

1937 1878 2049 1940 pta,
2086 1869 2277 1924 eodem
2305 1882 2468 1922 sensu
2508 1880 2697 1922 vocem
2728 1864 3007 1933 accepisse
3038 1863 3273 1928 videtur,
3302 1861 3427 1915 dum
3455 1865 3523 1914 ad

252 1947 482 2002 οηηιίηο
512 1958 809 2017 δεμειτειιαεο
836 1969 854 2003 ³
894 1949 1136 2008 Pessime
1175 1952 1341 2024 igitur
1389 1955 1554 2011 verba
1598 1953 1837 2026 Dionysii
1872 1946 1912 2002 Β
1944 1960 2102 2017 verba
2138 1959 2366 2015 Joannis
2407 1959 2754 2030 evangelista
2797 1959 3004 2027 Evang.
3035 1971 3159 2025 cap.
3211 1971 3253 2018 ι,
3296 1969 3438 2009 vers.
3475 1953 3522 2015 l,

252 2038 447 2096 Grmca
490 2040 681 2097 Latine
727 2043 963 2098 reddidit
1010 2042 1262 2101 Petavius
1297 2064 1319 2099 ι
1343 2046 1630 2104 distinctas
1664 2047 1837 2118 hypo-

253 2143 456 2189 stases.
482 2152 501 2187 ι
541 2134 819 2190 Adversus
847 2138 946 2192 bos
973 2137 1260 2195 haereticos
1283 2139 1479 2195 deinde
1504 2140 1697 2195 statuit
1716 2140 1839 2195 Dio-

256 2223 469 2294 nysius,
495 2225 734 2296 ἡνῶσθαι
766 2226 844 2298 τῷ
884 2226 1004 2301 Θεῷ
1027 2228 1134 2283 τῶν
1159 2228 1292 2284 ὅλων
1318 2229 1410 2286 τὸν
1461 2229 1602 2285 θεῖον
1645 2231 1838 2300 Λόγον,

258 2316 654 2387 ἐμφιλοχωρεῖν
696 2317 754 2371 δὲ
797 2318 874 2393 τῷ
906 2319 1044 2392 Θεῷ,
1081 2321 1175 2375 καὶ
1203 2322 1570 2377 ἐνδιαιτᾶσθαι
1597 2323 1660 2377 τὸ
1686 2324 1840 2394 ἆγιον

254 2406 511 2478 Πνεῦμα,
552 2409 735 2463 tuniri
789 2411 1030 2466 omnium
1073 2413 1184 2469 Deo
1220 2414 1315 2468 Dei
1358 2412 1636 2482 Verbum;
1683 2425 1738 2471 et
1787 2416 1839 2470 in

254 2504 451 2556 eodem
485 2502 691 2557 haerere
726 2505 1041 2575 versarique
1070 2504 1332 2575 Spiritum
1376 2516 1625 2562 sanctum
1650 2526 1664 2562 :
1686 2526 1705 2559 ι
1742 2509 1842 2562 boc

254 2602 368 2658 est,
423 2594 745 2664 bypostases
804 2604 915 2651 tres
984 2597 1194 2653 divinas
1254 2613 1351 2667 per
1406 2599 1840 2670 inexplicabilem

254 2686 550 2754 quamdam
583 2685 953 2759 περιχώρησιν
986 2689 1175 2745 intime
1201 2690 1303 2745 sibi
1340 2691 1571 2746 invicem
1612 2692 1840 2760 conjun—

254 2785 380 2829 ctas
426 2790 568 2840 esse,
607 2786 663 2829 et
711 2792 832 2832 sese
882 2787 1068 2832 mutuo
1121 2778 1277 2847 quasi
1327 2780 1616 2843 immeare,
1665 2779 1734 2831 ita
1787 2786 1842 2831 ut

255 2867 431 2921 altera
458 2869 527 2923 ab
562 2869 731 2923 altera
768 2873 1081 2940 neutiquam
1119 2870 1360 2943 separari
1393 2872 1583 2942 possit.
1617 2870 1732 2937 Qua
1774 2872 1842 2925 de

254 2971 323 3011 re
348 2958 573 3014 inferius
603 2959 753 3029 plura
786 2961 1052 3016 dicemus.
1082 2960 1289 3017 Locum
1326 2971 1508 3016 autem
1546 2962 1688 3016 hunc
1719 2960 1841 3017 Dio.

256 3048 405 3119 uysii
440 3049 669 3127 Romani
706 3054 917 3122 integre
956 3053 1181 3108 citatum
1228 3053 1417 3108 videas
1446 3052 1604 3120 bujus
1641 3054 1841 3107 sectio-

256 3142 350 3195 uis
382 3141 447 3195 de
483 3141 599 3197 Filii
631 3142 707 3215 τῷ
738 3144 1030 3217 ὁμοουσίῳ,
1066 3159 1187 3214 cap.
1230 3145 1317 3209 H,
1355 3160 1503 3199 num.
1559 3144 1609 3197 1.
1657 3142 1843 3211 Itaque

255 3247 387 3288 cum
424 3234 711 3306 Dionysius
741 3235 1021 3291 Romanus
1052 3245 1233 3305 negat,
1265 3235 1319 3290 in
1347 3234 1549 3290 deitate
1585 3244 1695 3289 tres
1722 3249 1841 3289 esse

254 3326 587 3406 bypostases
638 3329 839 3384 divisas
893 3344 957 3385 ac
1003 3339 1310 3399 separatas;
1363 3328 1504 3384 idem
1553 3328 1842 3387 manifeste

252 3419 452 3483 voluit,
484 3421 628 3488 quod
661 3421 797 3475 alter
837 3420 1147 3493 Dionysius,
1180 3436 1304 3476 cum
1337 3419 1588 3487 aﬁirmat,
1625 3419 1839 3474 Patrem

255 3520 319 3566 et
348 3512 543 3567 Filium
575 3528 696 3569 esse
734 3516 867 3569 duas
914 3516 1235 3586 bypostases
1279 3514 1504 3569 minime
1536 3524 1838 3584 separatas,

256 3612 320 3666 et
368 3602 630 3674 Spiritum
671 3614 920 3661 sanctum
963 3619 1182 3676 quoque
1229 3604 1547 3675 bypostasin
1605 3620 1726 3661 esse
1787 3605 1841 3660 in

256 3693 382 3764 ipso
431 3694 570 3750 Filio
612 3697 1043 3762 subsistentem,
1090 3697 1336 3767 adeoque
1382 3711 1557 3766 neque
1603 3712 1634 3752 a
1677 3697 1838 3763 Filio,

256 3802 437 3858 neque
466 3804 495 3842 a
527 3788 687 3845 Patre
717 3788 1066 3857 disjunctam.
1105 3790 1372 3846 Nimirum
1408 3801 1634 3863 uterque
1671 3793 1840 3864 bypo-

256 3892 483 3937 staseon
509 3881 914 3939 distinctionem
960 3884 1012 3937 in
1045 3882 1332 3938 divinitate
1356 3884 1563 3953 pariter
1594 3887 1839 3955 agnovit;

261 3983 493 4044 uterque
537 3974 859 4031 divisionem
911 3987 965 4032 et
1020 3975 1423 4046 separationem
1481 3976 1842 4048 bypostaseon

258 4067 467 4135 pariter
504 4068 742 4137 negavit.
780 4067 874 4124 His
919 4084 1047 4123 vero
1078 4069 1436 4124 clarissimam
1481 4070 1657 4125 lucem
1687 4069 1847 4126 aliert

270 4158 415 4219 alter
446 4159 688 4231 Dionysii
729 4162 1082 4218 Alexandrini
1122 4161 1294 4229 locus,
1339 4163 1539 4218 citatus
1588 4177 1619 4216 a
1657 4161 1848 4232 Magno

266 4251 543 4311 Basilioin
584 4253 721 4307 libro
748 4252 823 4306 De
847 4249 1051 4318 Spiritu
1074 4264 1281 4319 sancto,
1312 4268 1435 4323 cap.
1464 4253 1555 4319 29,
1609 4254 1696 4308 ubi
1726 4254 1849 4308 Dio-

262 4345 483 4414 nysium
532 4344 679 4399 illum
734 4344 938 4399 inducit
978 4346 1057 4399 sic
1104 4345 1159 4399 in
1224 4346 1401 4401 media
1454 4361 1549 4400 sua
1596 4348 1850 4417 Apologia

260 4445 452 4493 contra
474 4433 810 4493 Sabellianos
824 4436 1181 4503 disputantem
1198 4433 1310 4506 (27)
1333 4436 1429 4489 :Ei
1448 4435 1523 4507 τῷ
1539 4438 1685 4507 τρεῖς
1711 4431 1850 4490 εἶναι

258 4528 362 4591 τὰς
397 4529 742 4591 ὑποστάσεις,
795 4528 1210 4598 μεμερισμένας
1256 4522 1396 4580 εἶναι
1428 4526 1670 4596 λέγουσι,
1704 4529 1854 4600 τρεῖς

1943 2054 2057 2109 haec
2088 2054 2276 2108 scribit
2295 2052 2409 2125 (29)
2434 2072 2446 2109 :
2467 2054 2579 2123 Τὴν
2602 2052 2711 2123 γὰρ
2731 2051 3027 2122 ἰδιότροπον
3047 2046 3208 2103 αὑτοῦ
3227 2045 3527 2099 ὑπόστασιν

1941 2146 2225 2217 ἐδήλωσεν,
2254 2145 2446 2209 εἰπὼν,
2463 2146 2558 2199 Ἐν
2577 2142 2736 2214 ἀρχῇ
2763 2140 2842 2213 ἦν
2862 2146 2896 2197 ό
2918 2144 3129 2211 Λόγος,
3154 2140 3252 2193 καὶ
3278 2142 3311 2192 ό
3332 2138 3524 2206 Λόγος

1939 2235 2019 2309 ἦν
2036 2238 2184 2307 πρὸς
2206 2239 2311 2292 τὸν
2332 2240 2503 2303 Θεόν,
2527 2257 2546 2289 ι
2569 2239 2619 2292 id
2636 2246 2752 2292 est:
2775 2255 2793 2287 ι
2822 2235 3049 2303 Proprio
3077 2235 3236 2287 modo
3264 2239 3523 2285 constan-

1942 2339 2050 2384 tem
2088 2326 2205 2396 ejus
2236 2326 2401 2398 (Filii)
2444 2326 2776 2399 bypostasitn
2821 2321 3170 2392 signiﬁcavit,
3205 2319 3414 2382 dicens,
3449 2315 3517 2369 In

1939 2421 2196 2490 principio
2222 2430 2333 2474 erat
2373 2418 2614 2485 Verbum,
2650 2426 2697 2471 et
2735 2415 2958 2471 Verbum
2992 2424 3101 2467 erat
3133 2415 3278 2480 apud
3300 2410 3521 2462 Deum.»

1945 2513 2034 2581 Et,
2061 2515 2103 2568 si
2139 2512 2334 2583 Magno
2368 2512 2589 2576 Basilio,
2634 2513 2816 2581 potius
2856 2525 3019 2578 quam
3073 2520 3281 2576 nupero
3310 2502 3528 2559 Jesuitre

1943 2604 2187 2669 Petavio,
2220 2606 2353 2660 ﬁdes
2384 2603 2628 2657 habenda
2657 2603 2750 2668 sit,
2784 2602 2973 2657 eodem
3004 2614 3166 2653 sensu
3198 2593 3527 2650 vocabulum

1945 2697 2346 2760 intellexerunt,
2394 2696 2553 2766 juxta
2590 2695 2870 2763 antiquum
2912 2691 3128 2746 scilicet
3186 2690 3236 2741 in
3285 2685 3529 2740 Ecclesia

1945 2805 2125 2856 usum,
2165 2788 2359 2843 Patres
2391 2788 2618 2851 Nicami,
2652 2801 2774 2841 cum
2827 2787 2878 2839 in
2914 2782 3167 2855 Symbolo
3213 2780 3532 2834 anathema-

1946 2883 2185 2936 tizarunt
2223 2894 2349 2943 eos,
2382 2880 2473 2949 qui
2515 2880 2759 2934 dicerent
2804 2876 3001 2931 Filium
3048 2889 3169 2930 esse
3222 2872 3282 2936 ἐξ
3335 2871 3530 2943 ἐτέρας

1945 2971 2294 3035 ὑποστάσεως
2343 2971 2376 3041 ἢ
2414 2970 2621 3035 οὑσίας,
2659 2984 2769 3024 «οι
2813 2969 2916 3021 alia
2950 2965 3228 3037 bypostasi
3264 2964 3379 3018 sive
3403 2963 3531 3017 sub-

1945 3065 2143 3119 stantia
2180 3084 2199 3117 »
2240 3078 2404 3133 quam
2435 3062 2634 3117 Patris.
2665 3060 2798 3115 Nam
2824 3058 3057 3113 Basilius
3094 3058 3146 3111 in
3189 3054 3412 3125 epistola
3437 3054 3528 3118 78,

1946 3156 2190 3210 referens
2234 3152 2550 3208 Marcellum
2586 3155 2961 3223 Ancyranum,
3000 3159 3053 3203 et
3095 3149 3234 3203 alios
3267 3146 3529 3216 quosdam

1948 3247 2267 3303 Sabellianae
2297 3246 2537 3301 fautores
2564 3245 2811 3309 haeresis,
2839 3259 2902 3298 ex
2937 3243 3043 3296 illis
3078 3239 3280 3295 Nicaeni
3310 3238 3531 3292 concilii

1944 3341 2123 3395 verbis
2152 3338 2512 3410 patrocinium
2544 3338 2899 3409 quaesivisse;
2934 3334 3129 3393 οὐσίαν.
3151 3343 3203 3389 et
3235 3332 3533 3387 ὑπόστασιν

1945 3442 2104 3503 negat
2130 3435 2196 3486 ὲκ
2226 3431 2594 3504 παραλλήλου,
2619 3439 2674 3487 et
2709 3441 2969 3500 tanquam
2997 3430 3137 3482 idem
3160 3426 3535 3497 signiﬁcantes

1945 3540 2110 3580 voces
2143 3541 2173 3580 a
2209 3523 2459 3586 Patribus
2490 3523 2763 3579 adbibitas
2791 3523 2979 3577 fuisse.
3002 3520 3154 3588 Quod
3187 3520 3289 3574 bac
3324 3519 3535 3572 ratione

1943 3616 2135 3687 probat
2164 3635 2178 3672 :
2210 3616 2271 3669 Et
2297 3614 2407 3689 γὰρ
2439 3616 2592 3689 μίαν.
2620 3616 2713 3671 καὶ
2738 3614 2837 3687 τὴν
2875 3613 3042 3685 αὑτὴν
3075 3613 3293 3685 ἐδήλουν
3325 3612 3536 3666 ἔννοιαν

1943 3712 2000 3765 αἱ
2029 3712 2223 3781 φωναὶ,
2250 3709 2333 3774 τίς
2361 3710 2519 3781 χρεία
2542 3704 2610 3780 ἦν
2639 3707 2944 3778 ὲκατέρωνς
2964 3704 3309 3775 Ἀλλὰνδῆλον
3332 3705 3432 3767 ὅτι,
3458 3702 3535 3765 ὡς

1943 3803 2053 3857 τῶν
2094 3804 2191 3873 μὲν
2215 3803 2562 3875 ἀρνουμένων
2589 3801 2650 3854 τὸ
2683 3800 2871 3871 ὲκιτῆς
2902 3799 3089 3861 οὑσίας
3123 3796 3262 3851 εἶναι
3289 3795 3383 3849 τοῦ
3419 3797 3534 3849 Παυ-

1944 3897 2092 3967 τρὸς,
2122 3896 2230 3949 τῶν
2286 3895 2343 3949 δὲ
2374 3895 2640 3964 λεγόντων
2671 3892 2795 3946 οὗτε
2841 3895 2906 3945 ὲκ
2941 3892 3038 3962 τῆς
3082 3890 3290 3952 οὑσίας,
3330 3888 3445 3941 ἀλλ’
3478 3888 3538 3952 ἐξ

1946 3988 2112 4060 ἄλλης
2144 3989 2289 4052 τινὸς
2331 3988 2681 4050 ὑποστάσεως
2700 4003 2713 4017 °
2745 3984 2918 4049 οὕτως
2949 3984 3235 4055 ἀμφότερα
3273 3984 3348 4046 ὼς
3382 3981 3538 4035 ἀλλό-

1947 4098 2075 4152 τρια
2111 4079 2205 4133 τοῦ
2244 4077 2696 4150 ὲκκλησιαστικοῦ
2731 4077 3080 4150 φρονήματος
3127 4075 3532 4148 ἀπηγόρευσαν.

1948 4172 2005 4227 Id
2053 4183 2158 4236 est,
2214 4191 2239 4225 ι,
2264 4171 2320 4227 Si
2357 4188 2519 4225 unam
2557 4182 2610 4226 et
2648 4173 2895 4225 eamdem
2923 4182 3037 4224 rem
3086 4168 3536 4238 signiticaverunt

1948 4281 2114 4321 voces
2148 4264 2277 4331 illae,
2304 4266 2435 4335 quid
2469 4265 2740 4321 attinebat
2772 4261 2933 4318 simul
2966 4262 3086 4320 illas
3118 4261 3401 4316 adhiberi?
3426 4260 3537 4316 Sed

1948 4360 2295 4429 perspicuum
2351 4367 2458 4421 est,
2498 4372 2564 4413 eo
2607 4357 2750 4427 quod
2789 4356 2879 4410 alii
2937 4364 3201 4425 negarent
3244 4353 3441 4409 Filium
3505 4367 3539 4406 e

1951 4450 2257 4504 substantia
2289 4464 2411 4505 esse
2445 4451 2658 4517 Patris;
2697 4448 2787 4504 alii
2824 4461 2998 4519 neque
3034 4462 3099 4502 ex
3131 4448 3251 4517 ejus
3281 4448 3538 4501 substan-

1956 4542 2050 4606 tia,
2103 4551 2159 4595 et
2209 4556 2274 4598 ex
2316 4541 2425 4594 alia
2475 4542 2697 4610 insuper
2751 4540 3031 4611 hypostasi
3073 4554 3197 4593 esse
3252 4538 3535 4593 dicerent:

260 4621 371 4681 εἱσι
402 4619 503 4676 κᾶν
559 4620 637 4690 μὴ
685 4618 932 4682 Θέλωσιν,
962 4618 997 4688 ἢ
1025 4619 1126 4688 τὴν
1157 4617 1307 4675 θείαν
1333 4618 1537 4689 Τριάδα
1572 4620 1841 4686 παντελῶς

1956 4640 2241 4702 utramque
2273 4631 2391 4687 illos
2416 4632 2730 4701 opinionem
2761 4626 3021 4700 tanquam
3053 4632 3286 4685 alienam
3318 4644 3347 4682 a
3375 4644 3540 4684 sensu

259 4712 625 4776 ἀνελέτωσαν,
659 4712 713 4767 id
747 4720 867 4778 est,
909 4728 929 4763 ι
959 4709 1017 4765 Si
1057 4725 1123 4765 eo
1165 4711 1311 4780 quod
1351 4719 1465 4767 tres
1494 4722 1623 4767 sunt
1654 4726 1847 4781 perso-

260 4819 367 4870 nae,
398 4804 598 4858 divisas
641 4817 763 4859 esse
806 4802 1018 4866 dicunt,
1073 4812 1184 4859 tres
1231 4814 1360 4859 sunt
1400 4805 1614 4860 etiamsi
1652 4804 1849 4868 nolint,

259 4908 358 4957 aut
383 4897 621 4955 divinam
654 4895 978 4953 Trinitatem
1027 4910 1254 4966 prorsus
1286 4911 1317 4952 e
1360 4898 1540 4953 medio
1582 4897 1793 4953 tollant.
1827 4918 1849 4948 ι

260 4991 476 5057 Quibus
505 5006 570 5047 ex
604 4989 783 5045 verbis
811 4999 998 5059 aperte
1024 4988 1319 5059 colligitur,
1367 4989 1507 5058 apud
1537 4989 1853 5045 Catbolicos

261 5084 506 5155 Dionysii
534 5091 692 5138 actate
719 5092 895 5138 ratum
926 5092 981 5138 et
1015 5082 1182 5137 ﬁxum
1213 5080 1342 5136 illud
1374 5079 1565 5144 fuisse,
1596 5090 1707 5135 tres
1732 5096 1850 5136 esse

264 5178 335 5240 in.
357 5175 557 5230 divinis
586 5176 940 5246 bypostases;
979 5173 1317 5229 Sabellianos
1346 5188 1479 5227 vero
1516 5188 1579 5227 ex
1634 5172 1722 5227 illa
1754 5173 1851 5244 by-

262 5268 478 5345 pothesi
526 5268 783 5338 consequi
817 5260 1163 5323 existimasse
1215 5275 1324 5319 tres
1368 5278 1489 5323 esse
1532 5265 1852 5337 bypostases

260 5362 505 5424 divisas;
544 5369 729 5430 utpote
778 5361 869 5430 qui
913 5370 1023 5415 tres
1056 5359 1342 5415 distinctas
1375 5372 1635 5428 personas
1669 5358 1721 5413 in
1764 5371 1851 5411 es-

260 5452 440 5507 sctttia
483 5451 664 5506 divina
708 5453 913 5521 absque
961 5451 1229 5507 divisione
1266 5450 1625 5505 subsistentes
1672 5459 1851 5503 mente

261 5562 371 5602 sua
394 5548 681 5618 concipere
712 5547 1091 5617 nequiverunt.
1126 5546 1279 5602 lianc
1306 5556 1484 5601 autem
1508 5560 1849 5614 consequen-

267 5641 399 5695 tiam
434 5642 657 5713 omnino
688 5642 939 5710 rejiciunt
973 5642 1132 5696 ambo
1177 5641 1416 5714 Dionysii
1446 5642 1500 5695 in
1530 5642 1662 5696 locis
1689 5656 1849 5711 supra

260 5730 538 5790 adductis.
589 5732 909 5804 Pergamus.
971 5731 1214 5806 Dionysii
1276 5733 1561 5803 utriusque
1610 5732 1850 5802 aequales

340 5843 457 5916 (27)
485 5844 543 5898 S.
579 5844 760 5903 Basilii
787 5854 915 5901 tom.
944 5843 1007 5908 ll,
1044 5861 1097 5916 p.
1129 5846 1256 5914 558,
1283 5846 1412 5901 edit.
1443 5844 1613 5900 Paris.
1646 5844 1805 5899 1637.

342 5939 455 6009 (28}
492 5940 627 5996 Bibl.
665 5940 777 5996 PP.
806 5952 931 5998 tom.
960 5941 1047 5997 XI.

1926 4719 2320 4777 ecclesiastico
2360 4719 2633 4789 reiecisse.
2682 4739 2700 4773 ι
2745 4720 2903 4775 Libet
2936 4736 3065 4774 vero
3105 4719 3195 4774 hic
3225 4719 3404 4773 obiter
3439 4733 3532 4771 ar-

1953 4824 2204 4885 gumenta
2238 4815 2536 4884 pnecipua,
2571 4813 2772 4883 quibus
2807 4814 2948 4867 banc
2983 4813 3054 4866 M.
3106 4812 3289 4866 Basilii
3319 4821 3539 4864 senten-

1957 4908 2085 4961 tiam
2114 4905 2421 4961 convellere
2438 4898 2707 4960 "Petavius
2742 4915 2973 4959 conatus
2997 4913 3081 4958 est
3102 4902 3181 4957 De
3198 4902 3416 4968 Trinit.,
3441 4901 3534 4956 lib.

1956 5013 2034 5064 tv,
2075 5012 2195 5067 cap.
2230 4996 2287 5063 Ξ,
2339 5012 2490 5051 num.
2529 4996 2586 5061 6.,
2634 4996 2826 5067 paucis
2875 4995 2943 5049 ad
2983 5010 3212 5050 examen
3255 4998 3536 5049 revocare.

1964 5108 1982 5141 ι
2011 5089 2218 5157 Primo,
2278 5090 2478 5159 inquit,
2522 5097 2712 5143 contra
2774 5088 2949 5142 solum
2989 5086 3330 5157 Ariidogma
3376 5086 3540 5158 Sym-

1958 5180 2065 5235 boli
2100 5179 2395 5235 clausulam
2430 5179 2704 5234 addidisse
2760 5177 2953 5234 Patres
3003 5178 3208 5247 liquido
3253 5187 3489 5232 constat.
3517 5196 3536 5229 ι

1958 5272 2206 5327 Poteram
2253 5272 2595 5343 interrogare
2654 5271 2962 5333 Petavittm,
3020 5271 3164 5325 unde
3224 5271 3276 5324 id
3339 5271 3544 5339 liquido

1959 5364 2208 5419 constet?
2238 5362 2396 5418 Certe
2429 5365 2814 5434 liquidissima.
2839 5373 3078 5425 constat,
3127 5362 3317 5415 Patres
3360 5363 3411 5414 in
3444 5376 3543 5413 suo

1961 5460 2218 5532 Symbolo
2268 5475 2575 5529 quanquam
2622 5461 2736 5513 Arii
2793 5460 2988 5527 dogma
3037 5458 3319 5526 praecipue
3363 5456 3544 5523 impu-

1959 5566 2127 5622 gnare
2160 5552 2513 5615 intenderim,
2559 5551 2788 5605 aliorum
2830 5561 3006 5603 tamen
3057 5549 3295 5602 bmrescs
3342 5545 3541 5599 alicubi

1960 5644 2352 5714 perstringere.
2394 5644 2493 5698 Sic
2531 5660 2653 5697 cum
2690 5643 2959 5696 deﬁniunt
3000 5655 3097 5709 per
3145 5638 3340 5693 Filium
3402 5636 3541 5688 facta

1959 5734 2127 5789 fuisse
2176 5737 2383 5802 omnia,
2454 5752 2558 5789 non
2596 5734 2850 5797 Arianos,
2894 5731 3094 5801 quippe
3128 5731 3218 5799 qui
3257 5729 3361 5782 boc
3400 5743 3539 5781 nun»

2034 5844 2148 5916 (‘29)
2182 5846 2511 5902 Tbcodoret.
2570 5844 2767 5899 Eccles.
2798 5843 2923 5897 hist.
2956 5841 3052 5897 lib.
3088 5857 3125 5906 ι,
3153 5854 3279 5909 cap.
3308 5838 3361 5893 4.
