  <div class='ocr_page' id='page_1' title='image "/cluster/home/n/w/nwhite01/storage/ocr_20150623/17/hvd.32044051719607/663.png"; bbox 0 0 3926 6518; ppageno 0'>
   <div class='ocr_carea' id='block_1_1' title="bbox 495 442 633 495">
    <p class='ocr_par' dir='ltr' id='par_1_1' title="bbox 495 442 633 495">
     <span class='ocr_line' id='line_1_1' title="bbox 495 442 633 495; baseline 0.007 -3"><span class='ocrx_word' id='word_1_1' title='bbox 495 442 633 495; x_wconf 65' lang='grc' dir='ltr'>ἰῖοδ</span> 
     </span>
    </p>
   </div>
   <div class='ocr_carea' id='block_1_2' title="bbox 1922 463 2355 523">
    <p class='ocr_par' dir='ltr' id='par_1_2' title="bbox 1922 463 2355 523">
     <span class='ocr_line' id='line_1_2' title="bbox 1922 463 2355 523; baseline 0.014 -5"><span class='ocrx_word' id='word_1_2' title='bbox 1922 463 2355 523; x_wconf 73' lang='lat' dir='ltr'><strong>EXCERP’I‘UM</strong></span> 
     </span>
    </p>
   </div>
   <div class='ocr_carea' id='block_1_3' title="bbox 3589 491 3728 550">
    <p class='ocr_par' dir='ltr' id='par_1_3' title="bbox 3589 491 3728 550">
     <span class='ocr_line' id='line_1_3' title="bbox 3589 491 3728 550; baseline 0.058 -8"><span class='ocrx_word' id='word_1_3' title='bbox 3589 491 3614 542; x_wconf 69' lang='grc'><strong><em>1</em></strong></span> <span class='ocrx_word' id='word_1_4' title='bbox 3621 493 3728 550; x_wconf 70' lang='grc' dir='ltr'><strong>3οι</strong></span> 
     </span>
    </p>
   </div>
   <div class='ocr_carea' id='block_1_4' title="bbox 479 563 3723 677">
    <p class='ocr_par' dir='ltr' id='par_1_4' title="bbox 479 563 3723 677">
     <span class='ocr_line' id='line_1_4' title="bbox 479 563 3723 677; baseline 0.017 -68"><span class='ocrx_word' id='word_1_5' title='bbox 479 572 640 626; x_wconf 87' lang='lat' dir='ltr'><strong>quam</strong></span> <span class='ocrx_word' id='word_1_6' title='bbox 680 563 959 631; x_wconf 75' lang='lat' dir='ltr'><strong>negarint;</strong></span> <span class='ocrx_word' id='word_1_7' title='bbox 1001 566 1108 621; x_wconf 81' lang='lat' dir='ltr'><strong>sed</strong></span> <span class='ocrx_word' id='word_1_8' title='bbox 1152 569 1454 640; x_wconf 75' lang='lat' dir='ltr'><strong>Ebionzcos,</strong></span> <span class='ocrx_word' id='word_1_9' title='bbox 1495 576 1885 648; x_wconf 82' lang='lat' dir='ltr'><strong>Artemonitas,</strong></span> <span class='ocrx_word' id='word_1_10' title='bbox 1937 585 2040 640; x_wconf 91' lang='lat' dir='ltr'><strong>Sa-</strong></span> <span class='ocrx_word' id='word_1_11' title='bbox 2067 590 2114 646; x_wconf 77' lang='grc' dir='ltr'>Α</span> <span class='ocrx_word' id='word_1_12' title='bbox 2143 583 2352 640; x_wconf 74' lang='lat' dir='ltr'><strong>Selene.</strong></span> <span class='ocrx_word' id='word_1_13' title='bbox 2373 587 3723 677; x_wconf 63' lang='lat' dir='ltr'><strong>recitata,lttecinfinebabet:(50)Tob¢8é1éyov—</strong></span> 
     </span>
    </p>
   </div>
   <div class='ocr_carea' id='block_1_5' title="bbox 480 649 2040 734">
    <p class='ocr_par' dir='ltr' id='par_1_5' title="bbox 480 649 2040 734">
     <span class='ocr_line' id='line_1_5' title="bbox 480 649 2040 734; baseline 0.023 -36"><span class='ocrx_word' id='word_1_14' title='bbox 480 649 906 718; x_wconf 88' lang='lat' dir='ltr'><strong>mosatenianos,</strong></span> <span class='ocrx_word' id='word_1_15' title='bbox 949 662 1005 708; x_wconf 87' lang='lat' dir='ltr'><strong>et</strong></span> <span class='ocrx_word' id='word_1_16' title='bbox 1041 654 1278 724; x_wconf 84' lang='lat' dir='ltr'><strong>ejusdem</strong></span> <span class='ocrx_word' id='word_1_17' title='bbox 1314 673 1542 721; x_wconf 66' lang='lat' dir='ltr'><strong>monetae</strong></span> <span class='ocrx_word' id='word_1_18' title='bbox 1587 667 1722 726; x_wconf 87' lang='lat' dir='ltr'><strong>alios</strong></span> <span class='ocrx_word' id='word_1_19' title='bbox 1753 671 2040 734; x_wconf 75' lang='lat' dir='ltr'><strong>haereticos</strong></span> 
     </span>
    </p>
   </div>
   <div class='ocr_carea' id='block_1_6' title="bbox 475 733 2041 820">
    <p class='ocr_par' dir='ltr' id='par_1_6' title="bbox 475 733 2041 820">
     <span class='ocr_line' id='line_1_6' title="bbox 475 733 2041 820; baseline 0.02 -31"><span class='ocrx_word' id='word_1_20' title='bbox 475 733 696 791; x_wconf 88' lang='lat' dir='ltr'><strong>feriunt.</strong></span> <span class='ocrx_word' id='word_1_21' title='bbox 747 739 854 796; x_wconf 85' lang='lat' dir='ltr'><strong>Sed</strong></span> <span class='ocrx_word' id='word_1_22' title='bbox 897 753 1035 811; x_wconf 83' lang='lat' dir='ltr'><strong>esto,</strong></span> <span class='ocrx_word' id='word_1_23' title='bbox 1069 747 1364 807; x_wconf 84' lang='lat' dir='ltr'><strong>clausulam</strong></span> <span class='ocrx_word' id='word_1_24' title='bbox 1412 754 1568 809; x_wconf 87' lang='lat' dir='ltr'><strong>istam</strong></span> <span class='ocrx_word' id='word_1_25' title='bbox 1623 770 1814 816; x_wconf 84' lang='lat' dir='ltr'><strong>contra</strong></span> <span class='ocrx_word' id='word_1_26' title='bbox 1867 764 2041 820; x_wconf 87' lang='lat' dir='ltr'><strong>solum</strong></span> 
     </span>
    </p>
   </div>
   <div class='ocr_carea' id='block_1_7' title="bbox 471 826 2039 927">
    <p class='ocr_par' dir='ltr' id='par_1_7' title="bbox 471 826 2039 927">
     <span class='ocr_line' id='line_1_7' title="bbox 471 826 2039 927; baseline 0.019 -44"><span class='ocrx_word' id='word_1_27' title='bbox 471 826 798 886; x_wconf 78' lang='lat' dir='ltr'><strong>Arianorum</strong></span> <span class='ocrx_word' id='word_1_28' title='bbox 823 832 1014 904; x_wconf 84' lang='lat' dir='ltr'><strong>dogma</strong></span> <span class='ocrx_word' id='word_1_29' title='bbox 1046 853 1073 891; x_wconf 89' lang='lat' dir='ltr'><strong>a</strong></span> <span class='ocrx_word' id='word_1_30' title='bbox 1101 837 1349 908; x_wconf 85' lang='lat' dir='ltr'><strong>Patribus</strong></span> <span class='ocrx_word' id='word_1_31' title='bbox 1377 846 1611 900; x_wconf 88' lang='lat' dir='ltr'><strong>additam</strong></span> <span class='ocrx_word' id='word_1_32' title='bbox 1667 849 1832 908; x_wconf 89' lang='lat' dir='ltr'><strong>fuisse</strong></span> <span class='ocrx_word' id='word_1_33' title='bbox 1874 854 2039 927; x_wconf 89' lang='lat' dir='ltr'><strong>(quod</strong></span> 
     </span>
    </p>
   </div>
   <div class='ocr_carea' id='block_1_8' title="bbox 469 918 2037 1014">
    <p class='ocr_par' dir='ltr' id='par_1_8' title="bbox 469 918 2037 1014">
     <span class='ocr_line' id='line_1_8' title="bbox 469 918 2037 1014; baseline 0.021 -44"><span class='ocrx_word' id='word_1_34' title='bbox 469 918 816 976; x_wconf 75' lang='lat' dir='ltr'><strong>verissimum</strong></span> <span class='ocrx_word' id='word_1_35' title='bbox 868 940 986 981; x_wconf 88' lang='lat' dir='ltr'><strong>esse</strong></span> <span class='ocrx_word' id='word_1_36' title='bbox 1031 930 1218 1001; x_wconf 89' lang='lat' dir='ltr'><strong>puto);</strong></span> <span class='ocrx_word' id='word_1_37' title='bbox 1273 936 1400 1004; x_wconf 88' lang='lat' dir='ltr'><strong>quid</strong></span> <span class='ocrx_word' id='word_1_38' title='bbox 1471 941 1622 996; x_wconf 87' lang='lat' dir='ltr'><strong>tum?</strong></span> <span class='ocrx_word' id='word_1_39' title='bbox 1656 918 2037 1014; x_wconf 40' lang='lat' dir='ltr'><strong>tAriani‘,-in-</strong></span> 
     </span>
    </p>
   </div>
   <div class='ocr_carea' id='block_1_9' title="bbox 473 1008 2036 1109">
    <p class='ocr_par' dir='ltr' id='par_1_9' title="bbox 473 1008 2036 1109">
     <span class='ocr_line' id='line_1_9' title="bbox 473 1008 2036 1109; baseline 0.022 -50"><span class='ocrx_word' id='word_1_40' title='bbox 473 1008 588 1075; x_wconf 73' lang='lat' dir='ltr'><strong>quit</strong></span> <span class='ocrx_word' id='word_1_41' title='bbox 615 1009 888 1079; x_wconf 73' lang='lat' dir='ltr'><strong>Petavius,</strong></span> <span class='ocrx_word' id='word_1_42' title='bbox 935 1032 1043 1072; x_wconf 88' lang='lat' dir='ltr'><strong>non</strong></span> <span class='ocrx_word' id='word_1_43' title='bbox 1077 1019 1378 1079; x_wconf 89' lang='lat' dir='ltr'><strong>docuerunt</strong></span> <span class='ocrx_word' id='word_1_44' title='bbox 1436 1028 1633 1086; x_wconf 85' lang='lat' dir='ltr'><strong>Filium</strong></span> <span class='ocrx_word' id='word_1_45' title='bbox 1665 1034 1734 1088; x_wconf 90' lang='lat' dir='ltr'><strong>ab</strong></span> <span class='ocrx_word' id='word_1_46' title='bbox 1771 1008 2036 1109; x_wconf 33' lang='lat' dir='ltr'><strong>alia&#39;per-</strong></span> 
     </span>
    </p>
   </div>
   <div class='ocr_carea' id='block_1_10' title="bbox 471 1105 2032 1200">
    <p class='ocr_par' dir='ltr' id='par_1_10' title="bbox 471 1105 2032 1200">
     <span class='ocr_line' id='line_1_10' title="bbox 471 1105 2032 1200; baseline 0.022 -47"><span class='ocrx_word' id='word_1_47' title='bbox 471 1113 603 1155; x_wconf 64' lang='lat' dir='ltr'><strong>tona</strong></span> <span class='ocrx_word' id='word_1_48' title='bbox 643 1118 802 1173; x_wconf 86' lang='lat' dir='ltr'><strong>quam</strong></span> <span class='ocrx_word' id='word_1_49' title='bbox 838 1105 1015 1165; x_wconf 89' lang='lat' dir='ltr'><strong>Patris</strong></span> <span class='ocrx_word' id='word_1_50' title='bbox 1052 1113 1312 1181; x_wconf 80' lang='lat' dir='ltr'><strong>originem</strong></span> <span class='ocrx_word' id='word_1_51' title='bbox 1366 1122 1612 1176; x_wconf 78' lang='lat' dir='ltr'><strong>traxisse.</strong></span> <span class='ocrx_word' id='word_1_52' title='bbox 1637 1143 1656 1177; x_wconf 69' lang='grc' dir='ltr'>ι</span> <span class='ocrx_word' id='word_1_53' title='bbox 1694 1105 2032 1200; x_wconf 75' lang='lat' dir='ltr'><strong>Respondeo,</strong></span> 
     </span>
    </p>
   </div>
   <div class='ocr_carea' id='block_1_11' title="bbox 472 1196 2038 1281">
    <p class='ocr_par' dir='ltr' id='par_1_11' title="bbox 472 1196 2038 1281">
     <span class='ocr_line' id='line_1_11' title="bbox 472 1196 2038 1281; baseline 0.023 -37"><span class='ocrx_word' id='word_1_54' title='bbox 472 1205 645 1261; x_wconf 87' lang='lat' dir='ltr'><strong>neque</strong></span> <span class='ocrx_word' id='word_1_55' title='bbox 685 1196 938 1252; x_wconf 88' lang='lat' dir='ltr'><strong>docuisse</strong></span> <span class='ocrx_word' id='word_1_56' title='bbox 981 1201 1304 1260; x_wconf 84' lang='lat' dir='ltr'><strong>Arianorum</strong></span> <span class='ocrx_word' id='word_1_57' title='bbox 1358 1213 1690 1281; x_wconf 85' lang='lat' dir='ltr'><strong>quempiam,</strong></span> <span class='ocrx_word' id='word_1_58' title='bbox 1733 1196 1931 1275; x_wconf 88' lang='lat' dir='ltr'><strong>Filium</strong></span> <span class='ocrx_word' id='word_1_59' title='bbox 1969 1196 2038 1280; x_wconf 74' lang='lat' dir='ltr'><strong>ex</strong></span> 
     </span>
    </p>
   </div>
   <div class='ocr_carea' id='block_1_12' title="bbox 470 1282 2037 1377">
    <p class='ocr_par' dir='ltr' id='par_1_12' title="bbox 470 1282 2037 1377">
     <span class='ocr_line' id='line_1_12' title="bbox 470 1282 2037 1377; baseline 0.025 -42"><span class='ocrx_word' id='word_1_60' title='bbox 470 1282 573 1338; x_wconf 90' lang='lat' dir='ltr'><strong>alia</strong></span> <span class='ocrx_word' id='word_1_61' title='bbox 604 1287 906 1345; x_wconf 76' lang='lat' dir='ltr'><strong>substantia</strong></span> <span class='ocrx_word' id='word_1_62' title='bbox 931 1294 1193 1363; x_wconf 75' lang='lat' dir='ltr'><strong>originem</strong></span> <span class='ocrx_word' id='word_1_63' title='bbox 1225 1301 1476 1370; x_wconf 79' lang='lat' dir='ltr'><strong>traxisse,</strong></span> <span class='ocrx_word' id='word_1_64' title='bbox 1499 1306 1542 1359; x_wconf 93' lang='lat' dir='ltr'><strong>si</strong></span> <span class='ocrx_word' id='word_1_65' title='bbox 1571 1307 1740 1377; x_wconf 81' lang='lat' dir='ltr'><strong>rigide</strong></span> <span class='ocrx_word' id='word_1_66' title='bbox 1764 1323 1819 1368; x_wconf 92' lang='lat' dir='ltr'><strong>et</strong></span> <span class='ocrx_word' id='word_1_67' title='bbox 1847 1328 2037 1374; x_wconf 80' lang='lat' dir='ltr'><strong>exacte</strong></span> 
     </span>
    </p>
   </div>
   <div class='ocr_carea' id='block_1_13' title="bbox 469 1373 2040 1476">
    <p class='ocr_par' dir='ltr' id='par_1_13' title="bbox 469 1373 2040 1476">
     <span class='ocr_line' id='line_1_13' title="bbox 469 1373 2040 1476; baseline 0.024 -50"><span class='ocrx_word' id='word_1_68' title='bbox 469 1373 614 1445; x_wconf 82' lang='lat' dir='ltr'><strong>loqui</strong></span> <span class='ocrx_word' id='word_1_69' title='bbox 665 1378 914 1436; x_wconf 84' lang='lat' dir='ltr'><strong>velimus.</strong></span> <span class='ocrx_word' id='word_1_70' title='bbox 965 1385 1161 1442; x_wconf 76' lang='lat' dir='ltr'><strong>Verum</strong></span> <span class='ocrx_word' id='word_1_71' title='bbox 1203 1401 1262 1444; x_wconf 87' lang='lat' dir='ltr'><strong>ut</strong></span> <span class='ocrx_word' id='word_1_72' title='bbox 1296 1407 1485 1448; x_wconf 89' lang='lat' dir='ltr'><strong>omnes</strong></span> <span class='ocrx_word' id='word_1_73' title='bbox 1531 1373 1716 1456; x_wconf 73' lang='lat' dir='ltr'><strong>Ariani</strong></span> <span class='ocrx_word' id='word_1_74' title='bbox 1770 1419 2040 1476; x_wconf 83' lang='lat' dir='ltr'><strong>negarunt</strong></span> 
     </span>
    </p>
   </div>
   <div class='ocr_carea' id='block_1_14' title="bbox 468 1465 2034 1560">
    <p class='ocr_par' dir='ltr' id='par_1_14' title="bbox 468 1465 2034 1560">
     <span class='ocr_line' id='line_1_14' title="bbox 468 1465 2034 1560; baseline 0.024 -40"><span class='ocrx_word' id='word_1_75' title='bbox 468 1465 664 1523; x_wconf 73' lang='lat' dir='ltr'><strong>Filium</strong></span> <span class='ocrx_word' id='word_1_76' title='bbox 711 1484 743 1526; x_wconf 91' lang='lat' dir='ltr'><strong>e</strong></span> <span class='ocrx_word' id='word_1_77' title='bbox 771 1472 1071 1532; x_wconf 86' lang='lat' dir='ltr'><strong>substantia</strong></span> <span class='ocrx_word' id='word_1_78' title='bbox 1105 1477 1280 1536; x_wconf 85' lang='lat' dir='ltr'><strong>Patris</strong></span> <span class='ocrx_word' id='word_1_79' title='bbox 1312 1497 1528 1555; x_wconf 89' lang='lat' dir='ltr'><strong>natum;</strong></span> <span class='ocrx_word' id='word_1_80' title='bbox 1563 1491 1633 1545; x_wconf 90' lang='lat' dir='ltr'><strong>ita</strong></span> <span class='ocrx_word' id='word_1_81' title='bbox 1665 1465 1881 1560; x_wconf 71' lang='lat' dir='ltr'><strong>quidam</strong></span> <span class='ocrx_word' id='word_1_82' title='bbox 1921 1499 2034 1556; x_wconf 89' lang='lat' dir='ltr'><strong>ullo</strong></span> 
     </span>
    </p>
   </div>
   <div class='ocr_carea' id='block_1_15' title="bbox 466 1562 2032 1649">
    <p class='ocr_par' dir='ltr' id='par_1_15' title="bbox 466 1562 2032 1649">
     <span class='ocr_line' id='line_1_15' title="bbox 466 1562 2032 1649; baseline 0.02 -35"><span class='ocrx_word' id='word_1_83' title='bbox 466 1562 628 1618; x_wconf 88' lang='lat' dir='ltr'><strong>modo</strong></span> <span class='ocrx_word' id='word_1_84' title='bbox 651 1577 718 1618; x_wconf 90' lang='lat' dir='ltr'><strong>ex</strong></span> <span class='ocrx_word' id='word_1_85' title='bbox 746 1565 862 1634; x_wconf 86' lang='lat' dir='ltr'><strong>ipso</strong></span> <span class='ocrx_word' id='word_1_86' title='bbox 888 1568 1064 1634; x_wconf 83' lang='lat' dir='ltr'><strong>Patre,</strong></span> <span class='ocrx_word' id='word_1_87' title='bbox 1093 1573 1208 1629; x_wconf 83' lang='lat' dir='ltr'><strong>sive</strong></span> <span class='ocrx_word' id='word_1_88' title='bbox 1237 1590 1302 1629; x_wconf 78' lang='lat' dir='ltr'><strong>ex</strong></span> <span class='ocrx_word' id='word_1_89' title='bbox 1333 1578 1609 1649; x_wconf 85' lang='lat' dir='ltr'><strong>hypostasi</strong></span> <span class='ocrx_word' id='word_1_90' title='bbox 1635 1583 1812 1642; x_wconf 78' lang='lat' dir='ltr'><strong>Patris</strong></span> <span class='ocrx_word' id='word_1_91' title='bbox 1845 1599 2032 1644; x_wconf 87' lang='lat' dir='ltr'><strong>natum</strong></span> 
     </span>
    </p>
   </div>
   <div class='ocr_carea' id='block_1_16' title="bbox 467 1652 2030 1748">
    <p class='ocr_par' dir='ltr' id='par_1_16' title="bbox 467 1652 2030 1748">
     <span class='ocr_line' id='line_1_16' title="bbox 467 1652 2030 1748; baseline 0.019 -41"><span class='ocrx_word' id='word_1_92' title='bbox 467 1652 616 1707; x_wconf 90' lang='lat' dir='ltr'><strong>illum</strong></span> <span class='ocrx_word' id='word_1_93' title='bbox 647 1653 814 1712; x_wconf 86' lang='lat' dir='ltr'><strong>fuisse</strong></span> <span class='ocrx_word' id='word_1_94' title='bbox 837 1674 1224 1729; x_wconf 79' lang='lat' dir='ltr'><strong>pernegarunt.</strong></span> <span class='ocrx_word' id='word_1_95' title='bbox 1255 1665 1474 1726; x_wconf 90' lang='lat' dir='ltr'><strong>Scilicet</strong></span> <span class='ocrx_word' id='word_1_96' title='bbox 1515 1675 1632 1727; x_wconf 77' lang='lat' dir='ltr'><strong>duze</strong></span> <span class='ocrx_word' id='word_1_97' title='bbox 1663 1675 1814 1732; x_wconf 89' lang='lat' dir='ltr'><strong>fuere</strong></span> <span class='ocrx_word' id='word_1_98' title='bbox 1850 1678 1899 1732; x_wconf 91' lang='lat' dir='ltr'><strong>in</strong></span> <span class='ocrx_word' id='word_1_99' title='bbox 1920 1682 2030 1748; x_wconf 82' lang='lat' dir='ltr'><strong>pri-</strong></span> 
     </span>
    </p>
   </div>
   <div class='ocr_carea' id='block_1_17' title="bbox 466 1745 2028 1838">
    <p class='ocr_par' dir='ltr' id='par_1_17' title="bbox 466 1745 2028 1838">
     <span class='ocr_line' id='line_1_17' title="bbox 466 1745 2028 1838; baseline 0.019 -42"><span class='ocrx_word' id='word_1_100' title='bbox 466 1745 568 1798; x_wconf 89' lang='lat' dir='ltr'><strong>mis</strong></span> <span class='ocrx_word' id='word_1_101' title='bbox 600 1747 1059 1806; x_wconf 89' lang='lat' dir='ltr'><strong>Ariomanitarum</strong></span> <span class='ocrx_word' id='word_1_102' title='bbox 1079 1755 1280 1812; x_wconf 83' lang='lat' dir='ltr'><strong>classes</strong></span> <span class='ocrx_word' id='word_1_103' title='bbox 1305 1775 1320 1811; x_wconf 88' lang='lat'><strong><em>:</em></strong></span> <span class='ocrx_word' id='word_1_104' title='bbox 1350 1759 1440 1814; x_wconf 88' lang='lat' dir='ltr'><strong>alii</strong></span> <span class='ocrx_word' id='word_1_105' title='bbox 1476 1761 1783 1822; x_wconf 88' lang='lat' dir='ltr'><strong>fatebantur</strong></span> <span class='ocrx_word' id='word_1_106' title='bbox 1809 1770 2028 1838; x_wconf 83' lang='lat' dir='ltr'><strong>quidem</strong></span> 
     </span>
    </p>
   </div>
   <div class='ocr_carea' id='block_1_18' title="bbox 463 1835 2032 1922">
    <p class='ocr_par' dir='ltr' id='par_1_18' title="bbox 463 1835 2032 1922">
     <span class='ocr_line' id='line_1_18' title="bbox 463 1835 2032 1922; baseline 0.017 -33"><span class='ocrx_word' id='word_1_107' title='bbox 463 1835 658 1892; x_wconf 81' lang='lat' dir='ltr'><strong>Filium</strong></span> <span class='ocrx_word' id='word_1_108' title='bbox 690 1855 756 1895; x_wconf 86' lang='lat' dir='ltr'><strong>ex</strong></span> <span class='ocrx_word' id='word_1_109' title='bbox 786 1841 898 1911; x_wconf 89' lang='lat' dir='ltr'><strong>ipsa</strong></span> <span class='ocrx_word' id='word_1_110' title='bbox 929 1842 1104 1901; x_wconf 84' lang='lat' dir='ltr'><strong>Patris</strong></span> <span class='ocrx_word' id='word_1_111' title='bbox 1135 1847 1413 1919; x_wconf 85' lang='lat' dir='ltr'><strong>hypostasi</strong></span> <span class='ocrx_word' id='word_1_112' title='bbox 1442 1855 1695 1922; x_wconf 86' lang='lat' dir='ltr'><strong>peculiari</strong></span> <span class='ocrx_word' id='word_1_113' title='bbox 1742 1835 1898 1914; x_wconf 84' lang='lat' dir='ltr'><strong>modo</strong></span> <span class='ocrx_word' id='word_1_114' title='bbox 1934 1878 2032 1916; x_wconf 87' lang='lat' dir='ltr'><strong>na-</strong></span> 
     </span>
    </p>
   </div>
   <div class='ocr_carea' id='block_1_19' title="bbox 2140 679 3720 766">
    <p class='ocr_par' dir='ltr' id='par_1_19' title="bbox 2140 679 3720 766">
     <span class='ocr_line' id='line_1_19' title="bbox 2140 679 3720 766; baseline 0.015 -36"><span class='ocrx_word' id='word_1_115' title='bbox 2140 696 2239 742; x_wconf 85' lang='grc' dir='ltr'><strong>τας</strong></span> <span class='ocrx_word' id='word_1_116' title='bbox 2261 679 2318 746; x_wconf 74' lang='grc' dir='ltr'><strong>ἐξ</strong></span> <span class='ocrx_word' id='word_1_117' title='bbox 2343 681 2444 735; x_wconf 79' lang='grc' dir='ltr'>οὐκ</span> <span class='ocrx_word' id='word_1_118' title='bbox 2469 681 2638 737; x_wconf 74' lang='grc' dir='ltr'>ὄντων</span> <span class='ocrx_word' id='word_1_119' title='bbox 2675 685 2766 738; x_wconf 83' lang='grc' dir='ltr'>τὸν</span> <span class='ocrx_word' id='word_1_120' title='bbox 2799 687 2946 752; x_wconf 79' lang='grc' dir='ltr'>Υἱὸν,</span> <span class='ocrx_word' id='word_1_121' title='bbox 2975 688 3008 760; x_wconf 84' lang='grc' dir='ltr'>ἢ</span> <span class='ocrx_word' id='word_1_122' title='bbox 3041 689 3099 754; x_wconf 78' lang='grc' dir='ltr'><strong>ἐξ</strong></span> <span class='ocrx_word' id='word_1_123' title='bbox 3127 693 3319 765; x_wconf 79' lang='grc' dir='ltr'><strong>ἐτέρας</strong></span> <span class='ocrx_word' id='word_1_124' title='bbox 3345 695 3720 766; x_wconf 78' lang='grc' dir='ltr'><strong>ὑποστάσεως,</strong></span> 
     </span>
    </p>
   </div>
   <div class='ocr_carea' id='block_1_20' title="bbox 2142 772 3720 857">
    <p class='ocr_par' dir='ltr' id='par_1_20' title="bbox 2142 772 3720 857">
     <span class='ocr_line' id='line_1_20' title="bbox 2142 772 3720 857; baseline 0.014 -34"><span class='ocrx_word' id='word_1_125' title='bbox 2142 772 2236 824; x_wconf 78' lang='grc' dir='ltr'><strong>καὶ</strong></span> <span class='ocrx_word' id='word_1_126' title='bbox 2268 773 2343 842; x_wconf 82' lang='grc' dir='ltr'><strong>μὴ</strong></span> <span class='ocrx_word' id='word_1_127' title='bbox 2377 773 2442 826; x_wconf 82' lang='grc' dir='ltr'><strong>ὲκ</strong></span> <span class='ocrx_word' id='word_1_128' title='bbox 2471 772 2566 826; x_wconf 82' lang='grc' dir='ltr'><strong>τοῦ</strong></span> <span class='ocrx_word' id='word_1_129' title='bbox 2592 774 2751 839; x_wconf 76' lang='grc' dir='ltr'>Θεοῦ,</span> <span class='ocrx_word' id='word_1_130' title='bbox 2774 775 2914 848; x_wconf 72' lang='grc' dir='ltr'>[καὶ]</span> <span class='ocrx_word' id='word_1_131' title='bbox 2944 775 3012 848; x_wconf 85' lang='grc' dir='ltr'>ἦν</span> <span class='ocrx_word' id='word_1_132' title='bbox 3040 781 3169 834; x_wconf 83' lang='grc' dir='ltr'>ποτὲ</span> <span class='ocrx_word' id='word_1_133' title='bbox 3197 784 3286 837; x_wconf 80' lang='grc' dir='ltr'><strong>ὅτε</strong></span> <span class='ocrx_word' id='word_1_134' title='bbox 3314 787 3416 840; x_wconf 77' lang='grc' dir='ltr'><strong>οὐκ</strong></span> <span class='ocrx_word' id='word_1_135' title='bbox 3442 783 3532 857; x_wconf 83' lang='grc' dir='ltr'><strong>ἦν,</strong></span> <span class='ocrx_word' id='word_1_136' title='bbox 3563 790 3720 845; x_wconf 84' lang='grc' dir='ltr'>ἁλλο-</span> 
     </span>
    </p>
   </div>
   <div class='ocr_carea' id='block_1_21' title="bbox 2138 859 3723 950">
    <p class='ocr_par' dir='ltr' id='par_1_21' title="bbox 2138 859 3723 950">
     <span class='ocr_line' id='line_1_21' title="bbox 2138 859 3723 950; baseline 0.015 -37"><span class='ocrx_word' id='word_1_137' title='bbox 2138 863 2321 934; x_wconf 78' lang='grc' dir='ltr'><strong>τρὶους</strong></span> <span class='ocrx_word' id='word_1_138' title='bbox 2348 859 2487 918; x_wconf 78' lang='grc' dir='ltr'>οἶδεν</span> <span class='ocrx_word' id='word_1_139' title='bbox 2513 866 2547 936; x_wconf 75' lang='grc' dir='ltr'>ἡ</span> <span class='ocrx_word' id='word_1_140' title='bbox 2581 866 2838 940; x_wconf 80' lang='grc' dir='ltr'><strong>καθολικὴ</strong></span> <span class='ocrx_word' id='word_1_141' title='bbox 2855 870 3164 942; x_wconf 74' lang='grc' dir='ltr'><strong>Ἐκκλησία.</strong></span> <span class='ocrx_word' id='word_1_142' title='bbox 3182 873 3238 928; x_wconf 83' lang='lat' dir='ltr'><strong>Id</strong></span> <span class='ocrx_word' id='word_1_143' title='bbox 3263 887 3368 941; x_wconf 85' lang='lat' dir='ltr'><strong>est,</strong></span> <span class='ocrx_word' id='word_1_144' title='bbox 3393 878 3535 934; x_wconf 66' lang='lat' dir='ltr'><strong>«Eos</strong></span> <span class='ocrx_word' id='word_1_145' title='bbox 3559 897 3723 950; x_wconf 84' lang='lat' dir='ltr'><strong>porro</strong></span> 
     </span>
    </p>
   </div>
   <div class='ocr_carea' id='block_1_22' title="bbox 2140 954 3779 1035">
    <p class='ocr_par' dir='ltr' id='par_1_22' title="bbox 2140 954 3779 1035">
     <span class='ocr_line' id='line_1_22' title="bbox 2140 954 3779 1035; baseline 0.013 -29"><span class='ocrx_word' id='word_1_146' title='bbox 2140 954 2231 1024; x_wconf 91' lang='lat' dir='ltr'><strong>qui</strong></span> <span class='ocrx_word' id='word_1_147' title='bbox 2263 955 2446 1008; x_wconf 88' lang='lat' dir='ltr'><strong>dicunt</strong></span> <span class='ocrx_word' id='word_1_148' title='bbox 2479 955 2672 1012; x_wconf 83' lang='lat' dir='ltr'><strong>Filium</strong></span> <span class='ocrx_word' id='word_1_149' title='bbox 2708 973 2774 1013; x_wconf 88' lang='lat' dir='ltr'><strong>ex</strong></span> <span class='ocrx_word' id='word_1_150' title='bbox 2803 975 2908 1014; x_wconf 89' lang='lat' dir='ltr'><strong>non</strong></span> <span class='ocrx_word' id='word_1_151' title='bbox 2938 967 3342 1035; x_wconf 82' lang='lat' dir='ltr'><strong>exsistentibus,</strong></span> <span class='ocrx_word' id='word_1_152' title='bbox 3369 970 3489 1026; x_wconf 86' lang='lat' dir='ltr'><strong>sive</strong></span> <span class='ocrx_word' id='word_1_153' title='bbox 3517 985 3584 1026; x_wconf 85' lang='lat' dir='ltr'><strong>ex</strong></span> <span class='ocrx_word' id='word_1_154' title='bbox 3614 973 3724 1028; x_wconf 79' lang='lat' dir='ltr'><strong>alia</strong></span> <span class='ocrx_word' id='word_1_155' title='bbox 3772 987 3779 994; x_wconf 79' lang='lat'><em>‘</em></span> 
     </span>
    </p>
   </div>
   <div class='ocr_carea' id='block_1_23' title="bbox 2137 1044 3720 1134">
    <p class='ocr_par' dir='ltr' id='par_1_23' title="bbox 2137 1044 3720 1134">
     <span class='ocr_line' id='line_1_23' title="bbox 2137 1044 3720 1134; baseline 0.013 -35"><span class='ocrx_word' id='word_1_156' title='bbox 2137 1044 2436 1114; x_wconf 84' lang='lat' dir='ltr'><strong>hypostasi,</strong></span> <span class='ocrx_word' id='word_1_157' title='bbox 2467 1056 2521 1099; x_wconf 87' lang='lat' dir='ltr'><strong>et</strong></span> <span class='ocrx_word' id='word_1_158' title='bbox 2564 1063 2669 1102; x_wconf 90' lang='lat' dir='ltr'><strong>non</strong></span> <span class='ocrx_word' id='word_1_159' title='bbox 2710 1064 2777 1104; x_wconf 85' lang='lat' dir='ltr'><strong>ex</strong></span> <span class='ocrx_word' id='word_1_160' title='bbox 2813 1050 2922 1106; x_wconf 92' lang='lat' dir='ltr'><strong>Deo</strong></span> <span class='ocrx_word' id='word_1_161' title='bbox 2950 1067 3089 1122; x_wconf 89' lang='lat' dir='ltr'><strong>esse,</strong></span> <span class='ocrx_word' id='word_1_162' title='bbox 3123 1066 3175 1111; x_wconf 90' lang='lat' dir='ltr'><strong>et</strong></span> <span class='ocrx_word' id='word_1_163' title='bbox 3219 1056 3320 1113; x_wconf 84' lang='lat' dir='ltr'><strong>fuit</strong></span> <span class='ocrx_word' id='word_1_164' title='bbox 3355 1069 3572 1132; x_wconf 84' lang='lat' dir='ltr'><strong>tempus</strong></span> <span class='ocrx_word' id='word_1_165' title='bbox 3611 1080 3720 1134; x_wconf 88' lang='lat' dir='ltr'><strong>quo</strong></span> 
     </span>
    </p>
   </div>
   <div class='ocr_carea' id='block_1_24' title="bbox 2139 1137 3720 1212">
    <p class='ocr_par' dir='ltr' id='par_1_24' title="bbox 2139 1137 3720 1212">
     <span class='ocr_line' id='line_1_24' title="bbox 2139 1137 3720 1212; baseline 0.015 -24"><span class='ocrx_word' id='word_1_166' title='bbox 2139 1137 2374 1188; x_wconf 74' lang='lat' dir='ltr'><strong>ltttttdum</strong></span> <span class='ocrx_word' id='word_1_167' title='bbox 2419 1147 2537 1191; x_wconf 90' lang='lat' dir='ltr'><strong>erat</strong></span> <span class='ocrx_word' id='word_1_168' title='bbox 2582 1138 2766 1206; x_wconf 82' lang='lat' dir='ltr'><strong>Filius,</strong></span> <span class='ocrx_word' id='word_1_169' title='bbox 2798 1141 3005 1198; x_wconf 90' lang='lat' dir='ltr'><strong>alienos</strong></span> <span class='ocrx_word' id='word_1_170' title='bbox 3046 1160 3076 1199; x_wconf 94' lang='lat' dir='ltr'><strong>a</strong></span> <span class='ocrx_word' id='word_1_171' title='bbox 3111 1162 3171 1201; x_wconf 86' lang='lat' dir='ltr'><strong>se</strong></span> <span class='ocrx_word' id='word_1_172' title='bbox 3214 1159 3403 1205; x_wconf 86' lang='lat' dir='ltr'><strong>censet</strong></span> <span class='ocrx_word' id='word_1_173' title='bbox 3444 1155 3720 1212; x_wconf 80' lang='lat' dir='ltr'><strong>catholica</strong></span> 
     </span>
    </p>
   </div>
   <div class='ocr_carea' id='block_1_25' title="bbox 2136 1220 3717 1310">
    <p class='ocr_par' dir='ltr' id='par_1_25' title="bbox 2136 1220 3717 1310">
     <span class='ocr_line' id='line_1_25' title="bbox 2136 1220 3717 1310; baseline 0.015 -36"><span class='ocrx_word' id='word_1_174' title='bbox 2136 1220 2396 1276; x_wconf 78' lang='lat' dir='ltr'><strong>Ecclesia.</strong></span> <span class='ocrx_word' id='word_1_175' title='bbox 2426 1241 2446 1274; x_wconf 76' lang='grc' dir='ltr'><strong><em>ι</em></strong></span> <span class='ocrx_word' id='word_1_176' title='bbox 2479 1223 2676 1279; x_wconf 83' lang='lat' dir='ltr'><strong>Eadem</strong></span> <span class='ocrx_word' id='word_1_177' title='bbox 2702 1228 2860 1296; x_wconf 87' lang='lat' dir='ltr'><strong>plane</strong></span> <span class='ocrx_word' id='word_1_178' title='bbox 2886 1229 3140 1286; x_wconf 86' lang='lat' dir='ltr'><strong>exhibent</strong></span> <span class='ocrx_word' id='word_1_179' title='bbox 3167 1232 3457 1294; x_wconf 77' lang='lat' dir='ltr'><strong>Confessio</strong></span> <span class='ocrx_word' id='word_1_180' title='bbox 3482 1255 3583 1310; x_wconf 91' lang='lat' dir='ltr'><strong>per</strong></span> <span class='ocrx_word' id='word_1_181' title='bbox 3607 1243 3717 1298; x_wconf 82' lang='lat' dir='ltr'><strong>Eu-</strong></span> 
     </span>
    </p>
   </div>
   <div class='ocr_carea' id='block_1_26' title="bbox 2140 1309 3722 1400">
    <p class='ocr_par' dir='ltr' id='par_1_26' title="bbox 2140 1309 3722 1400">
     <span class='ocr_line' id='line_1_26' title="bbox 2140 1309 3722 1400; baseline 0.018 -40"><span class='ocrx_word' id='word_1_182' title='bbox 2140 1309 2382 1376; x_wconf 79' lang='lat' dir='ltr'><strong>doxium,</strong></span> <span class='ocrx_word' id='word_1_183' title='bbox 2413 1310 2755 1384; x_wconf 84' lang='lat' dir='ltr'><strong>Martyrium,</strong></span> <span class='ocrx_word' id='word_1_184' title='bbox 2800 1329 2856 1374; x_wconf 91' lang='lat' dir='ltr'><strong>et</strong></span> <span class='ocrx_word' id='word_1_185' title='bbox 2895 1321 3032 1376; x_wconf 88' lang='lat' dir='ltr'><strong>alios</strong></span> <span class='ocrx_word' id='word_1_186' title='bbox 3068 1323 3122 1376; x_wconf 92' lang='lat' dir='ltr'><strong>in</strong></span> <span class='ocrx_word' id='word_1_187' title='bbox 3170 1323 3377 1381; x_wconf 86' lang='lat' dir='ltr'><strong>Italiam</strong></span> <span class='ocrx_word' id='word_1_188' title='bbox 3429 1309 3622 1400; x_wconf 86' lang='lat' dir='ltr'><strong>missa,</strong></span> <span class='ocrx_word' id='word_1_189' title='bbox 3663 1343 3722 1390; x_wconf 81' lang='lat' dir='ltr'><strong>et</strong></span> 
     </span>
    </p>
   </div>
   <div class='ocr_carea' id='block_1_27' title="bbox 2135 1399 3714 1485">
    <p class='ocr_par' dir='ltr' id='par_1_27' title="bbox 2135 1399 3714 1485">
     <span class='ocr_line' id='line_1_27' title="bbox 2135 1399 3714 1485; baseline 0.018 -34"><span class='ocrx_word' id='word_1_190' title='bbox 2135 1399 2421 1457; x_wconf 79' lang='lat' dir='ltr'><strong>Cotifessio</strong></span> <span class='ocrx_word' id='word_1_191' title='bbox 2447 1403 2785 1475; x_wconf 85' lang='lat' dir='ltr'><strong>Sirmiensis,</strong></span> <span class='ocrx_word' id='word_1_192' title='bbox 2812 1426 2929 1479; x_wconf 73' lang='lat' dir='ltr'><strong>qua:</strong></span> <span class='ocrx_word' id='word_1_193' title='bbox 2955 1416 3092 1485; x_wconf 89' lang='lat' dir='ltr'><strong>apud</strong></span> <span class='ocrx_word' id='word_1_194' title='bbox 3123 1415 3488 1474; x_wconf 83' lang='lat' dir='ltr'><strong>Athanasium</strong></span> <span class='ocrx_word' id='word_1_195' title='bbox 3517 1399 3714 1479; x_wconf 84' lang='lat' dir='ltr'><strong>ibidem</strong></span> 
     </span>
    </p>
   </div>
   <div class='ocr_carea' id='block_1_28' title="bbox 2136 1498 3716 1584">
    <p class='ocr_par' dir='ltr' id='par_1_28' title="bbox 2136 1498 3716 1584">
     <span class='ocr_line' id='line_1_28' title="bbox 2136 1498 3716 1584; baseline 0.018 -40"><span class='ocrx_word' id='word_1_196' title='bbox 2136 1504 2461 1560; x_wconf 86' lang='lat' dir='ltr'><strong>sequuntur.</strong></span> <span class='ocrx_word' id='word_1_197' title='bbox 2515 1498 2673 1555; x_wconf 85' lang='lat' dir='ltr'><strong>Vides</strong></span> <span class='ocrx_word' id='word_1_198' title='bbox 2717 1513 2896 1558; x_wconf 89' lang='lat' dir='ltr'><strong>autem</strong></span> <span class='ocrx_word' id='word_1_199' title='bbox 2930 1505 3035 1572; x_wconf 89' lang='lat' dir='ltr'><strong>hic,</strong></span> <span class='ocrx_word' id='word_1_200' title='bbox 3064 1510 3298 1567; x_wconf 84' lang='lat' dir='ltr'><strong>Arianos</strong></span> <span class='ocrx_word' id='word_1_201' title='bbox 3337 1512 3461 1569; x_wconf 86' lang='lat' dir='ltr'><strong>illos</strong></span> <span class='ocrx_word' id='word_1_202' title='bbox 3489 1530 3716 1584; x_wconf 65' lang='lat' dir='ltr'><strong>negaSse</strong></span> 
     </span>
    </p>
   </div>
   <div class='ocr_carea' id='block_1_29' title="bbox 2134 1580 3715 1670">
    <p class='ocr_par' dir='ltr' id='par_1_29' title="bbox 2134 1580 3715 1670">
     <span class='ocr_line' id='line_1_29' title="bbox 2134 1580 3715 1670; baseline 0.016 -34"><span class='ocrx_word' id='word_1_203' title='bbox 2134 1580 2352 1647; x_wconf 84' lang='lat' dir='ltr'><strong>Filium,</strong></span> <span class='ocrx_word' id='word_1_204' title='bbox 2399 1600 2467 1640; x_wconf 88' lang='lat' dir='ltr'><strong>ex</strong></span> <span class='ocrx_word' id='word_1_205' title='bbox 2498 1589 2666 1645; x_wconf 83' lang='lat' dir='ltr'><strong>nihilo</strong></span> <span class='ocrx_word' id='word_1_206' title='bbox 2712 1605 2982 1662; x_wconf 81' lang='lat' dir='ltr'><strong>creatum,</strong></span> <span class='ocrx_word' id='word_1_207' title='bbox 3028 1599 3143 1655; x_wconf 86' lang='lat' dir='ltr'><strong>sive</strong></span> <span class='ocrx_word' id='word_1_208' title='bbox 3176 1601 3416 1670; x_wconf 89' lang='lat' dir='ltr'><strong>factum;</strong></span> <span class='ocrx_word' id='word_1_209' title='bbox 3453 1615 3510 1659; x_wconf 93' lang='lat' dir='ltr'><strong>et</strong></span> <span class='ocrx_word' id='word_1_210' title='bbox 3544 1606 3715 1661; x_wconf 87' lang='lat' dir='ltr'><strong>fassos</strong></span> 
     </span>
    </p>
   </div>
   <div class='ocr_carea' id='block_1_30' title="bbox 2135 1667 3714 1759">
    <p class='ocr_par' dir='ltr' id='par_1_30' title="bbox 2135 1667 3714 1759">
     <span class='ocr_line' id='line_1_30' title="bbox 2135 1667 3714 1759; baseline 0.017 -37"><span class='ocrx_word' id='word_1_211' title='bbox 2135 1667 2300 1726; x_wconf 86' lang='lat' dir='ltr'><strong>fuisse</strong></span> <span class='ocrx_word' id='word_1_212' title='bbox 2315 1671 2514 1730; x_wconf 88' lang='lat' dir='ltr'><strong>Filium</strong></span> <span class='ocrx_word' id='word_1_213' title='bbox 2532 1676 2592 1745; x_wconf 72' lang='grc' dir='ltr'>ἐξ</span> <span class='ocrx_word' id='word_1_214' title='bbox 2615 1678 2963 1747; x_wconf 75' lang='grc' dir='ltr'><strong>ὑποστάσεως</strong></span> <span class='ocrx_word' id='word_1_215' title='bbox 2990 1704 3008 1736; x_wconf 83' lang='grc'><em>‹</em></span> <span class='ocrx_word' id='word_1_216' title='bbox 3035 1702 3103 1740; x_wconf 85' lang='lat' dir='ltr'><strong>ex</strong></span> <span class='ocrx_word' id='word_1_217' title='bbox 3126 1667 3409 1759; x_wconf 79' lang='lat' dir='ltr'><strong>hypostasi</strong></span> <span class='ocrx_word' id='word_1_218' title='bbox 3427 1713 3446 1744; x_wconf 74' lang='grc' dir='ltr'><strong><em>ι</em></strong></span> <span class='ocrx_word' id='word_1_219' title='bbox 3487 1695 3582 1748; x_wconf 89' lang='lat' dir='ltr'><strong>Dei</strong></span> <span class='ocrx_word' id='word_1_220' title='bbox 3613 1695 3714 1749; x_wconf 81' lang='lat' dir='ltr'><strong>Pa-</strong></span> 
     </span>
    </p>
   </div>
   <div class='ocr_carea' id='block_1_31' title="bbox 2136 1765 3713 1843">
    <p class='ocr_par' dir='ltr' id='par_1_31' title="bbox 2136 1765 3713 1843">
     <span class='ocr_line' id='line_1_31' title="bbox 2136 1765 3713 1843; baseline 0.018 -28"><span class='ocrx_word' id='word_1_221' title='bbox 2136 1766 2255 1830; x_wconf 82' lang='lat' dir='ltr'><strong>tris,</strong></span> <span class='ocrx_word' id='word_1_222' title='bbox 2277 1765 2392 1820; x_wconf 89' lang='lat' dir='ltr'><strong>sive</strong></span> <span class='ocrx_word' id='word_1_223' title='bbox 2417 1781 2483 1821; x_wconf 75' lang='lat' dir='ltr'><strong>ex</strong></span> <span class='ocrx_word' id='word_1_224' title='bbox 2515 1769 2632 1836; x_wconf 86' lang='lat' dir='ltr'><strong>ipso</strong></span> <span class='ocrx_word' id='word_1_225' title='bbox 2677 1771 2785 1827; x_wconf 91' lang='lat' dir='ltr'><strong>Deo</strong></span> <span class='ocrx_word' id='word_1_226' title='bbox 2819 1786 3001 1831; x_wconf 79' lang='lat' dir='ltr'><strong>natura</strong></span> <span class='ocrx_word' id='word_1_227' title='bbox 3032 1795 3047 1831; x_wconf 91' lang='lat'><strong>:</strong></span> <span class='ocrx_word' id='word_1_228' title='bbox 3077 1795 3197 1834; x_wconf 89' lang='lat' dir='ltr'><strong>cum</strong></span> <span class='ocrx_word' id='word_1_229' title='bbox 3239 1792 3421 1840; x_wconf 87' lang='lat' dir='ltr'><strong>tamen</strong></span> <span class='ocrx_word' id='word_1_230' title='bbox 3467 1789 3713 1843; x_wconf 85' lang='lat' dir='ltr'><strong>certissi-</strong></span> 
     </span>
    </p>
   </div>
   <div class='ocr_carea' id='block_1_32' title="bbox 2134 1857 3714 1945">
    <p class='ocr_par' dir='ltr' id='par_1_32' title="bbox 2134 1857 3714 1945">
     <span class='ocr_line' id='line_1_32' title="bbox 2134 1857 3714 1945; baseline 0.02 -40"><span class='ocrx_word' id='word_1_231' title='bbox 2134 1869 2278 1908; x_wconf 88' lang='lat' dir='ltr'><strong>tnum</strong></span> <span class='ocrx_word' id='word_1_232' title='bbox 2309 1857 2380 1911; x_wconf 89' lang='lat' dir='ltr'><strong>sit</strong></span> <span class='ocrx_word' id='word_1_233' title='bbox 2422 1862 2641 1915; x_wconf 90' lang='lat' dir='ltr'><strong>eosdem</strong></span> <span class='ocrx_word' id='word_1_234' title='bbox 2687 1864 2970 1923; x_wconf 77' lang='lat' dir='ltr'><strong>haereticos</strong></span> <span class='ocrx_word' id='word_1_235' title='bbox 3013 1887 3288 1943; x_wconf 88' lang='lat' dir='ltr'><strong>nunquam</strong></span> <span class='ocrx_word' id='word_1_236' title='bbox 3336 1878 3541 1945; x_wconf 84' lang='lat' dir='ltr'><strong>lassos,</strong></span> <span class='ocrx_word' id='word_1_237' title='bbox 3587 1899 3714 1938; x_wconf 86' lang='lat' dir='ltr'><strong>nun-</strong></span> 
     </span>
    </p>
   </div>
   <div class='ocr_carea' id='block_1_33' title="bbox 467 1929 2019 2030">
    <p class='ocr_par' dir='ltr' id='par_1_33' title="bbox 467 1929 2019 2010">
     <span class='ocr_line' id='line_1_33' title="bbox 467 1929 2019 2010; baseline 0.019 -31"><span class='ocrx_word' id='word_1_238' title='bbox 467 1937 578 1981; x_wconf 85' lang='lat' dir='ltr'><strong>tutn</strong></span> <span class='ocrx_word' id='word_1_239' title='bbox 611 1929 803 1996; x_wconf 85' lang='lat' dir='ltr'><strong>fuisse,</strong></span> <span class='ocrx_word' id='word_1_240' title='bbox 833 1948 938 1988; x_wconf 86' lang='lat' dir='ltr'><strong>non</strong></span> <span class='ocrx_word' id='word_1_241' title='bbox 967 1945 1027 1989; x_wconf 91' lang='lat' dir='ltr'><strong>ut</strong></span> <span class='ocrx_word' id='word_1_242' title='bbox 1054 1947 1263 1994; x_wconf 60' lang='lat' dir='ltr'><strong>caeteras</strong></span> <span class='ocrx_word' id='word_1_243' title='bbox 1309 1954 1591 2010; x_wconf 67' lang='lat' dir='ltr'><strong>creaturae,</strong></span> <span class='ocrx_word' id='word_1_244' title='bbox 1632 1962 1697 2002; x_wconf 88' lang='lat' dir='ltr'><strong>ex</strong></span> <span class='ocrx_word' id='word_1_245' title='bbox 1749 1951 1916 2007; x_wconf 79' lang='lat' dir='ltr'><strong>nihilo</strong></span> <span class='ocrx_word' id='word_1_246' title='bbox 1947 1953 2019 2006; x_wconf 86' lang='lat' dir='ltr'><strong>fa-</strong></span> 
     </span>
    </p>
   </div>
   <div class='ocr_carea' id='block_1_34' title="bbox 2122 1929 3705 2030">
    <p class='ocr_par' dir='ltr' id='par_1_34' title="bbox 2135 1946 3705 2030">
     <span class='ocr_line' id='line_1_34' title="bbox 2135 1946 3705 2030; baseline 0.021 -34"><span class='ocrx_word' id='word_1_247' title='bbox 2135 1960 2295 2010; x_wconf 83' lang='lat' dir='ltr'><strong>quam</strong></span> <span class='ocrx_word' id='word_1_248' title='bbox 2318 1946 2558 2006; x_wconf 86' lang='lat' dir='ltr'><strong>fassuros</strong></span> <span class='ocrx_word' id='word_1_249' title='bbox 2583 1953 2747 2010; x_wconf 88' lang='lat' dir='ltr'><strong>fuisse</strong></span> <span class='ocrx_word' id='word_1_250' title='bbox 2771 1957 2960 2014; x_wconf 84' lang='lat' dir='ltr'><strong>Filium</strong></span> <span class='ocrx_word' id='word_1_251' title='bbox 2977 1961 3036 2027; x_wconf 78' lang='grc' dir='ltr'><strong>ὲξ</strong></span> <span class='ocrx_word' id='word_1_252' title='bbox 3051 1965 3237 2030; x_wconf 75' lang='grc' dir='ltr'>οὐσίας</span> <span class='ocrx_word' id='word_1_253' title='bbox 3258 1985 3276 2018; x_wconf 77' lang='grc' dir='ltr'>σ</span> <span class='ocrx_word' id='word_1_254' title='bbox 3299 1985 3330 2024; x_wconf 92' lang='lat' dir='ltr'><strong>e</strong></span> <span class='ocrx_word' id='word_1_255' title='bbox 3353 1971 3662 2027; x_wconf 84' lang='lat' dir='ltr'><strong>substantia</strong></span> <span class='ocrx_word' id='word_1_256' title='bbox 3682 1994 3705 2027; x_wconf 73' lang='grc' dir='ltr'><strong><em>ι</em></strong></span> 
     </span>
    </p>
   </div>
   <div class='ocr_carea' id='block_1_35' title="bbox 462 2023 2029 2098">
    <p class='ocr_par' dir='ltr' id='par_1_35' title="bbox 462 2023 2029 2098">
     <span class='ocr_line' id='line_1_35' title="bbox 462 2023 2029 2098; baseline 0.019 -29"><span class='ocrx_word' id='word_1_257' title='bbox 462 2027 648 2082; x_wconf 79' lang='lat' dir='ltr'><strong>etum;</strong></span> <span class='ocrx_word' id='word_1_258' title='bbox 681 2023 775 2076; x_wconf 88' lang='lat' dir='ltr'><strong>sed</strong></span> <span class='ocrx_word' id='word_1_259' title='bbox 819 2026 1086 2094; x_wconf 77' lang='lat' dir='ltr'><strong>negabant</strong></span> <span class='ocrx_word' id='word_1_260' title='bbox 1129 2039 1306 2085; x_wconf 87' lang='lat' dir='ltr'><strong>tamen</strong></span> <span class='ocrx_word' id='word_1_261' title='bbox 1342 2031 1534 2090; x_wconf 84' lang='lat' dir='ltr'><strong>Filium</strong></span> <span class='ocrx_word' id='word_1_262' title='bbox 1578 2050 1645 2091; x_wconf 81' lang='lat' dir='ltr'><strong>ex</strong></span> <span class='ocrx_word' id='word_1_263' title='bbox 1687 2037 1863 2094; x_wconf 80' lang='lat' dir='ltr'><strong>Patris</strong></span> <span class='ocrx_word' id='word_1_264' title='bbox 1899 2045 2029 2098; x_wconf 86' lang='lat' dir='ltr'><strong>sub-</strong></span> 
     </span>
    </p>
   </div>
   <div class='ocr_carea' id='block_1_36' title="bbox 460 2110 2028 2203">
    <p class='ocr_par' dir='ltr' id='par_1_36' title="bbox 460 2110 2028 2203">
     <span class='ocr_line' id='line_1_36' title="bbox 460 2110 2028 2203; baseline 0.019 -43"><span class='ocrx_word' id='word_1_265' title='bbox 460 2110 658 2163; x_wconf 77' lang='lat' dir='ltr'><strong>stantia</strong></span> <span class='ocrx_word' id='word_1_266' title='bbox 687 2117 1053 2184; x_wconf 70' lang='lat' dir='ltr'><strong>progenitum;</strong></span> <span class='ocrx_word' id='word_1_267' title='bbox 1093 2122 1344 2178; x_wconf 84' lang='lat' dir='ltr'><strong>virtutem</strong></span> <span class='ocrx_word' id='word_1_268' title='bbox 1382 2131 1753 2185; x_wconf 89' lang='lat' dir='ltr'><strong>tantummodo</strong></span> <span class='ocrx_word' id='word_1_269' title='bbox 1788 2133 2028 2203; x_wconf 85' lang='lat' dir='ltr'><strong>aliquam</strong></span> 
     </span>
    </p>
   </div>
   <div class='ocr_carea' id='block_1_37' title="bbox 462 2199 2032 2293">
    <p class='ocr_par' dir='ltr' id='par_1_37' title="bbox 462 2199 2032 2293">
     <span class='ocr_line' id='line_1_37' title="bbox 462 2199 2032 2293; baseline 0.018 -42"><span class='ocrx_word' id='word_1_270' title='bbox 462 2209 742 2266; x_wconf 77' lang='lat' dir='ltr'><strong>paternam</strong></span> <span class='ocrx_word' id='word_1_271' title='bbox 789 2205 936 2260; x_wconf 91' lang='lat' dir='ltr'><strong>illum</strong></span> <span class='ocrx_word' id='word_1_272' title='bbox 980 2224 1100 2265; x_wconf 90' lang='lat' dir='ltr'><strong>esse</strong></span> <span class='ocrx_word' id='word_1_273' title='bbox 1149 2199 1526 2272; x_wconf 77' lang='lat' dir='ltr'><strong>existimantes</strong></span> <span class='ocrx_word' id='word_1_274' title='bbox 1557 2261 1572 2285; x_wconf 90' lang='lat'><strong>,</strong></span> <span class='ocrx_word' id='word_1_275' title='bbox 1628 2234 1738 2274; x_wconf 89' lang='lat' dir='ltr'><strong>non</strong></span> <span class='ocrx_word' id='word_1_276' title='bbox 1793 2234 2032 2293; x_wconf 68' lang='lat' dir='ltr'><strong>paterna</strong></span> 
     </span>
    </p>
   </div>
   <div class='ocr_carea' id='block_1_38' title="bbox 460 2293 2031 2387">
    <p class='ocr_par' dir='ltr' id='par_1_38' title="bbox 460 2293 2031 2387">
     <span class='ocr_line' id='line_1_38' title="bbox 460 2293 2031 2387; baseline 0.018 -43"><span class='ocrx_word' id='word_1_277' title='bbox 460 2293 774 2378; x_wconf 74' lang='lat' dir='ltr'><strong>substantiae</strong></span> <span class='ocrx_word' id='word_1_278' title='bbox 805 2297 1140 2370; x_wconf 72' lang='grc' dir='ltr'><strong>ἀπόρροιαν·</strong></span> <span class='ocrx_word' id='word_1_279' title='bbox 1171 2305 1260 2360; x_wconf 90' lang='lat' dir='ltr'><strong>alii</strong></span> <span class='ocrx_word' id='word_1_280' title='bbox 1305 2323 1374 2362; x_wconf 90' lang='lat' dir='ltr'><strong>ne</strong></span> <span class='ocrx_word' id='word_1_281' title='bbox 1416 2325 1478 2365; x_wconf 84' lang='lat' dir='ltr'><strong>ex</strong></span> <span class='ocrx_word' id='word_1_282' title='bbox 1527 2311 1644 2380; x_wconf 90' lang='lat' dir='ltr'><strong>ipso</strong></span> <span class='ocrx_word' id='word_1_283' title='bbox 1675 2313 1836 2370; x_wconf 82' lang='lat' dir='ltr'><strong>Patre</strong></span> <span class='ocrx_word' id='word_1_284' title='bbox 1869 2333 2031 2387; x_wconf 82' lang='lat' dir='ltr'><strong>pecu-</strong></span> 
     </span>
    </p>
   </div>
   <div class='ocr_carea' id='block_1_39' title="bbox 461 2369 2029 2478">
    <p class='ocr_par' dir='ltr' id='par_1_39' title="bbox 461 2369 2029 2478">
     <span class='ocr_line' id='line_1_39' title="bbox 461 2369 2029 2478; baseline 0.02 -39"><span class='ocrx_word' id='word_1_285' title='bbox 461 2369 579 2441; x_wconf 79' lang='lat' dir='ltr'><strong>liari</strong></span> <span class='ocrx_word' id='word_1_286' title='bbox 625 2390 782 2446; x_wconf 82' lang='lat' dir='ltr'><strong>modo</strong></span> <span class='ocrx_word' id='word_1_287' title='bbox 811 2369 1050 2464; x_wconf 86' lang='lat' dir='ltr'><strong>genitum</strong></span> <span class='ocrx_word' id='word_1_288' title='bbox 1099 2397 1267 2456; x_wconf 90' lang='lat' dir='ltr'><strong>fuisse</strong></span> <span class='ocrx_word' id='word_1_289' title='bbox 1313 2402 1510 2459; x_wconf 84' lang='lat' dir='ltr'><strong>Filium</strong></span> <span class='ocrx_word' id='word_1_290' title='bbox 1558 2408 1884 2478; x_wconf 80' lang='lat' dir='ltr'><strong>faterentur;</strong></span> <span class='ocrx_word' id='word_1_291' title='bbox 1935 2417 2029 2470; x_wconf 88' lang='lat' dir='ltr'><strong>sed</strong></span> 
     </span>
    </p>
   </div>
   <div class='ocr_carea' id='block_1_40' title="bbox 459 2479 2027 2566">
    <p class='ocr_par' dir='ltr' id='par_1_40' title="bbox 459 2479 2027 2566">
     <span class='ocr_line' id='line_1_40' title="bbox 459 2479 2027 2566; baseline 0.022 -37"><span class='ocrx_word' id='word_1_292' title='bbox 459 2479 614 2544; x_wconf 71' lang='lat' dir='ltr'><strong>plane</strong></span> <span class='ocrx_word' id='word_1_293' title='bbox 641 2497 706 2537; x_wconf 85' lang='lat' dir='ltr'><strong>ex</strong></span> <span class='ocrx_word' id='word_1_294' title='bbox 740 2501 846 2540; x_wconf 90' lang='lat' dir='ltr'><strong>non</strong></span> <span class='ocrx_word' id='word_1_295' title='bbox 876 2490 1259 2549; x_wconf 82' lang='lat' dir='ltr'><strong>exsistentibus</strong></span> <span class='ocrx_word' id='word_1_296' title='bbox 1296 2495 1517 2566; x_wconf 90' lang='lat' dir='ltr'><strong>factum,</strong></span> <span class='ocrx_word' id='word_1_297' title='bbox 1547 2510 1604 2555; x_wconf 92' lang='lat' dir='ltr'><strong>ut</strong></span> <span class='ocrx_word' id='word_1_298' title='bbox 1630 2513 1838 2561; x_wconf 74' lang='lat' dir='ltr'><strong>caetera:</strong></span> <span class='ocrx_word' id='word_1_299' title='bbox 1871 2524 2027 2564; x_wconf 89' lang='lat' dir='ltr'><strong>crea-</strong></span> 
     </span>
    </p>
   </div>
   <div class='ocr_carea' id='block_1_41' title="bbox 459 2577 2024 2656">
    <p class='ocr_par' dir='ltr' id='par_1_41' title="bbox 459 2577 2024 2656">
     <span class='ocr_line' id='line_1_41' title="bbox 459 2577 2024 2656; baseline 0.024 -37"><span class='ocrx_word' id='word_1_300' title='bbox 459 2579 610 2635; x_wconf 68' lang='lat' dir='ltr'><strong>turae,</strong></span> <span class='ocrx_word' id='word_1_301' title='bbox 639 2577 867 2632; x_wconf 90' lang='lat' dir='ltr'><strong>rotunde</strong></span> <span class='ocrx_word' id='word_1_302' title='bbox 898 2583 1334 2646; x_wconf 89' lang='lat' dir='ltr'><strong>pronuntiarunt.</strong></span> <span class='ocrx_word' id='word_1_303' title='bbox 1359 2587 1576 2645; x_wconf 84' lang='lat' dir='ltr'><strong>Priores</strong></span> <span class='ocrx_word' id='word_1_304' title='bbox 1603 2593 1677 2646; x_wconf 87' lang='lat' dir='ltr'><strong>illi</strong></span> <span class='ocrx_word' id='word_1_305' title='bbox 1703 2593 2024 2656; x_wconf 70' lang='lat' dir='ltr'><strong>Sentiat-iani</strong></span> 
     </span>
    </p>
   </div>
   <div class='ocr_carea' id='block_1_42' title="bbox 457 2661 2026 2753">
    <p class='ocr_par' dir='ltr' id='par_1_42' title="bbox 457 2661 2026 2753">
     <span class='ocr_line' id='line_1_42' title="bbox 457 2661 2026 2753; baseline 0.022 -40"><span class='ocrx_word' id='word_1_306' title='bbox 457 2661 585 2716; x_wconf 77' lang='lat' dir='ltr'><strong>dicti</strong></span> <span class='ocrx_word' id='word_1_307' title='bbox 636 2663 805 2730; x_wconf 91' lang='lat' dir='ltr'><strong>fuere,</strong></span> <span class='ocrx_word' id='word_1_308' title='bbox 838 2682 1065 2737; x_wconf 89' lang='lat' dir='ltr'><strong>quorum</strong></span> <span class='ocrx_word' id='word_1_309' title='bbox 1109 2678 1438 2733; x_wconf 87' lang='lat' dir='ltr'><strong>sententiam</strong></span> <span class='ocrx_word' id='word_1_310' title='bbox 1468 2719 1484 2744; x_wconf 92' lang='lat'><strong>,</strong></span> <span class='ocrx_word' id='word_1_311' title='bbox 1515 2695 1581 2736; x_wconf 83' lang='lat' dir='ltr'><strong>ex</strong></span> <span class='ocrx_word' id='word_1_312' title='bbox 1614 2682 1854 2753; x_wconf 90' lang='lat' dir='ltr'><strong>ipsorum</strong></span> <span class='ocrx_word' id='word_1_313' title='bbox 1898 2705 2026 2747; x_wconf 87' lang='lat' dir='ltr'><strong>con-</strong></span> 
     </span>
    </p>
   </div>
   <div class='ocr_carea' id='block_1_43' title="bbox 455 2752 2025 2842">
    <p class='ocr_par' dir='ltr' id='par_1_43' title="bbox 455 2752 2025 2842">
     <span class='ocr_line' id='line_1_43' title="bbox 455 2752 2025 2842; baseline 0.022 -39"><span class='ocrx_word' id='word_1_314' title='bbox 455 2752 695 2810; x_wconf 65' lang='lat' dir='ltr'><strong>kssiom:</strong></span> <span class='ocrx_word' id='word_1_315' title='bbox 718 2760 856 2826; x_wconf 91' lang='lat' dir='ltr'><strong>apud</strong></span> <span class='ocrx_word' id='word_1_316' title='bbox 876 2759 1236 2832; x_wconf 86' lang='lat' dir='ltr'><strong>Epiphanium</strong></span> <span class='ocrx_word' id='word_1_317' title='bbox 1265 2769 1456 2827; x_wconf 73' lang='lat' dir='ltr'><strong>hteres.</strong></span> <span class='ocrx_word' id='word_1_318' title='bbox 1485 2752 1686 2842; x_wconf 72' lang='lat' dir='ltr'><strong>Lxxtti,</strong></span> <span class='ocrx_word' id='word_1_319' title='bbox 1724 2793 1868 2833; x_wconf 92' lang='lat' dir='ltr'><strong>num.</strong></span> <span class='ocrx_word' id='word_1_320' title='bbox 1901 2782 1937 2835; x_wconf 75' lang='lat'><strong>9.</strong></span> <span class='ocrx_word' id='word_1_321' title='bbox 1972 2791 2025 2837; x_wconf 93' lang='lat' dir='ltr'><strong>et</strong></span> 
     </span>
    </p>
   </div>
   <div class='ocr_carea' id='block_1_44' title="bbox 454 2850 2026 2940">
    <p class='ocr_par' dir='ltr' id='par_1_44' title="bbox 454 2850 2026 2940">
     <span class='ocr_line' id='line_1_44' title="bbox 454 2850 2026 2940; baseline 0.02 -44"><span class='ocrx_word' id='word_1_322' title='bbox 454 2861 634 2916; x_wconf 63' lang='grc' dir='ltr'><strong>ερας..</strong></span> <span class='ocrx_word' id='word_1_323' title='bbox 676 2850 755 2904; x_wconf 87' lang='lat' dir='ltr'><strong>sic</strong></span> <span class='ocrx_word' id='word_1_324' title='bbox 782 2854 968 2920; x_wconf 85' lang='lat' dir='ltr'><strong>paucis</strong></span> <span class='ocrx_word' id='word_1_325' title='bbox 996 2858 1199 2925; x_wconf 90' lang='lat' dir='ltr'><strong>optime</strong></span> <span class='ocrx_word' id='word_1_326' title='bbox 1232 2862 1526 2931; x_wconf 79' lang='lat' dir='ltr'><strong>explicavit</strong></span> <span class='ocrx_word' id='word_1_327' title='bbox 1556 2867 1682 2922; x_wconf 89' lang='lat' dir='ltr'><strong>alibi</strong></span> <span class='ocrx_word' id='word_1_328' title='bbox 1718 2871 1835 2940; x_wconf 89' lang='lat' dir='ltr'><strong>ipse</strong></span> <span class='ocrx_word' id='word_1_329' title='bbox 1869 2870 2026 2928; x_wconf 87' lang='lat' dir='ltr'><strong>Peta-</strong></span> 
     </span>
    </p>
   </div>
   <div class='ocr_carea' id='block_1_45' title="bbox 454 2939 2020 3034">
    <p class='ocr_par' dir='ltr' id='par_1_45' title="bbox 454 2939 2020 3034">
     <span class='ocr_line' id='line_1_45' title="bbox 454 2939 2020 3034; baseline 0.022 -48"><span class='ocrx_word' id='word_1_330' title='bbox 454 2939 573 2992; x_wconf 81' lang='lat' dir='ltr'><strong>vius</strong></span> <span class='ocrx_word' id='word_1_331' title='bbox 604 2940 688 2996; x_wconf 85' lang='lat' dir='ltr'><strong>his</strong></span> <span class='ocrx_word' id='word_1_332' title='bbox 713 2944 888 3000; x_wconf 83' lang='lat' dir='ltr'><strong>verbis</strong></span> <span class='ocrx_word' id='word_1_333' title='bbox 915 2964 931 3001; x_wconf 91' lang='lat'><strong>:</strong></span> <span class='ocrx_word' id='word_1_334' title='bbox 964 2964 984 2998; x_wconf 71' lang='grc' dir='ltr'><strong><em>ι</em></strong></span> <span class='ocrx_word' id='word_1_335' title='bbox 1004 2947 1102 3014; x_wconf 86' lang='lat' dir='ltr'><strong>lbi,</strong></span> <span class='ocrx_word' id='word_1_336' title='bbox 1148 2951 1323 3021; x_wconf 90' lang='lat' dir='ltr'><strong>inquit</strong></span> <span class='ocrx_word' id='word_1_337' title='bbox 1369 2955 1442 3009; x_wconf 78' lang='lat' dir='ltr'><strong>De</strong></span> <span class='ocrx_word' id='word_1_338' title='bbox 1476 2953 1669 3012; x_wconf 86' lang='lat' dir='ltr'><strong>Trinit.</strong></span> <span class='ocrx_word' id='word_1_339' title='bbox 1713 2939 1805 3016; x_wconf 85' lang='lat' dir='ltr'><strong>lib.</strong></span> <span class='ocrx_word' id='word_1_340' title='bbox 1835 2979 1874 3029; x_wconf 81' lang='grc' dir='ltr'><strong>ι,</strong></span> <span class='ocrx_word' id='word_1_341' title='bbox 1901 2980 2020 3034; x_wconf 88' lang='lat' dir='ltr'><strong>cap.</strong></span> 
     </span>
    </p>
   </div>
   <div class='ocr_carea' id='block_1_46' title="bbox 453 3029 2018 3122">
    <p class='ocr_par' dir='ltr' id='par_1_46' title="bbox 453 3029 2018 3122">
     <span class='ocr_line' id='line_1_46' title="bbox 453 3029 2018 3122; baseline 0.019 -40"><span class='ocrx_word' id='word_1_342' title='bbox 453 3029 542 3096; x_wconf 73' lang='lat' dir='ltr'><strong>t0,</strong></span> <span class='ocrx_word' id='word_1_343' title='bbox 572 3048 718 3089; x_wconf 84' lang='lat' dir='ltr'><strong>num.</strong></span> <span class='ocrx_word' id='word_1_344' title='bbox 774 3036 840 3104; x_wconf 86' lang='lat'><strong>7,</strong></span> <span class='ocrx_word' id='word_1_345' title='bbox 883 3040 1048 3095; x_wconf 83' lang='lat' dir='ltr'><strong>multa</strong></span> <span class='ocrx_word' id='word_1_346' title='bbox 1092 3044 1361 3101; x_wconf 80' lang='lat' dir='ltr'><strong>catholico</strong></span> <span class='ocrx_word' id='word_1_347' title='bbox 1399 3048 1632 3120; x_wconf 77' lang='lat' dir='ltr'><strong>dogmati</strong></span> <span class='ocrx_word' id='word_1_348' title='bbox 1661 3068 1820 3122; x_wconf 89' lang='lat' dir='ltr'><strong>quam</strong></span> <span class='ocrx_word' id='word_1_349' title='bbox 1851 3029 2018 3111; x_wconf 78' lang='lat' dir='ltr'><strong>simil-</strong></span> 
     </span>
    </p>
   </div>
   <div class='ocr_carea' id='block_1_47' title="bbox 450 3122 2016 3216">
    <p class='ocr_par' dir='ltr' id='par_1_47' title="bbox 450 3122 2016 3216">
     <span class='ocr_line' id='line_1_47' title="bbox 450 3122 2016 3216; baseline 0.019 -40"><span class='ocrx_word' id='word_1_350' title='bbox 450 3122 579 3178; x_wconf 80' lang='lat' dir='ltr'><strong>lima</strong></span> <span class='ocrx_word' id='word_1_351' title='bbox 615 3128 917 3194; x_wconf 88' lang='lat' dir='ltr'><strong>proferunt.</strong></span> <span class='ocrx_word' id='word_1_352' title='bbox 944 3129 998 3186; x_wconf 92' lang='lat' dir='ltr'><strong>ln</strong></span> <span class='ocrx_word' id='word_1_353' title='bbox 1034 3134 1223 3202; x_wconf 82' lang='lat' dir='ltr'><strong>primis</strong></span> <span class='ocrx_word' id='word_1_354' title='bbox 1247 3139 1385 3204; x_wconf 87' lang='lat' dir='ltr'><strong>quod</strong></span> <span class='ocrx_word' id='word_1_355' title='bbox 1415 3139 1611 3196; x_wconf 81' lang='lat' dir='ltr'><strong>Filium</strong></span> <span class='ocrx_word' id='word_1_356' title='bbox 1663 3155 1862 3216; x_wconf 84' lang='lat' dir='ltr'><strong>negant</strong></span> <span class='ocrx_word' id='word_1_357' title='bbox 1891 3164 2016 3204; x_wconf 85' lang='lat' dir='ltr'><strong>esse</strong></span> 
     </span>
    </p>
   </div>
   <div class='ocr_carea' id='block_1_48' title="bbox 447 3225 2084 3331">
    <p class='ocr_par' dir='ltr' id='par_1_48' title="bbox 447 3225 2084 3331">
     <span class='ocr_line' id='line_1_48' title="bbox 447 3225 2084 3331; baseline 0.02 -65"><span class='ocrx_word' id='word_1_358' title='bbox 447 3225 778 3286; x_wconf 78' lang='lat' dir='ltr'><strong>creaturam,</strong></span> <span class='ocrx_word' id='word_1_359' title='bbox 813 3236 877 3276; x_wconf 92' lang='lat' dir='ltr'><strong>eo</strong></span> <span class='ocrx_word' id='word_1_360' title='bbox 903 3225 1046 3291; x_wconf 89' lang='lat' dir='ltr'><strong>quod</strong></span> <span class='ocrx_word' id='word_1_361' title='bbox 1075 3240 1236 3282; x_wconf 88' lang='lat' dir='ltr'><strong>verus</strong></span> <span class='ocrx_word' id='word_1_362' title='bbox 1263 3229 1334 3284; x_wconf 87' lang='lat' dir='ltr'><strong>sit</strong></span> <span class='ocrx_word' id='word_1_363' title='bbox 1357 3231 1527 3288; x_wconf 81' lang='lat' dir='ltr'><strong>Filius</strong></span> <span class='ocrx_word' id='word_1_364' title='bbox 1556 3249 1575 3286; x_wconf 91' lang='lat'><strong><em>:</em></strong></span> <span class='ocrx_word' id='word_1_365' title='bbox 1603 3250 1666 3291; x_wconf 90' lang='lat' dir='ltr'><strong>ac</strong></span> <span class='ocrx_word' id='word_1_366' title='bbox 1696 3251 1821 3292; x_wconf 74' lang='lat' dir='ltr'><strong>vera</strong></span> <span class='ocrx_word' id='word_1_367' title='bbox 1853 3253 2008 3308; x_wconf 85' lang='lat' dir='ltr'><strong>gene-</strong></span> <span class='ocrx_word' id='word_1_368' title='bbox 2041 3274 2084 3331; x_wconf 62' lang='grc' dir='ltr'><strong>ρ</strong></span> 
     </span>
    </p>
   </div>
   <div class='ocr_carea' id='block_1_49' title="bbox 449 3306 2031 3395">
    <p class='ocr_par' dir='ltr' id='par_1_49' title="bbox 449 3306 2031 3395">
     <span class='ocr_line' id='line_1_49' title="bbox 449 3306 2031 3395; baseline 0.021 -38"><span class='ocrx_word' id='word_1_369' title='bbox 449 3306 660 3364; x_wconf 83' lang='lat' dir='ltr'><strong>ratione</strong></span> <span class='ocrx_word' id='word_1_370' title='bbox 690 3314 1006 3381; x_wconf 87' lang='lat' dir='ltr'><strong>productus,</strong></span> <span class='ocrx_word' id='word_1_371' title='bbox 1051 3332 1157 3372; x_wconf 81' lang='lat' dir='ltr'><strong>non</strong></span> <span class='ocrx_word' id='word_1_372' title='bbox 1191 3323 1396 3391; x_wconf 89' lang='lat' dir='ltr'><strong>tropica</strong></span> <span class='ocrx_word' id='word_1_373' title='bbox 1429 3325 1538 3389; x_wconf 89' lang='lat' dir='ltr'><strong>illa,</strong></span> <span class='ocrx_word' id='word_1_374' title='bbox 1569 3342 1674 3395; x_wconf 90' lang='lat' dir='ltr'><strong>qua</strong></span> <span class='ocrx_word' id='word_1_375' title='bbox 1702 3340 1900 3387; x_wconf 70' lang='lat' dir='ltr'><strong>creatae</strong></span> <span class='ocrx_word' id='word_1_376' title='bbox 1928 3350 2031 3390; x_wconf 83' lang='lat' dir='ltr'><strong>res</strong></span> 
     </span>
    </p>
   </div>
   <div class='ocr_carea' id='block_1_50' title="bbox 446 3399 2016 3488">
    <p class='ocr_par' dir='ltr' id='par_1_50' title="bbox 446 3399 2016 3488">
     <span class='ocr_line' id='line_1_50' title="bbox 446 3399 2016 3488; baseline 0.02 -41"><span class='ocrx_word' id='word_1_377' title='bbox 446 3415 475 3447; x_wconf 88' lang='lat' dir='ltr'><strong>a</strong></span> <span class='ocrx_word' id='word_1_378' title='bbox 505 3399 612 3458; x_wconf 89' lang='lat' dir='ltr'><strong>Deo</strong></span> <span class='ocrx_word' id='word_1_379' title='bbox 635 3404 829 3472; x_wconf 77' lang='lat' dir='ltr'><strong>genita:</strong></span> <span class='ocrx_word' id='word_1_380' title='bbox 852 3405 1104 3461; x_wconf 88' lang='lat' dir='ltr'><strong>dicuntur</strong></span> <span class='ocrx_word' id='word_1_381' title='bbox 1133 3429 1150 3463; x_wconf 88' lang='lat'><strong>:</strong></span> <span class='ocrx_word' id='word_1_382' title='bbox 1181 3413 1272 3464; x_wconf 87' lang='lat' dir='ltr'><strong>sed</strong></span> <span class='ocrx_word' id='word_1_383' title='bbox 1302 3427 1430 3468; x_wconf 87' lang='lat' dir='ltr'><strong>vere</strong></span> <span class='ocrx_word' id='word_1_384' title='bbox 1454 3431 1572 3470; x_wconf 90' lang='lat' dir='ltr'><strong>esse</strong></span> <span class='ocrx_word' id='word_1_385' title='bbox 1591 3416 1829 3474; x_wconf 86' lang='lat' dir='ltr'><strong>Patrem.</strong></span> <span class='ocrx_word' id='word_1_386' title='bbox 1846 3420 2016 3488; x_wconf 83' lang='lat' dir='ltr'><strong>Quem</strong></span> 
     </span>
    </p>
   </div>
   <div class='ocr_carea' id='block_1_51' title="bbox 444 3497 2016 3582">
    <p class='ocr_par' dir='ltr' id='par_1_51' title="bbox 444 3497 2016 3582">
     <span class='ocr_line' id='line_1_51' title="bbox 444 3497 2016 3582; baseline 0.02 -43"><span class='ocrx_word' id='word_1_387' title='bbox 444 3497 500 3540; x_wconf 85' lang='lat' dir='ltr'><strong>et</strong></span> <span class='ocrx_word' id='word_1_388' title='bbox 541 3505 608 3542; x_wconf 87' lang='lat' dir='ltr'><strong>ex</strong></span> <span class='ocrx_word' id='word_1_389' title='bbox 658 3506 778 3548; x_wconf 89' lang='lat' dir='ltr'><strong>sese</strong></span> <span class='ocrx_word' id='word_1_390' title='bbox 818 3498 1068 3565; x_wconf 77' lang='lat' dir='ltr'><strong>genuisse</strong></span> <span class='ocrx_word' id='word_1_391' title='bbox 1117 3499 1314 3556; x_wconf 82' lang='lat' dir='ltr'><strong>Filium</strong></span> <span class='ocrx_word' id='word_1_392' title='bbox 1372 3506 1630 3574; x_wconf 91' lang='lat' dir='ltr'><strong>fatentur,</strong></span> <span class='ocrx_word' id='word_1_393' title='bbox 1681 3511 1842 3582; x_wconf 88' lang='lat' dir='ltr'><strong>idque</strong></span> <span class='ocrx_word' id='word_1_394' title='bbox 1889 3529 2016 3571; x_wconf 90' lang='lat' dir='ltr'><strong>ante</strong></span> 
     </span>
    </p>
   </div>
   <div class='ocr_carea' id='block_1_52' title="bbox 447 3586 2016 3667">
    <p class='ocr_par' dir='ltr' id='par_1_52' title="bbox 447 3586 2016 3667">
     <span class='ocr_line' id='line_1_52' title="bbox 447 3586 2016 3667; baseline 0.019 -35"><span class='ocrx_word' id='word_1_395' title='bbox 447 3596 663 3636; x_wconf 88' lang='lat' dir='ltr'><strong>omnem</strong></span> <span class='ocrx_word' id='word_1_396' title='bbox 702 3586 1108 3654; x_wconf 82' lang='lat' dir='ltr'><strong>cogitationem,</strong></span> <span class='ocrx_word' id='word_1_397' title='bbox 1148 3600 1204 3644; x_wconf 90' lang='lat' dir='ltr'><strong>et</strong></span> <span class='ocrx_word' id='word_1_398' title='bbox 1244 3608 1434 3649; x_wconf 89' lang='lat' dir='ltr'><strong>omnes</strong></span> <span class='ocrx_word' id='word_1_399' title='bbox 1485 3601 1740 3667; x_wconf 87' lang='lat' dir='ltr'><strong>rationes,</strong></span> <span class='ocrx_word' id='word_1_400' title='bbox 1778 3619 1831 3659; x_wconf 89' lang='lat' dir='ltr'><strong>et</strong></span> <span class='ocrx_word' id='word_1_401' title='bbox 1882 3618 2016 3661; x_wconf 85' lang='lat' dir='ltr'><strong>tern-</strong></span> 
     </span>
    </p>
   </div>
   <div class='ocr_carea' id='block_1_53' title="bbox 443 3676 2016 3761">
    <p class='ocr_par' dir='ltr' id='par_1_53' title="bbox 443 3676 2016 3761">
     <span class='ocr_line' id='line_1_53' title="bbox 443 3676 2016 3761; baseline 0.02 -38"><span class='ocrx_word' id='word_1_402' title='bbox 443 3687 598 3740; x_wconf 87' lang='lat' dir='ltr'><strong>pora,</strong></span> <span class='ocrx_word' id='word_1_403' title='bbox 621 3683 674 3728; x_wconf 93' lang='lat' dir='ltr'><strong>et</strong></span> <span class='ocrx_word' id='word_1_404' title='bbox 702 3676 918 3730; x_wconf 62' lang='lat' dir='ltr'><strong>saecula.</strong></span> <span class='ocrx_word' id='word_1_405' title='bbox 947 3677 1073 3735; x_wconf 59' lang='lat' dir='ltr'><strong>ﬂare</strong></span> <span class='ocrx_word' id='word_1_406' title='bbox 1100 3694 1228 3736; x_wconf 89' lang='lat' dir='ltr'><strong>sunt</strong></span> <span class='ocrx_word' id='word_1_407' title='bbox 1253 3687 1434 3754; x_wconf 85' lang='lat' dir='ltr'><strong>specie</strong></span> <span class='ocrx_word' id='word_1_408' title='bbox 1462 3689 1577 3758; x_wconf 89' lang='lat' dir='ltr'><strong>ipsa</strong></span> <span class='ocrx_word' id='word_1_409' title='bbox 1610 3692 1934 3761; x_wconf 84' lang='lat' dir='ltr'><strong>plausibilia,</strong></span> <span class='ocrx_word' id='word_1_410' title='bbox 1963 3711 2016 3754; x_wconf 93' lang='lat' dir='ltr'><strong>et</strong></span> 
     </span>
    </p>
   </div>
   <div class='ocr_carea' id='block_1_54' title="bbox 445 3763 2017 3854">
    <p class='ocr_par' dir='ltr' id='par_1_54' title="bbox 445 3763 2017 3854">
     <span class='ocr_line' id='line_1_54' title="bbox 445 3763 2017 3854; baseline 0.021 -39"><span class='ocrx_word' id='word_1_411' title='bbox 445 3763 513 3818; x_wconf 89' lang='lat' dir='ltr'><strong>ad</strong></span> <span class='ocrx_word' id='word_1_412' title='bbox 562 3767 882 3824; x_wconf 77' lang='lat' dir='ltr'><strong>catholicam</strong></span> <span class='ocrx_word' id='word_1_413' title='bbox 931 3776 1321 3840; x_wconf 76' lang='lat' dir='ltr'><strong>professionem</strong></span> <span class='ocrx_word' id='word_1_414' title='bbox 1371 3795 1530 3850; x_wconf 91' lang='lat' dir='ltr'><strong>quam</strong></span> <span class='ocrx_word' id='word_1_415' title='bbox 1579 3789 1824 3854; x_wconf 80' lang='lat' dir='ltr'><strong>proxime</strong></span> <span class='ocrx_word' id='word_1_416' title='bbox 1861 3807 2017 3848; x_wconf 83' lang='lat' dir='ltr'><strong>acce-</strong></span> 
     </span>
    </p>
   </div>
   <div class='ocr_carea' id='block_1_55' title="bbox 443 3855 2016 3946">
    <p class='ocr_par' dir='ltr' id='par_1_55' title="bbox 443 3855 2016 3946">
     <span class='ocr_line' id='line_1_55' title="bbox 443 3855 2016 3946; baseline 0.021 -40"><span class='ocrx_word' id='word_1_417' title='bbox 443 3855 600 3908; x_wconf 91' lang='lat' dir='ltr'><strong>dunt.</strong></span> <span class='ocrx_word' id='word_1_418' title='bbox 628 3859 734 3913; x_wconf 75' lang='lat' dir='ltr'><strong>Sed</strong></span> <span class='ocrx_word' id='word_1_419' title='bbox 759 3861 908 3917; x_wconf 88' lang='lat' dir='ltr'><strong>deest</strong></span> <span class='ocrx_word' id='word_1_420' title='bbox 943 3873 1122 3922; x_wconf 85' lang='lat' dir='ltr'><strong>tamen</strong></span> <span class='ocrx_word' id='word_1_421' title='bbox 1163 3870 1268 3924; x_wconf 88' lang='lat' dir='ltr'><strong>hoc</strong></span> <span class='ocrx_word' id='word_1_422' title='bbox 1292 3871 1418 3936; x_wconf 90' lang='lat' dir='ltr'><strong>illis,</strong></span> <span class='ocrx_word' id='word_1_423' title='bbox 1453 3874 1505 3929; x_wconf 88' lang='lat' dir='ltr'><strong>in</strong></span> <span class='ocrx_word' id='word_1_424' title='bbox 1545 3892 1652 3946; x_wconf 91' lang='lat' dir='ltr'><strong>quo</strong></span> <span class='ocrx_word' id='word_1_425' title='bbox 1693 3880 1814 3936; x_wconf 77' lang='lat' dir='ltr'><strong>fidei</strong></span> <span class='ocrx_word' id='word_1_426' title='bbox 1853 3885 2016 3939; x_wconf 88' lang='lat' dir='ltr'><strong>robur</strong></span> 
     </span>
    </p>
   </div>
   <div class='ocr_carea' id='block_1_56' title="bbox 440 3954 2016 4044">
    <p class='ocr_par' dir='ltr' id='par_1_56' title="bbox 440 3954 2016 4044">
     <span class='ocr_line' id='line_1_56' title="bbox 440 3954 2016 4044; baseline 0.02 -45"><span class='ocrx_word' id='word_1_427' title='bbox 440 3958 710 4018; x_wconf 77' lang='lat' dir='ltr'><strong>caputque</strong></span> <span class='ocrx_word' id='word_1_428' title='bbox 737 3954 1015 4022; x_wconf 86' lang='lat' dir='ltr'><strong>consistit,</strong></span> <span class='ocrx_word' id='word_1_429' title='bbox 1063 3963 1206 4028; x_wconf 91' lang='lat' dir='ltr'><strong>quod</strong></span> <span class='ocrx_word' id='word_1_430' title='bbox 1249 3963 1442 4018; x_wconf 76' lang='lat' dir='ltr'><strong>Filium</strong></span> <span class='ocrx_word' id='word_1_431' title='bbox 1482 3969 1546 4021; x_wconf 82' lang='grc' dir='ltr'><strong>ἐκ</strong></span> <span class='ocrx_word' id='word_1_432' title='bbox 1573 3971 1672 4042; x_wconf 85' lang='grc' dir='ltr'><strong>τῆς</strong></span> <span class='ocrx_word' id='word_1_433' title='bbox 1703 3973 1892 4038; x_wconf 80' lang='grc' dir='ltr'><strong>οὐσίας</strong></span> <span class='ocrx_word' id='word_1_434' title='bbox 1923 3992 2016 4044; x_wconf 66' lang='grc' dir='ltr'><strong>αθ·-</strong></span> 
     </span>
    </p>
   </div>
   <div class='ocr_carea' id='block_1_57' title="bbox 442 4039 2014 4137">
    <p class='ocr_par' dir='ltr' id='par_1_57' title="bbox 442 4039 2014 4137">
     <span class='ocr_line' id='line_1_57' title="bbox 442 4039 2014 4137; baseline 0.018 -46"><span class='ocrx_word' id='word_1_435' title='bbox 442 4039 613 4094; x_wconf 87' lang='lat' dir='ltr'><strong>nitum</strong></span> <span class='ocrx_word' id='word_1_436' title='bbox 654 4058 682 4095; x_wconf 91' lang='lat' dir='ltr'><strong>a</strong></span> <span class='ocrx_word' id='word_1_437' title='bbox 728 4043 886 4101; x_wconf 88' lang='lat' dir='ltr'><strong>Patre</strong></span> <span class='ocrx_word' id='word_1_438' title='bbox 933 4062 1055 4104; x_wconf 89' lang='lat' dir='ltr'><strong>esse</strong></span> <span class='ocrx_word' id='word_1_439' title='bbox 1097 4068 1202 4106; x_wconf 91' lang='lat' dir='ltr'><strong>non</strong></span> <span class='ocrx_word' id='word_1_440' title='bbox 1251 4039 1756 4126; x_wconf 10' lang='lat' dir='ltr'><strong>conliteutur,ised</strong></span> <span class='ocrx_word' id='word_1_441' title='bbox 1805 4067 1869 4118; x_wconf 81' lang='grc' dir='ltr'><strong>ὲκ</strong></span> <span class='ocrx_word' id='word_1_442' title='bbox 1915 4069 2014 4137; x_wconf 77' lang='grc' dir='ltr'><strong>τῆς</strong></span> 
     </span>
    </p>
   </div>
   <div class='ocr_carea' id='block_1_58' title="bbox 440 4133 2012 4223">
    <p class='ocr_par' dir='ltr' id='par_1_58' title="bbox 440 4133 2012 4223">
     <span class='ocr_line' id='line_1_58' title="bbox 440 4133 2012 4223; baseline 0.019 -40"><span class='ocrx_word' id='word_1_443' title='bbox 440 4133 753 4206; x_wconf 73' lang='grc' dir='ltr'><strong>ὁμοιότητος</strong></span> <span class='ocrx_word' id='word_1_444' title='bbox 815 4139 909 4192; x_wconf 77' lang='grc' dir='ltr'><strong>τοῦ</strong></span> <span class='ocrx_word' id='word_1_445' title='bbox 969 4143 1213 4216; x_wconf 83' lang='grc' dir='ltr'><strong>Πατρὸς,</strong></span> <span class='ocrx_word' id='word_1_446' title='bbox 1275 4165 1339 4202; x_wconf 73' lang='lat' dir='ltr'><strong>ex</strong></span> <span class='ocrx_word' id='word_1_447' title='bbox 1401 4153 1746 4210; x_wconf 77' lang='lat' dir='ltr'><strong>similitudine</strong></span> <span class='ocrx_word' id='word_1_448' title='bbox 1800 4133 2012 4223; x_wconf 74' lang='lat' dir='ltr'><strong>Patris;</strong></span> 
     </span>
    </p>
   </div>
   <div class='ocr_carea' id='block_1_59' title="bbox 439 4228 2012 4317">
    <p class='ocr_par' dir='ltr' id='par_1_59' title="bbox 439 4228 2012 4317">
     <span class='ocr_line' id='line_1_59' title="bbox 439 4228 2012 4317; baseline 0.018 -43"><span class='ocrx_word' id='word_1_449' title='bbox 439 4237 632 4293; x_wconf 87' lang='lat' dir='ltr'><strong>nempe</strong></span> <span class='ocrx_word' id='word_1_450' title='bbox 655 4228 902 4301; x_wconf 70' lang='grc' dir='ltr'>ἐνεργείᾳ</span> <span class='ocrx_word' id='word_1_451' title='bbox 926 4240 1240 4308; x_wconf 78' lang='grc' dir='ltr'><strong>γεννητικῇ,</strong></span> <span class='ocrx_word' id='word_1_452' title='bbox 1289 4242 1494 4295; x_wconf 71' lang='lat' dir='ltr'><strong>actione</strong></span> <span class='ocrx_word' id='word_1_453' title='bbox 1528 4252 1578 4296; x_wconf 81' lang='lat' dir='ltr'><strong>et</strong></span> <span class='ocrx_word' id='word_1_454' title='bbox 1616 4246 1890 4314; x_wconf 71' lang='lat' dir='ltr'><strong>eﬂicientia</strong></span> <span class='ocrx_word' id='word_1_455' title='bbox 1925 4266 2012 4317; x_wconf 88' lang='lat' dir='ltr'><strong>ge-</strong></span> 
     </span>
    </p>
   </div>
   <div class='ocr_carea' id='block_1_60' title="bbox 441 4315 2009 4393">
    <p class='ocr_par' dir='ltr' id='par_1_60' title="bbox 441 4315 2009 4393">
     <span class='ocr_line' id='line_1_60' title="bbox 441 4315 2009 4393; baseline 0.018 -27"><span class='ocrx_word' id='word_1_456' title='bbox 441 4315 615 4368; x_wconf 77' lang='lat' dir='ltr'><strong>nitali.</strong></span> <span class='ocrx_word' id='word_1_457' title='bbox 656 4318 932 4389; x_wconf 89' lang='lat' dir='ltr'><strong>Siquidem</strong></span> <span class='ocrx_word' id='word_1_458' title='bbox 974 4324 1190 4381; x_wconf 89' lang='lat' dir='ltr'><strong>Patrem</strong></span> <span class='ocrx_word' id='word_1_459' title='bbox 1226 4331 1372 4385; x_wconf 90' lang='lat' dir='ltr'><strong>aiunt</strong></span> <span class='ocrx_word' id='word_1_460' title='bbox 1406 4335 1587 4389; x_wconf 85' lang='lat' dir='ltr'><strong>varias</strong></span> <span class='ocrx_word' id='word_1_461' title='bbox 1635 4339 1876 4393; x_wconf 84' lang='lat' dir='ltr'><strong>actiones</strong></span> <span class='ocrx_word' id='word_1_462' title='bbox 1909 4344 2009 4393; x_wconf 79' lang='lat' dir='ltr'><strong>ha-</strong></span> 
     </span>
    </p>
   </div>
   <div class='ocr_carea' id='block_1_61' title="bbox 438 4405 2010 4502">
    <p class='ocr_par' dir='ltr' id='par_1_61' title="bbox 438 4405 2010 4502">
     <span class='ocr_line' id='line_1_61' title="bbox 438 4405 2010 4502; baseline 0.018 -44"><span class='ocrx_word' id='word_1_463' title='bbox 438 4405 590 4470; x_wconf 84' lang='lat' dir='ltr'><strong>bere,</strong></span> <span class='ocrx_word' id='word_1_464' title='bbox 622 4424 782 4463; x_wconf 87' lang='lat' dir='ltr'><strong>unam</strong></span> <span class='ocrx_word' id='word_1_465' title='bbox 814 4415 1094 4485; x_wconf 77' lang='grc' dir='ltr'><strong>κτιστικὴν</strong></span> <span class='ocrx_word' id='word_1_466' title='bbox 1134 4423 1457 4488; x_wconf 82' lang='lat' dir='ltr'><strong>creatricent,</strong></span> <span class='ocrx_word' id='word_1_467' title='bbox 1492 4425 1713 4480; x_wconf 87' lang='lat' dir='ltr'><strong>alteram</strong></span> <span class='ocrx_word' id='word_1_468' title='bbox 1762 4446 2010 4502; x_wconf 80' lang='grc' dir='ltr'><strong>γεννητι-</strong></span> 
     </span>
    </p>
   </div>
   <div class='ocr_carea' id='block_1_62' title="bbox 438 4493 2008 4583">
    <p class='ocr_par' dir='ltr' id='par_1_62' title="bbox 438 4493 2008 4583">
     <span class='ocr_line' id='line_1_62' title="bbox 438 4493 2008 4583; baseline 0.018 -38"><span class='ocrx_word' id='word_1_469' title='bbox 438 4493 542 4564; x_wconf 84' lang='grc' dir='ltr'><strong>κὴν</strong></span> <span class='ocrx_word' id='word_1_470' title='bbox 567 4503 978 4567; x_wconf 65' lang='lat' dir='ltr'><strong>generauit-em,</strong></span> <span class='ocrx_word' id='word_1_471' title='bbox 1017 4522 1137 4574; x_wconf 63' lang='lat' dir='ltr'><strong>quae</strong></span> <span class='ocrx_word' id='word_1_472' title='bbox 1183 4512 1428 4578; x_wconf 83' lang='lat' dir='ltr'><strong>producit</strong></span> <span class='ocrx_word' id='word_1_473' title='bbox 1472 4515 1700 4583; x_wconf 88' lang='lat' dir='ltr'><strong>Filium,</strong></span> <span class='ocrx_word' id='word_1_474' title='bbox 1747 4529 1856 4574; x_wconf 90' lang='lat' dir='ltr'><strong>tum</strong></span> <span class='ocrx_word' id='word_1_475' title='bbox 1907 4538 2008 4576; x_wconf 79' lang='grc' dir='ltr'><strong>ιιοη</strong></span> 
     </span>
    </p>
   </div>
   <div class='ocr_carea' id='block_1_63' title="bbox 2132 2032 3712 2127">
    <p class='ocr_par' dir='ltr' id='par_1_63' title="bbox 2132 2032 3712 2127">
     <span class='ocr_line' id='line_1_63' title="bbox 2132 2032 3712 2127; baseline 0.022 -40"><span class='ocrx_word' id='word_1_476' title='bbox 2132 2032 2312 2092; x_wconf 90' lang='lat' dir='ltr'><strong>Patris</strong></span> <span class='ocrx_word' id='word_1_477' title='bbox 2336 2045 2698 2111; x_wconf 80' lang='lat' dir='ltr'><strong>progenitum.</strong></span> <span class='ocrx_word' id='word_1_478' title='bbox 2725 2047 2888 2104; x_wconf 81' lang='lat' dir='ltr'><strong>Recte</strong></span> <span class='ocrx_word' id='word_1_479' title='bbox 2911 2052 3092 2122; x_wconf 89' lang='lat' dir='ltr'><strong>itaque</strong></span> <span class='ocrx_word' id='word_1_480' title='bbox 3115 2067 3283 2127; x_wconf 91' lang='lat' dir='ltr'><strong>atque</strong></span> <span class='ocrx_word' id='word_1_481' title='bbox 3307 2063 3524 2117; x_wconf 85' lang='lat' dir='ltr'><strong>erudite</strong></span> <span class='ocrx_word' id='word_1_482' title='bbox 3555 2080 3712 2122; x_wconf 89' lang='lat' dir='ltr'><strong>voces</strong></span> 
     </span>
    </p>
   </div>
   <div class='ocr_carea' id='block_1_64' title="bbox 2133 2127 3708 2212">
    <p class='ocr_par' dir='ltr' id='par_1_64' title="bbox 2133 2127 3708 2212">
     <span class='ocr_line' id='line_1_64' title="bbox 2133 2127 3708 2212; baseline 0.022 -33"><span class='ocrx_word' id='word_1_483' title='bbox 2133 2127 2426 2196; x_wconf 73' lang='grc' dir='ltr'>ὑπόστασις</span> <span class='ocrx_word' id='word_1_484' title='bbox 2449 2145 2504 2188; x_wconf 89' lang='lat' dir='ltr'><strong>et</strong></span> <span class='ocrx_word' id='word_1_485' title='bbox 2525 2136 2682 2192; x_wconf 70' lang='grc' dir='ltr'>οὐσία</span> <span class='ocrx_word' id='word_1_486' title='bbox 2718 2139 2769 2193; x_wconf 92' lang='lat' dir='ltr'><strong>in</strong></span> <span class='ocrx_word' id='word_1_487' title='bbox 2798 2141 3052 2212; x_wconf 81' lang='lat' dir='ltr'><strong>Sytnbolo</strong></span> <span class='ocrx_word' id='word_1_488' title='bbox 3082 2147 3304 2206; x_wconf 77' lang='lat' dir='ltr'><strong>Nicanto</strong></span> <span class='ocrx_word' id='word_1_489' title='bbox 3328 2154 3583 2210; x_wconf 74' lang='lat' dir='ltr'><strong>distinxit</strong></span> <span class='ocrx_word' id='word_1_490' title='bbox 3607 2158 3708 2212; x_wconf 85' lang='lat' dir='ltr'><strong>Ba-</strong></span> 
     </span>
    </p>
   </div>
   <div class='ocr_carea' id='block_1_65' title="bbox 2129 2217 3704 2304">
    <p class='ocr_par' dir='ltr' id='par_1_65' title="bbox 2129 2217 3704 2304">
     <span class='ocr_line' id='line_1_65' title="bbox 2129 2217 3704 2304; baseline 0.022 -33"><span class='ocrx_word' id='word_1_491' title='bbox 2129 2217 2328 2275; x_wconf 85' lang='lat' dir='ltr'><strong>silius:</strong></span> <span class='ocrx_word' id='word_1_492' title='bbox 2360 2230 2566 2278; x_wconf 90' lang='lat' dir='ltr'><strong>temere</strong></span> <span class='ocrx_word' id='word_1_493' title='bbox 2612 2241 2742 2282; x_wconf 90' lang='lat' dir='ltr'><strong>vero</strong></span> <span class='ocrx_word' id='word_1_494' title='bbox 2789 2246 3032 2300; x_wconf 90' lang='lat' dir='ltr'><strong>prorsus,</strong></span> <span class='ocrx_word' id='word_1_495' title='bbox 3087 2238 3525 2298; x_wconf 83' lang='lat' dir='ltr'><strong>observationem</strong></span> <span class='ocrx_word' id='word_1_496' title='bbox 3563 2248 3704 2304; x_wconf 84' lang='lat' dir='ltr'><strong>illam</strong></span> 
     </span>
    </p>
   </div>
   <div class='ocr_carea' id='block_1_66' title="bbox 2131 2311 3710 2400">
    <p class='ocr_par' dir='ltr' id='par_1_66' title="bbox 2131 2311 3710 2400">
     <span class='ocr_line' id='line_1_66' title="bbox 2131 2311 3710 2400; baseline 0.021 -41"><span class='ocrx_word' id='word_1_497' title='bbox 2131 2311 2312 2379; x_wconf 86' lang='lat' dir='ltr'><strong>magni</strong></span> <span class='ocrx_word' id='word_1_498' title='bbox 2343 2312 2584 2371; x_wconf 88' lang='lat' dir='ltr'><strong>doctoris</strong></span> <span class='ocrx_word' id='word_1_499' title='bbox 2613 2321 2818 2388; x_wconf 87' lang='lat' dir='ltr'><strong>carpsit</strong></span> <span class='ocrx_word' id='word_1_500' title='bbox 2848 2319 3052 2379; x_wconf 73' lang='lat' dir='ltr'><strong>Jesuita</strong></span> <span class='ocrx_word' id='word_1_501' title='bbox 3082 2327 3360 2386; x_wconf 87' lang='lat' dir='ltr'><strong>Petavius.</strong></span> <span class='ocrx_word' id='word_1_502' title='bbox 3395 2333 3554 2400; x_wconf 81' lang='lat' dir='ltr'><strong>Quod</strong></span> <span class='ocrx_word' id='word_1_503' title='bbox 3583 2353 3710 2393; x_wconf 82' lang='lat' dir='ltr'><strong>vero</strong></span> 
     </span>
    </p>
   </div>
   <div class='ocr_carea' id='block_1_67' title="bbox 2129 2399 3702 2482">
    <p class='ocr_par' dir='ltr' id='par_1_67' title="bbox 2129 2399 3702 2482">
     <span class='ocr_line' id='line_1_67' title="bbox 2129 2399 3702 2482; baseline 0.021 -32"><span class='ocrx_word' id='word_1_504' title='bbox 2129 2400 2194 2451; x_wconf 92' lang='lat' dir='ltr'><strong>ad</strong></span> <span class='ocrx_word' id='word_1_505' title='bbox 2226 2399 2410 2458; x_wconf 85' lang='lat' dir='ltr'><strong>Basilii</strong></span> <span class='ocrx_word' id='word_1_506' title='bbox 2440 2406 2728 2474; x_wconf 88' lang='lat' dir='ltr'><strong>rationem,</strong></span> <span class='ocrx_word' id='word_1_507' title='bbox 2751 2426 2966 2481; x_wconf 88' lang='lat' dir='ltr'><strong>nempe,</strong></span> <span class='ocrx_word' id='word_1_508' title='bbox 2999 2415 3190 2474; x_wconf 90' lang='lat' dir='ltr'><strong>Patres</strong></span> <span class='ocrx_word' id='word_1_509' title='bbox 3223 2399 3474 2480; x_wconf 74' lang='lat' dir='ltr'><strong>Nicaeuos</strong></span> <span class='ocrx_word' id='word_1_510' title='bbox 3513 2427 3568 2480; x_wconf 90' lang='lat' dir='ltr'><strong>in</strong></span> <span class='ocrx_word' id='word_1_511' title='bbox 3598 2439 3702 2482; x_wconf 90' lang='lat' dir='ltr'><strong>tam</strong></span> 
     </span>
    </p>
   </div>
   <div class='ocr_carea' id='block_1_68' title="bbox 2127 2489 3704 2576">
    <p class='ocr_par' dir='ltr' id='par_1_68' title="bbox 2127 2489 3704 2576">
     <span class='ocr_line' id='line_1_68' title="bbox 2127 2489 3704 2576; baseline 0.022 -34"><span class='ocrx_word' id='word_1_512' title='bbox 2127 2489 2274 2546; x_wconf 78' lang='lat' dir='ltr'><strong>brevi</strong></span> <span class='ocrx_word' id='word_1_513' title='bbox 2315 2493 2590 2564; x_wconf 83' lang='lat' dir='ltr'><strong>Symbolo,</strong></span> <span class='ocrx_word' id='word_1_514' title='bbox 2622 2503 2757 2557; x_wconf 85' lang='lat' dir='ltr'><strong>duas</strong></span> <span class='ocrx_word' id='word_1_515' title='bbox 2794 2504 2924 2559; x_wconf 87' lang='lat' dir='ltr'><strong>istas</strong></span> <span class='ocrx_word' id='word_1_516' title='bbox 2967 2522 3128 2565; x_wconf 86' lang='lat' dir='ltr'><strong>voces</strong></span> <span class='ocrx_word' id='word_1_517' title='bbox 3153 2512 3316 2568; x_wconf 88' lang='lat' dir='ltr'><strong>simul</strong></span> <span class='ocrx_word' id='word_1_518' title='bbox 3355 2516 3704 2576; x_wconf 85' lang='lat' dir='ltr'><strong>adhibituros</strong></span> 
     </span>
    </p>
   </div>
   <div class='ocr_carea' id='block_1_69' title="bbox 2125 2586 3697 2681">
    <p class='ocr_par' dir='ltr' id='par_1_69' title="bbox 2125 2586 3697 2681">
     <span class='ocr_line' id='line_1_69' title="bbox 2125 2586 3697 2681; baseline 0.02 -45"><span class='ocrx_word' id='word_1_519' title='bbox 2125 2599 2232 2637; x_wconf 90' lang='lat' dir='ltr'><strong>non</strong></span> <span class='ocrx_word' id='word_1_520' title='bbox 2278 2586 2464 2655; x_wconf 81' lang='lat' dir='ltr'><strong>fuisse,</strong></span> <span class='ocrx_word' id='word_1_521' title='bbox 2504 2593 2550 2647; x_wconf 85' lang='lat' dir='ltr'><strong>si</strong></span> <span class='ocrx_word' id='word_1_522' title='bbox 2600 2595 2789 2650; x_wconf 84' lang='lat' dir='ltr'><strong>eadem</strong></span> <span class='ocrx_word' id='word_1_523' title='bbox 2835 2608 2975 2655; x_wconf 86' lang='lat' dir='ltr'><strong>esset</strong></span> <span class='ocrx_word' id='word_1_524' title='bbox 3027 2604 3309 2662; x_wconf 87' lang='lat' dir='ltr'><strong>ambarum</strong></span> <span class='ocrx_word' id='word_1_525' title='bbox 3349 2611 3697 2681; x_wconf 84' lang='lat' dir='ltr'><strong>significatio,</strong></span> 
     </span>
    </p>
   </div>
   <div class='ocr_carea' id='block_1_70' title="bbox 2123 2681 3698 2774">
    <p class='ocr_par' dir='ltr' id='par_1_70' title="bbox 2123 2681 3698 2774">
     <span class='ocr_line' id='line_1_70' title="bbox 2123 2681 3698 2774; baseline 0.018 -45"><span class='ocrx_word' id='word_1_526' title='bbox 2123 2681 2702 2751; x_wconf 87' lang='lat' dir='ltr'><strong>respondetPetavius;</strong></span> <span class='ocrx_word' id='word_1_527' title='bbox 2731 2689 2780 2742; x_wconf 92' lang='lat' dir='ltr'><strong>id</strong></span> <span class='ocrx_word' id='word_1_528' title='bbox 2804 2689 2964 2747; x_wconf 78' lang='lat' dir='ltr'><strong>facile</strong></span> <span class='ocrx_word' id='word_1_529' title='bbox 2987 2695 3269 2754; x_wconf 80' lang='lat' dir='ltr'><strong>refellitur.</strong></span> <span class='ocrx_word' id='word_1_530' title='bbox 3306 2720 3326 2752; x_wconf 77' lang='grc' dir='ltr'><strong>σ</strong></span> <span class='ocrx_word' id='word_1_531' title='bbox 3375 2703 3460 2768; x_wconf 88' lang='lat' dir='ltr'><strong>Si,</strong></span> <span class='ocrx_word' id='word_1_532' title='bbox 3507 2705 3698 2774; x_wconf 87' lang='lat' dir='ltr'><strong>inquit,</strong></span> 
     </span>
    </p>
   </div>
   <div class='ocr_carea' id='block_1_71' title="bbox 2122 2763 3698 2864">
    <p class='ocr_par' dir='ltr' id='par_1_71' title="bbox 2122 2763 3698 2864">
     <span class='ocr_line' id='line_1_71' title="bbox 2122 2763 3698 2864; baseline 0.02 -47"><span class='ocrx_word' id='word_1_533' title='bbox 2122 2763 2307 2822; x_wconf 83' lang='lat' dir='ltr'><strong>Basilii</strong></span> <span class='ocrx_word' id='word_1_534' title='bbox 2345 2771 2448 2825; x_wconf 86' lang='lat' dir='ltr'><strong>ista</strong></span> <span class='ocrx_word' id='word_1_535' title='bbox 2508 2776 2648 2830; x_wconf 88' lang='lat' dir='ltr'><strong>ratio</strong></span> <span class='ocrx_word' id='word_1_536' title='bbox 2703 2780 2928 2847; x_wconf 78' lang='lat' dir='ltr'><strong>valeret,</strong></span> <span class='ocrx_word' id='word_1_537' title='bbox 2975 2799 3040 2839; x_wconf 83' lang='lat' dir='ltr'><strong>ne</strong></span> <span class='ocrx_word' id='word_1_538' title='bbox 3081 2787 3212 2841; x_wconf 86' lang='lat' dir='ltr'><strong>illud</strong></span> <span class='ocrx_word' id='word_1_539' title='bbox 3245 2791 3469 2859; x_wconf 86' lang='lat' dir='ltr'><strong>quidem</strong></span> <span class='ocrx_word' id='word_1_540' title='bbox 3519 2809 3698 2864; x_wconf 82' lang='lat' dir='ltr'><strong>repre-</strong></span> 
     </span>
    </p>
   </div>
   <div class='ocr_carea' id='block_1_72' title="bbox 2125 2859 3696 2956">
    <p class='ocr_par' dir='ltr' id='par_1_72' title="bbox 2125 2859 3696 2956">
     <span class='ocr_line' id='line_1_72' title="bbox 2125 2859 3696 2956; baseline 0.02 -44"><span class='ocrx_word' id='word_1_541' title='bbox 2125 2859 2401 2916; x_wconf 90' lang='lat' dir='ltr'><strong>hensionis</strong></span> <span class='ocrx_word' id='word_1_542' title='bbox 2452 2881 2648 2935; x_wconf 82' lang='lat' dir='ltr'><strong>expers</strong></span> <span class='ocrx_word' id='word_1_543' title='bbox 2690 2869 2852 2938; x_wconf 89' lang='lat' dir='ltr'><strong>foret,</strong></span> <span class='ocrx_word' id='word_1_544' title='bbox 2900 2879 3041 2944; x_wconf 92' lang='lat' dir='ltr'><strong>quod</strong></span> <span class='ocrx_word' id='word_1_545' title='bbox 3085 2879 3134 2931; x_wconf 94' lang='lat' dir='ltr'><strong>in</strong></span> <span class='ocrx_word' id='word_1_546' title='bbox 3176 2883 3365 2936; x_wconf 86' lang='lat' dir='ltr'><strong>eodem</strong></span> <span class='ocrx_word' id='word_1_547' title='bbox 3420 2859 3696 2956; x_wconf 72' lang='lat' dir='ltr'><strong>Symbolo,</strong></span> 
     </span>
    </p>
   </div>
   <div class='ocr_carea' id='block_1_73' title="bbox 2121 2952 3702 3045">
    <p class='ocr_par' dir='ltr' id='par_1_73' title="bbox 2121 2952 3702 3045">
     <span class='ocr_line' id='line_1_73' title="bbox 2121 2952 3702 3045; baseline 0.018 -41"><span class='ocrx_word' id='word_1_548' title='bbox 2121 2967 2241 3004; x_wconf 86' lang='lat' dir='ltr'><strong>cum</strong></span> <span class='ocrx_word' id='word_1_549' title='bbox 2269 2952 2459 3010; x_wconf 84' lang='lat' dir='ltr'><strong>Patres</strong></span> <span class='ocrx_word' id='word_1_550' title='bbox 2487 2959 2773 3029; x_wconf 79' lang='lat' dir='ltr'><strong>dixissent,</strong></span> <span class='ocrx_word' id='word_1_551' title='bbox 2809 2965 3066 3023; x_wconf 85' lang='lat' dir='ltr'><strong>damnare</strong></span> <span class='ocrx_word' id='word_1_552' title='bbox 3108 2986 3168 3024; x_wconf 88' lang='lat' dir='ltr'><strong>se</strong></span> <span class='ocrx_word' id='word_1_553' title='bbox 3216 2971 3356 3039; x_wconf 89' lang='lat' dir='ltr'><strong>illos,</strong></span> <span class='ocrx_word' id='word_1_554' title='bbox 3389 2978 3485 3045; x_wconf 88' lang='lat' dir='ltr'><strong>qui</strong></span> <span class='ocrx_word' id='word_1_555' title='bbox 3534 2978 3702 3033; x_wconf 85' lang='lat' dir='ltr'><strong>fuisse</strong></span> 
     </span>
    </p>
   </div>
   <div class='ocr_carea' id='block_1_74' title="bbox 2121 3042 3692 3132">
    <p class='ocr_par' dir='ltr' id='par_1_74' title="bbox 2121 3042 3692 3132">
     <span class='ocr_line' id='line_1_74' title="bbox 2121 3042 3692 3132; baseline 0.02 -39"><span class='ocrx_word' id='word_1_556' title='bbox 2121 3042 2411 3111; x_wconf 89' lang='lat' dir='ltr'><strong>aliquando</strong></span> <span class='ocrx_word' id='word_1_557' title='bbox 2440 3059 2715 3116; x_wconf 87' lang='lat' dir='ltr'><strong>putarent,</strong></span> <span class='ocrx_word' id='word_1_558' title='bbox 2746 3057 2958 3123; x_wconf 84' lang='lat' dir='ltr'><strong>quando</strong></span> <span class='ocrx_word' id='word_1_559' title='bbox 2988 3074 3092 3113; x_wconf 93' lang='lat' dir='ltr'><strong>non</strong></span> <span class='ocrx_word' id='word_1_560' title='bbox 3139 3070 3258 3116; x_wconf 81' lang='lat' dir='ltr'><strong>erat</strong></span> <span class='ocrx_word' id='word_1_561' title='bbox 3285 3042 3481 3132; x_wconf 80' lang='lat' dir='ltr'><strong>Filius,</strong></span> <span class='ocrx_word' id='word_1_562' title='bbox 3511 3070 3692 3124; x_wconf 79' lang='lat' dir='ltr'><strong>statim</strong></span> 
     </span>
    </p>
   </div>
   <div class='ocr_carea' id='block_1_75' title="bbox 2119 3132 3694 3230">
    <p class='ocr_par' dir='ltr' id='par_1_75' title="bbox 2119 3132 3694 3230">
     <span class='ocr_line' id='line_1_75' title="bbox 2119 3132 3694 3230; baseline 0.02 -46"><span class='ocrx_word' id='word_1_563' title='bbox 2119 3132 2172 3186; x_wconf 91' lang='lat' dir='ltr'><strong>id</strong></span> <span class='ocrx_word' id='word_1_564' title='bbox 2214 3135 2530 3204; x_wconf 81' lang='lat' dir='ltr'><strong>subjiciunt,</strong></span> <span class='ocrx_word' id='word_1_565' title='bbox 2579 3145 2720 3209; x_wconf 89' lang='lat' dir='ltr'><strong>quod</strong></span> <span class='ocrx_word' id='word_1_566' title='bbox 2774 3146 2913 3200; x_wconf 90' lang='lat' dir='ltr'><strong>idem</strong></span> <span class='ocrx_word' id='word_1_567' title='bbox 2962 3149 3252 3219; x_wconf 79' lang='lat' dir='ltr'><strong>significat,</strong></span> <span class='ocrx_word' id='word_1_568' title='bbox 3302 3165 3358 3210; x_wconf 89' lang='lat' dir='ltr'><strong>et</strong></span> <span class='ocrx_word' id='word_1_569' title='bbox 3405 3169 3694 3230; x_wconf 86' lang='lat' dir='ltr'><strong>antequam</strong></span> 
     </span>
    </p>
   </div>
   <div class='ocr_carea' id='block_1_76' title="bbox 2119 3237 3688 3312">
    <p class='ocr_par' dir='ltr' id='par_1_76' title="bbox 2119 3237 3688 3312">
     <span class='ocr_line' id='line_1_76' title="bbox 2119 3237 3688 3312; baseline 0.018 -34"><span class='ocrx_word' id='word_1_570' title='bbox 2119 3237 2455 3296; x_wconf 87' lang='lat' dir='ltr'><strong>nasceretur,</strong></span> <span class='ocrx_word' id='word_1_571' title='bbox 2487 3246 2592 3285; x_wconf 87' lang='lat' dir='ltr'><strong>non</strong></span> <span class='ocrx_word' id='word_1_572' title='bbox 2637 3245 3034 3293; x_wconf 88' lang='lat' dir='ltr'><strong>erat:necnon</strong></span> <span class='ocrx_word' id='word_1_573' title='bbox 3087 3244 3212 3312; x_wconf 91' lang='lat' dir='ltr'><strong>quia</strong></span> <span class='ocrx_word' id='word_1_574' title='bbox 3261 3261 3330 3299; x_wconf 73' lang='lat' dir='ltr'><strong>ex</strong></span> <span class='ocrx_word' id='word_1_575' title='bbox 3373 3247 3538 3304; x_wconf 89' lang='lat' dir='ltr'><strong>nullis</strong></span> <span class='ocrx_word' id='word_1_576' title='bbox 3564 3253 3688 3306; x_wconf 89' lang='lat' dir='ltr'><strong>sub-</strong></span> 
     </span>
    </p>
   </div>
   <div class='ocr_carea' id='block_1_77' title="bbox 2117 3319 3694 3402">
    <p class='ocr_par' dir='ltr' id='par_1_77' title="bbox 2117 3319 3694 3402">
     <span class='ocr_line' id='line_1_77' title="bbox 2117 3319 3694 3402; baseline 0.02 -33"><span class='ocrx_word' id='word_1_577' title='bbox 2117 3319 2388 3375; x_wconf 90' lang='lat' dir='ltr'><strong>stantibus</strong></span> <span class='ocrx_word' id='word_1_578' title='bbox 2415 3321 2586 3380; x_wconf 86' lang='lat' dir='ltr'><strong>factus</strong></span> <span class='ocrx_word' id='word_1_579' title='bbox 2636 3337 2738 3382; x_wconf 89' lang='lat' dir='ltr'><strong>est.</strong></span> <span class='ocrx_word' id='word_1_580' title='bbox 2771 3347 2793 3380; x_wconf 84' lang='grc'><strong>›</strong></span> <span class='ocrx_word' id='word_1_581' title='bbox 2826 3328 2932 3386; x_wconf 90' lang='lat' dir='ltr'><strong>Sed</strong></span> <span class='ocrx_word' id='word_1_582' title='bbox 2977 3348 3111 3402; x_wconf 87' lang='lat' dir='ltr'><strong>nego</strong></span> <span class='ocrx_word' id='word_1_583' title='bbox 3158 3338 3319 3391; x_wconf 85' lang='lat' dir='ltr'><strong>verba</strong></span> <span class='ocrx_word' id='word_1_584' title='bbox 3373 3341 3461 3394; x_wconf 91' lang='lat' dir='ltr'><strong>illa</strong></span> <span class='ocrx_word' id='word_1_585' title='bbox 3511 3357 3694 3399; x_wconf 75' lang='lat' dir='ltr'><strong>cante-</strong></span> 
     </span>
    </p>
   </div>
   <div class='ocr_carea' id='block_1_78' title="bbox 2117 3423 3686 3504">
    <p class='ocr_par' dir='ltr' id='par_1_78' title="bbox 2117 3423 3686 3504">
     <span class='ocr_line' id='line_1_78' title="bbox 2117 3423 3686 3504; baseline 0.018 -44"><span class='ocrx_word' id='word_1_586' title='bbox 2117 3423 2278 3478; x_wconf 92' lang='lat' dir='ltr'><strong>quam</strong></span> <span class='ocrx_word' id='word_1_587' title='bbox 2310 3426 2640 3482; x_wconf 83' lang='lat' dir='ltr'><strong>nasceretur,</strong></span> <span class='ocrx_word' id='word_1_588' title='bbox 2668 3433 2774 3474; x_wconf 89' lang='lat' dir='ltr'><strong>non</strong></span> <span class='ocrx_word' id='word_1_589' title='bbox 2805 3431 2946 3486; x_wconf 92' lang='lat' dir='ltr'><strong>erat,</strong></span> <span class='ocrx_word' id='word_1_590' title='bbox 2969 3441 2988 3474; x_wconf 77' lang='grc' dir='ltr'><strong><em>ι</em></strong></span> <span class='ocrx_word' id='word_1_591' title='bbox 3039 3424 3179 3478; x_wconf 88' lang='lat' dir='ltr'><strong>idem</strong></span> <span class='ocrx_word' id='word_1_592' title='bbox 3211 3443 3438 3504; x_wconf 79' lang='lat' dir='ltr'><strong>prorsus</strong></span> <span class='ocrx_word' id='word_1_593' title='bbox 3485 3433 3686 3503; x_wconf 79' lang='lat' dir='ltr'><strong>signiﬁ-</strong></span> 
     </span>
    </p>
   </div>
   <div class='ocr_carea' id='block_1_79' title="bbox 2117 3504 3685 3581">
    <p class='ocr_par' dir='ltr' id='par_1_79' title="bbox 2117 3504 3685 3581">
     <span class='ocr_line' id='line_1_79' title="bbox 2117 3504 3685 3581; baseline 0.017 -30"><span class='ocrx_word' id='word_1_594' title='bbox 2117 3513 2266 3564; x_wconf 84' lang='lat' dir='ltr'><strong>care,</strong></span> <span class='ocrx_word' id='word_1_595' title='bbox 2297 3504 2436 3570; x_wconf 88' lang='lat' dir='ltr'><strong>quod</strong></span> <span class='ocrx_word' id='word_1_596' title='bbox 2472 3506 2674 3574; x_wconf 87' lang='lat' dir='ltr'><strong>priora,</strong></span> <span class='ocrx_word' id='word_1_597' title='bbox 2731 3527 2751 3559; x_wconf 75' lang='lat' dir='ltr'><strong>r</strong></span> <span class='ocrx_word' id='word_1_598' title='bbox 2778 3517 3137 3581; x_wconf 89' lang='lat' dir='ltr'><strong>eratqnando</strong></span> <span class='ocrx_word' id='word_1_599' title='bbox 3181 3533 3286 3572; x_wconf 85' lang='lat' dir='ltr'><strong>non</strong></span> <span class='ocrx_word' id='word_1_600' title='bbox 3331 3531 3473 3574; x_wconf 89' lang='lat' dir='ltr'><strong>erat.</strong></span> <span class='ocrx_word' id='word_1_601' title='bbox 3500 3541 3521 3574; x_wconf 73' lang='grc' dir='ltr'><strong><em>ι</em></strong></span> <span class='ocrx_word' id='word_1_602' title='bbox 3559 3522 3685 3577; x_wconf 85' lang='lat' dir='ltr'><strong>Nam</strong></span> 
     </span>
    </p>
   </div>
   <div class='ocr_carea' id='block_1_80' title="bbox 2116 3594 3689 3670">
    <p class='ocr_par' dir='ltr' id='par_1_80' title="bbox 2116 3594 3689 3670">
     <span class='ocr_line' id='line_1_80' title="bbox 2116 3594 3689 3670; baseline 0.016 -26"><span class='ocrx_word' id='word_1_603' title='bbox 2116 3594 2264 3661; x_wconf 89' lang='lat' dir='ltr'><strong>prior</strong></span> <span class='ocrx_word' id='word_1_604' title='bbox 2304 3600 2568 3652; x_wconf 86' lang='lat' dir='ltr'><strong>sententia</strong></span> <span class='ocrx_word' id='word_1_605' title='bbox 2607 3599 2728 3655; x_wconf 88' lang='lat' dir='ltr'><strong>Filii</strong></span> <span class='ocrx_word' id='word_1_606' title='bbox 2767 3605 3101 3662; x_wconf 73' lang='lat' dir='ltr'><strong>exsistentia:</strong></span> <span class='ocrx_word' id='word_1_607' title='bbox 3148 3609 3362 3664; x_wconf 89' lang='lat' dir='ltr'><strong>initium</strong></span> <span class='ocrx_word' id='word_1_608' title='bbox 3411 3613 3689 3670; x_wconf 83' lang='lat' dir='ltr'><strong>indefinite</strong></span> 
     </span>
    </p>
   </div>
   <div class='ocr_carea' id='block_1_81' title="bbox 2119 3683 3680 3769">
    <p class='ocr_par' dir='ltr' id='par_1_81' title="bbox 2119 3683 3680 3769">
     <span class='ocr_line' id='line_1_81' title="bbox 2119 3683 3680 3769; baseline 0.017 -35"><span class='ocrx_word' id='word_1_609' title='bbox 2119 3683 2336 3750; x_wconf 90' lang='lat' dir='ltr'><strong>tribuit;</strong></span> <span class='ocrx_word' id='word_1_610' title='bbox 2382 3687 2549 3741; x_wconf 90' lang='lat' dir='ltr'><strong>altera</strong></span> <span class='ocrx_word' id='word_1_611' title='bbox 2582 3703 2835 3757; x_wconf 87' lang='lat' dir='ltr'><strong>punctum</strong></span> <span class='ocrx_word' id='word_1_612' title='bbox 2870 3696 3064 3764; x_wconf 90' lang='lat' dir='ltr'><strong>ipsmn,</strong></span> <span class='ocrx_word' id='word_1_613' title='bbox 3094 3709 3149 3751; x_wconf 90' lang='lat' dir='ltr'><strong>ut</strong></span> <span class='ocrx_word' id='word_1_614' title='bbox 3194 3701 3267 3754; x_wconf 89' lang='lat' dir='ltr'><strong>ita</strong></span> <span class='ocrx_word' id='word_1_615' title='bbox 3302 3702 3502 3769; x_wconf 89' lang='lat' dir='ltr'><strong>dicam,</strong></span> <span class='ocrx_word' id='word_1_616' title='bbox 3549 3706 3680 3760; x_wconf 90' lang='lat' dir='ltr'><strong>initii</strong></span> 
     </span>
    </p>
   </div>
   <div class='ocr_carea' id='block_1_82' title="bbox 2116 3773 3687 3862">
    <p class='ocr_par' dir='ltr' id='par_1_82' title="bbox 2116 3773 3687 3862">
     <span class='ocr_line' id='line_1_82' title="bbox 2116 3773 3687 3862; baseline 0.017 -36"><span class='ocrx_word' id='word_1_617' title='bbox 2116 3773 2259 3828; x_wconf 89' lang='lat' dir='ltr'><strong>illius</strong></span> <span class='ocrx_word' id='word_1_618' title='bbox 2279 3778 2545 3847; x_wconf 81' lang='lat' dir='ltr'><strong>designat.</strong></span> <span class='ocrx_word' id='word_1_619' title='bbox 2571 3781 2828 3851; x_wconf 86' lang='lat' dir='ltr'><strong>Equidem</strong></span> <span class='ocrx_word' id='word_1_620' title='bbox 2852 3801 3044 3843; x_wconf 89' lang='lat' dir='ltr'><strong>sensus</strong></span> <span class='ocrx_word' id='word_1_621' title='bbox 3076 3790 3126 3843; x_wconf 90' lang='lat' dir='ltr'><strong>in</strong></span> <span class='ocrx_word' id='word_1_622' title='bbox 3156 3792 3338 3846; x_wconf 87' lang='lat' dir='ltr'><strong>verbis</strong></span> <span class='ocrx_word' id='word_1_623' title='bbox 3375 3797 3687 3862; x_wconf 83' lang='lat' dir='ltr'><strong>posteriori-</strong></span> 
     </span>
    </p>
   </div>
   <div class='ocr_carea' id='block_1_83' title="bbox 2117 3865 3681 3955">
    <p class='ocr_par' dir='ltr' id='par_1_83' title="bbox 2117 3865 3681 3955">
     <span class='ocr_line' id='line_1_83' title="bbox 2117 3865 3681 3955; baseline 0.015 -37"><span class='ocrx_word' id='word_1_624' title='bbox 2117 3865 2216 3918; x_wconf 87' lang='lat' dir='ltr'><strong>bus</strong></span> <span class='ocrx_word' id='word_1_625' title='bbox 2242 3866 2392 3934; x_wconf 89' lang='lat' dir='ltr'><strong>latet,</strong></span> <span class='ocrx_word' id='word_1_626' title='bbox 2421 3871 2514 3938; x_wconf 90' lang='lat' dir='ltr'><strong>qui</strong></span> <span class='ocrx_word' id='word_1_627' title='bbox 2560 3873 2723 3926; x_wconf 89' lang='lat' dir='ltr'><strong>etiam</strong></span> <span class='ocrx_word' id='word_1_628' title='bbox 2752 3874 2956 3932; x_wconf 88' lang='lat' dir='ltr'><strong>Petavii</strong></span> <span class='ocrx_word' id='word_1_629' title='bbox 2994 3895 3218 3935; x_wconf 90' lang='lat' dir='ltr'><strong>acumen</strong></span> <span class='ocrx_word' id='word_1_630' title='bbox 3265 3883 3438 3954; x_wconf 80' lang='lat' dir='ltr'><strong>fugit;</strong></span> <span class='ocrx_word' id='word_1_631' title='bbox 3467 3886 3681 3955; x_wconf 86' lang='lat' dir='ltr'><strong>quinam</strong></span> 
     </span>
    </p>
   </div>
   <div class='ocr_carea' id='block_1_84' title="bbox 2114 3959 3683 4048">
    <p class='ocr_par' dir='ltr' id='par_1_84' title="bbox 2114 3959 3683 4048">
     <span class='ocr_line' id='line_1_84' title="bbox 2114 3959 3683 4048; baseline 0.018 -40"><span class='ocrx_word' id='word_1_632' title='bbox 2114 3971 2245 4010; x_wconf 85' lang='lat' dir='ltr'><strong>vero</strong></span> <span class='ocrx_word' id='word_1_633' title='bbox 2275 3959 2363 4013; x_wconf 91' lang='lat' dir='ltr'><strong>ille</strong></span> <span class='ocrx_word' id='word_1_634' title='bbox 2389 3961 2482 4027; x_wconf 90' lang='lat' dir='ltr'><strong>sit,</strong></span> <span class='ocrx_word' id='word_1_635' title='bbox 2512 3961 2650 4018; x_wconf 88' lang='lat' dir='ltr'><strong>infra</strong></span> <span class='ocrx_word' id='word_1_636' title='bbox 2707 3971 3058 4025; x_wconf 85' lang='lat' dir='ltr'><strong>eommodiori</strong></span> <span class='ocrx_word' id='word_1_637' title='bbox 3100 3973 3218 4028; x_wconf 90' lang='lat' dir='ltr'><strong>loco</strong></span> <span class='ocrx_word' id='word_1_638' title='bbox 3253 3975 3375 4031; x_wconf 86' lang='lat' dir='ltr'><strong>fuse</strong></span> <span class='ocrx_word' id='word_1_639' title='bbox 3406 3979 3683 4048; x_wconf 81' lang='lat' dir='ltr'><strong>explicabi-</strong></span> 
     </span>
    </p>
   </div>
   <div class='ocr_carea' id='block_1_85' title="bbox 2116 4051 3678 4140">
    <p class='ocr_par' dir='ltr' id='par_1_85' title="bbox 2116 4051 3678 4140">
     <span class='ocr_line' id='line_1_85' title="bbox 2116 4051 3678 4140; baseline 0.019 -40"><span class='ocrx_word' id='word_1_640' title='bbox 2116 4065 2256 4103; x_wconf 88' lang='lat' dir='ltr'><strong>mus.</strong></span> <span class='ocrx_word' id='word_1_641' title='bbox 2308 4051 2492 4122; x_wconf 80' lang='lat' dir='ltr'><strong>Neque</strong></span> <span class='ocrx_word' id='word_1_642' title='bbox 2539 4071 2723 4111; x_wconf 89' lang='lat' dir='ltr'><strong>verum</strong></span> <span class='ocrx_word' id='word_1_643' title='bbox 2765 4070 2847 4114; x_wconf 92' lang='lat' dir='ltr'><strong>est</strong></span> <span class='ocrx_word' id='word_1_644' title='bbox 2881 4062 2932 4114; x_wconf 92' lang='lat' dir='ltr'><strong>in</strong></span> <span class='ocrx_word' id='word_1_645' title='bbox 2979 4067 3160 4121; x_wconf 88' lang='lat' dir='ltr'><strong>verbis</strong></span> <span class='ocrx_word' id='word_1_646' title='bbox 3204 4073 3678 4140; x_wconf 87' lang='lat' dir='ltr'><strong>consequentibus,</strong></span> 
     </span>
    </p>
   </div>
   <div class='ocr_carea' id='block_1_86' title="bbox 2118 4143 3680 4225">
    <p class='ocr_par' dir='ltr' id='par_1_86' title="bbox 2118 4143 3680 4225">
     <span class='ocr_line' id='line_1_86' title="bbox 2118 4143 3680 4225; baseline 0.02 -36"><span class='ocrx_word' id='word_1_647' title='bbox 2118 4143 2285 4208; x_wconf 71' lang='lat' dir='ltr'><strong>«quia</strong></span> <span class='ocrx_word' id='word_1_648' title='bbox 2344 4158 2409 4196; x_wconf 86' lang='lat' dir='ltr'><strong>ex</strong></span> <span class='ocrx_word' id='word_1_649' title='bbox 2462 4146 2622 4202; x_wconf 77' lang='lat' dir='ltr'><strong>nullis</strong></span> <span class='ocrx_word' id='word_1_650' title='bbox 2669 4150 3039 4208; x_wconf 79' lang='lat' dir='ltr'><strong>substantibus</strong></span> <span class='ocrx_word' id='word_1_651' title='bbox 3082 4156 3254 4214; x_wconf 87' lang='lat' dir='ltr'><strong>factus</strong></span> <span class='ocrx_word' id='word_1_652' title='bbox 3302 4170 3453 4225; x_wconf 64' lang='lat' dir='ltr'><strong>est,»</strong></span> <span class='ocrx_word' id='word_1_653' title='bbox 3501 4179 3680 4219; x_wconf 89' lang='lat' dir='ltr'><strong>rursus</strong></span> 
     </span>
    </p>
   </div>
   <div class='ocr_carea' id='block_1_87' title="bbox 2115 4231 3677 4315">
    <p class='ocr_par' dir='ltr' id='par_1_87' title="bbox 2115 4231 3677 4315">
     <span class='ocr_line' id='line_1_87' title="bbox 2115 4231 3677 4315; baseline 0.017 -32"><span class='ocrx_word' id='word_1_654' title='bbox 2115 4231 2252 4285; x_wconf 74' lang='lat' dir='ltr'><strong>idem</strong></span> <span class='ocrx_word' id='word_1_655' title='bbox 2290 4234 2445 4301; x_wconf 82' lang='lat' dir='ltr'><strong>plane</strong></span> <span class='ocrx_word' id='word_1_656' title='bbox 2487 4240 2678 4306; x_wconf 85' lang='lat' dir='ltr'><strong>repeti.</strong></span> <span class='ocrx_word' id='word_1_657' title='bbox 2706 4239 2838 4295; x_wconf 86' lang='lat' dir='ltr'><strong>Nam</strong></span> <span class='ocrx_word' id='word_1_658' title='bbox 2869 4261 2934 4296; x_wconf 80' lang='lat' dir='ltr'><strong>ex</strong></span> <span class='ocrx_word' id='word_1_659' title='bbox 2969 4260 3130 4315; x_wconf 77' lang='lat' dir='ltr'><strong>grege</strong></span> <span class='ocrx_word' id='word_1_660' title='bbox 3174 4249 3506 4309; x_wconf 79' lang='lat' dir='ltr'><strong>Arianorum</strong></span> <span class='ocrx_word' id='word_1_661' title='bbox 3534 4255 3677 4311; x_wconf 91' lang='lat' dir='ltr'><strong>fuere</strong></span> 
     </span>
    </p>
   </div>
   <div class='ocr_carea' id='block_1_88' title="bbox 2113 4325 3672 4415">
    <p class='ocr_par' dir='ltr' id='par_1_88' title="bbox 2113 4325 3672 4415">
     <span class='ocr_line' id='line_1_88' title="bbox 2113 4325 3672 4415; baseline 0.017 -41"><span class='ocrx_word' id='word_1_662' title='bbox 2113 4325 2356 4378; x_wconf 86' lang='lat' dir='ltr'><strong>nonnulli</strong></span> <span class='ocrx_word' id='word_1_663' title='bbox 2400 4329 2540 4396; x_wconf 90' lang='lat' dir='ltr'><strong>(ipso</strong></span> <span class='ocrx_word' id='word_1_664' title='bbox 2581 4332 2798 4388; x_wconf 84' lang='lat' dir='ltr'><strong>Petavio</strong></span> <span class='ocrx_word' id='word_1_665' title='bbox 2823 4336 2950 4388; x_wconf 86' lang='lat' dir='ltr'><strong>alibi</strong></span> <span class='ocrx_word' id='word_1_666' title='bbox 2978 4338 3029 4390; x_wconf 90' lang='lat' dir='ltr'><strong>id</strong></span> <span class='ocrx_word' id='word_1_667' title='bbox 3058 4342 3303 4412; x_wconf 84' lang='lat' dir='ltr'><strong>notante)</strong></span> <span class='ocrx_word' id='word_1_668' title='bbox 3336 4359 3472 4412; x_wconf 91' lang='lat' dir='ltr'><strong>quos</strong></span> <span class='ocrx_word' id='word_1_669' title='bbox 3501 4359 3672 4415; x_wconf 88' lang='lat' dir='ltr'><strong>postea</strong></span> 
     </span>
    </p>
   </div>
   <div class='ocr_carea' id='block_1_89' title="bbox 2111 4414 3674 4493">
    <p class='ocr_par' dir='ltr' id='par_1_89' title="bbox 2111 4414 3674 4493">
     <span class='ocr_line' id='line_1_89' title="bbox 2111 4414 3674 4493; baseline 0.015 -25"><span class='ocrx_word' id='word_1_670' title='bbox 2111 4414 2502 4488; x_wconf 86' lang='lat' dir='ltr'><strong>Psathyrianos</strong></span> <span class='ocrx_word' id='word_1_671' title='bbox 2526 4424 2823 4492; x_wconf 84' lang='lat' dir='ltr'><strong>appellatos</strong></span> <span class='ocrx_word' id='word_1_672' title='bbox 2855 4426 3025 4482; x_wconf 85' lang='lat' dir='ltr'><strong>fuisse</strong></span> <span class='ocrx_word' id='word_1_673' title='bbox 3067 4433 3258 4486; x_wconf 90' lang='lat' dir='ltr'><strong>scribit</strong></span> <span class='ocrx_word' id='word_1_674' title='bbox 3304 4435 3358 4487; x_wconf 92' lang='lat' dir='ltr'><strong>in</strong></span> <span class='ocrx_word' id='word_1_675' title='bbox 3407 4453 3463 4490; x_wconf 86' lang='lat' dir='ltr'><strong>tv</strong></span> <span class='ocrx_word' id='word_1_676' title='bbox 3487 4414 3577 4493; x_wconf 88' lang='lat' dir='ltr'><strong>lib.</strong></span> <span class='ocrx_word' id='word_1_677' title='bbox 3603 4437 3674 4492; x_wconf 70' lang='lat' dir='ltr'><strong>De</strong></span> 
     </span>
    </p>
   </div>
   <div class='ocr_carea' id='block_1_90' title="bbox 2114 4509 3672 4589">
    <p class='ocr_par' dir='ltr' id='par_1_90' title="bbox 2114 4509 3672 4589">
     <span class='ocr_line' id='line_1_90' title="bbox 2114 4509 3672 4589; baseline 0.016 -28"><span class='ocrx_word' id='word_1_678' title='bbox 2114 4509 2300 4564; x_wconf 72' lang='lat' dir='ltr'><strong>limes.</strong></span> <span class='ocrx_word' id='word_1_679' title='bbox 2330 4513 2722 4581; x_wconf 85' lang='lat' dir='ltr'><strong>Thcodoretus,</strong></span> <span class='ocrx_word' id='word_1_680' title='bbox 2767 4520 2857 4589; x_wconf 94' lang='lat' dir='ltr'><strong>qui</strong></span> <span class='ocrx_word' id='word_1_681' title='bbox 2889 4530 2946 4574; x_wconf 95' lang='lat' dir='ltr'><strong>ut</strong></span> <span class='ocrx_word' id='word_1_682' title='bbox 2977 4522 3190 4578; x_wconf 86' lang='lat' dir='ltr'><strong>Patrem</strong></span> <span class='ocrx_word' id='word_1_683' title='bbox 3219 4529 3502 4584; x_wconf 85' lang='lat' dir='ltr'><strong>exstitisse</strong></span> <span class='ocrx_word' id='word_1_684' title='bbox 3541 4545 3672 4584; x_wconf 87' lang='lat' dir='ltr'><strong>sem-</strong></span> 
     </span>
    </p>
   </div>
   <div class='ocr_carea' id='block_1_91' title="bbox 439 4589 2019 4676">
    <p class='ocr_par' dir='ltr' id='par_1_91' title="bbox 439 4589 2004 4674">
     <span class='ocr_line' id='line_1_91' title="bbox 439 4589 2004 4674; baseline 0.019 -34"><span class='ocrx_word' id='word_1_685' title='bbox 439 4589 686 4643; x_wconf 85' lang='lat' dir='ltr'><strong>eamdem</strong></span> <span class='ocrx_word' id='word_1_686' title='bbox 714 4594 904 4648; x_wconf 78' lang='grc' dir='ltr'>οὑσίαν</span> <span class='ocrx_word' id='word_1_687' title='bbox 932 4599 984 4652; x_wconf 93' lang='lat' dir='ltr'><strong>in</strong></span> <span class='ocrx_word' id='word_1_688' title='bbox 1015 4611 1244 4671; x_wconf 86' lang='lat' dir='ltr'><strong>utroque</strong></span> <span class='ocrx_word' id='word_1_689' title='bbox 1282 4622 1400 4663; x_wconf 86' lang='lat' dir='ltr'><strong>esse</strong></span> <span class='ocrx_word' id='word_1_690' title='bbox 1431 4620 1697 4674; x_wconf 86' lang='lat' dir='ltr'><strong>statuunt,</strong></span> <span class='ocrx_word' id='word_1_691' title='bbox 1729 4617 1822 4668; x_wconf 86' lang='lat' dir='ltr'><strong>sed</strong></span> <span class='ocrx_word' id='word_1_692' title='bbox 1869 4617 2004 4670; x_wconf 85' lang='lat' dir='ltr'><strong>duas</strong></span> 
     </span>
    </p>
   </div>
   <div class='ocr_carea' id='block_1_92' title="bbox 2122 4589 3668 4676">
    <p class='ocr_par' dir='ltr' id='par_1_92' title="bbox 2122 4602 3668 4676">
     <span class='ocr_line' id='line_1_92' title="bbox 2122 4602 3668 4676; baseline 0.014 -22"><span class='ocrx_word' id='word_1_693' title='bbox 2122 4617 2226 4669; x_wconf 71' lang='lat' dir='ltr'><strong>per,</strong></span> <span class='ocrx_word' id='word_1_694' title='bbox 2259 4602 2331 4656; x_wconf 88' lang='lat' dir='ltr'><strong>ita</strong></span> <span class='ocrx_word' id='word_1_695' title='bbox 2376 4603 2568 4658; x_wconf 84' lang='lat' dir='ltr'><strong>Filium</strong></span> <span class='ocrx_word' id='word_1_696' title='bbox 2596 4621 2809 4676; x_wconf 90' lang='lat' dir='ltr'><strong>semper</strong></span> <span class='ocrx_word' id='word_1_697' title='bbox 2850 4611 2917 4663; x_wconf 89' lang='lat' dir='ltr'><strong>ab</strong></span> <span class='ocrx_word' id='word_1_698' title='bbox 2951 4626 3014 4666; x_wconf 91' lang='lat' dir='ltr'><strong>eo</strong></span> <span class='ocrx_word' id='word_1_699' title='bbox 3040 4625 3284 4668; x_wconf 81' lang='lat' dir='ltr'><strong>creatum</strong></span> <span class='ocrx_word' id='word_1_700' title='bbox 3320 4616 3492 4672; x_wconf 88' lang='lat' dir='ltr'><strong>fuisse</strong></span> <span class='ocrx_word' id='word_1_701' title='bbox 3535 4621 3668 4674; x_wconf 81' lang='lat' dir='ltr'><strong>dire-</strong></span> 
     </span>
    </p>
   </div>
   <div class='ocr_carea' id='block_1_93' title="bbox 436 4675 2005 4766">
    <p class='ocr_par' dir='ltr' id='par_1_93' title="bbox 436 4675 2005 4766">
     <span class='ocr_line' id='line_1_93' title="bbox 436 4675 2005 4766; baseline 0.02 -38"><span class='ocrx_word' id='word_1_702' title='bbox 436 4675 584 4730; x_wconf 84' lang='lat' dir='ltr'><strong>inter</strong></span> <span class='ocrx_word' id='word_1_703' title='bbox 610 4695 670 4735; x_wconf 84' lang='lat' dir='ltr'><strong>se</strong></span> <span class='ocrx_word' id='word_1_704' title='bbox 695 4683 920 4740; x_wconf 84' lang='lat' dir='ltr'><strong>similes.</strong></span> <span class='ocrx_word' id='word_1_705' title='bbox 943 4707 960 4738; x_wconf 78' lang='grc' dir='ltr'><strong><em>ι</em></strong></span> <span class='ocrx_word' id='word_1_706' title='bbox 993 4689 1284 4763; x_wconf 86' lang='lat' dir='ltr'><strong>Utramque</strong></span> <span class='ocrx_word' id='word_1_707' title='bbox 1317 4696 1498 4766; x_wconf 86' lang='lat' dir='ltr'><strong>itaque</strong></span> <span class='ocrx_word' id='word_1_708' title='bbox 1532 4700 1820 4758; x_wconf 75' lang='lat' dir='ltr'><strong>factionem</strong></span> <span class='ocrx_word' id='word_1_709' title='bbox 1850 4707 2005 4759; x_wconf 89' lang='lat' dir='ltr'><strong>Aria-</strong></span> 
     </span>
    </p>
   </div>
   <div class='ocr_carea' id='block_1_94' title="bbox 435 4769 1999 4868">
    <p class='ocr_par' dir='ltr' id='par_1_94' title="bbox 435 4769 1999 4868">
     <span class='ocr_line' id='line_1_94' title="bbox 435 4769 1999 4868; baseline 0.02 -49"><span class='ocrx_word' id='word_1_710' title='bbox 435 4781 632 4823; x_wconf 82' lang='lat' dir='ltr'><strong>norum</strong></span> <span class='ocrx_word' id='word_1_711' title='bbox 652 4769 1056 4836; x_wconf 86' lang='lat' dir='ltr'><strong>feriuntPatres</strong></span> <span class='ocrx_word' id='word_1_712' title='bbox 1077 4781 1277 4838; x_wconf 67' lang='lat' dir='ltr'><strong>Nicaeui</strong></span> <span class='ocrx_word' id='word_1_713' title='bbox 1308 4788 1360 4839; x_wconf 92' lang='lat' dir='ltr'><strong>in</strong></span> <span class='ocrx_word' id='word_1_714' title='bbox 1392 4791 1571 4845; x_wconf 89' lang='lat' dir='ltr'><strong>verbis</strong></span> <span class='ocrx_word' id='word_1_715' title='bbox 1599 4792 1724 4860; x_wconf 90' lang='lat' dir='ltr'><strong>illis,</strong></span> <span class='ocrx_word' id='word_1_716' title='bbox 1753 4795 1811 4861; x_wconf 81' lang='grc' dir='ltr'>ἐξ</span> <span class='ocrx_word' id='word_1_717' title='bbox 1832 4796 1999 4868; x_wconf 76' lang='grc' dir='ltr'><strong>ἄλλης</strong></span> 
     </span>
    </p>
   </div>
   <div class='ocr_carea' id='block_1_95' title="bbox 436 4858 2001 4954">
    <p class='ocr_par' dir='ltr' id='par_1_95' title="bbox 436 4858 2001 4954">
     <span class='ocr_line' id='line_1_95' title="bbox 436 4858 2001 4954; baseline 0.022 -45"><span class='ocrx_word' id='word_1_718' title='bbox 436 4858 806 4929; x_wconf 80' lang='grc' dir='ltr'><strong>ὑποστάσεως,</strong></span> <span class='ocrx_word' id='word_1_719' title='bbox 839 4867 870 4938; x_wconf 82' lang='grc' dir='ltr'>ἢ</span> <span class='ocrx_word' id='word_1_720' title='bbox 909 4870 1124 4935; x_wconf 81' lang='grc' dir='ltr'><strong>οὐσίας·</strong></span> <span class='ocrx_word' id='word_1_721' title='bbox 1162 4892 1352 4944; x_wconf 89' lang='lat' dir='ltr'><strong>nempe</strong></span> <span class='ocrx_word' id='word_1_722' title='bbox 1383 4889 1491 4932; x_wconf 90' lang='lat' dir='ltr'><strong>tum</strong></span> <span class='ocrx_word' id='word_1_723' title='bbox 1518 4882 1655 4948; x_wconf 89' lang='lat' dir='ltr'><strong>illos,</strong></span> <span class='ocrx_word' id='word_1_724' title='bbox 1688 4858 2001 4954; x_wconf 43' lang='lat' dir='ltr'><strong>qui—Filium</strong></span> 
     </span>
    </p>
   </div>
   <div class='ocr_carea' id='block_1_96' title="bbox 434 4959 2002 5038">
    <p class='ocr_par' dir='ltr' id='par_1_96' title="bbox 434 4959 2002 5038">
     <span class='ocr_line' id='line_1_96' title="bbox 434 4959 2002 5038; baseline 0.019 -34"><span class='ocrx_word' id='word_1_725' title='bbox 434 4965 500 5005; x_wconf 82' lang='lat' dir='ltr'><strong>ex</strong></span> <span class='ocrx_word' id='word_1_726' title='bbox 519 4969 760 5026; x_wconf 75' lang='lat' dir='ltr'><strong>persona</strong></span> <span class='ocrx_word' id='word_1_727' title='bbox 799 4959 972 5017; x_wconf 90' lang='lat' dir='ltr'><strong>Patris</strong></span> <span class='ocrx_word' id='word_1_728' title='bbox 998 4965 1112 5018; x_wconf 90' lang='lat' dir='ltr'><strong>sive</strong></span> <span class='ocrx_word' id='word_1_729' title='bbox 1137 4980 1204 5019; x_wconf 75' lang='lat' dir='ltr'><strong>ex</strong></span> <span class='ocrx_word' id='word_1_730' title='bbox 1239 4968 1353 5038; x_wconf 84' lang='lat' dir='ltr'><strong>ipso</strong></span> <span class='ocrx_word' id='word_1_731' title='bbox 1384 4969 1545 5026; x_wconf 83' lang='lat' dir='ltr'><strong>Patre</strong></span> <span class='ocrx_word' id='word_1_732' title='bbox 1579 4974 1687 5028; x_wconf 89' lang='lat' dir='ltr'><strong>ullo</strong></span> <span class='ocrx_word' id='word_1_733' title='bbox 1713 4980 1872 5032; x_wconf 88' lang='lat' dir='ltr'><strong>modo</strong></span> <span class='ocrx_word' id='word_1_734' title='bbox 1905 4995 2002 5033; x_wconf 83' lang='lat' dir='ltr'><strong>na-</strong></span> 
     </span>
    </p>
   </div>
   <div class='ocr_carea' id='block_1_97' title="bbox 435 5045 1996 5126">
    <p class='ocr_par' dir='ltr' id='par_1_97' title="bbox 435 5045 1996 5126">
     <span class='ocr_line' id='line_1_97' title="bbox 435 5045 1996 5126; baseline 0.02 -31"><span class='ocrx_word' id='word_1_735' title='bbox 435 5053 548 5096; x_wconf 86' lang='lat' dir='ltr'><strong>tum</strong></span> <span class='ocrx_word' id='word_1_736' title='bbox 571 5045 736 5102; x_wconf 84' lang='lat' dir='ltr'><strong>fuisse</strong></span> <span class='ocrx_word' id='word_1_737' title='bbox 761 5055 1048 5121; x_wconf 85' lang='lat' dir='ltr'><strong>negabant,</strong></span> <span class='ocrx_word' id='word_1_738' title='bbox 1077 5069 1130 5112; x_wconf 89' lang='lat' dir='ltr'><strong>et</strong></span> <span class='ocrx_word' id='word_1_739' title='bbox 1167 5077 1231 5113; x_wconf 81' lang='lat' dir='ltr'><strong>ex</strong></span> <span class='ocrx_word' id='word_1_740' title='bbox 1271 5062 1436 5116; x_wconf 86' lang='lat' dir='ltr'><strong>nihilo</strong></span> <span class='ocrx_word' id='word_1_741' title='bbox 1477 5065 1677 5121; x_wconf 87' lang='lat' dir='ltr'><strong>factum</strong></span> <span class='ocrx_word' id='word_1_742' title='bbox 1699 5070 1955 5126; x_wconf 89' lang='lat' dir='ltr'><strong>dicebant</strong></span> <span class='ocrx_word' id='word_1_743' title='bbox 1981 5091 1996 5126; x_wconf 90' lang='lat'><strong>:</strong></span> 
     </span>
    </p>
   </div>
   <div class='ocr_carea' id='block_1_98' title="bbox 434 5139 1997 5231">
    <p class='ocr_par' dir='ltr' id='par_1_98' title="bbox 434 5139 1997 5231">
     <span class='ocr_line' id='line_1_98' title="bbox 434 5139 1997 5231; baseline 0.02 -42"><span class='ocrx_word' id='word_1_744' title='bbox 434 5147 547 5190; x_wconf 88' lang='lat' dir='ltr'><strong>tum</strong></span> <span class='ocrx_word' id='word_1_745' title='bbox 571 5139 732 5194; x_wconf 86' lang='lat' dir='ltr'><strong>etiam</strong></span> <span class='ocrx_word' id='word_1_746' title='bbox 761 5157 874 5208; x_wconf 92' lang='lat' dir='ltr'><strong>eos,</strong></span> <span class='ocrx_word' id='word_1_747' title='bbox 927 5149 1018 5216; x_wconf 91' lang='lat' dir='ltr'><strong>qui</strong></span> <span class='ocrx_word' id='word_1_748' title='bbox 1070 5150 1264 5205; x_wconf 83' lang='lat' dir='ltr'><strong>Filium</strong></span> <span class='ocrx_word' id='word_1_749' title='bbox 1311 5170 1376 5208; x_wconf 84' lang='lat' dir='ltr'><strong>ex</strong></span> <span class='ocrx_word' id='word_1_750' title='bbox 1409 5156 1523 5223; x_wconf 90' lang='lat' dir='ltr'><strong>ipso</strong></span> <span class='ocrx_word' id='word_1_751' title='bbox 1553 5158 1710 5214; x_wconf 84' lang='lat' dir='ltr'><strong>Patre</strong></span> <span class='ocrx_word' id='word_1_752' title='bbox 1743 5166 1997 5231; x_wconf 85' lang='lat' dir='ltr'><strong>peculiari</strong></span> 
     </span>
    </p>
   </div>
   <div class='ocr_carea' id='block_1_99' title="bbox 431 5228 2000 5317">
    <p class='ocr_par' dir='ltr' id='par_1_99' title="bbox 431 5228 2000 5317">
     <span class='ocr_line' id='line_1_99' title="bbox 431 5228 2000 5317; baseline 0.02 -39"><span class='ocrx_word' id='word_1_753' title='bbox 431 5228 591 5281; x_wconf 84' lang='lat' dir='ltr'><strong>modo</strong></span> <span class='ocrx_word' id='word_1_754' title='bbox 619 5241 800 5286; x_wconf 90' lang='lat' dir='ltr'><strong>natum</strong></span> <span class='ocrx_word' id='word_1_755' title='bbox 845 5251 966 5288; x_wconf 90' lang='lat' dir='ltr'><strong>cum</strong></span> <span class='ocrx_word' id='word_1_756' title='bbox 995 5238 1320 5310; x_wconf 90' lang='lat' dir='ltr'><strong>faterentur;</strong></span> <span class='ocrx_word' id='word_1_757' title='bbox 1373 5257 1548 5302; x_wconf 89' lang='lat' dir='ltr'><strong>tamen</strong></span> <span class='ocrx_word' id='word_1_758' title='bbox 1589 5249 1647 5315; x_wconf 74' lang='grc' dir='ltr'>ἐξ</span> <span class='ocrx_word' id='word_1_759' title='bbox 1685 5253 1874 5317; x_wconf 78' lang='grc' dir='ltr'>οὐσίας</span> <span class='ocrx_word' id='word_1_760' title='bbox 1911 5273 1930 5306; x_wconf 73' lang='grc' dir='ltr'>ι</span> <span class='ocrx_word' id='word_1_761' title='bbox 1969 5272 2000 5310; x_wconf 92' lang='lat' dir='ltr'><strong>e</strong></span> 
     </span>
    </p>
   </div>
   <div class='ocr_carea' id='block_1_100' title="bbox 430 5319 1995 5408">
    <p class='ocr_par' dir='ltr' id='par_1_100' title="bbox 430 5319 1995 5408">
     <span class='ocr_line' id='line_1_100' title="bbox 430 5319 1995 5408; baseline 0.02 -40"><span class='ocrx_word' id='word_1_762' title='bbox 430 5319 734 5406; x_wconf 54' lang='lat' dir='ltr'><strong>sitbstantia</strong></span> <span class='ocrx_word' id='word_1_763' title='bbox 773 5343 792 5375; x_wconf 85' lang='grc'>›</span> <span class='ocrx_word' id='word_1_764' title='bbox 822 5325 998 5382; x_wconf 84' lang='lat' dir='ltr'><strong>Patris</strong></span> <span class='ocrx_word' id='word_1_765' title='bbox 1041 5335 1396 5402; x_wconf 87' lang='lat' dir='ltr'><strong>progenitum,</strong></span> <span class='ocrx_word' id='word_1_766' title='bbox 1455 5353 1520 5392; x_wconf 87' lang='lat' dir='ltr'><strong>ac</strong></span> <span class='ocrx_word' id='word_1_767' title='bbox 1571 5343 1794 5408; x_wconf 89' lang='lat' dir='ltr'><strong>proinde</strong></span> <span class='ocrx_word' id='word_1_768' title='bbox 1847 5343 1995 5400; x_wconf 87' lang='lat' dir='ltr'><strong>Patri</strong></span> 
     </span>
    </p>
   </div>
   <div class='ocr_carea' id='block_1_101' title="bbox 431 5387 1998 5492">
    <p class='ocr_par' dir='ltr' id='par_1_101' title="bbox 431 5387 1998 5492">
     <span class='ocr_line' id='line_1_101' title="bbox 1042 5387 1994 5408; baseline 0.001 -9"><span class='ocrx_word' id='word_1_769' title='bbox 1042 5387 1056 5399; x_wconf 91' lang='lat'><strong>.</strong></span> <span class='ocrx_word' id='word_1_770' title='bbox 1139 5387 1170 5402; x_wconf 76' lang='grc' dir='ltr'><strong><em>υ</em></strong></span> <span class='ocrx_word' id='word_1_771' title='bbox 1383 5387 1396 5402; x_wconf 83' lang='grc'>,</span> <span class='ocrx_word' id='word_1_772' title='bbox 1458 5387 1517 5392; x_wconf 58' lang='grc' dir='ltr'><strong>η-</strong></span> <span class='ocrx_word' id='word_1_773' title='bbox 1572 5387 1794 5408; x_wconf 60' lang='grc' dir='ltr'><strong>τ---..-...,</strong></span> <span class='ocrx_word' id='word_1_774' title='bbox 1847 5387 1994 5400; x_wconf 88' lang='grc'><strong>-.....</strong></span> 
     </span>
     <span class='ocr_line' id='line_1_102' title="bbox 431 5387 1998 5492; baseline 0.019 -30"><span class='ocrx_word' id='word_1_775' title='bbox 431 5387 713 5478; x_wconf 65' lang='grc' dir='ltr'>ὸξιοούσιον</span> <span class='ocrx_word' id='word_1_776' title='bbox 743 5409 1123 5489; x_wconf 73' lang='lat' dir='ltr'><strong>pertiegabant.</strong></span> <span class='ocrx_word' id='word_1_777' title='bbox 1169 5423 1238 5478; x_wconf 90' lang='lat' dir='ltr'><strong>Ut</strong></span> <span class='ocrx_word' id='word_1_778' title='bbox 1285 5443 1394 5480; x_wconf 90' lang='lat' dir='ltr'><strong>rem</strong></span> <span class='ocrx_word' id='word_1_779' title='bbox 1440 5442 1592 5484; x_wconf 60' lang='lat' dir='ltr'><strong>extra</strong></span> <span class='ocrx_word' id='word_1_780' title='bbox 1621 5448 1832 5488; x_wconf 81' lang='lat' dir='ltr'><strong>oinnem</strong></span> <span class='ocrx_word' id='word_1_781' title='bbox 1869 5454 1998 5492; x_wconf 91' lang='lat' dir='ltr'><strong>con-</strong></span> 
     </span>
    </p>
   </div>
   <div class='ocr_carea' id='block_1_102' title="bbox 433 5505 1998 5596">
    <p class='ocr_par' dir='ltr' id='par_1_102' title="bbox 433 5505 1998 5596">
     <span class='ocr_line' id='line_1_103' title="bbox 433 5505 1998 5596; baseline 0.022 -47"><span class='ocrx_word' id='word_1_782' title='bbox 433 5505 706 5558; x_wconf 73' lang='lat' dir='ltr'><strong>troversiae</strong></span> <span class='ocrx_word' id='word_1_783' title='bbox 749 5507 924 5562; x_wconf 87' lang='lat' dir='ltr'><strong>aleam</strong></span> <span class='ocrx_word' id='word_1_784' title='bbox 975 5528 1191 5580; x_wconf 90' lang='lat' dir='ltr'><strong>ponam,</strong></span> <span class='ocrx_word' id='word_1_785' title='bbox 1235 5519 1500 5575; x_wconf 90' lang='lat' dir='ltr'><strong>confessio</strong></span> <span class='ocrx_word' id='word_1_786' title='bbox 1531 5525 1854 5580; x_wconf 85' lang='lat' dir='ltr'><strong>Arianorum</strong></span> <span class='ocrx_word' id='word_1_787' title='bbox 1903 5544 1998 5596; x_wconf 79' lang='lat' dir='ltr'><strong>per</strong></span> 
     </span>
    </p>
   </div>
   <div class='ocr_carea' id='block_1_103' title="bbox 429 5591 1998 5688">
    <p class='ocr_par' dir='ltr' id='par_1_103' title="bbox 429 5591 1998 5688">
     <span class='ocr_line' id='line_1_104' title="bbox 429 5591 1998 5688; baseline 0.02 -44"><span class='ocrx_word' id='word_1_788' title='bbox 429 5591 640 5658; x_wconf 74' lang='lat' dir='ltr'><strong>Marini,</strong></span> <span class='ocrx_word' id='word_1_789' title='bbox 687 5596 1024 5656; x_wconf 80' lang='lat' dir='ltr'><strong>Theodorum</strong></span> <span class='ocrx_word' id='word_1_790' title='bbox 1059 5617 1112 5659; x_wconf 86' lang='lat' dir='ltr'><strong>et</strong></span> <span class='ocrx_word' id='word_1_791' title='bbox 1153 5608 1388 5664; x_wconf 83' lang='lat' dir='ltr'><strong>Marcum</strong></span> <span class='ocrx_word' id='word_1_792' title='bbox 1432 5613 1715 5670; x_wconf 87' lang='lat' dir='ltr'><strong>Constanti</strong></span> <span class='ocrx_word' id='word_1_793' title='bbox 1771 5619 1998 5688; x_wconf 83' lang='lat' dir='ltr'><strong>impera-</strong></span> 
     </span>
    </p>
   </div>
   <div class='ocr_carea' id='block_1_104' title="bbox 433 5688 1992 5778">
    <p class='ocr_par' dir='ltr' id='par_1_104' title="bbox 433 5688 1992 5778">
     <span class='ocr_line' id='line_1_105' title="bbox 433 5688 1992 5778; baseline 0.02 -41"><span class='ocrx_word' id='word_1_794' title='bbox 433 5688 534 5740; x_wconf 89' lang='lat' dir='ltr'><strong>tori</strong></span> <span class='ocrx_word' id='word_1_795' title='bbox 565 5691 760 5758; x_wconf 90' lang='lat' dir='ltr'><strong>oblata,</strong></span> <span class='ocrx_word' id='word_1_796' title='bbox 787 5696 855 5749; x_wconf 88' lang='lat' dir='ltr'><strong>ab</strong></span> <span class='ocrx_word' id='word_1_797' title='bbox 897 5697 1196 5756; x_wconf 86' lang='lat' dir='ltr'><strong>Athanasio</strong></span> <span class='ocrx_word' id='word_1_798' title='bbox 1243 5705 1337 5758; x_wconf 87' lang='lat' dir='ltr'><strong>lib.</strong></span> <span class='ocrx_word' id='word_1_799' title='bbox 1391 5706 1464 5760; x_wconf 83' lang='lat' dir='ltr'><strong>De</strong></span> <span class='ocrx_word' id='word_1_800' title='bbox 1505 5711 1705 5778; x_wconf 80' lang='lat' dir='ltr'><strong>synodo</strong></span> <span class='ocrx_word' id='word_1_801' title='bbox 1731 5714 1897 5766; x_wconf 80' lang='lat' dir='ltr'><strong>Arim.</strong></span> <span class='ocrx_word' id='word_1_802' title='bbox 1944 5726 1992 5768; x_wconf 77' lang='lat' dir='ltr'><strong>et</strong></span> 
     </span>
    </p>
   </div>
   <div class='ocr_carea' id='block_1_105' title="bbox 501 5803 1516 5888">
    <p class='ocr_par' dir='ltr' id='par_1_105' title="bbox 501 5803 1516 5888">
     <span class='ocr_line' id='line_1_106' title="bbox 501 5803 1516 5888; baseline 0.018 -33"><span class='ocrx_word' id='word_1_803' title='bbox 633 5807 769 5888; x_wconf 39' lang='lat' dir='ltr'><strong>Vide.</strong></span> <span class='ocrx_word' id='word_1_804' title='bbox 797 5812 1056 5888; x_wconf 72' lang='lat' dir='ltr'><strong>Atbanas.</strong></span> <span class='ocrx_word' id='word_1_805' title='bbox 1080 5827 1211 5888; x_wconf 86' lang='lat' dir='ltr'><strong>tom.</strong></span> <span class='ocrx_word' id='word_1_806' title='bbox 1240 5819 1278 5882; x_wconf 90' lang='lat' dir='ltr'><strong>I,</strong></span> <span class='ocrx_word' id='word_1_807' title='bbox 1315 5836 1368 5888; x_wconf 92' lang='lat' dir='ltr'><strong>p.</strong></span> <span class='ocrx_word' id='word_1_808' title='bbox 1397 5823 1516 5876; x_wconf 73' lang='lat'><strong>895&#39;.</strong></span> 
     </span>
    </p>
   </div>
   <div class='ocr_carea' id='block_1_106' title="bbox 2109 4693 3665 4778">
    <p class='ocr_par' dir='ltr' id='par_1_106' title="bbox 2109 4693 3665 4778">
     <span class='ocr_line' id='line_1_107' title="bbox 2109 4693 3665 4778; baseline 0.011 -32"><span class='ocrx_word' id='word_1_809' title='bbox 2109 4704 2270 4746; x_wconf 85' lang='lat' dir='ltr'><strong>rent:</strong></span> <span class='ocrx_word' id='word_1_810' title='bbox 2299 4693 2432 4747; x_wconf 84' lang='lat' dir='ltr'><strong>nihil</strong></span> <span class='ocrx_word' id='word_1_811' title='bbox 2474 4697 2617 4750; x_wconf 87' lang='lat' dir='ltr'><strong>enim</strong></span> <span class='ocrx_word' id='word_1_812' title='bbox 2671 4701 2811 4768; x_wconf 86' lang='lat' dir='ltr'><strong>apud</strong></span> <span class='ocrx_word' id='word_1_813' title='bbox 2851 4700 3014 4755; x_wconf 83' lang='lat' dir='ltr'><strong>Deum</strong></span> <span class='ocrx_word' id='word_1_814' title='bbox 3068 4705 3212 4758; x_wconf 83' lang='lat' dir='ltr'><strong>aliud</strong></span> <span class='ocrx_word' id='word_1_815' title='bbox 3256 4721 3379 4761; x_wconf 89' lang='lat' dir='ltr'><strong>esse</strong></span> <span class='ocrx_word' id='word_1_816' title='bbox 3420 4710 3665 4778; x_wconf 79' lang='lat' dir='ltr'><strong>gignere,</strong></span> 
     </span>
    </p>
   </div>
   <div class='ocr_carea' id='block_1_107' title="bbox 2105 4789 3667 4868">
    <p class='ocr_par' dir='ltr' id='par_1_107' title="bbox 2105 4789 3667 4868">
     <span class='ocr_line' id='line_1_108' title="bbox 2105 4789 3667 4868; baseline 0.012 -32"><span class='ocrx_word' id='word_1_817' title='bbox 2105 4802 2266 4854; x_wconf 86' lang='lat' dir='ltr'><strong>quam</strong></span> <span class='ocrx_word' id='word_1_818' title='bbox 2295 4803 2500 4842; x_wconf 88' lang='lat' dir='ltr'><strong>creare.</strong></span> <span class='ocrx_word' id='word_1_819' title='bbox 2531 4789 2622 4843; x_wconf 89' lang='lat' dir='ltr'><strong>Isti</strong></span> <span class='ocrx_word' id='word_1_820' title='bbox 2651 4807 2755 4845; x_wconf 89' lang='lat' dir='ltr'><strong>non</strong></span> <span class='ocrx_word' id='word_1_821' title='bbox 2781 4793 3033 4847; x_wconf 81' lang='lat' dir='ltr'><strong>dixerunt</strong></span> <span class='ocrx_word' id='word_1_822' title='bbox 3053 4795 3222 4851; x_wconf 88' lang='lat' dir='ltr'><strong>fuisse</strong></span> <span class='ocrx_word' id='word_1_823' title='bbox 3261 4802 3487 4868; x_wconf 90' lang='lat' dir='ltr'><strong>quando</strong></span> <span class='ocrx_word' id='word_1_824' title='bbox 3513 4801 3667 4856; x_wconf 78' lang='lat' dir='ltr'><strong>Filius</strong></span> 
     </span>
    </p>
   </div>
   <div class='ocr_carea' id='block_1_108' title="bbox 2105 4881 3662 4950">
    <p class='ocr_par' dir='ltr' id='par_1_108' title="bbox 2105 4881 3662 4950">
     <span class='ocr_line' id='line_1_109' title="bbox 2105 4881 3662 4950; baseline 0.011 -20"><span class='ocrx_word' id='word_1_825' title='bbox 2105 4893 2208 4930; x_wconf 92' lang='lat' dir='ltr'><strong>non</strong></span> <span class='ocrx_word' id='word_1_826' title='bbox 2256 4891 2371 4932; x_wconf 89' lang='lat' dir='ltr'><strong>erat</strong></span> <span class='ocrx_word' id='word_1_827' title='bbox 2405 4900 2418 4934; x_wconf 92' lang='lat'><strong><em>:</em></strong></span> <span class='ocrx_word' id='word_1_828' title='bbox 2447 4881 2696 4936; x_wconf 77' lang='lat' dir='ltr'><strong>dixerunt</strong></span> <span class='ocrx_word' id='word_1_829' title='bbox 2724 4893 2902 4939; x_wconf 88' lang='lat' dir='ltr'><strong>tamen</strong></span> <span class='ocrx_word' id='word_1_830' title='bbox 2925 4886 3116 4941; x_wconf 84' lang='lat' dir='ltr'><strong>Filium</strong></span> <span class='ocrx_word' id='word_1_831' title='bbox 3156 4904 3222 4943; x_wconf 84' lang='lat' dir='ltr'><strong>ex</strong></span> <span class='ocrx_word' id='word_1_832' title='bbox 3263 4906 3374 4946; x_wconf 89' lang='lat' dir='ltr'><strong>non</strong></span> <span class='ocrx_word' id='word_1_833' title='bbox 3403 4896 3662 4950; x_wconf 86' lang='lat' dir='ltr'><strong>exsisten-</strong></span> 
     </span>
    </p>
   </div>
   <div class='ocr_carea' id='block_1_109' title="bbox 2103 4969 2488 5026">
    <p class='ocr_par' dir='ltr' id='par_1_109' title="bbox 2103 4969 2488 5026">
     <span class='ocr_line' id='line_1_110' title="bbox 2103 4969 2488 5026; baseline 0.013 -5"><span class='ocrx_word' id='word_1_834' title='bbox 2103 4969 2244 5024; x_wconf 85' lang='lat' dir='ltr'><strong>libus</strong></span> <span class='ocrx_word' id='word_1_835' title='bbox 2269 4970 2488 5026; x_wconf 76' lang='lat' dir='ltr'><strong>faclunt.</strong></span> 
     </span>
    </p>
   </div>
   <div class='ocr_carea' id='block_1_110' title="bbox 2175 5083 3660 5166">
    <p class='ocr_par' dir='ltr' id='par_1_110' title="bbox 2175 5083 3660 5166">
     <span class='ocr_line' id='line_1_111' title="bbox 2175 5083 3660 5166; baseline 0.013 -29"><span class='ocrx_word' id='word_1_836' title='bbox 2175 5083 2442 5140; x_wconf 81' lang='lat' dir='ltr'><strong>Caeterum</strong></span> <span class='ocrx_word' id='word_1_837' title='bbox 2478 5090 2639 5144; x_wconf 90' lang='lat' dir='ltr'><strong>etiam</strong></span> <span class='ocrx_word' id='word_1_838' title='bbox 2672 5091 2919 5148; x_wconf 87' lang='lat' dir='ltr'><strong>Gelasius</strong></span> <span class='ocrx_word' id='word_1_839' title='bbox 2948 5094 3245 5166; x_wconf 83' lang='lat' dir='ltr'><strong>Cyzicenus</strong></span> <span class='ocrx_word' id='word_1_840' title='bbox 3281 5100 3334 5153; x_wconf 92' lang='lat' dir='ltr'><strong>in</strong></span> <span class='ocrx_word' id='word_1_841' title='bbox 3363 5103 3500 5158; x_wconf 89' lang='lat' dir='ltr'><strong>actis</strong></span> <span class='ocrx_word' id='word_1_842' title='bbox 3539 5116 3660 5158; x_wconf 84' lang='lat' dir='ltr'><strong>con-</strong></span> 
     </span>
    </p>
   </div>
   <div class='ocr_carea' id='block_1_111' title="bbox 2104 5174 3661 5263">
    <p class='ocr_par' dir='ltr' id='par_1_111' title="bbox 2104 5174 3661 5263">
     <span class='ocr_line' id='line_1_112' title="bbox 2104 5174 3661 5263; baseline 0.013 -35"><span class='ocrx_word' id='word_1_843' title='bbox 2104 5174 2216 5228; x_wconf 88' lang='lat' dir='ltr'><strong>cilii</strong></span> <span class='ocrx_word' id='word_1_844' title='bbox 2251 5175 2452 5232; x_wconf 67' lang='lat' dir='ltr'><strong>Nicwni</strong></span> <span class='ocrx_word' id='word_1_845' title='bbox 2484 5191 2622 5250; x_wconf 88' lang='lat' dir='ltr'><strong>part.</strong></span> <span class='ocrx_word' id='word_1_846' title='bbox 2668 5199 2726 5248; x_wconf 88' lang='lat' dir='ltr'><strong>ll,</strong></span> <span class='ocrx_word' id='word_1_847' title='bbox 2757 5201 2878 5256; x_wconf 87' lang='lat' dir='ltr'><strong>cap.</strong></span> <span class='ocrx_word' id='word_1_848' title='bbox 2911 5187 2978 5240; x_wconf 77' lang='grc'><strong>12</strong></span> <span class='ocrx_word' id='word_1_849' title='bbox 3003 5203 3068 5242; x_wconf 82' lang='lat' dir='ltr'><strong>ex</strong></span> <span class='ocrx_word' id='word_1_850' title='bbox 3098 5192 3262 5245; x_wconf 89' lang='lat' dir='ltr'><strong>totius</strong></span> <span class='ocrx_word' id='word_1_851' title='bbox 3293 5194 3484 5263; x_wconf 82' lang='lat' dir='ltr'><strong>synodi</strong></span> <span class='ocrx_word' id='word_1_852' title='bbox 3522 5209 3661 5248; x_wconf 77' lang='lat' dir='ltr'><strong>man-</strong></span> 
     </span>
    </p>
   </div>
   <div class='ocr_carea' id='block_1_112' title="bbox 2105 5267 3664 5348">
    <p class='ocr_par' dir='ltr' id='par_1_112' title="bbox 2105 5267 3664 5348">
     <span class='ocr_line' id='line_1_113' title="bbox 2105 5267 3664 5348; baseline 0.013 -30"><span class='ocrx_word' id='word_1_853' title='bbox 2105 5267 2230 5318; x_wconf 90' lang='lat' dir='ltr'><strong>dato</strong></span> <span class='ocrx_word' id='word_1_854' title='bbox 2264 5283 2327 5322; x_wconf 91' lang='lat' dir='ltr'><strong>ac</strong></span> <span class='ocrx_word' id='word_1_855' title='bbox 2371 5270 2589 5326; x_wconf 89' lang='lat' dir='ltr'><strong>decreto</strong></span> <span class='ocrx_word' id='word_1_856' title='bbox 2636 5280 3042 5345; x_wconf 82' lang='lat' dir='ltr'><strong>respondentem</strong></span> <span class='ocrx_word' id='word_1_857' title='bbox 3093 5280 3315 5336; x_wconf 80' lang='lat' dir='ltr'><strong>liosium</strong></span> <span class='ocrx_word' id='word_1_858' title='bbox 3350 5285 3566 5348; x_wconf 83' lang='lat' dir='ltr'><strong>inducit,</strong></span> <span class='ocrx_word' id='word_1_859' title='bbox 3600 5301 3664 5337; x_wconf 7' lang='lat' dir='ltr'><strong>ac;</strong></span> 
     </span>
    </p>
   </div>
   <div class='ocr_carea' id='block_1_113' title="bbox 2105 5355 3657 5444">
    <p class='ocr_par' dir='ltr' id='par_1_113' title="bbox 2105 5355 3657 5444">
     <span class='ocr_line' id='line_1_114' title="bbox 2105 5355 3657 5444; baseline 0.014 -38"><span class='ocrx_word' id='word_1_860' title='bbox 2105 5355 2307 5426; x_wconf 76' lang='grc' dir='ltr'><strong>Τριάδα</strong></span> <span class='ocrx_word' id='word_1_861' title='bbox 2354 5360 2700 5417; x_wconf 82' lang='grc' dir='ltr'>ὑποστάσεων</span> <span class='ocrx_word' id='word_1_862' title='bbox 2749 5369 3128 5435; x_wconf 63' lang='grc' dir='ltr'><strong>ντωόὶρειηιεηι</strong></span> <span class='ocrx_word' id='word_1_863' title='bbox 3159 5390 3173 5425; x_wconf 90' lang='lat'>:</span> <span class='ocrx_word' id='word_1_864' title='bbox 3205 5375 3350 5442; x_wconf 91' lang='lat' dir='ltr'><strong>quod</strong></span> <span class='ocrx_word' id='word_1_865' title='bbox 3397 5388 3450 5429; x_wconf 82' lang='lat' dir='ltr'><strong>et</strong></span> <span class='ocrx_word' id='word_1_866' title='bbox 3491 5387 3657 5444; x_wconf 87' lang='lat' dir='ltr'><strong>postea</strong></span> 
     </span>
    </p>
   </div>
   <div class='ocr_carea' id='block_1_114' title="bbox 2104 5451 3652 5534">
    <p class='ocr_par' dir='ltr' id='par_1_114' title="bbox 2104 5451 3652 5534">
     <span class='ocr_line' id='line_1_115' title="bbox 2104 5451 3652 5534; baseline 0.01 -33"><span class='ocrx_word' id='word_1_867' title='bbox 2104 5463 2197 5515; x_wconf 90' lang='lat' dir='ltr'><strong>per</strong></span> <span class='ocrx_word' id='word_1_868' title='bbox 2233 5451 2516 5509; x_wconf 85' lang='lat' dir='ltr'><strong>Leontium</strong></span> <span class='ocrx_word' id='word_1_869' title='bbox 2568 5460 2880 5529; x_wconf 88' lang='lat' dir='ltr'><strong>episc0pum</strong></span> <span class='ocrx_word' id='word_1_870' title='bbox 2937 5464 3122 5518; x_wconf 89' lang='lat' dir='ltr'><strong>Patres</strong></span> <span class='ocrx_word' id='word_1_871' title='bbox 3165 5467 3490 5534; x_wconf 65' lang='lat' dir='ltr'><strong>proﬁteantur</strong></span> <span class='ocrx_word' id='word_1_872' title='bbox 3535 5470 3652 5520; x_wconf 87' lang='lat' dir='ltr'><strong>ibid.</strong></span> 
     </span>
    </p>
   </div>
   <div class='ocr_carea' id='block_1_115' title="bbox 2104 5544 3648 5629">
    <p class='ocr_par' dir='ltr' id='par_1_115' title="bbox 2104 5544 3648 5629">
     <span class='ocr_line' id='line_1_116' title="bbox 2104 5544 3648 5629; baseline 0.019 -38"><span class='ocrx_word' id='word_1_873' title='bbox 2104 5556 2220 5610; x_wconf 85' lang='lat' dir='ltr'><strong>cap.</strong></span> <span class='ocrx_word' id='word_1_874' title='bbox 2257 5544 2345 5596; x_wconf 76' lang='lat'><strong>9.1.</strong></span> <span class='ocrx_word' id='word_1_875' title='bbox 2383 5545 2517 5602; x_wconf 89' lang='lat' dir='ltr'><strong>Hinc</strong></span> <span class='ocrx_word' id='word_1_876' title='bbox 2533 5549 2853 5607; x_wconf 88' lang='lat' dir='ltr'><strong>Anastasius</strong></span> <span class='ocrx_word' id='word_1_877' title='bbox 2887 5555 3091 5609; x_wconf 87' lang='lat' dir='ltr'><strong>Sinaita</strong></span> <span class='ocrx_word' id='word_1_878' title='bbox 3125 5559 3176 5611; x_wconf 90' lang='lat' dir='ltr'><strong>in</strong></span> <span class='ocrx_word' id='word_1_879' title='bbox 3213 5559 3413 5629; x_wconf 79' lang='grc' dir='ltr'><strong>Ὀδῆγ.</strong></span> <span class='ocrx_word' id='word_1_880' title='bbox 3442 5558 3648 5628; x_wconf 58' lang='lat' dir='ltr'><strong>capﬁl.</strong></span> 
     </span>
    </p>
   </div>
   <div class='ocr_carea' id='block_1_116' title="bbox 2102 5633 3648 5720">
    <p class='ocr_par' dir='ltr' id='par_1_116' title="bbox 2102 5633 3648 5720">
     <span class='ocr_line' id='line_1_117' title="bbox 2102 5633 3648 5720; baseline 0.01 -36"><span class='ocrx_word' id='word_1_881' title='bbox 2102 5633 2319 5698; x_wconf 63' lang='lat' dir='ltr'><strong>srripsit</strong></span> <span class='ocrx_word' id='word_1_882' title='bbox 2336 5636 2578 5694; x_wconf 75' lang='lat' dir='ltr'><strong>Niczenos</strong></span> <span class='ocrx_word' id='word_1_883' title='bbox 2612 5642 2798 5698; x_wconf 88' lang='lat' dir='ltr'><strong>Patres</strong></span> <span class='ocrx_word' id='word_1_884' title='bbox 2822 5646 3094 5702; x_wconf 88' lang='lat' dir='ltr'><strong>definiisse</strong></span> <span class='ocrx_word' id='word_1_885' title='bbox 3113 5652 3262 5720; x_wconf 81' lang='grc' dir='ltr'>τρεῖς</span> <span class='ocrx_word' id='word_1_886' title='bbox 3277 5644 3648 5704; x_wconf 60' lang='lat' dir='ltr'><strong>eive-tamari-</strong></span> 
     </span>
    </p>
   </div>
   <div class='ocr_carea' id='block_1_117' title="bbox 2099 5725 3713 5811">
    <p class='ocr_par' dir='ltr' id='par_1_117' title="bbox 2099 5725 3713 5811">
     <span class='ocr_line' id='line_1_118' title="bbox 2099 5725 3713 5811; baseline 0.024 -41"><span class='ocrx_word' id='word_1_887' title='bbox 2099 5736 2232 5783; x_wconf 79' lang='grc' dir='ltr'>σεες,</span> <span class='ocrx_word' id='word_1_888' title='bbox 2258 5725 2374 5794; x_wconf 68' lang='grc' dir='ltr'>ἦτοι</span> <span class='ocrx_word' id='word_1_889' title='bbox 2400 5731 2664 5800; x_wconf 69' lang='grc' dir='ltr'>πρόσωπα</span> <span class='ocrx_word' id='word_1_890' title='bbox 2690 5733 2782 5785; x_wconf 72' lang='grc' dir='ltr'><strong>ἐπὶ</strong></span> <span class='ocrx_word' id='word_1_891' title='bbox 2818 5737 2916 5807; x_wconf 79' lang='grc' dir='ltr'><strong>τῆς</strong></span> <span class='ocrx_word' id='word_1_892' title='bbox 2943 5738 3102 5806; x_wconf 78' lang='grc' dir='ltr'>ἁγίας</span> <span class='ocrx_word' id='word_1_893' title='bbox 3130 5740 3222 5796; x_wconf 74' lang='grc' dir='ltr'><strong>κιὶ</strong></span> <span class='ocrx_word' id='word_1_894' title='bbox 3248 5741 3527 5811; x_wconf 68' lang='grc' dir='ltr'><strong>ὁμοουσίω</strong></span> <span class='ocrx_word' id='word_1_895' title='bbox 3544 5738 3644 5808; x_wconf 69' lang='grc'>(51)</span> <span class='ocrx_word' id='word_1_896' title='bbox 3705 5769 3713 5778; x_wconf 87' lang='lat'><strong>‘</strong></span> 
     </span>
    </p>
   </div>
   <div class='ocr_carea' id='block_1_118' title="bbox 503 5874 2019 5971">
    <p class='ocr_par' dir='ltr' id='par_1_118' title="bbox 503 5874 2019 5965">
     <span class='ocr_line' id='line_1_119' title="bbox 503 5874 2019 5965; baseline 0.021 -40"><span class='ocrx_word' id='word_1_897' title='bbox 503 5875 616 5936; x_wconf 69' lang='lat' dir='ltr'><strong>i5!)</strong></span> <span class='ocrx_word' id='word_1_898' title='bbox 653 5874 866 5946; x_wconf 86' lang='lat' dir='ltr'><strong>Bullus,</strong></span> <span class='ocrx_word' id='word_1_899' title='bbox 896 5883 971 5935; x_wconf 80' lang='lat' dir='ltr'><strong>De</strong></span> <span class='ocrx_word' id='word_1_900' title='bbox 996 5883 1124 5938; x_wconf 69' lang='lat' dir='ltr'><strong>Filii</strong></span> <span class='ocrx_word' id='word_1_901' title='bbox 1155 5888 1232 5953; x_wconf 82' lang='grc' dir='ltr'><strong>τῷ</strong></span> <span class='ocrx_word' id='word_1_902' title='bbox 1267 5874 1576 5958; x_wconf 51' lang='lat' dir='ltr'><strong>bima-atq»,</strong></span> <span class='ocrx_word' id='word_1_903' title='bbox 1609 5911 1726 5962; x_wconf 83' lang='lat' dir='ltr'><strong>cap.</strong></span> <span class='ocrx_word' id='word_1_904' title='bbox 1756 5898 2019 5965; x_wconf 55' lang='lat' dir='ltr'><strong>2,:num.t</strong></span> 
     </span>
    </p>
   </div>
   <div class='ocr_carea' id='block_1_119' title="bbox 2122 5874 2296 5971">
    <p class='ocr_par' dir='ltr' id='par_1_119' title="bbox 2122 5919 2296 5971">
     <span class='ocr_line' id='line_1_120' title="bbox 2122 5919 2296 5971; baseline 0.011 -16"><span class='ocrx_word' id='word_1_905' title='bbox 2122 5947 2124 5955; x_wconf 77' lang='lat'><strong>,</strong></span> <span class='ocrx_word' id='word_1_906' title='bbox 2146 5919 2296 5971; x_wconf 72' lang='lat' dir='ltr'><strong>seqq.</strong></span> 
     </span>
    </p>
   </div>
  </div>
