3926 6532
209 485 334 542 ιδυδ

1216 480 1307 535 EX
1348 480 1412 536 ϐ.
1452 479 1653 535 BULLI
1691 480 1844 538 DEF.
1887 480 2064 534 FIDEI
2100 480 2427 537 NIC.£N.E.

1861 17 2386 32 ——-"~‘*—~-—--—-'---—-<I-"’
2330 17 2341 20 '
2381 17 2836 38 '-5¥3-~~+—vd——£=M'
2743 20 2755 22 “
2775 22 2808 24 -ή
2837 21 2964 40 ~.—¢.'
2965 22 3096 41 ...ιιι-,η
3115 24 3204 42 .'-.'..'.
3225 25 3250 44 λ.
3269 27 3276 42 ι
3319 26 3340 42 _-.
3365 26 3408 43 στι
3421 26 3494 44 -’-·-
3507 28 3516 32 -
3553 28 3562 32 -
3635 30 3646 32 ν
3659 30 3664 32 -

3303 481 3439 536 1506

206 600 440 674 Τριάὸος,
477 599 661 664 idest,
701 617 720 652 ι
744 597 880 652 Tres
913 611 1034 654 esse
1060 597 1399 669 bypostases.
1437 597 1551 652 sive
1585 613 1770 660 perso-
1799 607 1841 660 Α
1871 597 2048 651 caltuli
2080 612 2236 651 usum
2279 604 2335 650 et
2376 593 2831 664 signiﬁcationem
2865 595 3228 649 retinuerunt.
3266 595 3442 662 Quem

206 707 294 748 nas
317 692 366 745 in
402 699 594 745 sancta
629 697 683 743 et
713 687 1150 744 consubstantiali
1181 686 1474 740 Trinitate.
1497 705 1514 736 ι
1561 686 1761 740 Horum

204 780 570 837 auctoritatem
608 779 933 847 contempsit
984 776 1258 840 Petavius,
1315 777 1382 830 iis
1437 777 1646 832 scilicet
1675 795 1766 832 ar-

204 870 461 945 gumentis
493 869 690 934 fretus,
730 869 921 936 quibus
954 884 1013 922 se
1038 869 1221 922 Basilii
1256 868 1580 922 sententiam
1618 869 1766 923 refu-

206 971 334 1017 tasse
365 961 568 1016 frustra
599 961 879 1030 gloriatur.
917 960 1074 1014 Certe
1118 961 1380 1014 Eusebius
1413 960 1766 1016 Cresariensis

202 1055 305 1127 (qui
331 1054 540 1123 synodo
575 1052 806 1107 Nicalnte
837 1053 1098 1118 interfuit,
1137 1066 1350 1121 quoque
1383 1067 1542 1106 nemo
1572 1055 1765 1108 melius

201 1147 468 1216 antiquum
509 1144 666 1199 vocis
711 1144 1058 1206 ὑποστάσεως
1105 1144 1155 1195 in
1205 1142 1439 1196 Ecclesia
1481 1159 1635 1197 usttm
1676 1145 1764 1198 in-

201 1238 413 1308 tellexit)
437 1237 489 1291 in
519 1236 722 1292 litteris
763 1239 876 1290 suis
907 1239 972 1291 ad
1006 1237 1341 1293 Eustathium
1369 1235 1762 1290 Antiochenum

199 1330 474 1402 (referente
499 1328 730 1384 Socrate
759 1327 962 1388 Ecclea.
996 1330 1120 1384 hist.
1150 1330 1243 1385 lib.
1277 1345 1318 1392 t,
1355 1345 1474 1398 cap.
1508 1329 1600 1399 23)
1632 1344 1764 1384 con-

197 1425 354 1478 fessus
384 1431 464 1476 est
495 1421 860 1476 ὲνυπόστατὸν
911 1439 968 1474 τε
1007 1422 1102 1476 καὶ
1127 1421 1496 1493 ἐνυπάρχοντα
1525 1421 1613 1475 τὸν
1634 1421 1763 1474 Υἰὸν

195 1510 319 1568 εῖναι
347 1514 441 1566 τοῦ
486 1513 649 1575 Θεοῦ,
680 1513 775 1567 ἕνα
820 1532 878 1566 τε
930 1513 1062 1568 Θεὸν
1104 1516 1161 1568 ὲν
1197 1516 1375 1586 τρισὶν
1403 1515 1760 1568 ὑποστάσεσιν

195 1603 337 1669 εἶναι,
373 1605 426 1660 id
447 1616 552 1670 est,
587 1624 606 1657 ι
632 1605 826 1660 Filium
867 1605 956 1660 Dei
995 1606 1264 1674 propriam
1317 1605 1647 1676 bypostasim
1707 1616 1760 1660 et

193 1695 584 1752 Subsisteutiam
627 1695 849 1759 habere,
895 1693 1175 1764 Deumque
1216 1695 1270 1747 in
1305 1695 1476 1749 tribus
1507 1695 1761 1766 itypttslao

193 1786 328 1841 sibus
354 1802 518 1839 unum
553 1801 702 1840 esse.
729 1804 747 1837 ι
778 1788 953 1851 Atque
987 1786 1090 1840 hoc
1122 1800 1285 1839 sensu
1319 1785 1436 1839 sine
1463 1784 1759 1838 oliensione

192 1878 420 1946 usurpari
458 1888 866 1945 perseverasset
891 1879 971 1947 (ut
1000 1878 1260 1947 arbitror)
1291 1893 1392 1931 vox
1436 1878 1752 1942 ὑπόστασις.

1865 704 2019 740 nsum
2048 703 2143 741 sua
2187 687 2402 741 tandem
2431 686 2761 742 auctoritate
2781 686 3130 742 continuavit
3153 687 3443 740 concilium

1862 777 2512 846 Constantinopolitanum
2537 779 2768 845 primum
2800 778 2852 830 in
2889 777 3051 844 epist.
3079 777 3269 848 synod.
3301 777 3443 846 apud

1865 868 2259 925 Theodoretum
2299 869 2497 923 Ercles.
2530 871 2656 924 hist.
2686 870 2781 924 lib.
2817 884 2870 934 v,
2897 869 3032 936 lcap.
3071 870 3125 923 9.
3171 868 3440 922 Caeterum

1861 961 2048 1014 Ariani
2076 961 2290 1015 tandem
2327 960 2490 1015 etiam
2520 975 2705 1014 vocem
2742 959 3112 1024 ὑποστάσεως,
3161 976 3264 1012 una
3311 974 3434 1013 cum

1861 1053 2049 1116 οὐσίας
2091 1051 2368 1114 vocabulo,
2401 1066 2432 1106 e
2475 1051 2733 1122 symbolis
2777 1051 2891 1106 suis
2931 1050 3284 1119 abjiciendam
3331 1051 3442 1104 de-

1861 1161 2101 1202 crevere.
2135 1145 2270 1198 Nam
2300 1145 2352 1200 in
2376 1145 2716 1200 confessione
2735 1141 3203 1212 Constantinopoli
3221 1142 3436 1211 scripta-

1861 1236 1931 1292 ab
1956 1237 2172 1300 Acacio,
2204 1235 2443 1290 Eudoxio
2465 1234 2713 1303 aliisque,
2739 1233 2828 1302 qui
2853 1230 3217 1286 Seleuciensis
3238 1229 3438 1302 synodi

1861 1331 2078 1384 decreto
2139 1327 2407 1392 damnati,
2471 1327 2536 1380 ad
2603 1326 2979 1394 imperatorem
3033 1323 3436 1394 confugerunt,

1859 1437 2026 1490 prope
2057 1423 2211 1473 linem
2239 1421 2316 1474 sic
2333 1419 2592 1474 deﬁniunt
2613 1436 2624 1470 :
2644 1415 2754 1490 (33)
2773 1417 2847 1470 Τὸ
2862 1417 2917 1470 δὲ
2937 1416 3217 1489 δνοματῆς
3228 1415 3448 1482 οὐσίας,

1859 1517 1996 1586 ὅπερ
2023 1513 2386 1584 ἁπλούστερον
2420 1513 2528 1567 ἀπὸ
2555 1513 2664 1566 τῶν
2698 1511 2953 1584 Πατὲρων
2989 1512 3168 1582 ἐτέθη.
3202 1509 3434 1580 ἀγνοού-

1862 1623 2021 1677 μενον
2043 1605 2101 1659 δὲ
2129 1607 2242 1668 τοῖς
2273 1605 2443 1667 λαοῖς,
2477 1603 2770 1659 σκάνδαλον
2805 1603 2988 1674 ἔφερε,
3033 1602 3165 1655 διότι
3199 1601 3332 1672 μηδὲ
3376 1601 3434 1654 αἱ

1857 1698 2069 1770 Γραφαὶ
2088 1698 2244 1752 τοῦτο
2256 1697 2617 1768 περιέχουσιν,
2633 1697 2794 1768 ἥρεσε
2817 1695 3242 1767 περιαιρεθῆναι.
3257 1693 3441 1747 -Καὶ

1856 1791 1966 1863 γὰρ
1997 1791 2117 1844 οὐδὲ
2149 1791 2351 1860 ὀφείλει
2393 1790 2688 1852 ὑπόστασις
2729 1790 2858 1860 περὶ
2906 1788 3120 1858 Πατρδς
3153 1788 3244 1842 καὶ
3274 1787 3431 1850 Υίοῧ,

1857 1886 1951 1938 καὶ
1979 1884 2133 1952 ἁγίου
2160 1883 2471 1953 Πνεύματος
2503 1879 2885 1952 ὀνομάζεσθαι·
2913 1882 3096 1952 ὅμοιον
3120 1881 3176 1934 δὲ
3204 1881 3261 1932 λέ
3273 1897 3438 1948 γομεν

192 1970 281 2024 uisi
324 1969 507 2023 Ariani
542 1969 720 2037 ipsam
765 1968 914 2022 abusi
965 1968 1194 2022 fuissent
1241 1967 1304 2021 ad
1354 1969 1749 2037 propagandam

1861 1975 1929 2044 τῷ
1960 1975 2135 2046 Πατρὶ
2165 1975 2258 2028 τὸν
2292 1974 2441 2027 Υίόν.
2475 1972 2528 2026 Id
2572 1983 2676 2034 est.
2713 1991 2732 2024 ι
2763 1972 2967 2026 Nomen
2997 1987 3157 2040 porro
3185 1971 3439 2023 substan-

189 2061 420 2115 haaresim
468 2076 656 2125 suam,
693 2076 789 2129 pro
830 2069 1022 2114 natura
1058 2075 1122 2114 ac
1174 2060 1473 2114 substantia
1507 2061 1558 2136 in
1593 2074 1754 2129 gene-

189 2152 358 2208 raliori
391 2151 798 2218 signiﬁcatione
832 2153 1180 2221 accipientes.
1235 2167 1299 2206 ac
1347 2152 1602 2206 docentes
1646 2150 1752 2204 Pa-

189 2255 312 2299 trem
346 2252 402 2298 et
431 2243 637 2299 Filium
681 2243 811 2296 duas
843 2260 964 2299 esse
1010 2245 1349 2316 bypostases,
1381 2244 1484 2298 hoc
1519 2252 1620 2308 est,
1653 2259 1757 2296 na-

189 2342 322 2389 turas
358 2349 422 2390 ac
452 2334 794 2390 substantias
828 2335 1093 2402 diversas,
1126 2351 1156 2390 a
1187 2351 1248 2390 se
1289 2335 1520 2390 invicem
1552 2334 1756 2388 discre-

186 2435 382 2496 pantes.
409 2426 696 2484 Adversus
729 2427 828 2482 hos
855 2428 999 2482 enim
1034 2427 1286 2482 catholici
1315 2427 1566 2482 doctores
1606 2426 1753 2481 allir-

186 2526 389 2571 Itarunt
419 2517 473 2572 in
506 2516 749 2571 concilio
783 2515 1117 2583 Sardieensi,
1162 2514 1337 2570 Patris
1364 2524 1420 2570 et
1462 2515 1582 2570 Filii
1624 2515 1755 2584 μίαν

185 2623 292 2663 esse
321 2607 650 2663 ὑπόστασιν.
678 2609 845 2678 Digna
870 2620 1018 2674 sunt,
1044 2625 1164 2678 qua:
1191 2625 1220 2662 a
1249 2610 1406 2664 nobis
1431 2608 1516 2663 hic
1549 2608 1756 2662 descri-

184 2698 364 2753 bantur
390 2697 618 2754 Patrum
667 2699 1068 2756 Sardicensium
1102 2701 1260 2754 verba
1296 2701 1398 2755 hac
1437 2699 1504 2754 de
1536 2714 1594 2754 re
1640 2698 1755 2770 (32)

186 2789 232 2842 in
256 2791 474 2859 epistola
509 2807 612 2846 sua
650 2791 907 2861 synodica
938 2793 1077 2862 apud
1109 2791 1506 2846 Tlteodoretum
1551 2791 1751 2846 Ecclea.

185 2880 312 2934 lliat.
343 2883 432 2935 lib.
465 2899 524 2942 tt,
564 2898 689 2950 cap.
723 2883 794 2936 8:
827 2883 900 2935 Τὸ
924 2884 1032 2936 τῶν
1067 2881 1356 2952 αίρετικῶν
1383 2881 1632 2952 σύστημα
1664 2898 1756 2949 φι-

183 2973 385 3034 λονικεί.
420 2975 722 3045 διαφόρους
758 2971 893 3028 εἶναι
919 2975 1019 3040 τὰς
1065 2975 1390 3037 ὑποστάσεις
1422 2973 1512 3026 τοῦ
1544 2973 1758 3044 Πατρὸς

183 3067 263 3118 καὶ
290 3066 379 3120 τοῦ
428 3067 561 3120 Υἱοῦ
609 3067 702 3120 καὶ
749 3067 842 3120 τοῦ
896 3067 1053 3136 ἁγίου
1094 3065 1428 3134 Πνεῦματος,
1479 3065 1573 3118 καὶ
1618 3059 1754 3117 εἶναι

181 3159 615 3228 κεχωρισμένας·
663 3159 822 3228 ἡμεῖς
868 3157 924 3211 δὲ
967 3158 1170 3229 ταύτην
1216 3156 1627 3228 παρειλήφαμεν
1661 3155 1754 3208 καὶ

180 3247 542 3319 δεδιδάγμεθα,
586 3249 684 3302 καὶ
728 3247 931 3319 ταύτην
974 3250 1168 3320 ἔχομεν
1212 3249 1307 3319 τὴν
1339 3247 1629 3319 καθολικὴν
1662 3246 1756 3301 καὶ

179 3339 525 3410 ἀποστολικὴν
581 3339 878 3409 παράδοσιν
929 3342 1023 3393 καὶ
1075 3341 1260 3393 πίστιν
1303 3340 1395 3392 καὶ
1446 3338 1757 3408 ὁμολογίαν,

181 3431 294 3498 μίαν
327 3427 463 3484 εἶναι
521 3430 844 3492 ὑπόστασιν,
878 3432 942 3501 ἣν
991 3433 1145 3487 αὐτοὶ
1188 3435 1234 3485 οί
1281 3431 1544 3503 αἱρετικοὶ
1569 3430 1757 3484 οὐσίαν

179 3523 656 3595 προσαγορεύουσι,
672 3522 764 3575 τοῦ
783 3525 995 3594 Πατρὸς
1007 3526 1100 3578 καὶ
1122 3525 1212 3578 τοῦ
1227 3523 1358 3577 Υἱοῦ
1375 3523 1576 3576 καὶτοῦ
1599 3521 1756 3589 ἁγίου

179 3616 503 3688 Πνεύματος.
539 3616 595 3668 Id
625 3624 726 3678 est,
750 3634 768 3666 ι
797 3617 1183 3670 llmieticornm
1222 3617 1382 3670 factio
1409 3615 1760 3684 pertinaciter

178 3715 456 3771 asseverat,
489 3705 672 3760 Patris
706 3720 767 3757 ac
798 3704 918 3757 Filii
963 3717 1014 3758 et
1045 3705 1279 3773 Spiritus
1305 3703 1475 3758 sancti
1511 3704 1756 3756 diversas

177 3809 285 3847 esse
306 3795 661 3865 hypostases,
700 3807 729 3846 a
765 3808 824 3847 se
857 3793 1088 3850 invicem
1146 3802 1444 3862 separatas.
1472 3792 1580 3846 Nos
1621 3807 1749 3846 vero

179 3884 306 3941 hanc
343 3901 372 3941 a
405 3885 712 3956 majoribus
743 3885 1052 3954 accepimus
1086 3903 1148 3940 ac
1181 3887 1488 3949 didicimus,
1526 3894 1580 3938 et
1615 3886 1757 3940 hanc

179 3987 410 4036 tenemus
458 3979 790 4034 catholicam
833 3987 995 4048 atque
1028 3979 1375 4048 apostolicam
1413 3979 1754 4032 traditionem

176 4081 224 4126 et
255 4074 408 4128 [idem
454 4089 521 4127 ac
577 4072 987 4140 professionem,
1032 4088 1193 4125 unam
1231 4085 1350 4124 esse
1395 4069 1749 4140 bypostasim,

176 4178 322 4228 quam
353 4164 453 4233 ipsi
491 4161 738 4216 haeretici
770 4161 1130 4215 substantiam
1162 4160 1456 4230 appellant,
1492 4159 1663 4213 Patris
1693 4173 1756 4212 ac

175 4254 286 4309 Filii
317 4265 370 4310 et
403 4256 653 4326 Spiritus
680 4255 877 4308 sancti.
903 4274 920 4304 ι
961 4253 1060 4308 Hic
1089 4253 1277 4308 Patres
1307 4253 1509 4308 diserte
1537 4264 1755 4304 monent

174 4346 475 4407 sePatrem,
498 4345 700 4400 Filium
725 4355 774 4400 et
799 4343 1060 4410 Spiritum
1083 4355 1328 4400 sanctum
1363 4344 1491 4415 μίαν
1514 4343 1752 4396 ὑπόστα-

177 4455 254 4491 σιν
295 4441 500 4494 dixisse
548 4453 617 4491 eo
655 4447 859 4491 tantum
906 4454 1090 4505 sensu,
1127 4453 1234 4506 quo
1280 4437 1517 4491 haeretici
1567 4449 1751 4488 vocem

174 4531 462 4585 ὑπόστασιν
496 4546 600 4599 pro
619 4529 776 4601 οὐσίᾳ
807 4541 1132 4597 acceperunt
1159 4548 1171 4581 :
1199 4530 1564 4599 significantes
1591 4527 1750 4579 nimi-

176 4638 284 4676 rum
325 4639 384 4678 se
425 4623 596 4677 alium
630 4622 745 4689 ejus
783 4622 1026 4675 vocabuli
1080 4635 1320 4681 sensum,
1373 4621 1512 4688 apttd
1544 4630 1753 4673 veteres

175 4714 422 4770 Ecclesire
474 4715 729 4768 doctores
779 4713 1074 4767 catholicos
1120 4724 1394 4783 receptum
1457 4713 1676 4783 (quippe
1723 4727 1752 4765 a

174 4807 359 4874 quibus
384 4814 714 4874 usurpatmn
745 4804 908 4858 fuerit
930 4820 1027 4873 pro
1055 4819 1285 4874 persona
1313 4804 1428 4857 sive
1450 4803 1753 4857 subsisten-

175 4898 263 4966 tia)
327 4915 435 4953 non
484 4898 786 4965 ignorasse,
838 4912 1070 4966 eumque
1117 4895 1364 4949 lubentcs
1410 4895 1754 4964 amplexnros

173 4988 354 5055 fuisse,
387 5006 455 5044 ac
486 4989 749 5051 fassuros,
783 4985 935 5054 juxta
987 4989 1143 5041 istam
1181 4988 1329 5041 vocis
1357 4986 1752 5053 acceptiouem,

175 5090 280 5134 tres
305 5097 431 5137 esse
465 5081 520 5134 in
567 5079 846 5132 divinitate
889 5095 1154 5148 personas
1188 5079 1302 5133 sive
1347 5077 1749 5134 subsistentias.

173 5173 304 5228 Βίης
343 5184 530 5227 tamen
571 5182 755 5225 natum
788 5170 951 5226 fuisse
995 5179 1210 5224 constat
1244 5171 1395 5224 triste
1428 5169 1553 5224 illud
1589 5170 1754 5222 disci-

171 5268 334 5330 dium,
361 5266 511 5335 quod
544 5262 887 5333 postmodum
914 5263 1152 5318 Orientis
1176 5263 1417 5330 adeoque
1441 5260 1752 5316 Occidentis

173 5356 446 5412 Ecclesias
478 5357 738 5415 turbavit.
779 5357 843 5408 dc
881 5370 982 5407 una
1017 5355 1132 5408 sive
1173 5354 1340 5406 tribus
1371 5352 1752 5423 bypostasibus

173 5450 364 5504 divinis
403 5470 416 5504 :
453 5451 581 5504 dum
638 5449 846 5501 scilicet
905 5448 995 5500 alii
1050 5462 1170 5499 cum
1221 5445 1472 5498 Patribus
1528 5447 1743 5499 concilii

172 5539 512 5596 Sardicensis
565 5540 711 5608 loqui
757 5549 1037 5601 amarunt;
1083 5539 1172 5591 alii
1234 5553 1358 5592 vero
1400 5548 1752 5592 veteremve-

236 5743 350 5812 {32)
381 5743 449 5796 In
475 5742 697 5810 epistola
725 5758 822 5812 suo
865 5740 1120 5812 synodica?
1149 5741 1291 5806 apud
1327 5739 1724 5812 Tlteodoretnm.

171 5813 270 5865 Seu
309 5809 572 5881 potiusin
602 5809 910 5880 Appendice
954 5812 1018 5862 ad
1043 5811 1320 5881 epistolam
1346 5826 1373 5861 a
1409 5809 1730 5881 quibusdam

173 5879 406 5950 adjecta.
431 5879 936 5950 reliquisepiscopis
963 5880 1398 5933 reclamantibus.
1423 5880 1550 5950 Vide
1574 5879 1735 5950 Atha-

173 5947 286 6009 uas.
314 5958 483 6024 epist.
511 5947 764 6025 synodica
793 5953 857 6007 ad
878 5951 1268 6008 Antiocltcnses
1293 5967 1412 6020 pag.
1440 5949 1561 6014 576,
1601 5947 1712 6002 odit

1861 2068 1967 2127 tite,
1995 2066 2137 2135 quod
2165 2065 2463 2134 simplicius
2489 2079 2518 2117 a
2553 2063 2802 2118 Patribus
2826 2061 3052 2122 editum.
3084 2069 3138 2113 et
3181 2060 3435 2129 ignotum

1859 2159 2088 2228 populis.
2121 2155 2435 2212 scandalum
2481 2155 2670 2216 alfert;
2717 2151 2978 2222 quoniam
3003 2150 3054 2204 in
3099 2146 3438 2204 sacrislitte-

1860 2253 1933 2305 ris
1979 2265 2086 2304 non
2134 2250 2463 2312 continetur,
2510 2245 2714 2316 placuit
2754 2245 2821 2300 de
2865 2244 3044 2299 medio
3090 2238 3436 2296 tolli.—lmo

1859 2358 1926 2397 ne
1945 2341 2239 2404 ὑπόστασις
2260 2339 2474 2410 quidem
2498 2339 2563 2392 de
2582 2336 2764 2402 Patre,
2781 2335 2920 2390 Filio
2943 2344 3000 2390 et
3020 2333 3223 2403 Spiritu
3247 2339 3436 2387 sancto

1860 2431 2126 2486 nominari
2165 2430 2345 2484 debet.
2377 2427 2620 2482 Similem
2663 2435 2840 2481 autem
2881 2423 3110 2479 dicimus
3159 2420 3306 2476 Patri
3346 2419 3439 2475 Fi-

1860 2524 2012 2582 lium,
2047 2542 2066 2575 ι
2095 2531 2202 2578 etc.
2227 2518 2343 2588 Quo
2367 2518 2584 2574 decreto
2605 2516 2790 2572 Ariani
2815 2515 2889 2571 illi
2920 2515 3130 2585 priores
3162 2527 3290 2568 suas
3312 2526 3440 2567 oon-

1860 2613 2145 2676 fas-siones.
2185 2613 2239 2667 in
2276 2611 2474 2682 quibus
2513 2611 2790 2672 dixerant,
2822 2605 3022 2663 Filium
3062 2603 3271 2660 etiamsi
3315 2618 3423 2658 non

1859 2711 1919 2777 ἑξ
1938 2711 2147 2774 οὐσίας,
2173 2719 2350 2764 tamen
2377 2706 2438 2774 ἐξ
2467 2705 2818 2770 ὑποστάσεως
2850 2704 2944 2760 Dei
2979 2703 3158 2758 Patris
3197 2701 3438 2774 genitum

1860 2819 2000 2868 esse,
2027 2803 2248 2857 omnino
2275 2800 2638 2857 resciderunt.

1927 2891 2298 2947 2°Praemissa
2351 2891 2454 2946 hac
2503 2888 2793 2942 admodum
2845 2886 3073 2956 prolixa,
3123 2899 3299 2954 neque
3345 2893 3431 2938 ta--

1859 3000 1980 3040 men
2024 2983 2141 3038 utili
2179 2984 2377 3048 minus,
2411 2980 2795 3036 dissertatione
2834 2977 3070 3050 generali
3101 2976 3170 3030 de
3195 2977 3432 3045 latitiquo

1858 3091 1956 3131 usu
1993 3073 2362 3130 ecclesiastico
2409 3088 2602 3128 vocum
2647 3071 2808 3126 οὐσία
2841 3079 2896 3124 et
2937 3069 3236 3131 ὑπόστασις
3264 3084 3277 3096 ·
3305 3077 3426 3120 tan-

1860 3168 1980 3223 dem
2021 3167 2087 3221 ad
2126 3165 2418 3236 Origenem
2483 3163 2668 3217 redeo.
2713 3161 2935 3217 Certum
2981 3170 3066 3214 est
3114 3159 3440 3216 vocabulum

1860 3261 2157 3324 ὑπόστασις
2189 3259 2332 3329 apud
2362 3259 2535 3327 ipsum
2569 3256 2652 3311 vel
2683 3271 2785 3326 pro
2815 3254 3165 3311 Subsistentia
3207 3253 3304 3308 vel~
3339 3268 3448 3320 pro

1860 3371 1917 3410 re
1945 3351 2208 3422 singulari
2259 3359 2314 3405 et
2371 3349 2671 3408 individua,
2715 3363 2812 3416 per
2839 3362 2898 3403 se
2931 3345 3278 3411 subsistente,
3319 3359 3452 3413 quas

1860 3448 1915 3502 in
1947 3448 2012 3502 iis
2035 3462 2153 3516 qua:
2183 3443 2463 3500 intellectu
2493 3442 2716 3511 praedita
2749 3450 2896 3506 sunt,
2920 3439 3064 3494 idem
3095 3447 3179 3492 est
3204 3452 3268 3492 ac
3293 3435 3453 3506 quod?

1860 3553 2147 3609 personam
2191 3538 2352 3591 hodie
2417 3535 2665 3598 dicimus,
2739 3533 2936 3602 passim
2991 3530 3267 3600 usumari.
3327 3526 3452 3580 lnio-

1860 3645 1965 3685 non
2007 3626 2235 3682 memini
2272 3639 2358 3680 me
2398 3625 2608 3694 uspiam
2659 3637 2846 3677 vocem
2881 3622 3037 3675 aliter
3069 3622 3134 3675 ab
3173 3621 3312 3688 ipso,
3345 3619 3448 3671 ubi

1859 3719 1928 3773 de
1953 3717 2232 3772 Trinitate
2275 3714 2538 3782 loquitur,
2582 3721 2856 3781 acceptam
2907 3711 3120 3781 legisse.
3171 3709 3324 3766 Unde
3360 3710 3457 3761 vir-

1859 3824 2086 3880 ntagnus
2127 3807 2278 3876 Hugo
2310 3806 2531 3862 Grotius
2582 3805 2638 3858 in
2685 3803 2836 3858 Notis
2889 3805 2960 3856 ad
3012 3802 3174 3856 Joan.
3229 3817 3349 3868 cap.
3391 3818 3448 3865 1,,

1861 3917 2002 3957 vers.
2023 3899 2082 3966 2,
2109 3909 2162 3954 et
2198 3897 2368 3965 Epist.
2399 3900 2466 3949 ad
2501 3894 2770 3958 llebrteos,
2802 3909 2921 3962 cap.
2952 3909 2992 3957 t,
3025 3907 3170 3949 vers.
3205 3893 3260 3956 3,
3295 3890 3439 3944 allir-

1859 4001 1972 4045 mat
2010 4006 2131 4044 eam
2161 3989 2308 4044 vocis
2331 3986 2688 4049 ὑποστάσεως
2714 3985 3168 4056 signiﬁcationem
3212 3983 3280 4037 ab
3310 3982 3444 4036 Oris

1856 4096 1992 4149 gone
2021 4079 2254 4150 primum
2287 4075 2449 4146 (quod
2479 4084 2659 4129 tamen
2727 4089 2914 4129 verum
2963 4087 3085 4128 esse
3129 4087 3234 4126 non
3282 4070 3439 4141 puto)

1864 4189 1929 4226 cx
1956 4169 2250 4224 Platonicis
2302 4167 2355 4221 in
2405 4165 2658 4220 Ecclesia:
2691 4180 2846 4218 usum
2881 4165 3178 4219 traditotam
3229 4163 3420 4219 fuisse.

1854 4264 1936 4317 Ad
1988 4261 2162 4316 locum
2205 4259 2273 4314 ab
2323 4258 2518 4312 Huetio
2567 4266 2810 4310 notatum
2855 4254 2998 4324 quod
3051 4253 3267 4317 attinet,
3301 4252 3440 4306 nihil

1855 4351 2196 4409 manifestius
2238 4364 2400 4419 quam
2449 4347 2738 4416 Origenem
2789 4345 2863 4399 ibi
2913 4343 3183 4399 allirntare
3218 4343 3438 4397 Patrem

1852 4454 1909 4500 et
1945 4443 2138 4499 Filium
2163 4442 2297 4496 duos
2322 4457 2444 4496 esse
2467 4441 2534 4510 τῇ
2562 4434 2862 4490 ὑποστάσει
2895 4437 3085 4492 eodem
3113 4451 3299 4497 sensu,
3324 4449 3440 4502 quo

1854 4536 2116 4603 haeretici,
2167 4549 2302 4604 quos
2350 4532 2548 4588 ibidem
2611 4531 2964 4602 perstringit,
3019 4529 3071 4583 id
3143 4537 3440 4597 negarunt.

1858 4626 2090 4696 Quinam
2140 4640 2270 4680 vero
2315 4624 2460 4680 isti?
2507 4622 2702 4678 Procul
2749 4621 2913 4676 dubio
2960 4619 3204 4674 Noetiani
3235 4628 3290 4674 et
3320 4617 3440 4681 alii,

1858 4719 1949 4789 qtti
1979 4719 2144 4772 Deum
2188 4730 2307 4770 esse
2343 4713 2766 4786 μονοπρόσωπον
2818 4711 3150 4775 docuerunt,
3200 4727 3264 4764 ac
3308 4719 3429 4762 tan-

1859 4819 1971 4866 tum
2021 4808 2148 4880 μίαν
2196 4807 2518 4871 ὑπόστασιν,
2569 4807 2672 4861 hoc
2712 4815 2820 4864 est,
2865 4819 3152 4872 personam
3187 4817 3343 4855 unam
3380 4801 3440 4858 in

1858 4903 2140 4958 divinitate
2166 4908 2525 4964 agnoverunt.
2583 4895 2734 4961 Quod
2774 4911 2899 4948 vero
2940 4905 3198 4962 pra-terea
3231 4892 3438 4970 objicit

1858 4993 2082 5046 liuetius
2110 4990 2414 5059 Origeniau.
2451 4987 2543 5041 lib.
2573 5003 2632 5048 ll,
2663 4997 2856 5052 quzest.
2886 4984 2937 5044 2,
2968 5000 3116 5037 num.
3149 4982 3204 5047 '5,
3231 4999 3281 5050 p.
3308 4982 3438 5046 illi,

1857 5083 2167 5152 Origcnem,
2196 5097 2319 5134 cum
2354 5095 2516 5131 unum
2561 5093 2683 5130 esse
2730 5075 3020 5130 concordia
3066 5082 3121 5128 et
3161 5089 3433 5128 consensu

1855 5175 2054 5228 dixerit
2083 5172 2300 5227 Patrem
2362 5180 2416 5224 et
2452 5169 2671 5232 Filium,
2704 5170 2863 5221 aliam
2895 5181 3110 5220 omnem
3150 5165 3320 5220 videri
3351 5181 3431 5217 re-

1856 5268 2072 5334 Spuisse
2099 5264 2360 5318 unitatem
2385 5305 2400 5324 ,
2447 5263 2497 5315 id
2521 5275 2652 5314 sane
2699 5262 2831 5314 levis
2861 5269 2945 5313 est
2982 5261 3259 5312 momenti.
3299 5257 3438 5310 Nam

1855 5357 1944 5424 qui
1991 5364 2196 5410 tantum
2229 5356 2488 5409 unitatem
2531 5367 2826 5406 consensus
2853 5352 2993 5406 inter
3017 5351 3234 5405 Patrem
3266 5360 3318 5403 et
3344 5349 3434 5403 Fi-

1855 5449 2006 5510 lium,
2039 5449 2219 5514 aliquo
2262 5448 2313 5500 in
2370 5444 2490 5498 loco
2536 5445 2811 5512 exprimit,
2851 5459 2956 5496 non
3002 5444 3184 5498 statim
3227 5445 3269 5495 is
3302 5458 3432 5494 cen-

1857 5540 2057 5595 sendus
2087 5548 2188 5603 cst,
2223 5553 2434 5594 omnem
2478 5539 2636 5590 aliam
2697 5541 2957 5590 unitatem
3016 5552 3237 5604 prorsus
3271 5535 3430 5602 igno~

1839 5739 2009 5793 Paris.
2041 5740 2282 5794 BULLUS.

1911 5811 2024 5878 (33)
2053 5811 2202 5876 Apud
2237 5810 2489 5865 Albanas.
2519 5807 2596 5863 De
2621 5808 2806 5877 synod.
2846 5804 3072 5858 Arimia.
3129 5812 3179 5858 et
3225 5803 3436 5861 Selene.

1843 5892 1972 5936 lout.
2006 5881 2044 5948 l,
2083 5900 2130 5951 p.
2169 5881 2293 5936 906.
