3926 6524
467 459 603 516 1307

1890 477 2114 534 EXCER
2124 480 2312 538 PTUM

3591 493 3726 548 1508

465 592 639 634 rasse.
668 579 871 678 Deinde
897 580 1147 678 Origenis
1200 590 1474 644 sexcentis
1526 591 1650 647 aliis
1690 593 1755 648 iu-
1782 595 1917 652 locis
1943 596 2048 652 Pa-
2077 606 2124 660 Δ
2151 601 2305 656 Nocti
2335 604 2541 669 scltola,
2566 606 2656 673 qui
2689 605 2925 673 dicebat,
2947 606 3204 678 Spiritum
3228 619 3476 664 sanctum
3502 624 3533 664 a
3566 611 3722 666 Patre

468 680 606 724 trem
631 681 685 725 et
709 671 900 728 Filium
930 676 1274 745 ὁμοουσίους,
1303 680 1348 734 si
1384 697 1497 737 rem
1523 699 1642 752 quae
1673 701 1805 742 voce
1835 689 2042 760 signifi-

464 769 644 825 catur,
683 773 921 832 spectes,
958 769 1207 838 agnovit;
1239 772 1437 842 saepius
1481 776 1648 830 etiam
1694 777 1746 831 in
1773 780 2046 846 terminis,

468 862 529 906 ut
572 852 888 924 loquuntur,
945 859 1008 912 τὸ
1050 861 1337 931 ὁμοούσιον
1370 865 1652 922 confessus
1695 877 1797 935 est,
1844 871 2048 926 citante

470 943 755 1018 Pamphilo
785 961 1023 1024 martyre
1047 995 1062 1020 ,
1115 965 1170 1010 et
1215 967 1511 1014 attestaute
1552 961 1765 1017 Rufino.
1801 962 1946 1019 ldem
1981 965 2048 1021 de

468 1036 795 1107 Novatiano,
837 1044 951 1098 sive
1012 1058 1241 1104 auctore
1282 1050 1405 1105 libri
1462 1052 1536 1107 De
1594 1056 1849 1110 Trinitate
1903 1058 2050 1114 inter

463 1145 634 1199 opera
663 1132 1010 1204 Tertulliani,
1041 1154 1200 1208 quem
1224 1142 1294 1195 ob
1326 1143 1558 1198 similem
1596 1145 1924 1203 locutionem
1951 1165 2050 1205 no-

467 1229 550 1276 tat
575 1221 805 1279 Huetius
836 1227 1035 1284 ibidem
1064 1247 1174 1301 quo
1201 1248 1386 1304 supra,
1428 1250 1527 1290 suo
1574 1235 1694 1293 loco
1746 1239 2049 1297 luculenter

464 1315 772 1372 ostendam.
801 1317 972 1374 Porro
996 1320 1268 1393 Origenes
1295 1335 1442 1381 torno
1484 1329 1663 1398 primo
1702 1331 1758 1385 in
1783 1330 2048 1389 Joannem

464 1403 538 1459 de
565 1406 978 1478 Valentinianis,
1015 1413 1371 1487 ejusdemque
1398 1419 1586 1476 farinae
1621 1423 1746 1478 aliis
1775 1424 2049 1482 haereticis

467 1496 702 1564 locutus,
753 1502 825 1555 ait
860 1520 1007 1559 num.
1063 1505 1154 1569 ‘25,
1201 1525 1319 1580 pag.
1366 1511 1458 1576 25,
1487 1512 1558 1566 26
1590 1532 1602 1566 :
1630 1515 1881 1586 Χρῶνται
1923 1517 2038 1588 τῷο

479 1588 872 1658 Ἐξηρεύξατο
901 1598 940 1664 ή
972 1598 1185 1666 καρδία
1203 1617 1324 1669 μου
1337 1605 1524 1673 λόγον
1545 1605 1787 1674 ἀγαθὸν,
1810 1609 2048 1679 οἰόμενοι

467 1683 749 1770 στροφορὰν
806 1689 1098 1758 πατρικὴν,
1137 1691 1300 1744 οἱονεὶ
1353 1695 1410 1746 ὲν
1451 1694 1741 1760 συλλαϐαῖς
1787 1699 2048 1770 κειμένην

465 1767 602 1826 εῖναι
651 1775 741 1829 τὸν
779 1778 906 1831 Υῐόν
926 1780 1020 1834 τοῦ
1053 1779 1212 1846 Θεοῦ,
1252 1784 1348 1836 καὶ
1378 1786 1517 1840 κατά
1538 1788 1697 1842 τοῦτο
1727 1767 2045 1856 ὑπόστασιν,

463 1867 638 1938 αὐτῷ,
659 1872 707 1922 εί
736 1872 985 1945 ἀκριϐῶς
1019 1878 1200 1931 αὐτῶν
1244 1879 1668 1950 πυνθανοίμεθα,
1697 1883 1758 1935 οὐ
1787 1883 2043 1950 διδόασιν,

467 1959 579 2013 οὐδ’
619 1962 806 2016 οὐσίαν
843 1966 1007 2019 αὐτοῦ
1043 1970 1450 2041 σαφηνίζουσιν.
1498 1947 1554 2026 id
1589 1982 1702 2041 est,
1755 1991 1774 2025 ι
1814 1947 2050 2030 Utuntur
2079 1947 2124 2003 Β

467 2050 615 2105 dicto
651 2053 759 2122 illo,
788 2056 1059 2113 Eructavir
1107 2078 1198 2117 cor
1256 2081 1428 2118 meum
1473 2068 1681 2120 verbum
1741 2068 1932 2122 bonum
1959 2071 2045 2124 “:

470 2143 851 2202 existimantes
920 2149 1116 2206 Filium
1186 2154 1278 2209 Dei
1339 2165 1617 2225 paternam
1687 2160 2045 2230 prolationem

467 2247 610 2300 esse,
643 2247 899 2308 tanquam
932 2242 983 2296 in
1025 2244 1256 2313 syllabis
1279 2249 1514 2315 positam
1542 2268 1556 2304 :
1609 2252 1751 2306 unde
1790 2253 2050 2323 byposta-

467 2331 552 2386 sin
597 2333 694 2395 illi,
737 2335 782 2389 si
826 2348 1084 2393 accurate
1130 2340 1277 2408 ipsos
1325 2341 1738 2413 interrogemus,
1788 2360 1892 2399 non
1939 2347 2051 2399 tri—

468 2418 663 2485 buunt,
694 2439 870 2493 neque
895 2427 1257 2484 substantiam
1288 2431 1409 2500 ejus
1431 2433 1744 2502 explanant.
1782 2455 1802 2487 s
1839 2435 1937 2489 Hic
1970 2437 2044 2490 fa-

469 2517 614 2585 tetttr
641 2513 866 2570 Huetius
897 2517 1091 2572 ibidem
1125 2535 1232 2587 quo
1260 2537 1444 2589 supra,
1484 2523 1790 2593 Origem’an.
1833 2543 1884 2595 p.
1918 2528 2043 2595 H6,

471 2600 774 2657 ὑπόστασιν
807 2607 876 2659 ab
903 2607 1062 2679 οὐσία
1085 2610 1345 2680 distingui
1379 2613 1594 2680 quidem
1623 2631 1638 2678 ;
1675 2617 1766 2668 sed
1799 2616 1896 2681 ait,
1937 2633 2045 2672 non

469 2694 610 2747 sumi
657 2711 756 2764 pro
802 2713 1048 2763 persona,
1095 2702 1189 2755 sed
1237 2704 1602 2762 subsistentia.
1651 2705 1847 2760 Verum
1905 2711 2047 2778 apud

471 2796 722 2855 veteres,
763 2791 950 2846 tibide
978 2792 1248 2848 Trinitate
1284 2794 1602 2864 loquuntur,
1653 2798 1804 2867 quid,
1837 2815 2044 2869 quasso,

472 2875 651 2933 differt
709 2895 939 2950 persona
986 2897 1015 2936 a
1057 2885 1404 2940 subsistentia
1445 2887 1470 2941 ἲ
1524 2887 1784 2942 Nimirum
1836 2891 1934 2954 illi,
1989 2900 2048 2945 ut

469 2979 623 3024 recte
660 2971 970 3027 observavit
1000 2975 1255 3032 Petavius
1294 2976 1370 3031 De
1399 2979 1615 3046 Trinit.,
1643 2981 1736 3036 lib.
1769 2997 1842 3045 tv,
1879 2998 1928 3037 c.
1980 2985 2046 3048 ‘5,

468 3074 615 3112 nunt.
649 3061 704 3126 6,
739 3079 760 3113 ι
787 3064 1192 3120 subsistentiam
1237 3084 1258 3118 ι
1307 3082 1404 3136 pro
1431 3080 1718 3134 concreto,
1746 3072 1888 3141 quod
1930 3073 2038 3129 dici

468 3151 626 3212 solet,
663 3154 880 3208 nomine
905 3165 1275 3224 sumpserunt,
1316 3169 1372 3213 et
1404 3174 1524 3214 cum
1568 3177 1794 3230 persona
1843 3165 2042 3220 confu-

467 3242 681 3354 tierunt.
720 3245 920 3301 Deinde
945 3248 999 3303 in
1027 3247 1146 3304 loco
1166 3247 1436 3321 Origenis,
1482 3269 1640 3322 quem
1688 3257 2037 3325 reprehendit
2075 3295 2121 3354 ε

468 3333 717 3404 Hnetius,
763 3340 1064 3409 accipiatur
1110 3344 1277 3416 igitur
1320 3346 1616 3411 ὑπόστασις
1661 3363 1758 3416 pro
1794 3367 1813 3401 ι
1866 3353 2046 3407 subsi-

465 3429 689 3496 stentia,
716 3450 736 3483 ι
775 3442 835 3487 ιιι
864 3435 1115 3491 dicantur
1147 3436 1310 3492 Pater
1340 3446 1397 3493 et
1445 3439 1612 3493 Filius
1644 3440 1751 3495 duo
1790 3444 1857 3513 τῇ
1905 3443 2042 3497 ὑπο-

468 3530 660 3585 στάσει
703 3551 723 3584 ι
756 3533 1144 3591 subsistentia:
1184 3555 1203 3588 ι
1240 3553 1307 3590 an
1337 3538 1624 3607 quisquam
1653 3537 1965 3593 Catholicus
1988 3541 2039 3594 id

469 3622 692 3692 culpet?
721 3623 834 3679 lmo
863 3642 1046 3683 nonne
1079 3628 1378 3685 haereticus
1403 3639 1510 3694 est,
1559 3630 1651 3699 qui
1704 3633 1912 3702 neget?
1951 3631 2053 3687 Ve-

469 3727 590 3768 rum
638 3715 819 3771 acrius
851 3718 1084 3789 insurgit
1119 3720 1346 3777 Huetius
1405 3721 1715 3792 Origenian.
1765 3735 1957 3792 quaest.
1990 3739 2049 3789 ιι,

473 3822 626 3861 ιιυιιι.
676 3808 732 3876 5,
783 3825 907 3881 pag.
955 3811 1083 3867 ΗἹ.
1148 3831 1165 3865 ι
1219 3813 1382 3880 Quid,
1429 3815 1626 3883 inquit,
1679 3815 2050 3871 defensionem

470 3901 717 3969 pr'ebere
756 3918 1021 3958 conamur
1055 3905 1296 3977 Origeui,
1327 3923 1448 3961 cum
1485 3923 1639 3960 suam
1677 3907 1790 3976 ipse
1816 3922 2037 3962 causam

469 3995 661 4062 prodat
715 4007 844 4052 tom.
899 4015 937 4053 ll
983 3999 1037 4052 in
1088 3998 1274 4062 Joon.,
1330 4015 1477 4053 num.
1523 4000 1577 4065 5,
1628 4015 1752 4070 pag.
1797 3998 1888 4064 6|,
1953 4000 2044 4054 ubi

468 4089 756 4155 quemdam
825 4091 1144 4161 impugnans
1187 4092 1615 4162 δογματίζον-ια,
1663 4091 1797 4162 μηδὲ
1853 4092 2046 4145 οὐσίαν

469 4177 592 4233 τινὰ
636 4180 768 4233 ἰδίαν
817 4180 1115 4251 ὑφεστάναι
1158 4184 1252 4236 τοῦ
1293 4184 1449 4254 ἁγίου
1495 4183 1813 4256 Πνεύματος
1857 4185 2051 4255 ἑτέραν

473 4271 624 4342 παρὰ
650 4272 739 4324 τὸν
767 4272 987 4346 Πατέρα
1037 4276 1128 4329 καὶ
1172 4276 1263 4329 τὸν
1306 4275 1432 4328 Υἱόν
1457 4294 1469 4306 ·
1497 4287 1618 4344 post
1650 4276 1826 4344 aliqua
1863 4277 2051 4329 addit:

483 4361 674 4436 Ἡμεῖς
699 4365 878 4436 μέντοι
918 4383 982 4436 γε
1015 4369 1163 4441 τρεῖς
1207 4367 1534 4431 ὑποστάσεις
1574 4367 1882 4438 πειθόμενοι
1921 4385 2054 4438 τυγο

477 4455 688 4527 χάνειν,
737 4458 828 4511 τὸν
877 4459 1099 4531 Πατέρα
1153 4459 1246 4511 καὶ
1298 4459 1427 4511 Υἱὸν
1473 4460 1568 4512 καὶ
1612 4459 1765 4528 ἅγιον
1804 4460 2054 4532 Πνεῦμα,

475 4566 530 4603 κ.
560 4568 614 4603 τ.
643 4549 720 4616 λ.,
757 4552 806 4604 id
834 4563 938 4616 est,
963 4572 979 4603 ι
1025 4551 1132 4606 Nos
1165 4562 1343 4605 autem
1366 4553 1456 4620 qui
1492 4563 1604 4606 tres
1646 4567 1906 4620 personas
1934 4567 2056 4608 esse

2149 705 2206 749 et
2250 695 2388 750 Filio
2425 696 2730 753 nullatenus
2773 699 3011 764 diﬁ'erre,
3057 703 3151 756 sed
3199 702 3260 755 τὸ
3295 703 3429 756 αὐτὸ
3458 697 3602 757 εἶναι
3648 703 3724 777 τῷ

2149 789 2348 861 Πατρί,
2385 803 2657 858 «prorsus
2683 790 2822 845 idem
2857 807 2976 846 esse
2998 794 3141 861 quod
3189 793 3365 860 Pater,
3395 815 3416 847 ι
3451 794 3725 852 referente

2151 879 2350 934 ibidem
2387 881 2505 950 ipso
2539 879 2789 951 Origene.
2820 883 3096 937 Adversus
3125 883 3268 938 hunc
3291 885 3542 939 ostendit
3567 901 3633 940 eo
3666 886 3720 940 in

2150 966 2270 1022 loco
2310 967 2596 1036 Origenes,
2635 970 2778 1040 quod
2810 970 2931 1025 sine
2974 974 3348 1028 controversia
3390 973 3592 1029 Matth.
3625 992 3720 1044 xtt,

2153 1058 2246 1126 32,
2272 1059 2552 1115 distinctio
2600 1061 2910 1117 declaretur
2959 1061 3196 1132 Spiritus
3243 1066 3420 1120 sancti
3471 1081 3502 1118 a
3543 1065 3718 1133 Filio;

2153 1150 2389 1221 indeque
2419 1151 2697 1207 concludit
2731 1153 2994 1222 Spiritum
3043 1165 3292 1210 sanctum
3343 1167 3401 1211 ut
3434 1166 3492 1212 et
3527 1157 3722 1214 Filium

2149 1244 2335 1309 etiam,
2368 1259 2397 1298 a
2430 1244 2591 1300 Patre
2615 1261 2842 1315 persona
2877 1247 3114 1302 dili'erre.
3160 1246 3295 1301 Tum
3330 1249 3632 1320 subiungit,
3671 1259 3726 1307 et

2150 1349 2232 1396 se.
2257 1345 2313 1390 et
2336 1337 2477 1392 alios
2505 1337 2818 1393 Catholicos
2863 1339 3108 1403 credere,
3149 1337 3388 1405 Patrem,
3433 1338 3637 1394 Filium
3670 1351 3726 1397 et

2155 1425 2420 1497 Spiritum
2465 1439 2716 1484 sanctum
2766 1445 2889 1486 esse
2949 1433 3096 1502 τρεῖς
3142 1431 3500 1497 ὑποστάσεις,
3554 1450 3575 1484 ι
3617 1442 3726 1490 tres

2149 1520 2549 1576 subsistentias.
2583 1541 2602 1574 ι
2645 1521 2908 1577 Nimirum
2938 1523 3234 1588 ὑπόστασις
3260 1525 3403 1595 apud
3433 1525 3723 1595 Origenem

2149 1613 2261 1667 fere
2287 1623 2598 1668 constanter
2622 1615 2890 1684 significant
2923 1617 3036 1670 sive
3063 1617 3470 1670 subsistentiam
3503 1616 3556 1670 in
3599 1617 3724 1672 abs-

2151 1717 2345 1773 tracto,
2396 1710 2510 1764 sive
2559 1724 2670 1763 rem
2725 1709 3054 1780 singularem
3085 1720 3140 1763 et
3171 1709 3508 1764 individuam
3539 1723 3637 1776 per
3669 1723 3728 1766 se

2150 1797 2552 1862 subsistentem,
2600 1815 2720 1870 quae
2766 1800 2822 1854 in
2866 1801 2954 1866 iis,
3005 1815 3124 1868 qua:
3167 1801 3278 1854 vita
3335 1811 3392 1855 et
3446 1801 3725 1856 intellectu

2151 1892 2385 1959 gaudent
2437 1893 2518 1962 (ut
2545 1894 2743 1962 sapius
2769 1890 2924 1962 dixi),
2963 1891 3105 1946 idem
3141 1904 3226 1946 est
3267 1893 3413 1962 quod
3458 1907 3716 1960 persona.

2153 1981 2259 2036 Sed
2318 1998 2576 2053 quorsum
2629 1986 2776 2040 bisce
2836 1985 3091 2040 lectorem
3147 1986 3467 2055 ambagibus
3515 1986 3727 2041 detine-

2151 2074 2310 2128 mus?
2344 2074 2529 2129 Exstat
2569 2075 2719 2131 locus
2746 2077 2796 2130 in
2833 2077 3039 2132 Graacis
3083 2076 3336 2146 Origeuis
3373 2076 3728 2132 Commenta-

2149 2165 2245 2220 riis
2285 2166 2352 2220 ab
2379 2166 2494 2235 ipso
2537 2166 2733 2221 Huetio
2761 2169 2946 2233 editis,
2996 2168 3089 2238 qui
3135 2179 3377 2222 nostram
3413 2168 3726 2236 Origeniani

2148 2272 2342 2313 sensus
2423 2260 2920 2330 interpretationem
3006 2261 3350 2331 apertissime
3415 2261 3726 2316 conﬁrmet.

2149 2347 2282 2402 Nam
2316 2357 2459 2402 tomo
2483 2365 2513 2402 x
2558 2351 2610 2402 in
2635 2348 2914 2413 Joannem,
2944 2365 3090 2403 num.
3122 2349 3215 2411 21,
3247 2365 3368 2418 pag.
3397 2348 3529 2412 l99,
3564 2362 3729 2418 quos-

2149 2441 2270 2496 dam
2296 2429 2445 2494 no'tat
2475 2440 2734 2511 Origenes
2768 2443 2984 2511 (nempe
3045 2455 3112 2494 ex
3160 2438 3467 2507 Noetianis)
3493 2481 3508 2503 ,
3537 2440 3628 2509 qui
3661 2455 3727 2494 ex

2150 2531 2284 2588 locis
2318 2532 2613 2602 Scriptura;-
2646 2532 2967 2601 quibusdam
2999 2533 3136 2585 male
3185 2532 3478 2586 intellectis
3517 2531 3727 2586 ostendi

2149 2625 2552 2686 existimarunt,
2589 2624 2663 2694 μὴ
2697 2624 2976 2696 διαφέρειν
3003 2623 3082 2693 τῷ
3108 2622 3330 2694 ἀριθμῴ
3351 2622 3447 2676 τὸν
3485 2622 3612 2676 Υἱὸν
3638 2619 3732 2675 τοῦ

2149 2715 2380 2787 Πατρὸς,
2433 2716 2547 2769 ἀλλ’
2589 2715 2668 2779 ἓν,
2695 2717 2756 2768 οὐ
2793 2716 2951 2786 μόνον
2992 2715 3170 2786 οὐσίᾳ,
3206 2713 3343 2767 ἀλλὰ
3382 2714 3481 2767 καὶ
3515 2715 3730 2766 ὑποκει-

2152 2807 2297 2878 μένῳ
2332 2809 2697 2878 τυγχάνοντας
2739 2806 3099 2876 άμφοτέρους,
3131 2804 3275 2860 κατά
3297 2821 3454 2867 τινας
3489 2804 3734 2866 ἐπινοίας

2148 2897 2460 2971 διαφόρους,
2495 2900 2555 2953 οὐ
2600 2899 2716 2952 κατ’
2750 2898 3045 2952 ὑπόστασιν
3083 2898 3338 2967 λέγεσθαι
3388 2898 3617 2968 Πατέρα
3641 2896 3730 2951 τὸν

2163 2991 2312 3044 Υἱόν·
2349 2992 2401 3046 id
2424 2998 2539 3057 cst,
2572 3009 2590 3042 ι
2617 2988 2855 3044 Numero
2883 3004 2986 3043 non
3023 2988 3241 3043 diﬁ‘erre
3273 2987 3472 3042 Filium
3503 2988 3726 3052 aPatre,

2150 3085 2243 3140 sed
2277 3094 2565 3154 utrumque
2593 3097 2756 3136 unum
2805 3095 2910 3135 non
2963 3082 3124 3136 modo
3162 3079 3496 3147 substantia,
3539 3080 3630 3134 sed
3675 3085 3730 3132 et

2152 3175 2395 3244 subjecto
2423 3174 2774 3237 exsistentes,
2818 3171 3115 3226 secundum
3166 3171 3436 3242 quasdam
3483 3171 3734 3226 notiones.

2151 3269 2420 3328 diversas,
2445 3281 2552 3322 non
2594 3266 2890 3321 secundum
2924 3265 3267 3336 bypostasin,
3299 3264 3527 3319 Patrem
3559 3274 3615 3318 et
3644 3261 3724 3316 Fi-

2153 3361 2281 3414 lium
2307 3359 2438 3414 dici.
2479 3377 2498 3411 ι
2558 3357 2764 3425 Quibus
2804 3358 2916 3427 ipse
2955 3358 3247 3427 respondet
3279 3374 3294 3410 :
3324 3356 3570 3410 Λεκτέον
3599 3354 3729 3424 πρὸς

2152 3453 2348 3516 αὐτοὺς
2375 3451 2590 3524 πρῶτον
2621 3450 2720 3523 μὲν
2763 3451 2951 3522 ἓτερον
2981 3447 3119 3504 εἶναι
3152 3450 3243 3504 τὸν
3270 3449 3402 3502 Υἱὸν
3442 3451 3600 3522 παρὰ
3642 3447 3735 3501 τὸν

2152 3548 2394 3618 Πατέρα,
2426 3547 2521 3600 καὶ
2543 3547 2624 3600 ὅτι
2653 3546 2862 3618 ἀνάγκη
2893 3547 2983 3600 τὸν
3021 3545 3148 3598 Υἱὸν
3178 3547 3393 3617 Πατρὸς
3420 3542 3561 3600 εἶναι
3587 3545 3734 3614 Υἱὸνι

2153 3643 2248 3698 καὶ
2273 3643 2366 3696 τὸν
2394 3641 2614 3712 Πατέρα
2651 3640 2782 3693 Υἱοῦ
2818 3639 3057 3712 Πατέρα,
3085 3640 3135 3693 id
3163 3650 3266 3704 est,
3327 3658 3347 3690 ι
3400 3639 3483 3693 Ad
3527 3639 3625 3693 hos
3653 3637 3731 3692 di-

2153 3737 2383 3790 cendum
2422 3735 2617 3802 primo,
2644 3731 2807 3786 alium
2837 3746 2958 3786 esse
2990 3730 3187 3784 Filium
3224 3745 3252 3783 a
3282 3730 3466 3793 Patre.
3503 3741 3560 3784 et
3587 3731 3724 3798 quod

2153 3825 2467 3881 necessario
2513 3823 2680 3877 Filius
2714 3823 2785 3877 sit
2824 3819 3000 3876 Patris
3051 3820 3247 3883 Filius,
3289 3833 3344 3876 et
3403 3822 3569 3878 Pater
3617 3821 3731 3877 Filii

2153 3918 2226 3974 sit
2249 3918 2425 3972 Pater.
2462 3935 2480 3968 ι
2537 3914 2634 3969 llic
2681 3915 2837 3967 οὐσία
2880 3924 2932 3967 ει
2975 3914 3271 3977 ὑπόστασις
3321 3913 3474 3968 clare
3529 3914 3719 3968 distin-

2156 4022 2415 4084 guuntur,
2472 4008 2630 4079 plane
2678 4006 3131 4078 quemadmodum
3165 4022 3193 4058 a
3228 4007 3385 4060 nobis
3443 4007 3608 4060 bodie
3639 4005 3727 4070 fit;

2156 4114 2211 4158 et
2266 4101 2517 4172 Origenis
2565 4101 2906 4169 aliorumque
2948 4096 3351 4154 Catholieorum
3397 4099 3664 4153 sententia
3700 4113 3728 4151 a

2156 4181 2420 4248 Noetiana
2449 4199 2707 4245 accurate
2746 4186 3174 4243 discriminatur.
3207 4185 3490 4242 Ducebant
3525 4186 3723 4242 Catho-

2158 4285 2242 4339 lici
2274 4283 2486 4339 Patrem
2511 4293 2564 4338 et
2591 4281 2782 4336 Filium
2816 4295 2979 4334 unum
3017 4279 3235 4349 quidem
3268 4294 3394 4335 esse
3420 4278 3716 4334 substantia

2164 4377 2289 4444 (hoc
2345 4384 2450 4440 est,
2507 4372 2883 4444 ὁμοουσίους),
2936 4371 3029 4426 sed
3078 4372 3354 4442 bypostasi
3390 4380 3444 4425 et
3501 4370 3728 4438 subjecto

2160 4469 2326 4520 duos:
2359 4474 2548 4520 contra
2585 4462 2821 4517 haeretici
2856 4461 3275 4527 contendebant,
3304 4460 3528 4516 Patrem
3560 4471 3614 4515 et
3644 4458 3724 4514 Fi-

2161 4559 2290 4612 lium
2329 4573 2434 4611 non
2482 4558 2644 4610 modo
2707 4552 3033 4615 substantia,
3083 4552 3176 4606 sed
3232 4551 3402 4605 etiam
3463 4547 3738 4623 ltypostasi.

472 4641 712 4707 Patrem,
744 4643 937 4697 Filium
966 4653 1020 4697 et
1051 4644 1317 4713 Spiritum
1370 4655 1616 4698 sanctum
1665 4647 1910 4713 persuasi
1962 4661 2057 4700 su-
2086 4635 2132 4692 Β
2163 4665 2326 4704 υιιιιιη
2367 4641 2514 4712 esSe,
2551 4662 2615 4699 ac
2645 4657 2849 4700 tantum
2873 4646 3168 4700 secundum
3200 4643 3451 4698 diversas
3494 4644 3727 4698 notiones

475 4749 617 4798 mus,
664 4746 810 4790 tetc.
845 4735 1047 4802 Quibus
1077 4736 1347 4806 significat
1375 4737 1442 4789 ab
1486 4751 1552 4789 eo
1598 4736 1690 4806 qui
1735 4736 1950 4791 unicam
1991 4737 2044 4791 in

471 4824 742 4882 Trinitate
764 4827 950 4883 οὐσίαν
1011 4828 1184 4896 ponit,
1224 4843 1283 4882 se
1313 4828 1627 4897 dissentire,
1662 4836 1717 4882 et
1762 4837 1874 4883 tres
1918 4831 2054 4884 ὑπο-

471 4923 692 4988 στάσεις
755 4923 1064 4988 admittere,
1130 4923 1232 4978 boc
1293 4933 1396 4987 est,
1467 4933 1574 4978 tres
1632 4923 1843 4986 οὐσίας.
1912 4922 2048 4979 Nam

471 5016 517 5073 si
566 5017 855 5090 ἰδιότητας,
923 5019 1024 5072 Ιιοε
1077 5028 1183 5084 est,
1241 5032 1502 5088 personas
1561 5019 1895 5090 significaret
1950 5035 2054 5074 vox

472 5111 824 5180 ὑποστάσεις,
859 5115 1168 5184 neutiquam
1201 5115 1535 5184 exprimeret
1563 5116 1866 5172 dissensum
1898 5131 2056 5171 suum

475 5205 547 5262 ab
569 5222 658 5272 eo,
682 5207 774 5277 qui
807 5207 967 5262 unius
993 5207 1182 5271 οὐσίας
1223 5205 1548 5262 Trinitatem
1595 5221 1714 5263 esse
1762 5207 2002 5265 volebat.
2033 5225 2050 5259 ι

478 5300 666 5369 Atqui,
698 5300 918 5370 inquam
949 5316 1072 5370 ego,
1114 5317 1178 5356 ex
1203 5301 1307 5356 hoc
1338 5300 1458 5355 loco
1490 5300 1623 5354 nihil
1670 5299 1814 5352 aliud
1872 5300 2054 5368 colligi

480 5399 680 5461 potest,
737 5405 898 5460 quam
951 5392 1343 5456 adversarium,
1411 5407 1570 5460 quem
1634 5389 1708 5445 ibi
1775 5391 2057 5461 impugnat

477 5481 760 5552 Origenes,
792 5483 977 5547 οὐσίας
1011 5485 1227 5539 nomine
1265 5483 1595 5554 hyposlasim
1619 5483 1732 5538 sive
1761 5497 2056 5551 personam

480 5573 839 5640 intellexisse,
866 5577 1008 5644 quod
1038 5588 1094 5630 et
1120 5576 1188 5630 ab
1221 5575 1341 5629 aliis
1372 5574 1576 5641 multis,
1605 5576 1769 5630 etiam
1811 5575 2058 5630 Catholi-

482 5667 584 5732 εἰς,
603 5667 830 5736 factum,
857 5685 1020 5742 supra
1051 5669 1408 5726 ostendimus.
1437 5669 1660 5724 Scilicet
1683 5669 2057 5732 adversarius,

479 5768 670 5813 contra
697 5775 858 5829 quem
895 5763 1136 5833 disputat
1179 5761 1252 5818 ibi
1301 5761 1590 5832 Origenes,
1625 5761 1728 5816 fuit
1771 5774 1961 5817 revera
1995 5777 2058 5816 cx

561 5937 599 5967 ⁶¹
628 5936 766 5992 ιιδυι.
807 5953 945 6006 xmv,
976 5940 1024 5993 l.

2161 4745 2273 4798 sive
2300 4751 2595 4817 conceptus
2626 4751 2840 4796 nostros
2875 4738 3154 4808 distingui,
3185 4747 3354 4808 atque
3391 4736 3504 4791 alio
3528 4739 3725 4806 Erespe-

2161 4845 2249 4890 ctu
2278 4849 2422 4889 nunc
2457 4833 2699 4898 Patrem,
2735 4848 2876 4888 nunc
2909 4832 3014 4886 alio
3048 4830 3244 4885 Filium
3286 4830 3421 4885 dici.
3465 4829 3563 4884 llis
3591 4838 3727 4884 certe

2162 4927 2297 4984 nihil
2328 4925 2690 4981 manifestius.
2722 4925 2874 4992 Quod
2901 4939 3030 4979 vero
3057 4925 3124 4979 de
3161 4922 3390 4992 antiquo
3425 4923 3578 4978 vocis
3604 4921 3728 4980 ὑποτ-

2167 5020 2412 5085 στάσεως
2440 5021 2491 5074 in
2514 5019 2829 5074 divinisusu
2859 5016 3252 5081 ecclesiastico,
3291 5014 3466 5073 fusius
3512 5015 3729 5068 fortasse

2162 5128 2326 5182 quam
2381 5113 2658 5184 proposita
2695 5111 2930 5180 oltjcctio
2977 5108 3297 5180 postularet,
3350 5106 3728 5170 disseruerim;

2161 5207 2241 5270 id,
2276 5207 2351 5260 uti
2378 5220 2558 5275 spero,
2606 5205 2748 5259 haud
2791 5203 3078 5258 molestum
3119 5203 3226 5257 erit
3255 5201 3448 5256 lectori
3497 5200 3727 5262 cordate,

2161 5297 2252 5369 qui
2285 5311 2468 5352 secum
2498 5297 2680 5350 attimo
2710 5295 3064 5365 reputaverit,
3091 5307 3254 5363 quam
3295 5293 3386 5347 hic
3435 5307 3541 5346 non
3582 5289 3729 5344 modo

2165 5408 2196 5445 a
2230 5392 2388 5463 vulgo
2421 5391 2815 5460 theologorum,
2872 5387 2966 5442 sed
3007 5389 3168 5440 etiam
3203 5399 3235 5439 a
3265 5385 3405 5438 viris
3434 5381 3728 5439 eruditissi-

2166 5485 2270 5537 mis
2298 5491 2410 5537 tota
2437 5482 2522 5536 via
2561 5491 2794 5537 erretur.

2245 5573 2272 5645 §
2307 5574 2425 5628 XII.
2461 5571 2718 5642 Sequitur
2747 5573 2850 5626 alia
2887 5570 3061 5625 lluetii
3090 5569 3328 5640 objectio
3363 5568 3637 5636 desumpta
3667 5575 3730 5616 ex

2171 5667 2356 5721 verbis
2393 5665 2643 5733 Origenis
2699 5664 2792 5719 lib.
2838 5679 2932 5718 vttt
2975 5673 3160 5717 contra
3227 5660 3394 5727 Cels.,
3445 5676 3591 5714 ntttn.
3642 5655 3729 5719 ιι,

2169 5774 2220 5827 p.
2249 5757 2376 5822 752,
2413 5773 2603 5828 nempe
2643 5758 2788 5812 bisce
2820 5757 3037 5810 ε”Εστω
3061 5755 3138 5822 δὲ,
3175 5753 3330 5818 τινας
3357 5753 3434 5818 ὡς
3455 5753 3514 5807 ἑν
3547 5747 3731 5821 πλήθει
