3952 6524
255 456 397 510 1509

1281 462 1370 518 EX
1411 465 1477 520 Ο.
1520 464 1721 524 BULLl
1761 463 1912 523 DEF.
1953 467 2130 524 FIDE]
2171 470 2493 529 NICA‘ZNE.

2133 3 2244 18 »πθ
2253 3 3136 22 WW1“
3145 4 3266 20 Zur—.3
3271 4 3296 20 εν

3359 481 3498 535 1510

251 573 642 638 πιστευόντων,
673 575 768 630 καὶ
794 576 1098 650 δεχομένων
1124 580 1437 651 διαφωνίαν,
1468 583 1559 638 διὰ
1588 585 1689 657 τὴν
1705 602 1831 657 προ-

1937 589 2024 658 qui
2059 591 2316 646 mundum
2347 591 2608 659 condidit,
2641 591 2836 647 Filium
2865 610 2880 659 ;
2912 593 3007 648 sed
3036 592 3154 661 ejus
3187 593 3496 662 Dominum,

251 665 481 720 πέτειαν
512 667 862 722 ὑποτίθεσθαι
883 669 973 722 τὸν
1007 671 1234 742 Σωτῆρα
1269 667 1408 726 εἶναι
1447 675 1537 727 τὸν
1569 677 1662 730 ἐπὶ
1696 678 1829 730 πᾶσι

247 756 390 811 Θεόν
414 775 428 788 °
457 757 569 812 ἀλλ’
591 757 707 810 οῦτι
735 777 797 828 γε
815 761 973 832 ἡμεῖς
996 761 1321 826 τοιοῦτον,οΞ
1353 766 1659 838 πειθόμενοι
1685 767 1831 839 αὐτῷ

248 844 489 915 λέγοντι,
519 848 572 899 Ὀ
595 849 821 918 Πατὴρ,
845 854 877 904 ό
903 850 1144 920 πέμψας
1169 870 1261 921 με,
1272 853 1486 923 μεέζων
1497 857 1616 926 μοῦ
1635 858 1828 924 ἐστιν,

251 939 312 993 id
347 948 459 994 est:
489 957 507 990 ι
536 939 668 993 Esto
697 952 876 995 autem
906 957 1014 997 non
1043 943 1231 1000 deesse
1260 947 1541 1016 quosdam,
1566 957 1625 1002 ut
1650 949 1700 1002 in
1722 959 1829 1003 tam

239 1042 549 1102 numerosa
587 1028 924 1084 credentium
953 1030 1320 1097 multitudine,
1342 1034 1433 1104 qui
1463 1035 1831 1106 discrepantes

250 1117 332 1171 ah
373 1118 497 1174 aliis
543 1127 748 1174 temere
795 1119 1087 1187 aﬂirmeut,
1128 1124 1272 1192 quod
1328 1123 1586 1181 Servator
1629 1127 1699 1180 sit
1739 1127 1830 1182 ille

251 1210 635 1265 universorum
666 1210 847 1266 Deus:
893 1223 1168 1270 nos.certe
1197 1214 1298 1268 hoc
1332 1233 1434 1270 non
1467 1214 1716 1284 facimus,
1739 1218 1827 1287 qui

252 1303 535 1358 credimus
558 1303 660 1373 ipsi
687 1304 914 1370 dicenti,
946 1304 1107 1359 Pater
1130 1308 1220 1376 qui
1247 1309 1386 1361 misit
1416 1325 1516 1373 me,
1550 1310 1722 1379 major
1750 1326 1831 1365 me

250 1405 336 1448 est
371 1394 441 1445 ⁶².
475 1414 495 1448 ›
535 1395 613 1448 Ad
638 1410 762 1466 gum
788 1397 901 1451 haec
929 1398 1154 1451 adnotat
1175 1398 1246 1451 cl.
1269 1399 1492 1454 Huetius
1518 1399 1828 1471 Origenian.

249 1484 359 1541 lib.
387 1501 446 1553 ιι,
487 1497 679 1556 quaest.
721 1487 776 1553 2,
825 1503 976 1542 num.
1009 1489 1060 1552 7,
1111 1505 1234 1560 pag.
1263 1490 1357 1544 121
1392 1510 1405 1545 :
1433 1510 1451 1542 t
1484 1492 1832 1548 Allirmabaut

246 1577 478 1648 quidam
525 1572 801 1631 Christum
849 1592 971 1632 esse
1021 1570 1399 1634 uni‘versorum
1447 1582 1635 1645 Deum,
1673 1583 1831 1650 idque

245 1683 386 1721 vere
429 1676 483 1722 et
522 1667 843 1722 orthodoxe.
890 1667 1134 1723 Pertinet
1178 1669 1308 1724 illud
1349 1685 1477 1726 sane
1504 1671 1568 1725 ad
1593 1672 1828 1727 divinam

249 1753 462 1810 Christi
498 1766 776 1822 naturain,
823 1772 927 1810 non
969 1758 1032 1810 ad
1079 1758 1390 1814 humanam.
1447 1759 1615 1831 Negat
1667 1776 1830 1815 econ-

251 1845 434 1899 trario
517 1845 778 1916 Origenes
851 1846 1194 1902 Servatorem
1262 1864 1381 1904 esse
1454 1851 1827 1905 universorum

1931 696 2106 749 eoque
2171 683 2533 751 superiorem,
2611 697 2786 752 eoque
2849 683 3066 738 nomine
3125 687 3498 740 universorum

1931 772 2126 828 Deum.
2165 772 2309 827 Sane
2338 774 2405 828 de
2443 774 2528 829 his
2558 774 2645 843 agi
2673 774 2726 828 in
2760 776 3202 830 antecedentibus
3226 787 3279 830 et
3307 792 3500 834 conse-

1929 863 2222 931 quentibus
2257 865 2604 920 manifestum
2632 874 2737 920 est.
2769 865 3044 929 Secundo,
3070 870 3211 932 quod
3237 867 3499 936 Origenes

1930 952 1986 1008 iu
2012 951 2132 1008 loco
2164 954 2328 1008 citato
2359 954 2510 1019 dicit,
2534 954 2730 1010 Filium
2760 957 2924 1011 etiam
2949 972 3054 1026 qua
3082 958 3223 1012 Deus
3246 967 3334 1012 est
3373 957 3502 1029 (hoc

1931 1053 2035 1111 est,
2064 1045 2208 1101 Deus
2236 1062 2303 1102 ex
2331 1047 2462 1117 Deo)
2494 1048 2654 1102 Patre
2689 1048 2952 1103 minorem
3003 1065 3148 1104 esse
3185 1035 3350 1120 (quod
3414 1065 3500 1104 re—

1931 1135 2217 1205 prehendit
2253 1134 2553 1206 Huetius);
2599 1136 2757 1205 plane
2794 1137 3112 1192 catholicum
3138 1153 3285 1200 esse,
3337 1146 3505 1208 atque

1923 1223 2096 1286 etiam
2147 1239 2178 1278 a
2237 1224 2510 1292 Patribus,
2556 1226 2647 1296 qui
2698 1237 2820 1296 post
2877 1226 3154 1286 Nicaenum
3207 1227 3500 1282 concilium

1928 1313 2185 1367 Arianam
2209 1315 2458 1371 heresim
2476 1317 2739 1372 acerrime
2763 1316 3166 1388 impugnarunt.
3192 1317 3506 1382 defensum,

1932 1403 2070 1458 infra
2099 1406 2166 1460 ad
2199 1408 2490 1462 sectionem
2521 1409 2577 1472 4,
2610 1424 2730 1478 cap.
2760 1408 2814 1471 2,
2853 1425 3004 1465 num.
3033 1409 3086 1475 6,
3129 1411 3495 1465 ostendemus.

1932 1495 2035 1552 Ubi
2060 1499 2222 1552 etiam
2257 1499 2689 1556 luculentissime
2719 1500 3093 1570 probabimus,
3126 1501 3410 1570 Origenem
3441 1501 3506 1556 in.

1933 1589 2083 1644 libris
2122 1601 2308 1644 contra
2330 1592 2559 1659 Celsum,
2580 1609 2704 1648 cum
2738 1595 2905 1649 Deum
2940 1592 3153 1648 Patrem
3178 1595 3297 1647 κατ’
3317 1594 3500 1647 αἰτίαν

1932 1680 2067 1734 Filio
2099 1681 2356 1752 majorem
2379 1685 2658 1749 statuerit,
2694 1683 2834 1738 κατὰ
2863 1683 3023 1752 φύσιν
3062 1694 3238 1738 tamen
3283 1683 3498 1738 Patrem

1931 1784 1988 1830 et
2011 1774 2202 1828 Filium
2234 1789 2390 1844 pares
2411 1776 2630 1830 omnino
2653 1791 2772 1831 esse
2817 1786 2872 1830 et
2911 1775 3146 1845 aequales
3188 1777 3510 1846 agnovisse.

2002 1867 2192 1938 §Xlll.
2221 1867 2404 1922 Tertio
2438 1869 2788 1937 reprehendit
2831 1867 3056 1924 Huetius
3099 1868 3260 1922 verba
3306 1866 3498 1937 Orige-

255 1936 452 1999 Deutn,
490 1937 632 2004 quod
668 1937 791 1989 inde
819 1937 1032 2006 probat,
1064 1939 1188 2006 quia
1211 1939 1373 1995 Patre
1405 1943 1581 1996 minor
1609 1943 1702 2009 sit,
1741 1943 1830 2011 qui

1937 1936 2023 2009 nis
2050 1958 2113 2010 in-
2149 1956 2284 2011 libro
2312 1972 2342 2008 ν
2368 1936 2549 2011 contra
2579 1957 2811 2022 Celsum,
2843 1958 2930 2012 ubi
2969 1959 3046 2012 sic
3074 1959 3264 2012 scribit
3296 1973 3347 2013 n.
3391 1936 3454 2011 ιι
3482 1976 3498 2011 :

251 2038 345 2082 est
377 2029 757 2084 universorum
793 2029 954 2083 Deus.
987 2031 1187 2084 Divina:
1230 2046 1359 2102 ergo
1387 2031 1588 2088 Christi
1633 2043 1834 2088 natura

248 2121 493 2175 detrahit
517 2136 824 2190 supremam
847 2121 990 2176 illam
1007 2121 1240 2193 θεότητα
1251 2139 1410 2193 supra
1430 2140 1516 2178 res
1534 2125 1833 2189 universas,

175 2255 180 2266 .
245 2221 308 2267 et.
352 2213 497 2267 Patri
554 2213 804 2279 addicit;
855 2214 1185 2283 preindeque
1248 2215 1465 2286 μεγέθει
1505 2216 1634 2284 τινί,
1677 2228 1732 2270 et
1776 2229 1834 2273 ut

248 2303 426 2358 Deum
462 2306 591 2370 Deo,
627 2306 950 2360 inferiorem
979 2305 1126 2360 Patri
1165 2307 1361 2360 Filium
1393 2309 1600 2372 statuit,
1636 2325 1743 2362 non
1777 2318 1834 2364 ut

251 2397 529 2450 hominem
567 2395 695 2451 Deo.
724 2416 744 2447 ι
776 2398 880 2452 Sed
924 2398 977 2451 l°
1010 2398 1326 2468 gravissime
1355 2409 1501 2454 errat
1527 2400 1607 2453 vir
1637 2402 1834 2455 doctis-

251 2491 427 2544 simus
453 2490 618 2562 (quod
650 2507 784 2562 pace
808 2493 926 2560 ejus
954 2491 1231 2563 dixerim),
1272 2492 1324 2547 in
1365 2509 1430 2546 eo
1482 2494 1623 2563 quod
1659 2504 1830 2562 putet,

255 2598 399 2650 quos
441 2582 530 2636 hie
582 2582 903 2654 perstringit
943 2581 1226 2652 Origenes,
1280 2597 1405 2637 vere
1443 2591 1498 2636 et
1536 2585 1833 2637 orthodoxe

253 2673 579 2739 allirmasse,
632 2672 824 2726 Filium
868 2688 990 2726 esse
1034 2673 1410 2726 universorum
1465 2675 1653 2728 Deum.
1697 2673 1830 2727 Nam

251 2765 464 2816 diserte
494 2764 736 2832 loquitur
764 2762 1029 2832 Origmres
1065 2763 1130 2817 de
1159 2765 1349 2832 paucis
1384 2765 1709 2835 quibusdam
1747 2767 1832 2819 in-

254 2866 345 2909 ter
373 2855 732 2921 ChriStianos,
759 2855 849 2924 qui
887 2856 940 2908 in
969 2871 1033 2909 eo
1065 2856 1208 2924 quod
1233 2855 1594 2924 affirmabant,
1639 2871 1670 2910 a
1691 2855 1833 2927 ζιεΙί-

253 2960 363 3015 qua
396 2945 734 3000 credentium
761 2961 781 2994 ι
813 2959 1097 2999 numerosa
1134 2945 1501 3008 multitudine,
1533 2965 1552 2998 ι
1591 2946 1691 3000 hoc
1729 2955 1832 3011 est,

256 3051 291 3090 a
348 3035 616 3090 catholica
675 3033 877 3088 Christi
934 3032 1177 3088 Ecclesia
1231 3033 1636 3103 discrepabant.
1695 3033 1833 3101 Quin

254 3127 453 3190 etiam,
481 3127 526 3181 si
555 3126 934 3181 antecedentia
962 3135 1017 3179 et
1047 3127 1444 3196 consequentia
1483 3127 1625 3195 apud
1654 3125 1836 3199 Orige-

255 3233 388 3274 nem
415 3217 630 3290 legeris,
662 3219 966 3288 comperies
1013 3233 1132 3287 quae
1162 3217 1231 3271 ibi
1276 3216 1466 3272 Celsus
1510 3217 1832 3273 Christianis

257 3311 471 3380 objicit,
524 3326 646 3366 esse
695 3312 917 3366 omnino
957 3327 1023 3365 ex
1074 3310 1457 3364 hazreticorutn
1504 3309 1698 3365 fabulis
1741 3288 1902 3366 de—C

255 3413 499 3470 sumpta.
542 3401 774 3467 Quinam
826 3416 954 3455 vero
1007 3402 1120 3466 isti,
1150 3399 1252 3469 ζ(ιυί
1315 3399 1667 3462 heterodoxe,
1711 3407 1767 3452 et
1802 3415 1832 3454 a

257 3495 540 3556 communi
586 3494 1022 3549 Christianorum
1068 3508 1338 3549 consensu
1377 3493 1657 3558 abeuntes,
1687 3491 1832 3546 allir-

255 3599 478 3644 tnarunt
508 3589 851 3643 Servatoretn
886 3603 1004 3642 esse
1029 3589 1202 3656 ipsum
1225 3587 1599 3641 universorum
1627 3587 1835 3654 Deum}

233 3681 400 3738 .Puto
427 3683 713 3737 haereticos
748 3681 1044 3748 designari,
1076 3680 1164 3749 qui
1207 3678 1455 3749 Origeuis
1501 3678 1834 3748 temporibus

256 3775 650 3830 Noetianorum
684 3774 1045 3844 appellatione
1091 3775 1482 3835 noscebantur,
1523 3771 1614 3841 qui
1669 3771 1834 3825 doce-

253 3871 392 3924 bant
422 3867 617 3922 Filium
650 3883 769 3922 esse
799 3868 970 3936 ipsum
1008 3867 1174 3919 Deum
1201 3865 1442 3929 Patrem,
1491 3864 1580 3935 qui
1625 3863 1836 3934 διακρι-

253 3959 426 4024 τικῶς
475 3959 684 4012 solebat
743 3960 808 4010 ah
860 3957 979 4025 ejus
1019 3957 1116 4011 αὶνὶ
1172 3955 1463 4010 Catholicis
1503 3958 1529 4008 ὁ
1568 3955 1659 4006 ἐπὶ
1705 3955 1836 4006 πᾶσι

254 4053 417 4116 θεός,
456 4071 472 4101 ι
513 4051 890 4103 universorum
931 4049 1070 4101 Deus
1104 4067 1121 4098 ι
1158 4047 1440 4118 appellari.
1475 4047 1634 4100 Certe
1671 4046 1836 4100 Justi-

258 4159 365 4198 nus
400 4142 575 4196 verbis
607 4157 709 4194 non
747 4139 1091 4196 absimilibus
1117 4141 1166 4194 id
1206 4156 1373 4208 genus
1426 4141 1833 4206 lueretiarorum,

256 4235 367 4288 alio
400 4234 616 4289 nomine
654 4234 827 4302 ip.ius
872 4241 1030 4285 attate
1074 4232 1436 4299 cognitorum,
1493 4221 1708 4299 impiam
1740 4247 1834 4286 ve-

255 4330 468 4385 saniam
500 4329 550 4382 in
599 4326 852 4396 Apologia
888 4340 1007 4394 quae
1060 4325 1256 4378 dicitur
1299 4323 1531 4374 secunda
1585 4322 1670 4376 his
1721 4337 1837 4376 ver-

233 4408 346 4476 Ibis
379 4428 528 4474 notat
557 4435 674 4488 pag.
707 4418 773 4471 96
793 4435 804 4469 :
822 4419 883 4468 υἱ
911 4416 1018 4485 γὰρ
1047 4415 1138 4467 τὸν
1163 4414 1286 4466 Υἱὸν
1304 4412 1518 4484 Πατέρα
1541 4415 1837 4482 φάσκοντες

255 4509 420 4570 εἶναι.
465 4511 796 4580 ἐλέγχονται,
849 4511 984 4579 μήτε
1040 4508 1130 4560 τὸν
1188 4507 1407 4577 Πατέρα
1463 4507 1833 4578 ἐπιστάμενοι,

1946 2049 2001 2101 '0
2018 2046 2205 2120 Σωτὴρ
2225 2047 2382 2120 ἡμῶν
2398 2047 2492 2102 καὶ
2516 2047 2744 2118 Κύριος,
2769 2049 3004 2114 ἀκούσας
3031 2051 3180 2112 ποτὲ,
3204 2049 3501 2102 Διδάσκαλε

1932 2138 2126 2208 ἀγαθὲ,
2160 2139 2498 2210 ἀναπέμπων
2526 2140 2619 2192 τὸν
2651 2140 2878 2209 λέγοντα
2910 2139 3067 2194 τοῦτο
3106 2141 3198 2194 ἐπὶ
3237 2141 3329 2193 τὸν
3376 2141 3502 2192 ἐαυ-

1932 2230 2026 2284 τοῦ
2044 2229 2279 2301 Πατέρα,
2297 2232 2450 2301 φησι,
2472 2231 2534 2286 Τί
2543 2247 2620 2300 με
2636 2232 2832 2301 λέγεις
2858 2233 3081 2302 ἀγαθόν
3095 2249 3112 2296 ;
3127 2231 3327 2297 οὐδεὶς
3355 2231 3502 2299 ἀγα-

1933 2323 2037 2388 θὸς
2064 2326 2116 2377 εἰ
2137 2326 2224 2392 μὴ
2257 2319 2363 2390 εἷς.
2398 2327 2430 2376 ό
2455 2323 2597 2389 Θεὸς
2618 2328 2650 2378 d
2679 2323 2897 2391 Πατήρ.
2918 2324 3088 2395 Εἴπερ
3119 2322 3332 2376 δὲτοῦτ⁹
3352 2322 3504 2376 εὐλό-

1937 2434 2068 2485 γως,
2111 2417 2187 2481 ὠς
2207 2405 2371 2470 εἰκὼν
2398 2419 2496 2488 τῆς
2519 2418 2855 2489 ἀγαοότητος
2889 2418 2986 2471 τοῦ
3016 2417 3152 2470 Θεοῦ
3193 2417 3501 2488 τυγχάνων,

1934 2507 2153 2581 εἴρηκεν
2187 2509 2215 2560 ὁ
2248 2507 2377 2571 Υἱδς
2408 2509 2505 2578 τῆς
2545 2509 2766 2578 ἀγάπης
2795 2508 2887 2562 τοῦ
2923 2509 3134 2579 Πατρός
3155 2525 3168 2538 ·
3233 2509 3350 2572 πῶς
3383 2508 3504 2580 οὐχὶ

1933 2599 2295 2671 εὐλογώτερον
2321 2599 2387 2653 ἂν
2415 2602 2526 2662 τοῖς
2547 2599 2943 2671 προσκυνοῦσιν
2977 2594 3130 2653 εἶπεν
3157 2599 3327 2668 ἥλιος,
3351 2600 3417 2652 Τί
3435 2616 3503 2670 με

1939 2693 2294 2762 προσκυνεῖςς
2321 2691 2541 2756 Κύριον
2557 2689 2668 2760 γὰρ
2693 2690 2799 2744 τὸν
2821 2690 2968 2744 Θεόν
2993 2705 3110 2744 σου
3147 2689 3517 2760 προσκυνήτ

1933 2798 2082 2848 σεις·
2105 2800 2156 2836 κ.
2173 2799 2226 2835 τ.
2244 2781 2369 2835 λ.1‹1
2391 2780 2790 2850 est,tServator
2808 2789 2989 2836 noster
3014 2791 3070 2834 et
3098 2781 3378 2846 Dominus,
3405 2767 3518 2850 ap?

1932 2874 2160 2944 pellatus
2182 2873 2472 2943 aliquando
2492 2882 2790 2941 praeceptor
2805 2874 3002 2939 bonus,
3021 2876 3088 2928 ad
3110 2873 3323 2928 Patrem
3349 2889 3510 2927 suum

1933 2961 2216 3016 remittens
2240 2976 2362 3014 eum
2389 2960 2477 3028 qui
2507 2974 2567 3014 se
2595 2960 2674 3014 sic
2698 2961 3075 3028 appellaverat,
3104 2961 3291 3028 inquit,
3366 2959 3505 3024 Quid

1932 3069 2014 3106 me
2039 3053 2169 3106 dicis
2209 3051 2395 3104 bonum
2423 3054 2448 3106 .9
2474 3067 2626 3113 ,nemo
2665 3050 2829 3103 bonus
2858 3051 2958 3104 nisi
2994 3067 3130 3105 unus
3160 3051 3228 3114 ⁸³,
3315 3065 3509 3118 nempe

1934 3143 2076 3196 Deus
2104 3141 2284 3197 Pater.
2328 3140 2481 3209 Quod
2509 3140 2556 3195 si
2586 3139 2637 3195 id
2675 3140 2894 3204 merito,
2922 3149 2982 3193 ut
3018 3140 3194 3210 imago
3248 3140 3509 3194 bonitatis

1940 3232 2054 3295 Dei.
2080 3232 2216 3288 dixit
2242 3232 2472 3287 dilectus
2499 3230 2682 3286 Patris
2720 3230 2908 3295 Filius,
2955 3247 3135 3284 annon
3168 3231 3374 3298 justius
3425 3231 3506 3286 sol

1934 3325 2138 3379 diceret
2165 3324 2280 3380 suis
2310 3324 2718 3388 adoratoribus,
2753 3322 2881 3391 quid
2923 3337 3008 3376 me
3053 3321 3286 3377 adores?
3325 3321 3508 3374 Dami-

1934 3437 2061 3474 mtm
2099 3419 2265 3474 Deum
2293 3430 2443 3472 tuum
2479 3417 2729 3470 adorabis
2748 3416 2816 3479 “,
2850 3433 2867 3466 ι
2899 3423 3003 3468 etc.
3029 3415 3107 3467 Ad
3131 3429 3248 3482 qua:
3275 3414 3387 3468 haec
3411 3413 3507 3466 ad-

1937 3520 2088 3564 notat
2118 3509 2203 3562 vir
2231 3509 2578 3563 doctissimus
2617 3506 2929 3578 Origenian.
2978 3505 3074 3558 lib.
3113 3521 3174 3569 ιι,
3214 3515 3412 3573 quaest.
3448 3502 3509 3570 2,

1937 3615 2085 3652 num.
2121 3598 2210 3662 15,
2241 3612 2362 3667 pag.
2401 3597 2502 3649 1‘26
2533 3609 2549 3652 :
2577 3613 2596 3646 ι
2639 3595 2938 3648 Bonitatem
2994 3594 3176 3656 illam,
3228 3609 3349 3663 qum
3389 3593 3505 3648 Deo

1936 3689 2080 3744 Patri
2103 3688 2376 3752 convenit,
2414 3687 2633 3742 Christo
2666 3686 2927 3751 detrahit,
2978 3701 3079 3739 non
3119 3694 3324 3740 tantum
3358 3683 3521 3758 qua-2

1940 3790 2093 3832 tenus
2117 3778 2276 3847 homo
2302 3787 2406 3840 est,
2438 3776 2530 3832 sed
2564 3777 2727 3830 etiam
2753 3787 3019 3842 quatenus
3066 3776 3244 3845 imago
3271 3786 3357 3830 est
3405 3777 3506 3830 h0-

1937 3869 2120 3923 nitatis
2173 3867 2288 3934 Dei,
2332 3868 2435 3922 hoc
2493 3877 2596 3931 est,
2646 3874 2913 3936 quatenus
2947 3874 3032 3921 est
3072 3867 3232 3920 Deus.
3263 3884 3285 3919 ι
3337 3866 3506 3933 Quasi

1937 3961 2144 4016 scilicet
2190 3960 2440 4015 Christus
2486 3958 2657 4014 etiam
2707 3968 2971 4026 quatenus
3016 3957 3178 4011 homo
3228 3967 3340 4024 est,
3404 3973 3510 4013 non

1935 4052 2199 4121 singulari
2253 4050 2464 4105 ratione
2507 4058 2655 4104 esset
2707 4049 2962 4104 bonitatis
2992 4048 3084 4106 Dei
3136 4051 3335 4118 imago.
3381 4049 3518 4116 Quis

1938 4147 2066 4198 Vero
2089 4145 2297 4208 credat,
2327 4142 2619 4212 Origenem
2655 4141 2853 4212 stupidi
2907 4141 3044 4196 adeo
3087 4141 3284 4209 ingenii
3320 4141 3510 4209 fuisse,

1939 4249 1998 4292 ut
2051 4252 2160 4291 non
2213 4233 2565 4300 intellexerit,
2600 4243 2804 4289 textum
2864 4232 3014 4288 illum
3059 4233 3412 4304 evangelista:
3444 4237 3514 4287 ad

1937 4330 2138 4388 Christi
2189 4327 2537 4398 οἰκονομίαν,
2591 4326 2644 4380 in
2699 4335 2976 4396 assumpta
3025 4334 3228 4380 natura
3278 4325 3514 4382 humana

1937 4431 2267 4491 susceptam,
2289 4419 2512 4474 omnino
2543 4417 2856 4488 pertinere?
2890 4418 2999 4471 Ιιηο
3026 4415 3290 4488 Origenes
3315 4417 3514 4476 ibidem

1938 4512 2141 4565 diserte
2165 4515 2366 4570 monet,
2399 4521 2459 4562 se
2487 4505 2761 4560 Christum
2788 4506 2859 4558 ita
2887 4505 3194 4576 loquentem
3231 4506 3519 4574 inducere,

261 4603 490 4678 μήθ’ὅτι
512 4603 655 4656 ἐστὶν
685 4602 811 4665 Υἱὸς
838 4600 915 4671 τῷ
949 4595 1120 4671 Πατρὶ
1145 4597 1252 4652 τῶν
1285 4599 1419 4652 ὅλων
1447 4599 1833 4667 γινώσκοντεςσ

1943 4611 2196 4671 tanquam
2236 4598 2590 4674 παράδειγμα
2623 4599 2939 4666 exemplum,
2991 4599 3136 4669 quod
3175 4600 3383 4654 scilicet
3423 4600 3518 4654 ho.-

256 4697 322 4759 ὃς
377 4696 468 4748 καὶ
499 4694 669 4761 Λόγος
715 4691 1059 4764 πρωτότοκος
1110 4689 1185 4742 ὢν
1234 4689 1325 4743 τοῦ
1361 4689 1518 4754 Θεοῦ,
1571 4689 1663 4742 καὶ
1707 4690 1836 4754 Θεὸς

258 4787 518 4858 ὑπάρχει,
549 4786 598 4838 id
631 4795 713 4838 est
740 4804 753 4838 :
789 4802 806 4834 ι
844 4782 942 4850 Qui
970 4785 1111 4836 enim
1138 4782 1326 4836 Filium
1361 4782 1573 4836 Patrem
1609 4797 1729 4835 esse
1754 4781 1837 4835 di-

259 4890 414 4943 cunt,
452 4878 860 4948 comperiantur
889 4891 1064 4946 neque
1098 4873 1310 4928 Patrem
1346 4874 1511 4939 seire,
1547 4889 1720 4942 neque
1747 4872 1838 4927 Fi-

259 4967 397 5021 lium
452 4964 599 5019 Patri
662 4964 1042 5018 universorum
1107 4979 1228 5016 esse
1280 4977 1485 5017 nosse:
1540 4962 1654 5030 qui,
1694 4963 1835 5032 quod

261 5057 504 5110 Verbum
543 5056 633 5110 Dei
689 5055 1109 5124 primogenitum
1168 5055 1260 5120 sit,
1313 5054 1452 5110 Deus
1509 5056 1672 5108 etiam
1725 5055 1838 5124 ipse

260 5158 370 5204 est.
399 5166 418 5200 ι
457 5148 556 5204 Ubi
591 5163 702 5200 tum
729 5147 925 5203 Filium
954 5163 984 5200 a
1015 5146 1175 5200 Patre
1228 5147 1604 5200 universorum
1644 5145 1836 5200 distiu-

261 5241 401 5316 guit,
435 5250 488 5295 et
522 5256 641 5294 esse
682 5240 857 5309 ipsum
889 5239 1056 5293 Deum
1088 5239 1304 5293 Patrem
1331 5248 1522 5292 contra
1555 5237 1837 5293 haereticos

264 5342 469 5398 negat:
501 5340 613 5384 tum
639 5334 798 5384 etiam
824 5329 1044 5394 Filium,
1069 5331 1292 5398 perinde
1323 5347 1386 5384 ac
1408 5330 1646 5394 Patrem,
1673 5330 1838 5386 Deum

261 5437 458 5475 revera
515 5437 655 5484 esse,
696 5431 884 5490 utpote
930 5438 996 5475 ex
1049 5424 1161 5490 ipso
1207 5423 1315 5475 Deo
1366 5422 1524 5478 Patre
1576 5424 1841 5492 genitum,

265 5515 538 5581 agnoscit.
582 5514 852 5569 Fortassis
885 5530 1011 5569 vero
1042 5515 1416 5579 M-trcionitas,
1441 5523 1496 5569 et
1525 5513 1629 5567 alia
1667 5514 1717 5568 id
1749 5529 1841 5582 ge-

263 5621 374 5660 nus
402 5606 683 5661 hominum
715 5618 982 5672 menstra,
1035 5609 1087 5662 in
1132 5608 1260 5677 .loco
1299 5609 1463 5662 citato
1505 5607 1628 5660 [erit
1658 5606 1843 5677 Orige-

262 5714 388 5766 nes,
420 5701 511 5770 qui
536 5701 801 5756 docebant
825 5701 1174 5756 Servatorem
1217 5716 1325 5756 non
1371 5715 1490 5754 esse
1527 5697 1625 5752 Dei
1652 5697 1839 5765 illius,

325 5889 392 5929 -⁶²
423 5888 579 5946 .l.oan.
635 5905 746 5959 xtv,
785 5889 873 5944 28.
953 5888 1200 5964 “Ablart‘.
1231 5888 1389 5952 x.l8;
1423 5887 1555 5946 LUC.
1587 5903 1746 5949 XVIII.
1783 5884 1869 5941 l9.

1945 4693 2199 4760 minibus,
2240 4693 2356 4760 ipse
2382 4689 2629 4744 Christus
2661 4689 2803 4743 inter
2839 4691 3086 4744 homines
3113 4701 3378 4754 versatus,
3408 4706 3510 4744 ux-

1944 4787 2132 4840 hihere
2157 4783 2344 4837 voluit.
2381 4782 2534 4850 Quod
2574 4783 2616 4836 si
2670 4782 2938 4842 daremus,
2995 4780 3286 4850 Origenem
3335 4782 3404 4835 ibi
3437 4780 3519 4833 lo-

1943 4877 2032 4947 qui
2069 4876 2134 4930 de
2179 4875 2398 4929 Christo
2453 4884 2719 4942 quatenus
2749 4871 2889 4925 Deus
2921 4882 3024 4936 est,
3072 4873 3320 4939 equidem
3360 4883 3515 4925 recte

1942 4968 2140 5022 dicitur
2158 4965 2327 5020 Filius
2347 4965 2522 5033 imago
2543 4962 2799 5015 bonitatis
2828 4969 3082 5028 paternas,
3103 4961 3381 5030 adtequata
3408 4961 3518 5014 sci-

1941 5057 2066 5111 licet
2093 5067 2148 5110 et
2177 5053 2455 5122 perlecta;
2501 5063 2554 5106 et
2590 5062 2771 5105 tamen
2812 5059 3081 5120 quatenus
3129 5049 3305 5103 Patris
3339 5051 3524 5118 imago

1944 5157 2052 5211 est,
2087 5163 2192 5200 non
2226 5147 2342 5216 ipse
2375 5143 2562 5208 Pater,
2594 5145 2697 5198 hoc
2730 5151 2836 5206 est,
2872 5151 3143 5211 quatenus
3175 5157 3244 5196 ex
3291 5154 3524 5211 paterno

1946 5242 2092 5300 fonte
2115 5237 2412 5292 bonitatem
2448 5251 2626 5301 suam,
2663 5243 2803 5290 utet
2837 5221 3030 5289 etetera
3070 5234 3266 5289 divinae
3309 5243 3524 5288 natura:

1946 5330 2234 5393 attributa,
2261 5328 2505 5396 adeoque
2531 5328 2701 5395 ipsam
2731 5327 2966 5380 divinam
3003 5335 3253 5379 naturam
3293 5324 3513 5379 deriva-

1946 5432 2052 5477 tam
2088 5421 2264 5484 habet,
2294 5429 2455 5488 atque
2484 5420 2537 5473 in
2569 5419 2808 5472 secundo
2832 5417 2984 5486 signo
3018 5417 3244 5487 originis
3281 5416 3382 5487 (ut
3438 5416 3514 5469 lo.-

1945 5520 2185 5581 quuntur
2212 5509 2553 5576 scholastici)
2599 5509 2850 5561 deitatem
2909 5508 3147 5576 possidet
3177 5524 3192 5571 ;
3225 5507 3368 5560 haud
3403 5507 3507 5558 mi-

1948 5620 2048 5658 nus
2079 5614 2224 5658 recte
2254 5619 2317 5657 ea
2350 5603 2557 5656 ratione
2595 5601 2740 5656 Patri
2791 5601 2992 5668 primas
3034 5600 3271 5653 tribucre
3316 5598 3515 5668 petuit.

1939 5689 2097 5763 Quod
2128 5711 2344 5751 veroex
2390 5695 2508 5748 istis
2560 5692 2742 5748 verbis
2781 5691 2983 5763 colligit
3029 5691 3275 5756 Huetius,
3323 5702 3524 5762 neuth

1949 5883 2174 5954 “.Dcut.
2205 5897 2287 5940 Vt.
2319 5881 2383 5938 l5
2412 5897 2428 5940 :
2473 5878 2668 5935 Matth.
2702 5892 2774 5934 tv.
2833 5875 2916 5929 Ν.
