3952 6522
475 457 604 515 1311

1888 470 2312 531 EXCERPTUM

3612 470 3747 523 1313

476 578 766 643 Οιίκειιρηι
792 578 1019 633 omnino
1055 580 1357 637 bonitatem
1389 582 1562 651 illam,
1593 600 1714 655 qua:
1747 581 1855 643 Deo
1903 588 2048 644 Patri
2080 596 2126 652 Α
2154 589 2438 662 Origeuem
2476 589 2672 644 Filium
2726 604 2975 645 manasse
3014 590 3080 645 de
3131 589 3224 644 Dci
3274 587 3620 649 substantia,
3672 587 3745 640 sic

475 671 769 734 convenit,
819 670 1043 726 Christo
1092 675 1434 740 detraxisse,
1486 691 1550 731 ac
1599 681 1834 734 sensisse
1885 681 2048 751 (quod

482 775 606 814 mox
644 760 841 814 ibidem
872 762 1005 817 dicit
1032 763 1173 818 idem
1201 762 1479 835 lluetius),
1530 768 1725 822 Filium
1772 784 1892 825 esse
1925 781 2051 824 tan-

481 865 596 910 tum
626 863 865 925 paternae
892 855 1155 912 bonitatis
1182 858 1504 925 particulam
1543 868 1597 914 et
1643 875 1829 914 auram
1860 877 2052 930 quam-

481 945 605 999 dam
659 945 1074 1015 imperfectam;
1111 963 1141 1001 a
1179 958 1363 1001 mente
1401 949 1569 1017 ipsius
1600 950 1850 1020 Origenis
1896 968 2054 1022 pror-

477 1052 570 1091 sus
595 1039 828 1091 a‘ltenum
863 1052 984 1093 esse
1045 1038 1113 1109 (si
1141 1041 1301 1095 modo
1353 1057 1508 1097 mens
1540 1057 1604 1096 ac
1637 1045 1904 1097 sententia
1938 1045 2055 1114 ejus

471 1143 543 1182 ex
571 1128 726 1182 libris
755 1141 937 1182 contra
963 1128 1175 1183 Celsum
1206 1132 1523 1187 aestimanda
1549 1132 1665 1203 sit),
1690 1134 2053 1189 certissimum

478 1230 588 1273 est.
622 1219 758 1273 Nam
799 1236 923 1275 cum
961 1221 1014 1274 in
1052 1220 1184 1276 locis
1232 1237 1262 1276 a
1312 1225 1467 1278 nobis
1504 1226 1754 1294 superius
1805 1226 2055 1283 adductis

472 1309 626 1366 clare
656 1312 848 1366 doceat
879 1312 1161 1383 Origenes,
1192 1314 1387 1369 Filium
1418 1330 1558 1381 esse,
1594 1317 1827 1387 perinde
1853 1333 1915 1372 ac
1948 1317 2056 1372 Pa-

476 1410 641 1467 trem,
680 1419 866 1458 verum
901 1404 1091 1469 Deum,
1141 1407 1464 1474 increatum,
1525 1410 1910 1475 immortalem,
1960 1412 2056 1465 im-

479 1494 814 1558 mutabilem,
854 1495 1268 1566 impassibilem,
1292 1497 1650 1565 immensum,
1680 1500 1880 1571 ubique
1911 1516 2053 1570 pra-

477 1596 710 1651 sentem,
739 1597 897 1656 atque
924 1588 1290 1659 undequaque
1346 1592 1565 1646 beatum
1612 1603 1667 1646 et
1708 1592 2047 1661 perlectum;

476 1694 583 1747 qua
623 1680 668 1733 is
722 1682 931 1736 ratione
976 1682 1153 1752 petuit
1200 1683 1251 1736 in
1300 1684 1491 1738 eodem
1530 1684 1670 1739 libro
1726 1684 2054 1749 bonitatem,

478 1784 599 1838 qua:
635 1770 782 1824 Patri
810 1773 1087 1839 convenit,
1122 1774 1284 1841 Filio,
1302 1788 1406 1842 qua
1440 1775 1577 1829 Deus
1604 1785 1709 1841 est,
1733 1776 2057 1832 detrahere?

482 1859 590 1915 Sed
618 1877 784 1931 supra
841 1880 991 1945 nam.
1020 1866 1074 1927 6,
1109 1866 1272 1920 etiam
1319 1868 1702 1922 Adamantium
1753 1869 2056 1923 audivimus

481 1953 533 2005 in
557 1952 645 2007 lib.
679 1972 737 2009 ιιι
797 1941 983 2009 contra
1024 1958 1185 2026 Cels.,
1220 1976 1370 2013 num.
1409 1962 1497 2021 41,
1534 1962 1825 2026 dicentem,
1858 1962 2054 2016 Filium
2086 1941 2128 1996 Β

480 2043 575 2098 Dei
604 2060 724 2100 esse
746 2047 840 2101 τὸν
867 2049 1179 2119 αὐτολόγον,
1218 2053 1312 2105 καὶ
1331 2053 1430 2125 τὴν
1450 2054 1799 2124 αὑτοσοφίαν,
1835 2054 1930 2107 καὶ
1958 2054 2057 2126 τὴν

479 2136 894 2209 αὑτοαλήοειαν,
934 2142 985 2196 id
1011 2153 1098 2197 est
1154 2162 1172 2196 ι
1206 2144 1376 2212 ipsam
1404 2148 1539 2217 (sive
1571 2146 2054 2221 absolutissimam)

480 2229 627 2283 illam
658 2232 949 2300 rationem,
991 2234 1162 2304 ipsam
1205 2236 1353 2290 illam
1386 2238 1733 2307 sapientiam,
1779 2240 1948 2309 ipsam
1994 2240 2057 2294 il-

488 2322 594 2375 lam
624 2324 931 2404 veritatem.
984 2345 1004 2380 ι
1039 2328 1234 2395 Quidni
1284 2330 1449 2401 igitur
1486 2331 1656 2387 Filius
1698 2334 1910 2389 dicatur
1941 2334 2056 2404 ipsa

479 2412 594 2467 sive
628 2415 1027 2474 absolutissima
1086 2421 1320 2487 bonitas,
1378 2439 1483 2479 non
1524 2424 1781 2481 bonitatis
1829 2425 2058 2494 alicujus

480 2506 778 2572 superioris
806 2510 1071 2578 particula
1118 2522 1283 2581 atque
1325 2529 1456 2567 aura
1503 2516 1751 2584 quaedam
1805 2517 2061 2586 imperfe-

480 2596 611 2652 cta?
641 2596 861 2653 Scilicet
895 2601 1138 2654 omnium
1191 2603 1576 2657 attributorum
1625 2606 1933 2661 divinorum
1964 2623 2062 2677 par

488 2697 574 2743 est
602 2689 761 2742 ratio.
793 2689 885 2745 Sic
912 2691 964 2745 in
990 2692 1129 2745 libro
1179 2707 1210 2743 ν
1259 2704 1446 2747 contra
1488 2694 1719 2762 Celsum,
1770 2712 1920 2753 num.
1965 2698 2058 2766 39,

486 2792 612 2847 pag.
641 2777 769 2843 608,
800 2781 943 2835 unde
981 2781 1095 2836 lucc
1122 2782 1438 2839 criminatio
1486 2786 1771 2856 desumpta
1808 2797 1911 2855 est,
1960 2790 2062 2844 ite-

483 2883 605 2924 rum
630 2870 893 2941 Origenes
925 2872 1123 2927 Filium
1158 2876 1292 2929 dicit
1332 2875 1424 2929 τὸν
1471 2878 1783 2948 αὑτολόγον,
1830 2882 1926 2935 καὶ
1961 2880 2062 2955 τὴν

482 2962 837 3035 αὐτοσοφίαν,
869 2966 962 3020 καὶ
987 2967 1086 3039 τὴν
1113 2968 1614 3043 αὑτοδικαιοσύνην.
1645 2973 1694 3027 id
1718 2982 1823 3040 est,
1848 2992 1867 3025 ι
1892 2974 2061 3042 ipsam

482 3054 629 3110 illam
689 3059 981 3126 rationem,
1033 3062 1204 3131 ipsam
1262 3062 1409 3118 illam
1471 3066 1821 3135 sapientiam,
1888 3065 2060 3135 ipsam

483 3147 629 3201 illam
652 3148 942 3218 justitiam.
974 3170 994 3203 ι
1033 3150 1089 3204 lu
1131 3166 1254 3220 quae
1284 3152 1536 3225 Origenis
1561 3155 1675 3211 loca
1701 3158 1947 3227 quisquis
1974 3157 2059 3213 lu-

2161 693 2412 750 tanquam
2440 682 2616 737 lucem
2650 681 2718 737 de
2744 682 2876 744 sole,
2914 693 3077 751 atque
3102 682 3343 751 ejusdem
3372 697 3501 735 esse
3531 696 3607 733 ac
3649 678 3747 731 Pa-

2158 784 2292 827 trem
2319 774 2659 838 substantiae,
2687 773 2812 842 quia
2862 773 2952 827 lux
2981 772 3221 841 ejusdem
3266 782 3350 827 est
3386 772 3744 832 substantiae,

2156 864 2307 932 cujus
2350 864 2465 930 sol;
2517 874 2571 918 et
2602 878 2789 917 rursus
2816 862 3008 917 Filium
3039 879 3068 917 a
3103 863 3279 917 Patris
3326 862 3645 918 substantia
3696 873 3746 914 et

2154 953 2436 1006 divinitate
2459 967 2810 1022 segregasse;
2848 953 2971 1021 quia
3020 962 3078 1007 ut
3121 968 3151 1006 a
3182 953 3293 1006 sole
3327 968 3426 1022 per
3465 951 3744 1006 eﬂluvium

2157 1044 2400 1112 profecta
2437 1054 2520 1099 est
2548 1044 2661 1111 lux,
2696 1056 2902 1099 secreta
2939 1047 3006 1098 ab
3038 1060 3103 1099 eo
3135 1057 3186 1099 et
3210 1045 3445 1116 seposita
3491 1044 3605 1098 dici
3654 1058 3747 1111 po—

2158 1146 2299 1201 test;
2336 1146 2596 1207 prxterea
2637 1136 2801 1191 Patre
2831 1136 3147 1192 inferiorem
3183 1153 3303 1193 esse
3357 1136 3589 1198 Filium,
3620 1136 3747 1203 quia

2156 1231 2237 1284 sol
2280 1230 2397 1285 luce
2431 1228 2663 1284 nobilior
2693 1237 2778 1283 est
2808 1239 2863 1283 et
2913 1230 3175 1298 dignitate
3210 1229 3481 1297 superior.
3514 1246 3533 1279 ι
3568 1228 3745 1279 Antea

2156 1336 2221 1376 ex
2245 1321 2435 1376 eodem
2475 1321 2639 1375 simili
2673 1323 2741 1375 ab
2800 1321 3033 1390 Origene
3095 1331 3352 1389 usurpato
3394 1319 3742 1387 collegerat,

2157 1427 2305 1465 num.
2342 1410 2432 1473 12,
2469 1426 2589 1481 pag.
2628 1408 2753 1476 ηδ.
2790 1429 2808 1462 ι
2834 1410 3156 1465 Trinitatem
3180 1411 3248 1464 ab
3274 1408 3513 1480 Origene
3539 1410 3601 1462 in
3620 1423 3747 1477 par-

2160 1509 2240 1553 tes
2270 1512 2498 1564 sectant,
2516 1511 2570 1554 et
2597 1500 2847 1555 essentia:
2869 1516 2931 1555 ac
2952 1501 3247 1554 divinitatis
3273 1501 3613 1571 quibusdam
3640 1498 3751 1552 vel-

2158 1592 2232 1644 uti
2266 1592 2521 1662 gradibus
2544 1592 2852 1647 distinctam
2889 1592 3069 1647 fuisse.
3123 1613 3141 1643 ι
3176 1592 3372 1647 Verum
3389 1594 3497 1647 hoc
3527 1609 3643 1645 non
3664 1602 3749 1647 est

2159 1685 2323 1755 (quod
2354 1684 2505 1739 salvo
2527 1683 2737 1739 honore
2766 1684 2863 1737 viri
2912 1682 3271 1739 laudatissimi
3314 1685 3526 1736 dictum
3559 1680 3751 1754 velim)

2161 1776 2277 1846 ipsa
2311 1775 2651 1847 Origenianze
2692 1777 2953 1831 doctrinae
2988 1777 3284 1847 penetralia
3337 1776 3578 1831 scrutari
3608 1793 3627 1840 ;
3658 1776 3751 1829 sed

2161 1882 2221 1921 ea
2258 1867 2437 1936 potius
2469 1867 2653 1922 rimari
2688 1878 2742 1923 et
2777 1868 3067 1938 suspicari,
3109 1868 3175 1922 de
3208 1868 3411 1936 quibus
3454 1869 3574 1937 ipse
3623 1866 3750 1923 Oris

2158 1973 2321 2027 geues
2351 1972 2418 2013 ne
2458 1972 2552 2027 per
2595 1958 2863 2013 soumium
2893 1958 3109 2027 quidem
3170 1973 3406 2024 unquam
3465 1957 3749 2025 cogitavit.

2162 2046 2359 2102 Fateor
2411 2047 2818 2117 generationem
2872 2046 2991 2101 Filii
3046 2062 3114 2101 ex
3162 2044 3324 2101 Patre
3381 2046 3651 2099 illustrari
3686 2050 3749 2100 ab

2159 2138 2600 2207 Origene,etiam
2628 2137 2681 2190 in
2712 2136 2869 2192 libris
2901 2150 3087 2191 contra
3121 2137 3353 2202 Celsum,
3385 2137 3750 2191 similitudine

2160 2230 2294 2284 radii
2329 2231 2452 2284 sive
2506 2230 2809 2300 splendoris
2840 2246 2869 2284 a
2923 2231 3059 2295 sole,
3096 2231 3212 2284 sive
3265 2231 3371 2283 alio
3405 2247 3645 2300 corpore
3675 2230 3749 2282 la-

2162 2324 2303 2389 cido,
2334 2320 2582 2393 projecti.
2613 2321 2720 2377 Sed
2743 2322 2871 2391 quid
2906 2322 3057 2375 tum?
3090 2322 3285 2376 Annon
3320 2321 3517 2375 Patres
3558 2323 3750 2374 catho-

2160 2416 2247 2469 lici
2283 2430 2495 2481 omnes,
2535 2424 2645 2468 tam
2686 2414 2778 2484 qui
2812 2424 2957 2479 ante,
2994 2430 3152 2483 quam
3183 2414 3275 2482 qui
3305 2423 3424 2482 post
3451 2413 3750 2466 concilium

2161 2505 2813 2576 Niczenumscripserunt,
2836 2506 3027 2562 eodem
3050 2505 3214 2560 simili
3247 2506 3327 2559 usi
3358 2515 3488 2559 sunt
3513 2506 3537 2557 1'
3564 2504 3752 2558 Nonne

2162 2600 2261 2669 ipsi
2301 2598 2493 2655 Patres
2536 2598 2763 2664 Nicatni,
2794 2598 2955 2669 idque
2997 2598 3049 2652 in
3092 2599 3207 2668 ipso
3242 2598 3494 2669 symbolo
3536 2612 3640 2651 suo
3676 2597 3752 2648 di—

2162 2703 2388 2758 xerunt,
2423 2693 2617 2749 Filium
2671 2692 2841 2748 Deum
2889 2707 2953 2745 ex
2988 2690 3148 2745 Patre
3201 2690 3312 2745 Deo
3360 2690 3546 2753 nasci,
3585 2699 3647 2741 ut
3681 2688 3751 2741 lu-

2164 2804 2284 2841 men
2313 2788 2379 2842 de
2408 2786 2661 2841 lumine?
2695 2785 2760 2839 Et
2784 2784 2912 2854 quid
2946 2783 3162 2836 demum
3209 2782 3469 2852 Epistula:
3527 2784 3596 2834 ad
3651 2780 3750 2834 lle-

2163 2879 2336 2933 brazos
2367 2879 2548 2933 divino
2580 2876 2837 2946 scriptori
2888 2877 2998 2939 liel,
3032 2876 3124 2944 qui
3172 2889 3277 2928 non
3306 2874 3518 2927 veritus
3549 2884 3637 2926 est
3669 2872 3752 2925 Fi-

2166 2970 2292 3024 lium
2325 2970 2418 3024 Dei
2455 2983 2771 3037 nunCUpare
2826 2967 3173 3035 ἀπαύγασμα
3203 2964 3301 3034 τῆς
3326 2959 3488 3033 δόξης
3514 2961 3611 3014 τοῦ
3640 2961 3751 3013 Πιο-

2162 3062 2321 3133 τρός,
2358 3060 2684 3131 splendorem
2722 3069 2953 3129 paterna:
2983 3058 3189 3128 glariw,
3244 3071 3366 3125 cap.
3423 3069 3464 3117 ι,
3500 3069 3649 3107 vers.
3683 3052 3756 3105 3?

2169 3152 2282 3205 Duo
2315 3158 2460 3205 certe
2500 3151 2820 3219 porismata,
2858 3165 2976 3219 quae
3000 3164 3067 3203 ex
3098 3149 3201 3203 bac
3225 3144 3645 3214 comparatione
3666 3142 3755 3195 de-

483 3238 761 3293 culentum
816 3242 1266 3296 commentarium
1313 3246 1481 3313 cupit,
1532 3246 1690 3299 adeat
1727 3245 1797 3299 M.
1823 3246 2065 3301 Athana-
2092 3282 2134 3313 ρ
2176 3242 2347 3307 ducit,
2372 3240 2702 3312 Origcnique
2744 3239 2951 3311 allingit
2981 3238 3235 3303 lluetius,
3276 3251 3305 3288 a
3339 3246 3529 3290 mente
3556 3232 3750 3301 Orige-

483 3328 623 3384 sium
660 3332 711 3385 in
745 3331 1001 3387 Oratione
1030 3346 1213 3386 contra
1245 3346 1418 3404 gentes
1443 3335 1579 3407 (34),
1613 3338 1699 3392 ubi
1726 3338 1805 3392 sic
1830 3338 1897 3393 de
1924 3338 2062 3393 Filio

490 3422 583 3477 Dei
607 3424 846 3480 scribit:
890 3426 1133 3497 Δύναμις
1174 3430 1289 3480 ἐστι
1338 3427 1432 3481 τοῦ
1481 3429 1714 3501 Πατρὸς,
1761 3430 1856 3483 καὶ
1885 3430 2064 3500 σοφία,

487 3515 583 3571 καὶ
609 3513 785 3582 λόγος,
818 3516 880 3567 οὐ
907 3517 1045 3569 κατά
1081 3517 1311 3589 μετοχὴν
1344 3518 1515 3572 ταῦτα
1557 3519 1655 3583 ὢν,
1701 3521 1823 3574 οὐδὲ
1871 3522 2067 3589 ἔξωθεν

488 3607 885 3677 ἐπιγινομένων
918 3608 1125 3661 τούτων
1170 3608 1319 3679 αὐτῷ
1359 3609 1501 3662 κατά
1546 3612 1673 3674 τοὺς
1724 3612 1889 3665 αὑτοῦ
1948 3631 2070 3684 μετ-

486 3694 733 3765 έχοντας,
785 3698 877 3750 καὶ
923 3699 1308 3770 σοφιζομένους
1339 3701 1405 3755 δι’
1454 3702 1641 3765 αὐτοῦ,
1665 3704 1758 3756 καὶ
1784 3702 2064 3773 δυνατοὺς,

487 3786 581 3841 καὶ
614 3786 863 3857 λογικοὺς
893 3790 952 3843 ὲν
977 3790 1126 3861 αὐτῷ
1156 3793 1474 3862 γινομένους
1509 3810 1522 3823 '
1578 3793 1695 3847 ἀλλ’
1744 3795 2064 3865 αὐτοσοφία,

488 3879 806 3949 αὑτολόγος,
838 3883 1202 3955 αὑτοδύναμις
1235 3884 1339 3938 ἰδία
1373 3884 1465 3939 τοῦ
1484 3886 1695 3957 Πατρός
1712 3888 1879 3951 ἐστιν,
1904 3889 2067 3941 αὐτο-

489 3970 626 4040 φῶς,
666 3972 1045 4045 αὑτοαλήθεια,
1086 3975 1552 4045 αὑτοδικαιοσύνη,
1599 3976 1925 4047 αὑτοαρετή·
1974 3977 2068 4031 καὶ

493 4062 592 4137 μὲν
635 4064 727 4117 καὶ
758 4066 1068 4138 χαρακτὴρ,
1109 4067 1201 4121 καὶ
1236 4066 1599 4136 ἀπαύγασμα,
1628 4068 1720 4119 καὶ
1745 4066 1941 4119 εἰκών·
1975 4069 2070 4124 καὶ

488 4152 761 4209 συνελόντι
806 4155 1033 4227 φράσαι,
1077 4157 1290 4227 καρπὸς
1341 4156 1656 4220 παντέλειος
1702 4156 1793 4210 τοῦ
1857 4158 2069 4230 Πατρὸς

490 4245 747 4317 ὑπάρχει,
776 4247 871 4300 καὶ
902 4246 1061 4315 μόνος
1086 4248 1233 4301 ἐστὶν
1268 4246 1417 4311 Υἱὸς,
1454 4246 1616 4301 εἰκὼν
1648 4246 2069 4317 ἀπαράλλακτος

491 4335 588 4391 τοῦ
621 4336 852 4412 Πατρός.
898 4335 953 4392 Id
984 4349 1101 4401 est,
1137 4354 1154 4387 ι
1196 4336 1440 4396 Potentia
1486 4348 1665 4390 autem
1718 4336 1896 4392 Patris
1936 4338 2070 4392 dici-

491 4439 600 4494 tur,
642 4438 697 4483 et
748 4429 1013 4498 sapientia
1064 4440 1119 4483 et
1154 4430 1311 4495 ratio,
1369 4446 1475 4485 non
1527 4430 1651 4485 ideo
1700 4436 1841 4500 quod
1886 4431 2067 4500 aliqua

490 4532 700 4579 tantum
734 4539 800 4578 ex
834 4536 985 4592 parte
1022 4526 1248 4578 istarum
1278 4540 1460 4580 rerum
1491 4527 1925 4581 communionem
1953 4527 2068 4582 adi-

2171 3337 2254 3389 nis
2276 3334 2496 3390 omnino
2532 3334 2705 3387 aliena
2733 3342 2879 3388 sunt.
2917 3332 3158 3386 Primum
3178 3340 3281 3392 est,
3306 3328 3508 3382 Filium
3533 3342 3563 3380 a
3595 3326 3755 3380 Patre

2169 3428 2331 3481 dividi
2360 3437 2416 3481 et
2438 3428 2681 3497 separari
2717 3437 2775 3481 ut
2805 3436 3014 3497 partem
3052 3425 3248 3480 divin-.e
3271 3422 3527 3477 essentia:
3564 3436 3595 3475 a
3620 3431 3752 3482 tota,

2170 3521 2415 3589 adeoque
2455 3519 2548 3573 Dei
2592 3518 2890 3577 essentiam
2932 3519 2981 3571 in
3013 3525 3198 3587 partes
3227 3527 3435 3569 sectam
3466 3529 3611 3568 esse.
3649 3510 3754 3566 Sed

2169 3612 2292 3678 quis
2322 3611 2531 3673 credat,
2561 3609 2805 3679 Origeni,
2840 3610 2957 3663 viro
3004 3622 3137 3662 sane
3184 3622 3290 3661 non
3344 3606 3593 3669 indocto,
3645 3614 3752 3657 tam

2173 3700 2435 3754 insulsam
2472 3700 2863 3769 blasphemiam
2905 3698 3094 3752 vcnire
3121 3698 3173 3751 in
3204 3704 3445 3751 mentem
3469 3694 3755 3765 potuisse?

2171 3792 2393 3859 Quoties
2450 3808 2578 3847 vero
2621 3794 2671 3847 in
2718 3792 2934 3860 scriptis
2989 3791 3105 3846 suis
3136 3792 3295 3845 istam
3359 3790 3753 3860 blasphemiam

2170 3897 2429 3952 expresse
2462 3883 2770 3951 repudiavit
2800 3882 3189 3936 Adamantius!
3222 3879 3313 3935 Sic
3359 3884 3445 3949 (ut
3480 3882 3586 3933 alia
3643 3880 3751 3931 loca

2169 3985 2423 4030 sexcenta
2454 3972 2725 4044 omittam)
2763 3974 2814 4027 in
2840 3974 2978 4027 libro
3024 3988 3077 4026 tv
3114 3983 3297 4026 contra
3321 3972 3492 4036 Cels.,
3520 3987 3673 4026 num.
3702 3972 3751 4031 1,

2170 4083 2292 4137 pag.
2318 4065 2423 4121 5l0
2462 4066 2646 4135 (quem
2698 4067 2875 4122 locum
2908 4066 3019 4135 jam
3070 4079 3233 4131 supra
3268 4065 3320 4117 in
3375 4064 3482 4117 hoc
3536 4064 3750 4131 rapite,

2172 4175 2317 4214 unm.
2352 4161 2408 4226 7,
2443 4160 2715 4229 integrum
2745 4157 3093 4225 adduximus)
3128 4156 3428 4223 Epicureos
3460 4166 3513 4209 et
3547 4155 3751 4208 Stoicos

2172 4253 2383 4318 irridet,
2426 4256 2570 4321 quod
2620 4266 2726 4305 ιιοιι
2773 4249 3045 4320 potuerint
3079 4246 3359 4319 τρανώσαι
3386 4248 3487 4318 τὴν
3520 4246 3751 4319 φυσικὴν

2168 4343 2262 4398 τοῦ
2297 4343 2431 4397 Θεοῦ
2458 4343 2682 4407 ἔννοιαν,
2710 4342 2786 4406 ὡς
2809 4341 2984 4412 πάντη
3021 4339 3303 4410 ἀφθάρτου
3329 4379 3344 4401 ,
3408 4341 3507 4392 καὶ
3561 4338 3753 4403 ἁπλοῦ,

2171 4437 2264 4491 καὶ
2298 4435 2611 4501 ἀσυνθέτου,
2658 4436 2752 4490 καὶ
2802 4433 3129 4506 ἀδιαιρέτου,
3166 4434 3214 4485 id
3246 4442 3352 4493 cst,
3393 4450 3412 4482 ι
3447 4432 3608 4485 Clare
3660 4431 3749 4484 Dei

2173 4536 2425 4578 naturam
2461 4525 2788 4593 intelligere,
2816 4537 3006 4592 nempe
3051 4524 3192 4591 quod
3227 4523 3270 4575 is
3300 4523 3374 4575 sit
3427 4524 3652 4577 ouinino
3677 4524 3749 4574 itt-

492 4617 748 4686 piscatur,
789 4628 881 4670 aut
908 4618 1005 4671 ista
1029 4619 1243 4671 aliunde
1267 4618 1365 4686 ipsi
1392 4620 1806 4687 supervenirent
1832 4635 1847 4683 ;
1878 4634 2063 4687 quem-
2099 4622 2141 4676 ῐ)
2171 4616 2560 4687 corruptibilis,
2582 4626 2637 4670 et
2686 4614 2939 4683 simplex,
2974 4630 3070 4669 nec
3096 4615 3458 4682 compositus,
3492 4629 3594 4668 nec
3622 4613 3736 4665 diri

491 4708 777 4761 adunnlum
837 4708 925 4775 qui
1002 4709 1174 4777 ipsius
1222 4717 1346 4761 sunt
1382 4711 1692 4779 participes,
1738 4725 1832 4778 per
1886 4712 2062 4780 ipsum

492 4801 792 4867 sapientes,
846 4811 1097 4868 potentes
1140 4815 1202 4853 ac
1239 4800 1534 4854 rationales
1574 4799 1877 4855 eliiciuntur
1918 4816 1933 4855 :
1971 4803 2066 4858 sed

491 4901 776 4961 propterea
804 4892 946 4961 quod
978 4893 1048 4946 sit
1076 4892 1192 4961 ipsa
1227 4894 1513 4962 sapientia,
1571 4894 1681 4962 ipsa
1740 4895 1898 4961 ratio,
1952 4896 2063 4965 ipsa

491 4983 711 5051 propria
736 4984 977 5053 potentia
1010 4983 1207 5052 Patris,
1242 4986 1354 5054 ipsa
1385 4983 1499 5049 lux,
1540 4984 1653 5053 ipsa
1693 4986 1914 5052 veritas,
1948 4986 2061 5057 ipsa

484 5074 720 5143 justitia,
768 5075 882 5144 ipsa
927 5077 1120 5138 virtus.
1164 5087 1218 5132 et
1260 5078 1563 5139 character,
1602 5088 1656 5132 et
1697 5078 1973 5147 splendor,
2006 5088 2063 5133 et

491 5168 670 5238 imago
722 5166 934 5223 Patris:
964 5178 1039 5232 et,
1090 5182 1147 5222 ut
1192 5170 1359 5224 verbo
1406 5170 1604 5237 dicam,
1639 5169 1846 5224 fructus
1890 5168 2065 5226 Patris

492 5262 847 5327 undecunque
895 5258 1188 5327 perlectus,
1225 5274 1289 5314 ac
1316 5260 1462 5317 solus
1502 5254 1695 5325 Filius,
1740 5270 1794 5315 et
1830 5260 2068 5314 invaria-

494 5351 619 5406 bilis
655 5352 830 5421 imago
859 5352 1058 5408 Patris.
1092 5373 1109 5404 ι

565 5439 747 5513 μιν.
774 5441 1077 5511 Doctissimi
1100 5442 1274 5496 lluetii
1299 5442 1523 5511 vestigia
1547 5442 1724 5497 adhuc
1742 5442 2060 5512 premo,qui

492 5550 571 5600 se,
617 5538 798 5590 missis
844 5538 1201 5606 ambagibus,
1244 5538 1359 5605 ipsa
1406 5538 1747 5606 Origeniaua:
1794 5537 2057 5591 doctrina:

494 5629 786 5701 penetralia
810 5640 1178 5685 scrutaturum
1211 5630 1507 5701 professus,
1550 5637 1700 5684 notat
1747 5628 2060 5699 Origenian.

495 5719 588 5775 lib.
628 5734 689 5784 Il,
720 5732 911 5791 quaest.
948 5721 1002 5786 Ξ,
1040 5737 1187 5775 ιιιιιιι.
1242 5721 1333 5787 Eli,
1391 5736 1514 5791 pag.
1550 5719 1671 5787 152,
1707 5737 1725 5771 ι
1771 5719 2064 5775 credidisse

566 5925 677 5994 (Et)
712 5926 863 5980 Tom.
901 5924 939 5993 i,
973 5942 1021 5993 ιι.
1056 5926 1141 5982 3|.

2175 4707 2366 4761 sibilis.
2405 4726 2423 4758 ι
2468 4705 2585 4761 Mox
2630 4706 2779 4760 addit
2809 4705 3002 4759 Filium
3040 4704 3128 4758 Dei
3182 4705 3234 4758 in
3269 4704 3449 4759 forma
3486 4705 3606 4767 Dei,
3647 4706 3743 4757 hoc

2174 4808 2277 4863 est,
2311 4797 2361 4850 itt
2386 4796 2625 4851 essentia
2656 4796 2834 4851 divina
2863 4796 3180 4861 subsistere,
3225 4796 3460 4864 proinde
3488 4808 3543 4849 et
3578 4799 3745 4864 ipsum

2168 4889 2321 4960 juxta
2344 4905 2465 4944 cum
2498 4888 2656 4942 Patre
2679 4888 3063 4942 immutabilem
3090 4904 3232 4943 esse.
3268 4886 3413 4941 Niltil
3442 4899 3625 4942 autem
3658 4904 3750 4940 cx—

2176 4982 2415 5052 pressius
2458 4981 2582 5035 huic
2608 4991 2918 5035 commento
2941 4988 3223 5050 repugnat,
3251 4993 3416 5047 quam
3448 4981 3612 5033 verba
3637 4977 3749 5032 Ori-

2173 5074 2346 5143 genis,
2393 5087 2511 5142 quae
2573 5087 2640 5126 ex
2683 5072 2772 5125 lib.
2810 5086 2846 5124 ιι
2901 5088 3017 5138 sup.
3065 5069 3253 5133 Joan.,
3292 5083 3415 5136 pag.
3483 5067 3591 5131 9‘2,
3628 5068 3752 5120 citat

2174 5164 2484 5233 Pamphilus
2517 5164 2567 5217 in
2595 5164 2812 5234 Apoleg.
2844 5179 3034 5231 nempe
3062 5163 3174 5215 haec
3194 5179 3207 5213 :
3231 5178 3248 5211 ι
3280 5158 3607 5228 Unigenitus
3628 5176 3753 5227 ergo

2174 5256 2316 5312 Dens
2340 5258 2585 5311 Saltator
2614 5268 2799 5311 noster
2849 5256 2999 5310 solus
3042 5272 3070 5308 a
3106 5255 3266 5308 Patre
3302 5265 3622 5323 generatus,
3653 5271 3748 5306 na-

2174 5361 2294 5405 tura
2325 5360 2379 5405 et
2418 5365 2523 5404 non
2555 5349 2843 5417 adoptione
2871 5348 3038 5403 Filius
3075 5356 3175 5401 est.
3231 5345 3403 5399 Natus
3454 5359 3634 5399 autem
3684 5358 3747 5395 ex

2174 5443 2286 5510 ipsa
2323 5443 2501 5497 Patris
2547 5454 2744 5507 mente,
2798 5442 2939 5496 sicut
2992 5440 3239 5495 voluntas
3292 5455 3359 5493 ex
3398 5450 3603 5492 mente.
3637 5436 3746 5489 Non
3782 5484 3783 5487 η

2172 5536 2318 5587 enim
2349 5534 2637 5589 divisibilis
2680 5544 2767 5588 cst
2813 5535 2989 5587 divina
3033 5543 3248 5595 natura,
3304 5531 3353 5584 id
3387 5540 3491 5596 est,
3524 5528 3743 5597 ingeniti
3780 5572 3789 5577 -

2175 5623 2372 5689 Patris,
2407 5636 2462 5680 ut
2500 5636 2749 5695 putemus
2773 5626 2857 5680 vel
2887 5624 3184 5685 divisione.
3239 5622 3319 5676 vel
3368 5621 3741 5675 imminutione
3780 5612 3791 5651 τ

2175 5718 2491 5775 substantia
2549 5719 2685 5787 ejus,
2737 5716 2929 5772 Filium
2961 5732 3080 5773 cssc
3135 5714 3503 5785 pregeuitum.
3539 5730 3559 5766 ι
3619 5709 3739 5764 Vide
