3926 6536
235 408 369 463 1315

1248 413 1341 467 EX
1379 414 1443 470 G.
1485 413 1687 472 BULLl
1730 416 1880 474 DEF.
1925 419 2104 476 FIDEI
2144 421 2473 478 NlC/ENAE.

3365 436 3498 492 13H

233 522 393 589 bujus
425 535 579 594 cap.,
605 537 756 579 num.
797 522 885 589 l9,
913 524 965 580 in
994 524 1121 580 ﬁne.
1144 526 1225 579 Ad
1253 529 1484 583 alterum
1512 528 1690 585 Huetii
1715 547 1809 586 co-
1834 539 1887 599 Α
1916 532 2038 604 Θεῷ
2062 550 2078 568 ο
2112 536 2299 606 idest,
2341 556 2360 589 ι
2396 537 2506 592 Sed
2536 554 2702 594 unum
2734 503 2930 609 Deum,
2960 554 3014 599 et
3046 544 3165 614 ejus
3208 545 3406 604 Filium
3436 568 3495 607 ac

235 613 512 667 rollarium
551 618 702 685 quod
733 619 950 685 attinet,
989 634 1183 687 nempe
1237 619 1433 675 Filium
1479 623 1547 676 ab
1577 622 1813 695 Origene

230 706 385 761 Patre
413 705 735 763 inferiorem
791 710 978 775 statui,
1019 711 1158 765 infra
1211 726 1309 766 suo
1340 713 1458 767 loco
1515 715 1812 771 evidentis-

227 796 360 850 sime
390 799 707 864 ostendam,
746 816 1021 870 nunquam
1047 803 1302 858 statuisse
1325 803 1634 875 Origenem,
1663 807 1807 862 Patri

224 884 421 939 Filium
454 902 584 943 esse
610 888 868 958 imparem
896 889 1050 959 juxta
1092 894 1408 961 essentiam,
1447 894 1542 950 sed
1601 905 1808 951 tantum

226 978 453 1048 originis
486 990 761 1048 respectu,
798 997 990 1050 nempe
1029 993 1297 1050 quatenus
1319 984 1479 1039 Pater
1508 995 1593 1040 est
1621 998 1810 1041 auctor

226 1079 275 1124 et
308 1060 640 1139 piincipium
675 1072 822 1125 Filii.
854 1071 1029 1127 Verbo
1063 1075 1265 1140 dicam,
1309 1076 1577 1146 Origenes
1610 1077 1808 1149 aliique

227 1162 482 1215 catholici
528 1163 718 1218 Patres
748 1164 923 1219 simile
953 1166 1080 1219 illud
1117 1168 1247 1222 solis
1295 1179 1349 1224 et
1397 1171 1554 1233 radii,
1590 1170 1726 1225 lucis
1754 1184 1808 1225 et

227 1253 533 1321 splendoris
565 1266 907 1325 usurpantes,
945 1257 1059 1313 hmc
1115 1267 1322 1314 tantum
1377 1262 1687 1329 signiﬁcare
1712 1278 1807 1318 vo-

224 1342 459 1409 luerunt,
498 1361 677 1415 neque
703 1347 849 1401 aliud
875 1349 1172 1419 quidquam
1214 1351 1348 1420 ipsis
1375 1352 1426 1406 in
1456 1364 1690 1408 mentem
1713 1370 1806 1412 ve-

225 1438 301 1492 nit
329 1457 342 1491 :
374 1437 429 1490 l‘
462 1436 684 1493 Patrem
713 1456 829 1495 esse
858 1442 1040 1513 πηγὴν
1065 1443 1336 1515 θεότητος,
1378 1465 1397 1498 ι
1439 1445 1639 1501 fontem
1671 1448 1805 1503 divi-

224 1530 430 1606 nitatis,
472 1550 492 1582 ›
525 1533 981 1600 quemadmodum
1016 1536 1096 1590 sol
1130 1535 1250 1590 fons
1273 1547 1359 1591 est
1398 1537 1701 1606 splendoris
1734 1556 1801 1595 ex

223 1621 335 1691 ipso
352 1605 544 1676 emissi
570 1641 587 1689 ;
627 1623 684 1675 2⁸
705 1623 896 1677 Filium
923 1641 1042 1679 esse
1067 1627 1308 1695 ejusdem
1333 1640 1542 1684 natura:
1581 1646 1645 1685 ac
1672 1630 1803 1685 sub-

220 1714 451 1774 stantiae,
484 1713 645 1782 cujus
671 1725 756 1768 est
803 1714 995 1782 Pater;
1028 1726 1215 1787 utpote
1244 1719 1311 1772 de
1349 1720 1461 1788 ipsa
1513 1719 1691 1776 Patris
1715 1737 1802 1777 es-

220 1805 391 1858 sentia
445 1807 712 1874 genitum,
768 1817 824 1860 ut
881 1807 1061 1862 lumen
1126 1824 1193 1863 ex
1253 1811 1457 1867 lumine
1487 1826 1711 1877 manat;
1746 1815 1802 1869 δ’

1916 625 2156 679 Verbum
2189 627 2614 698 imaginemque,
2645 645 2911 700 quantum
2947 653 3261 706 possumus,
3291 644 3493 713 suppli-

1916 717 2224 773 cationibus
2251 729 2305 773 et
2338 721 2640 776 honoribus
2682 740 3030 795 veneramur,
3061 728 3357 788 offerentes
3389 735 3497 790 Deo

1913 807 2295 863 universorum
2325 810 2554 866 Domino
2581 830 2770 884 preces
2794 834 2891 887 per
2915 836 3072 875 suum
3105 822 3453 896 Uuigenitum
3480 846 3494 881 :

1913 904 1999 954 cui
2031 902 2181 970 prius
2211 918 2303 957 eas
2333 904 2638 971 oﬁerimus,
2670 920 2927 978 rogantes
2957 923 3014 966 ut
3062 915 3201 983 ipse,
3262 918 3353 985 qui
3386 928 3493 983 est,

1911 994 2222 1060 propitiatio
2251 1012 2345 1063 pro
2379 1001 2607 1064 peccatis
2634 1004 2828 1055 nostris
2860 1003 2931 1067 ⁸⁸,
2950 1004 3208 1073 dignetur
3236 1018 3492 1079 tauquam

1913 1083 2164 1139 Pontifex
2202 1102 2389 1153 preces
2430 1100 2667 1158 nostras,
2714 1101 2767 1145 et
2799 1095 3096 1164 sacriﬁcia,
3152 1108 3205 1151 et
3232 1100 3495 1156 interces-

1912 1174 2095 1230 siones
2124 1176 2322 1233 olferre
2354 1180 2463 1233 Deo
2485 1181 2695 1247 optimo
2732 1186 2989 1241 maxime.
3030 1207 3047 1239 ι
3085 1188 3253 1243 Miror
3309 1194 3492 1248 baecce

1911 1265 2165 1338 Origenis
2197 1269 2312 1323 loca
2341 1272 2458 1325 viro
2488 1275 2646 1326 docto
2688 1275 3014 1332 oﬂ'eudiculo
3042 1296 3186 1343 esse,
3218 1282 3268 1336 in
3294 1285 3490 1350 quibus

1912 1367 2130 1427 egomet
2152 1358 2233 1428 (ut
2262 1376 2446 1415 verum
2483 1364 2675 1434 fatear)
2710 1365 3048 1422 Catholicam
3083 1371 3149 1424 de
3175 1387 3402 1441 persona
3433 1386 3490 1430 et

1909 1452 2091 1504 ofﬁcio
2122 1453 2440 1509 Servaloris
2494 1458 2665 1511 nostri
2703 1460 3007 1513 doctrinam
3060 1478 3166 1517 non
3219 1466 3359 1519 male
3390 1483 3488 1523 ex-

1908 1541 2098 1611 plicari
2140 1559 2357 1614 semper
2379 1547 2823 1602 existimaverim.
2855 1549 2959 1605 Sed
2982 1553 3047 1605 ad
3080 1568 3213 1607 rem.
3236 1554 3487 1612 Christus

1907 1633 2169 1689 Dominus
2199 1648 2381 1691 noster
2416 1638 2664 1693 bifariam
2699 1642 2935 1710 spectari
2969 1652 3167 1709 potest,
3195 1660 3300 1714 qua
3340 1647 3483 1702 Deus

1905 1736 2009 1786 est,
2037 1735 2089 1779 et
2112 1742 2214 1794 qua
2250 1726 2614 1799 Θεάνθρωπος
2659 1731 2774 1785 sive
2821 1733 3091 1789 mediator
3140 1737 3283 1790 inter
3315 1738 3483 1794 Deum

1907 1825 1960 1870 et
1988 1816 2283 1873 hominem.
2319 1822 2431 1874 Sub
2482 1824 2770 1890 posteriori
2809 1826 2993 1894 σχέσει
3040 1829 3085 1881 si
3137 1828 3482 1887 Servatorem

222 1895 423 1949 Filium
454 1899 774 1967 neutiquam
808 1915 835 1953 a
870 1900 1030 1955 Patre
1070 1917 1168 1955 suo
1199 1903 1430 1958 divisum
1466 1922 1530 1961 ac
1579 1922 1802 1979 separa-
1833 1892 1876 1946 Β
1905 1918 2146 1962 nostrum
2181 1921 2414 1977 spectes,
2450 1924 2663 1966 constat
2695 1892 2880 1969 multis
2904 1916 3202 1986 Scriptura:
3230 1919 3365 1974 locis
3398 1931 3483 1975 at-

222 1996 330 2040 tum
357 1987 667 2053 exsistere;
697 1991 1155 2058 quemadmodum
1190 2008 1289 2048 nec
1323 1996 1504 2050 radius
1559 2013 1589 2051 a
1642 1999 1756 2053 sole
1782 2041 1797 2067 ,

219 2090 315 2131 nec
345 2077 609 2145 splendor
631 2094 660 2132 a
699 2080 818 2133 luce
841 2080 1203 2151 disiungitur;
1239 2083 1297 2137 4·
1344 2087 1576 2156 denique
1602 2088 1797 2144 Filium

220 2168 331 2221 sine
356 2170 687 2224 alteratione
738 2181 791 2224 et
820 2172 1178 2228 diminutione
1206 2176 1403 2231 divina:
1436 2182 1689 2234 essentia:
1729 2195 1797 2235 ex

220 2259 381 2313 Putre
406 2262 583 2314 nasci.
615 2260 877 2330 Equidem
916 2264 1014 2318 hos
1048 2266 1216 2320 animi
1262 2270 1434 2322 nostri
1477 2282 1794 2341 conceptus,

220 2351 284 2405 de
310 2353 592 2407 adoranda
626 2356 974 2421 generatione
996 2355 1118 2410 Filii
1142 2357 1254 2422 Dei,
1283 2360 1476 2413 mirum
1498 2361 1548 2414 in
1581 2363 1797 2416 modum

216 2442 431 2508 adjuvat
460 2444 764 2498 similitudo
800 2446 899 2499 ista
925 2462 939 2510 ;
977 2449 1118 2501 unde
1139 2458 1194 2503 et
1223 2465 1251 2502 a
1286 2449 1538 2505 Patribus
1564 2450 1798 2509 Nicaenis

214 2533 270 2587 in
298 2534 413 2602 ipsa
437 2534 788 2589 confessione
824 2552 920 2591 sua
960 2540 1197 2593 adhibita
1227 2539 1348 2595 fuit.

284 2624 311 2695 §
335 2623 454 2679 ΧΥ.
476 2626 871 2697 Restatquinta
897 2638 1055 2698 atque
1073 2631 1258 2683 ultima
1282 2632 1611 2697 criminatio,
1636 2649 1795 2701 quam

214 2732 277 2771 ex
305 2717 459 2772 libris
484 2730 671 2771 contra
696 2720 900 2773 Celsum
925 2721 1139 2792 Origeui
1161 2725 1386 2776 intentat
1414 2723 1638 2779 Huetius
1671 2724 1795 2779 Ori-

214 2811 421 2875 genian.
457 2809 553 2862 lib.
594 2825 656 2873 ll,
683 2820 875 2879 quaest.
905 2811 957 2877 9.,
977 2829 1127 2865 num.
1154 2813 1244 2878 29,
1279 2829 1401 2883 pag.
1434 2816 1555 2880 I56,
1582 2832 1793 2886 nempe,

216 2900 463 2954 docuisse
527 2902 703 2971 ipsum
758 2920 777 2953 ι
834 2903 1105 2957 humiliori
1148 2904 1365 2959 Patrem
1414 2907 1794 2963 obsecratione

214 2995 586 3047 venerandum
615 3008 736 3048 esse
796 3010 957 3064 quam
990 2995 1210 3049 Filium.
1244 3015 1264 3048 ο
1311 2995 1618 3051 Geuuinam
1657 3001 1795 3052 hanc

210 3084 379 3139 fuisse
424 3086 680 3153 Origenis
728 3088 1057 3141 sententiam
1100 3089 1309 3144 duobus
1341 3090 1614 3160 praecipue
1660 3091 1794 3146 locis

210 3191 275 3231 ex
301 3177 492 3231 iisdem
522 3178 677 3232 libris
706 3179 916 3248 probat.
942 3180 1093 3234 Alter
1110 3179 1261 3235 locus
1289 3181 1630 3237 iuveniturin
1656 3184 1793 3239 libro

212 3270 421 3337 quinto,
452 3286 606 3323 num.
638 3270 695 3333 4,
724 3286 845 3341 pag.
883 3271 1008 3337 580,
1045 3272 1133 3327 ubi
1164 3273 1244 3328 sic
1265 3274 1527 3345 Origenes
1544 3275 1790 3331 disserit:

212 3363 394 3415 Πᾶσαν
431 3360 531 3434 μὲν
566 3362 752 3433 δέησιν
773 3364 879 3435 γὰρ
903 3365 994 3418 καὶ
1024 3367 1353 3438 προσευχὴν,
1399 3367 1493 3420 καὶ
1536 3367 1793 3435 ἔντευξιν,

212 3455 303 3507 καὶ
316 3455 674 3527 εὐχαριστίαν
694 3455 1077 3527 ἀναπεμπτέον
1093 3457 1170 3529 τῷ
1196 3461 1289 3510 ἐπὶ
1306 3460 1440 3512 πᾶσι
1466 3458 1585 3529 Θεῷ
1599 3460 1689 3513 διά
1702 3461 1795 3514 τοῦ

210 3548 299 3599 ἐπὶ
326 3549 546 3601 πάντων
557 3548 803 3615 ἀγγέλων
829 3550 1152 3622 ἀρχιερέως,
1182 3552 1427 3622 ἐμψύχου
1444 3553 1615 3621 Λόγου
1637 3553 1792 3607 Θεοῦ·

208 3637 513 3709 δεησόμεθα
525 3639 582 3691 δὲ
605 3639 872 3692 καὶαὺτοῦ
886 3642 978 3694 τοῦ
996 3643 1190 3711 Λόγου,
1209 3645 1303 3696 καὶ
1320 3644 1677 3715 ἐντευξόμεθα
1700 3647 1797 3701 αὐ-

208 3730 301 3801 τῷ,
319 3733 917 3803 καὶεὺχαριοτήσομεν,
944 3737 1037 3789 καὶ
1070 3736 1477 3808 προσευξόμεθα
1497 3738 1575 3802 δὲ,
1595 3739 1689 3792 ἐὰν
1706 3739 1795 3792 δυο

208 3822 422 3894 νώμεθα
454 3824 784 3877 κατακούειν
817 3826 915 3895 τῆς
933 3827 1058 3898 περὶ
1084 3830 1388 3899 προσευχῆς
1418 3830 1791 3900 κυριολέξεως,

209 3914 299 3965 καὶ
331 3917 757 3986 καταχρήσεως’
785 3916 835 3968 id
862 3930 964 3981 est,
1003 3936 1020 3967 ι
1053 3918 1256 3973 Omnes
1289 3921 1433 3973 enim
1459 3922 1795 3991 deprecatio-

210 4022 325 4070 nes,
364 4016 420 4060 et
452 4007 770 4076 petitiones,
798 4022 986 4061 omnes
1015 4008 1482 4078 interpellationes
1506 4018 1560 4063 et
1585 4010 1788 4079 gratia—

207 4112 324 4151 rum
357 4099 609 4152 actiones
648 4097 936 4152 fundendte
967 4110 1095 4153 sunt
1130 4084 1260 4167 Deo,
1321 4116 1502 4155 rerum
1547 4102 1790 4155 omnium

210 4190 465 4256 Domino,
502 4205 602 4261 per
632 4189 891 4258 majorem
943 4191 1200 4247 omnibus
1249 4192 1457 4263 angelis
1516 4209 1788 4247 summum

205 4279 553 4347 Pontiﬁcem,
586 4282 766 4333 vivum
801 4280 1033 4334 Verbum
1059 4291 1113 4335 et
1159 4281 1350 4336 Deum.
1386 4280 1620 4336 Verbum
1654 4297 1791 4352 quo-

205 4386 311 4441 que
340 4371 470 4425 illud
505 4371 847 4440 deprecaturi
884 4384 1091 4439 sumus,
1126 4369 1613 4438 interpellabimus,
1648 4358 1705 4424 et
1737 4371 1786 4425 ei

201 4464 408 4532 gratias
430 4478 685 4533 agemus,
722 4476 912 4531 preces
956 4462 1118 4515 etiam
1150 4461 1464 4521 oﬂ’eremus.
1514 4463 1671 4515 modo
1705 4462 1789 4514 in-

1901 2011 2007 2066 que
2064 2001 2303 2055 omuium
2380 2002 2811 2058 Christianorum
2891 2021 3199 2073 censeusu,
3276 2010 3479 2065 cultum

1899 2101 2136 2153 omnem,
2165 2104 2326 2157 quem
2384 2090 2493 2144 Deo
2537 2092 2878 2161 exhibemus,
2916 2094 3016 2161 ipsi
3074 2110 3168 2162 per
3201 2095 3473 2150 Christum

1900 2177 2249 2231 mediatorem
2293 2177 2656 2233 exhibendum
2697 2195 2862 2235 esse:
2919 2184 3052 2250 quin
3080 2194 3135 2237 et
3182 2185 3384 2237 cultum
3421 2194 3474 2240 et

1900 2268 2157 2323 honorem
2180 2285 2416 2332 omnem,
2438 2286 2596 2340 quem
2623 2271 2842 2327 Christo
2860 2274 3178 2340 deserimus,
3210 2277 3291 2339 si;
3315 2276 3475 2341 δόξαν

1898 2358 2032 2412 Θεοῦ
2056 2360 2148 2413 τοῦ
2199 2360 2443 2433 Πατρός,
2480 2380 2499 2413 ι
2543 2363 2594 2416 ἰη
2621 2363 2845 2433 gloriam
2882 2367 2974 2419 Dei
3008 2367 3206 2431 Patris,
3242 2388 3259 2419 ι
3294 2379 3350 2421 ιιι
3391 2369 3471 2421 Ιο-

1897 2449 2081 2517 quitur
2105 2449 2301 2504 Paulus
2332 2450 2560 2519 (Philip.
2612 2469 2673 2517 ιι,
2709 2454 2814 2523 ll),
2871 2455 3090 2509 omnino
3147 2459 3466 2513 redundare.

1897 2539 2174 2594 Christum
2208 2557 2339 2595 vero
2370 2544 2722 2597 mediatorem
2751 2559 2870 2598 esse
2905 2545 3044 2599 inter
3074 2546 3240 2600 Deum
3291 2559 3344 2600 et
3369 2548 3470 2601 ho-

1899 2630 2070 2684 mines
2097 2633 2380 2701 utriusque
2407 2642 2614 2688 natura:
2657 2645 2901 2705 respectu
2932 2636 3216 2705 (quidquid
3246 2652 3309 2691 ex
3338 2653 3471 2705 pon-

1899 2720 2084 2775 tiﬁciis
2111 2724 2334 2790 quidam
2368 2734 2557 2778 contra
2610 2726 2991 2796 obganuiant),
3033 2738 3247 2783 veteres
3276 2730 3470 2784 catho-

1898 2812 1986 2867 lici
2017 2812 2231 2878 Patres,
2281 2830 2401 2869 cum
2425 2819 2633 2872 sanctis
2663 2817 2984 2886 Scripturis,
3014 2835 3120 2874 uno
3149 2834 3243 2875 ore
3271 2821 3470 2876 docue-

1899 2909 2046 2954 runt.
2070 2904 2243 2970 Atque
2277 2902 2415 2957 hanc
2446 2904 2499 2958 in
2531 2906 2720 2973 primis
2742 2906 2927 2975 σχέσιν
2952 2904 3083 2959 Jesu
3122 2908 3292 2961 nostri
3341 2925 3471 2979 spe-

1894 2997 2068 3043 ctasse
2086 2989 2376 3061 Origenem
2403 2992 2454 3045 in
2478 3002 2710 3062 utroque
2738 2993 2855 3047 loco
2871 2993 3101 3063 allegato
3123 2995 3466 3051 manifestum

1894 3092 2019 3138 esu
2080 3082 2346 3151 siquidem
2406 3084 2692 3151 utrobique
2745 3083 2982 3152 loquitur
3009 3086 3075 3139 de
3129 3085 3347 3141 Christo
3410 3100 3470 3143 ut

1895 3184 2105 3224 summo
2130 3172 2429 3235 sacerdote,
2454 3173 2544 3240 qui
2578 3187 2676 3241 pro
2699 3173 2855 3226 nobis
2883 3174 3024 3241 apud
3061 3174 3225 3227 Deum
3251 3173 3465 3230 Patrem

1898 3264 2217 3329 intercedit,
2261 3266 2461 3335 quique
2523 3275 2775 3335 tanquam
2815 3265 3037 3337 ἱλασμόν
3066 3284 3085 3317 ι
3120 3268 3466 3337 propitiatio-

1897 3370 2019 3408 nem
2054 3373 2073 3407 ι
2112 3370 2212 3424 pro
2259 3355 2502 3425 peccatis
2532 3358 2735 3411 nostris
2773 3373 2895 3412 sese
2938 3357 3150 3413 obtulit.
3207 3358 3359 3426 Quod
3418 3362 3466 3414 si

1895 3450 2173 3503 Christum
2204 3449 2514 3503 intueamur
2550 3456 2608 3502 ut
2637 3448 2999 3513 Deum,extra
3043 3450 3352 3505 mediatorli
3378 3450 3465 3504 of-

1895 3541 2004 3594 ﬁcii
2041 3549 2366 3608 respectum,
2397 3554 2589 3594 rursus
2611 3539 2807 3607 duplex
2833 3540 3073 3608 ejusdem
3104 3542 3470 3595 consideratio

1893 3631 2048 3685 nobis
2074 3633 2331 3685 occurrit.
2362 3630 2495 3683 Nam
2524 3629 2609 3685 vel
2638 3631 2884 3684 absolute
2914 3641 2972 3688 ut
3004 3630 3145 3685 Deus
3170 3641 3467 3700 spectatur,

1892 3722 1976 3776 vel
2007 3722 2176 3776 relate
2232 3732 2291 3775 ut
2355 3722 2494 3775 Deus
2527 3736 2594 3775 ex
2630 3722 2755 3786 Deo,
2808 3722 2925 3777 sive
2982 3722 3075 3777 Dei
3128 3723 3317 3777 Filius.
3354 3723 3468 3778 Sub

1891 3815 2058 3884 priori
2105 3814 2539 3868 consideratione
2597 3814 2641 3867 si
2698 3815 3051 3883 respiciamus
3110 3815 3202 3867 τὸν
3245 3814 3417 3882 Λόγον
3447 3854 3465 3877 ,

1894 3906 2073 3960 uiultis
2098 3907 2149 3958 in
2189 3906 2324 3959 locis
2352 3905 2498 3958 clare
2528 3903 2728 3958 fatetur
2766 3899 3064 3974 Origenes,
3112 3906 3209 3975 ipsi
3244 3916 3467 3973 propter

1893 3997 2238 4051 inenarrabili
2292 3996 2606 4066 prmstautia
2657 3996 3056 4064 prtecellenteut
3098 3997 3461 4058 divinitatem,

1891 4104 2049 4157 quam
2076 4103 2199 4141 cum
2228 4087 2388 4141 Patre
2415 4103 2757 4142 communem
2790 4088 2974 4151 habet,
3026 4086 3273 4141 eumdem
3303 4080 3465 4154 plane

1889 4179 2132 4233 divinum
2162 4178 2394 4241 cultum,
2435 4193 2599 4245 quem
2658 4177 2808 4230 Patri
2862 4177 3203 4238 exhibemus,
3238 4177 3462 4230 omnino

1889 4268 2070 4322 deberi
2097 4284 2113 4334 ;
2150 4268 2253 4322 hoc
2270 4277 2372 4333 est,
2402 4277 2654 4337 oportere
2688 4282 2788 4320 nos
2810 4277 2988 4319 mente
3013 4276 3068 4320 et
3099 4267 3461 4335 conceptione

1889 4369 2070 4410 nostra
2106 4362 2232 4425 (qua
2268 4356 2377 4410 sola
2406 4357 2623 4425 pr0prie
2654 4355 2818 4409 Deum
2847 4355 3099 4423 colimus)
3129 4358 3345 4407 easdem
3370 4354 3458 4407 di-

1886 4449 2025 4501 vina:
2064 4459 2271 4502 natura:
2328 4447 2693 4518 perfectiones
2749 4461 2940 4501 omnes
2986 4445 3126 4501 Filio
3185 4446 3460 4500 ascribere

208 4531 544 4623 telligamtis,
577 4554 848 4620 quomodo
871 4552 983 4606 inec
1030 4552 1371 4620 accipiantur
1402 4551 1485 4606 vel
1519 4551 1743 4605 abusive
1764 4590 1782 4616 ,

1897 4554 2022 4609 quos
2060 4537 2208 4592 Patri
2247 4537 2555 4592 tribuimus.
2587 4536 2790 4605 Repete
2846 4536 2988 4602 loca,
3024 4550 3148 4605 quae
3170 4531 3284 4602 jam
3316 4534 3459 4588 cita-

205 4644 287 4697 vel
324 4643 566 4712 proprie.
615 4661 633 4694 ι
674 4640 797 4706 Ubi,
827 4642 1005 4713 inquit
1036 4641 1287 4707 Huetius,
1321 4642 1622 4697 orationem
1653 4657 1781 4711 pro-

203 4733 317 4799 prie
336 4733 447 4786 Deo
470 4732 619 4786 Patri
645 4733 788 4786 fundi
807 4731 959 4799 jubet
984 4749 998 4797 ;
1025 4731 1373 4800 improprium
1394 4746 1520 4787 vero
1539 4740 1594 4787 et
1615 4747 1784 4801 χατα-

200 4824 535 4894 χρηστικήν,
568 4820 705 4876 Filio
736 4839 749 4875 :
781 4821 854 4875 illi
889 4830 946 4875 ut
974 4836 1191 4875 summo
1222 4820 1349 4887 Deo,
1388 4821 1652 4875 bonorum
1686 4822 1783 4874 da-

202 4916 303 4969 tori
336 4933 349 4979 ;
389 4916 518 4969 huic
549 4923 804 4982 tauquam
842 4911 1061 4983 μεσίτῃ,
1093 4912 1183 4978 qui
1215 4924 1403 4980 preces
1431 4920 1644 4965 nostras
1672 4912 1781 4966 Deo

198 5007 410 5061 offerat.
448 5006 651 5059 Locum
673 5004 902 5058 altermn
928 5004 1076 5073 legas
1099 5001 1195 5055 lib.
1229 5016 1345 5063 vm,
1365 5016 1514 5053 num.
1539 5001 1627 5064 l3,
1657 5018 1778 5073 pag.

196 5097 297 5151 751
336 5116 348 5150 :
385 5097 480 5149 Διὸ
511 5095 604 5147 τὸν
628 5094 724 5146 ἕνα
750 5093 903 5158 Θεὸν,
937 5094 1032 5145 καὶ
1058 5093 1151 5145 τὸν
1174 5092 1267 5143 ἕνα
1295 5091 1423 5145 Υῐὸν
1456 5091 1621 5144 αὑτοῦ
1644 5131 1658 5154 ,
1683 5092 1778 5145 καὶ

196 5187 509 5255 Λόγον,.καὶ
538 5186 723 5237 εἰκόνα
746 5187 867 5248 ταῖς
891 5184 1031 5237 κατά
1054 5184 1115 5237 τὸ
1139 5183 1358 5235 δυνατὸν
1387 5184 1517 5253 ἡμῖν
1551 5183 1781 5247 ἱκεσίαις

194 5281 290 5333 κά).
319 5279 583 5344 ἀξιώσεσι
599 5276 847 5349 σέϐομεν,
880 5276 1247 5348 προσάγοντες
1272 5273 1349 5344 τῷ
1378 5272 1496 5342 Θεῷ
1518 5273 1625 5326 τῶν
1645 5274 1781 5326 ὅλων

195 5373 294 5435 τάς
322 5371 491 5442 εὐχὰς
511 5369 598 5422 διὰ
616 5369 710 5422 τοῦ
734 5366 1074 5437 Μονογενοῦς
1102 5366 1286 5420 αὐτοῦ’
1314 5360 1359 5436 ᾧ
1376 5366 1589 5437 πρῶτον
1614 5382 1785 5435 προσ-

195 5466 438 5537 φέρομεν
492 5461 686 5525 αὐτὰς,
726 5460 1003 5527 ἀξιοῦντες
1036 5459 1198 5515 αὐτὸν
1238 5459 1464 5533 ἱλασμὸν
1509 5458 1636 5512 ὄντα
1668 5457 1779 5511 τῶν

196 5554 485 5629 ἁμαρτιῶν
510 5553 688 5624 ἡμῶν,
708 5555 1077 5625 προσαγαγεῖν
1092 5552 1168 5614 ὼς
1192 5552 1452 5623 ἀρχιερέα
1467 5549 1564 5614 τὰς
1590 5548 1781 5617 εὺχάς,

195 5650 287 5701 καί
315 5647 418 5710 τὰς
447 5645 663 5709 θυσίας,
698 5645 791 5698 καὶ
817 5644 915 5706 τὰς
949 5643 1218 5710 ἐντεύξεις
1240 5643 1397 5713 ἡμῶν
1420 5641 1498 5713 τῷ
1520 5644 1611 5696 ἐπὶ
1642 5642 1779 5694 πᾶσι

264 5740 307 5772 ⁸³
339 5737 543 5792 Huan.
576 5753 634 5801 It,
671 5738 706 5791 2

1885 4631 2060 4684 vimus
2099 4630 2155 4683 in
2197 4630 2299 4685 hoc
2348 4628 2546 4698 capite,
2592 4642 2745 4680 unm.
2802 4625 2857 4681 8.
2896 4625 2990 4679 Siti
3025 4624 3219 4678 Filium
3255 4626 3463 4677 intuea-

1886 4739 2005 4778 mur
2035 4721 2225 4787 relate,
2250 4736 2355 4791 qua
2394 4719 2562 4776 Filius
2590 4729 2695 4783 est,
2735 4729 2790 4774 et
2835 4735 2904 4773 ex
2937 4718 3047 4772 Deo
3093 4717 3252 4772 Patre
3292 4714 3458 4769 trahit

1885 4816 2183 4887 originem;
2228 4823 2340 4868 tum
2385 4828 2575 4867 rursus
2606 4823 2814 4867 eertum
2851 4819 2953 4875 est,
2981 4808 3185 4863 cultum
3217 4815 3273 4859 et
3298 4820 3458 4859 vene-

1885 4909 2148 4961 rationem
2186 4919 2426 4968 omuem,
2457 4920 2617 4974 quem
2651 4903 2752 4971 ipsi
2791 4902 3111 4963 deferimus,
3142 4898 3209 4950 ad
3244 4896 3455 4950 Patrem

1887 4997 2209 5055 redundare,
2245 4993 2298 5046 in
2324 4993 2627 5061 ipsumque,
2660 5001 2716 5043 ut
2752 4988 2935 5059 πηγὴν
2988 4986 3241 5054 θεότητος
3269 4986 3457 5039 ultimo

1884 5086 2095 5141 referri.
2131 5085 2245 5138 lluc
2270 5087 2435 5138 etiam
2492 5088 2793 5151 respexisse
2833 5081 3045 5133 videtur
3081 5076 3343 5146 Origenes
3402 5077 3454 5131 iu

1884 5177 2173 5246 posteriori
2200 5175 2318 5229 loco
2347 5178 2414 5228 ab
2448 5174 2642 5227 llnetio
2675 5172 2841 5225 citato
2863 5170 3003 5239 (35);
3026 5169 3112 5221 ubi
3142 5178 3261 5236 post
3290 5168 3453 5219 verba

1884 5269 2138 5336 allegata,
2174 5266 2286 5319 haec
2319 5263 2541 5336 ἀμέσως
2575 5262 2970 5328 subjiciuntur:
3020 5258 3155 5324 Περὶ
3203 5254 3292 5307 τὸν
3324 5254 3455 5305 Θεὸν

1883 5356 1975 5413 οῦν
2003 5362 2037 5430 ἡ
2072 5360 2255 5421 πίστις
2296 5356 2473 5429 ἡμῶν,
2522 5354 2610 5408 διὰ
2646 5353 2740 5405 τοῦ
2774 5352 2975 5420 ταύτην
3013 5347 3356 5419 βεϐαιοῦντος
3398 5349 3456 5397 ὲν

1883 5456 2014 5525 ἡμῖν
2066 5449 2195 5504 Υἱοῦ
2248 5448 2450 5503 αὑτοῦ*
2491 5448 2585 5501 καὶ
2644 5445 2896 5516 οὐδεμίαν
2931 5440 3085 5513 ἡμῶν
3123 5440 3237 5510 ἔχει
3287 5436 3459 5500 δεῖξαι

1888 5548 2074 5597 στάσιν
2107 5543 2231 5612 περὶ
2252 5543 2343 5595 τὸν
2370 5540 2494 5594 Υἰὸν
2526 5537 2619 5593 τοῦ
2661 5536 2795 5590 Θεοῦ
2828 5538 2855 5588 ὁ
2884 5534 3119 5595 Κέλσος·
3173 5531 3267 5584 καὶ
3306 5529 3461 5582 σέϐοι

1891 5638 1988 5707 μέν
2025 5654 2085 5705 γε
2133 5643 2224 5689 τὸν
2272 5633 2526 5704 Πατέρα,
2572 5631 2945 5701 Θαυμάζοντες
2989 5623 3153 5679 αὐτοῦ
3192 5624 3284 5677 τὸν
3328 5621 3460 5675 Υἱδν

262 5834 377 5895 (35)
414 5832 547 5887 Vide
576 5846 695 5891 suae
735 5834 799 5888 de
833 5833 1118 5897 pritnitivze
1148 5832 1403 5887 Ecclesia:
1436 5826 1794 5897 δοξολογίαιςι

1897 5825 2198 5880 εινιινὶ.ι;ιιε
2224 5836 2383 5885 supra
2425 5834 2544 5883 cap.
2578 5818 2633 5879 5,
2660 5834 2805 5872 unm.
2838 5815 2892 5870 6.
