3952 6554
475 455 617 509 1515
1885 450 2060 507 EXCE

2164 447 2302 504 TUM
2594 437 2595 440 ‘
3591 431 3727 484 £316

479 575 672 642 Λόγον,
707 567 801 625 καὶ
831 571 1041 641 σοφίαν,
1063 571 1159 625 καὶ
1182 595 1184 597 ν
1205 570 1480 644 ἀλήθειαν,
1516 572 1632 624 καὶ·
1661 571 2006 644 δικαιοσύνην
2030 615 2044 635 ,

2164 586 2212 626 ax
2245 569 2399 624 libris
2426 567 2560 634 Περὶ
2595 561 2796 634 ἀρχῶν
2818 559 2976 616 aﬁ‘ert
3003 573 3070 615 ac
3097 558 3320 644 damnat
3340 555 3460 609 hec
3483 551 3738 644 Origen'ts

445 666 573 718 -καὶ
601 665 779 718 πάντα
821 663 963 735 ἅπερ
1020 659 1159 716 εἶναι
1209 663 1605 735 μεμαθήκαμεν
1657 663 1750 716 τὸν
1785 664 1910 718 Υἰὸν
1953 643 2046 717 ’ἐοῦ

2164 663 2314 718 verba
2343 679 2355 714 :
2396 678 2414 710 ε
2459 658 2612 715 Sicut
2633 657 2780 711 enim
2813 643 3182 724 incongruum'
3212 657 3298 705 est
3326 648 3539 710 dicere,
3595 643 3734 713 quod

480 756 637 818 Θεοῦ,
664 756 814 832 οὖσι-(ιι)1
924 755 1016 808 καὶ
1042 755 1134 808 τὸν
1169 754 1495 827 γεννηθέντα
1523 755 1630 809 ἀπὸ
1668 757 1908 809 τοιούτου
1940 757 2054 810 Πα-

447 862 450 866 ‘
481 848 607 918 τρός
634 865 650 878 ·
681 849 732 901 id
770 857 873 908 est.
906 869 924 898 ι
957 848 1141 916 Itaque
1172 847 1222 900 in
1242 847 1350 902 Deo
1377 847 1512 901 iides
1557 857 1738 902 nostra
1781 848 2050 914 consistit,

483 953 579 1006 per
609 937 1019 992 conﬁrmantem
1053 951 1173 990 eam
1207 935 1261 989 in
1287 936 1445 992 nobis
1479 935 1647 1006 ipsius
1690 936 1904 991 Filium.
1945 937 2055 992 Nec

482 1030 731 1101 estquod
749 1029 936 1084 Celsus
993 1028 1145 1082 nobis
1194 1027 1513 1082 seditionem
1567 1026 1783 1090 obiiciat
1834 1038 2053 1099 prepter

483 1122 677 1177 Filium
703 1136 719 1175 :
747 1135 1069 1174 veneramur
1102 1120 1246 1173 enim
1284 1119 1522 1183 Patrem,
1546 1131 1614 1174 eo
1642 1119 1783 1188 quod
1812 1119 2049 1173 admira-

449 1229 453 1235 ’
483 1228 609 1268 mur
650 1213 769 1282 ejus
792 1211 1010 1274 Filium,
1051 1207 1286 1264 Verbum
1310 1217 1366 1263 et
1396 1209 1736 1278 sapientiam,
1775 1219 1828 1263 et
1858 1210 2054 1264 verita-

449 1335 452 1338 ~
481 1308 615 1368 tem,
647 1311 702 1357 et
722 1301 1010 1370 justitiam,
1040 1311 1095 1355 et
1133 1300 1391 1370 quidquid
1422 1300 1653 1354 dicimus
1682 1315 1804 1356 esse
1829 1301 1921 1355 Dei
1956 1299 2049 1357 Fi-

484 1393 638 1456 lium,
669 1408 700 1446 e
733 1392 844 1446 tali
876 1392 1037 1446 Patre
1090 1391 1452 1460 progenitum.
1493 1409 1512 1442 ι
1551 1388 1700 1445 Hanc
1751 1391 2051 1445 doctrinam

2150 752 2320 822 possit
2342 750 2515 806 Filius
2545 749 2730 802 videre
2761 745 3010 820 Patrem;
3071 744 3144 797 ita
3199 739 3600 795 inconveniens
3659 745 3739 790 cit

2151 843 2386 914 opinari,
2417 842 2558 911 quod
2584 840 2818 909 Spiritus
2835 845 3054 893 sanctus
3070 835 3242 904 possit
3259 831 3449 886 videre
3479 829 3736 884 Fﬂiun.»

2152 935 2222 990 Et
2248 935 2563 1006 primarium
2600 932 2745 986 hunc
2777 943 2846 984 ac
2880 925 3218 998 praecipuum
3271 925 3420 978 inter
3481 920 3740 989 Origenis

2152 1042 2364 1082 errores
2382 1025 2571 1080 statuit
2598 1020 2931 1092 Epiphanius
2949 1019 3143 1074 haeres.
3175 1033 3327 1081 thv,
3358 1031 3487 1084 cap.
3524 1014 3663 1073 Let
3686 1011 3736 1065 in

2152 1117 2442 1179 Ancorato,
2475 1128 2598 1183 cap.
2630 1112 2720 1166 65.
2767 1109 2875 1164 Sed
2905 1108 3187 1163 audiamus
3218 1107 3393 1176 ipsum
3439 1103 3736 1172 Origenetn

2153 1206 2206 1259 iu
2229 1218 2393 1273 opere
2417 1203 2506 1256 illo
2526 1202 2832 1256 indubitato
2860 1209 3044 1253 contra
3075 1196 3284 1252 Celsum
3317 1196 3414 1251 lib.
3447 1209 3543 1260 Vl,
3590 1208 3736 1246 num.

2155 1286 2241 1362 f7,
2269 1314 2390 1367 pag.
2412 1296 2537 1360 645,
2568 1309 2723 1349 suam
2755 1294 2823 1348 de
2855 1292 3080 1348 scientia
3118 1305 3224 1361 qua
3259 1289 3430 1343 Pater
3461 1298 3522 1340 et
3569 1285 3740 1340 Filius

2153 1402 2212 1442 se
2233 1398 2416 1443 mutuo
2447 1396 2803 1457 cognoscunt,
2828 1385 3148 1441 sententiam
3182 1382 3329 1436 clare
3366 1380 3738 1448 explicantem

2151 1478 2238 1534 his
2278 1478 2456 1532 verbis
2490 1497 2505 1531 :
2559 1476 2721 1529 Ἀλλὰ
2752 1477 2843 1529 καὶ
2867 1479 2894 1529 ὁ
2932 1475 3121 1545 Σωτὴρ
3149 1472 3306 1544 ἡμῶν
3343 1472 3444 1524 καὶ
3491 1469 3699 1539 Κύριος
3722 1509 3737 1530 ,

2153 1569 2448 1640 Λόγοςατοῦ
2480 1570 2636 1631 Θεοῦ,
2687 1568 2748 1621 τὸ
2787 1567 3013 1640 μέγεθος
3047 1565 3318 1637 παριστὰς
3347 1567 3453 1635 τῆς
3487 1562 3741 1630 γνώσεως

2152 1662 2246 1715 τοῦ
2274 1662 2505 1734 Πατρὸς,
2527 1663 2608 1716 ὅτι
2633 1661 2754 1714 κατ’
2781 1661 2938 1725 ἀξίαν
2966 1657 3393 1731 προηγουμένως
3416 1654 3572 1725 αὖτῷ
3597 1655 3739 1723 μάλλ’

2153 1754 2484 1826 λαμϐάνεται
2517 1755 2612 1807 καὶ
2645 1752 2994 1822 γινώσκεται,
3021 1750 3287 1821 δευτέρως
3311 1749 3370 1801 δὲ
3395 1751 3515 1810 τοῖς
3538 1747 3740 1816 ἐλλαμ-

451 1497 680 1539 sanatn
721 1493 774 1535 et
813 1482 1132 1535 catholicam
1173 1493 1328 1544 esse,
1371 1487 1568 1532 norunt
1607 1494 1814 1543 omnes,
1869 1480 1958 1548 qui
2001 1480 2052 1534 in

453 1590 459 1611 ε
487 1586 728 1628 veterum
754 1575 1036 1627 doctorum
1063 1573 1286 1641 scriptis
1324 1571 1408 1624 vel
1464 1570 1810 1625 mediocriter
1856 1571 2052 1624 versati

455 1666 657 1722 luere.
685 1663 862 1730 Quid?
887 1665 1027 1742 quod
1058 1664 1170 1718 haec
1210 1661 1385 1716 Patris
1418 1661 1578 1731 ὲξοχή
1608 1662 1660 1714 in
1693 1661 1942 1715 omnibus
1963 1675 2054 1715 ca-

458 1757 698 1812 9tholieaa
721 1757 970 1811 Ecclesia:
995 1754 1255 1824 Liturgiis
1273 1753 1540 1822 hodieque
1566 1753 1895 1823 agnoscitur.
1917 1750 2052 1806 Nam

475 1860 543 1904 et
571 1850 624 1902 in
655 1848 982 1916 δοξολογίαις
1016 1849 1179 1900 Deum
1230 1846 1443 1899 Patrem
1474 1845 1530 1896 ἐν
1563 1843 1759 1916 πρώτῃ
1791 1842 1945 1906 τάξει
1975 1842 2055 1914 (ut

455 1937 732 1993 Justinus
757 1935 1013 2007 loquitur)
1037 1933 1441 2004 gloriﬁcamus:
1477 1944 1532 1989 et
1555 1948 1744 2003 preces
1766 1933 2052 2003 plerasque
2086 1918 2125 1972 Β

461 2029 558 2082 ad
580 2029 750 2096 ipsum
776 2024 1232 2095 dirigimuszua
1257 2025 1324 2080 de
1369 2040 1429 2079 re
1476 2035 1666 2080 notatu
1724 2039 1857 2079 sane
1891 2025 2050 2094 digna

487 2129 615 2172 sunt
636 2119 861 2180 Petavii,
898 2117 1094 2172 Crellio
1126 2117 1193 2172 de
1217 2115 1424 2187 Spiritu
1476 2126 1665 2172 sancto
1721 2117 2054 2186 responden-

487 2211 580 2272 tis,
621 2209 787 2262 verba
812 2207 890 2261 De
912 2207 1060 2261 Trin.
1097 2207 1190 2262 lib.
1205 2221 1296 2276 tu,
1323 2223 1443 2278 cap.
1471 2208 1525 2276 7,
1550 2222 1703 2261 num.
1730 2207 1818 2262 15.
1848 2227 1866 2259 ι
1900 2206 2054 2272 Nam,

490 2301 693 2368 inquit,
725 2299 866 2367 quod
897 2301 963 2352 ad
989 2298 1252 2369 Spiritum
1277 2309 1526 2354 sanctum
1566 2314 1757 2369 preces
1790 2301 1844 2354 in
1870 2299 2056 2355 Eccle-

488 2393 569 2445 sia
592 2391 807 2460 publice
837 2393 950 2446 fere
997 2407 1102 2446 non
1157 2392 1485 2462 diriguntur,
1521 2392 1723 2446 frustra
1755 2407 1820 2448 ex
1872 2408 1939 2449 eo
1968 2409 2058 2447 ca-

488 2483 756 2537 iumniam
793 2484 960 2538 struit
981 2483 1234 2538 Crellius.
1259 2482 1545 2552 Siquidem
1579 2483 1747 2538 veteri
1780 2499 1848 2538 ex
1909 2499 2006 2539 usu
2039 2525 2054 2548 ,

490 2575 762 2644 pleraeque
795 2575 861 2629 ad
885 2574 1098 2628 Patrem
1129 2572 1441 2627 referuntur
1458 2591 1480 2626 τ
1510 2572 1762 2642 atqueita
1779 2572 2056 2628 decretum

490 2667 723 2735 legimus
759 2669 811 2720 in
839 2663 1253 2735 Cartltaginensi
1283 2663 1444 2720 tertia
1473 2665 1698 2735 synodo,
1731 2664 1942 2721 canone
1964 2667 2058 2730 23.

489 2769 553 2815 ut
569 2773 690 2814 cum
707 2758 774 2812 ad
813 2758 986 2812 altare
1008 2756 1302 2824 assistitur,
1320 2769 1535 2827 semper
1549 2757 1615 2812 ad
1634 2755 1851 2812 Patrem
1870 2758 2062 2828 diriga-

492 2859 582 2904 tur
615 2850 810 2905 oratio.
840 2847 1107 2904 Nimirum
1133 2850 1258 2920 quia
1291 2858 1424 2903 tunc
1451 2848 1654 2905 CbriSti
1694 2865 1914 2918 corpus,
1949 2851 2062 2904 sive

484 2941 656 3000 homo
680 2943 935 3000 Christus
964 2941 1213 3007 olfertur,
1240 2956 1304 2996 ac
1330 2941 1536 2996 veteris
1565 2951 1622 2996 et
1651 2943 1862 2998 cruenti
1893 2945 2064 2998 sacri-

487 3035 602 3090 ﬁcii
637 3035 895 3090 memoria
927 3033 1256 3098 celebratur,
1301 3048 1512 3104 mquum
1568 3042 1652 3090 est
1692 3037 1754 3089 ad
1805 3035 2015 3090 Patrem
2043 3075 2059 3100 ,

489 3126 640 3182 velut
665 3135 940 3180 auctorem
967 3139 1030 3180 ac
1069 3125 1398 3195 principium
1433 3123 1629 3179 referri
1687 3125 1870 3179 omnia
1918 3144 1931 3188 ;
1985 3128 2062 3180 uti

2156 1845 2408 1916 πομένοις
2433 1843 2494 1897 τὸ
2516 1834 2838 1915 ἡγεμονικὸν
2857 1841 2948 1894 ὑπ’
2968 1839 3129 1893 αὑτοῦ
3146 1838 3238 1890 τοῦ
3260 1836 3436 1904 Λόγου
3463 1837 3562 1888 καὶ
3584 1833 3742 1899 Θεοῦ,

2154 1936 2337 2008 φησὶν,
2358 1935 2563 2002 Οὐδεὶς
2574 1938 2724 2004 ἔγνω
2744 1935 2847 1987 τὸν
2871 1933 3009 1986 Υἱὸν
3028 1934 3078 1985 el
3085 1949 3131 1999 μ
3158 1930 3194 1998 ἡ
3232 1928 3460 1996 Πατὴρ,
3478 1927 3628 1980 οὐδὲ
3643 1928 3743 1980 τίν

2156 2028 2382 2096 Πατέρα
2404 2031 2455 2080 εἰ
2477 2025 2562 2096 μὴ
2596 2031 2627 2080 ό
2668 2027 2819 2093 Υἱὸς,
2846 2025 2941 2078 καὶ
2969 2017 3016 2090 ᾧ
3037 2024 3113 2076 ἂν
3130 2027 3164 2076 ὁ
3188 2023 3314 2085 Υἱὸς
3341 2023 3740 2089 ἀποκαλύψῃ.

2155 2120 2294 2174 Οὔτε
2328 2118 2438 2191 γὰρ
2468 2119 2558 2171 τὸν
2593 2117 2855 2188 ἀγένητον
2897 2117 2991 2170 καὶ
3035 2115 3212 2185 πάσης
3241 2113 3475 2184 γενετῆς
3527 2112 3740 2181 φύσεως

2156 2212 2500 2282 πρωτότοκον
2524 2210 2646 2263 κατ’
2673 2209 2828 2274 ἀξίαν
2849 2207 3045 2261 εἰδέναι
3077 2225 3161 2270 τις
3195 2206 3440 2268 δύναται,
3468 2204 3550 2268 ὡς
3576 2207 3606 2258 ὁ
3625 2222 3741 2272 γεν-

2157 2304 2326 2374 νήσας
2353 2303 2514 2356 αὑτὸν
2541 2301 2753 2374 Πατὴρ,
2780 2299 2903 2353 οὔτε
2951 2299 3041 2353 τὸν
3072 2298 3292 2370 Πατέρα
3321 2297 3400 2360 ὡς
3430 2299 3462 2350 ὁ
3503 2295 3744 2366 ἔμψυχος

2158 2396 2350 2464 Λόγος,
2381 2396 2475 2448 καὶ
2497 2395 2655 2463 σοφία
2680 2393 2842 2446 αὐτοῦ
2881 2393 2976 2445 κα)⁸
3013 2391 3239 2460 ἀλήθεια
3259 2408 3274 2421 ·
3309 2392 3362 2443 id
3398 2400 3524 2443 est:
3554 2409 3573 2440 ι
3607 2388 3742 2455 Qui!

2159 2492 2214 2540 et.
2243 2484 2500 2539 Servator
2528 2491 2711 2537 noster
2730 2498 2800 2556 τις.
2813 2482 3088 2546 Dominus,
3114 2479 3208 2536 Dei
3232 2479 3498 2542 Verbum,
3539 2477 3745 2548 magni-

2161 2577 2400 2634 tudinem
2433 2576 2767 2648 cognitionis
2795 2574 3066 2638 indicans,
3089 2589 3193 2642 qua
3221 2570 3383 2626 Pater
3408 2571 3532 2641 ejus
3568 2570 3742 2626 nosci-

2167 2681 2278 2740 tur,
2312 2673 2563 2742 quodque
2588 2684 2688 2739 pro
2716 2668 2980 2739 dignitate
3011 2668 3078 2721 ab
3120 2651 3241 2736 ipSo
3282 2665 3404 2718 solo
3438 2673 3742 2729 noscatur,

2161 2762 2403 2819 secundo
2455 2775 2586 2816 vero
2617 2761 2736 2815 loco
2775 2761 2843 2814 ab
2878 2757 3196 2813 illuminatis
3222 2755 3501 2810 mentibus
3539 2770 3639 2824 per
3677 2754 3744 2808 ii-

2163 2857 2253 2910 lud
2287 2857 2461 2925 ipsum
2496 2853 2730 2908 Verbum
2784 2868 2850 2907 ac
2885 2852 3076 2916 Deum,
3111 2847 3304 2913 Nemo,
3342 2848 3547 2916 inquit,
3603 2845 3744 2900 neci!

2163 2945 2364 3000 Filium
2397 2947 2499 3000 nisi
2526 2945 2714 3009 Pater,
2751 2960 2912 3015 neque
2947 2942 3159 2997 Patrem
3187 2942 3295 2996 nisi
3326 2939 3537 3003 Filius,
3560 2950 3610 2992 et
3663 2939 3745 2992 cui

2166 3037 2340 3091 Filius
2372 3037 2678 3091 revelaverit
2707 3036 2776 3088 °'.
2819 3033 2950 3088 Nam
3009 3048 3186 3103 neque
3219 3031 3482 3085 infectum
3512 3069 3530 3092 ,
3584 3041 3744 3098 atque

2166 3139 2290 3184 ante
2320 3142 2536 3182 omnem
2565 3128 2766 3182 factam
2797 3135 3040 3180 naturam
3064 3124 3309 3196 genitum
3331 3123 3631 3192 quisquam
3654 3136 3741 3190 pro

493 3233 766 3276 summum
800 3218 1077 3272 imitemur
1106 3219 1472 3284 sacerdotem,
1497 3226 1552 3273 et
1571 3219 1879 3288 pontiﬁcem
1907 3218 2066 3274 Chri-
2084 3247 2134 3304 ε
2168 3220 2430 3292 dignitate
2457 3229 2634 3290 potest
2667 3234 2848 3283 nosse,
2890 3218 3208 3273 sicntPater
3239 3217 3355 3283 ipse
3390 3215 3481 3284 qui
3527 3213 3742 3284 genuit:

490 3322 637 3368 stum
669 3311 992 3375 Dominum;
1025 3309 1115 3378 qui
1154 3318 1264 3363 tum
1295 3308 1483 3362 omnia
1517 3309 1656 3362 dicta
1686 3309 1938 3378 factaque
1967 3327 2061 3362 sua

490 3403 674 3460 Patris
694 3403 760 3457 ad
787 3402 1046 3456 honorem
1087 3400 1296 3455 referre
1327 3399 1576 3455 solebat:
1611 3407 1722 3452 tum
1757 3401 1810 3454 in
1844 3400 1934 3453 illo
1964 3415 2061 3469 po-

493 3507 698 3551 st-remo
743 3493 1012 3549 sacriﬁcio
1059 3491 1284 3546 tradidit
1337 3492 1689 3560 semetipsum
1743 3505 1840 3561 pro
1908 3491 2065 3546 nobis

492 3586 843 3652 oblationem,
866 3595 921 3641 et
944 3585 1171 3639 hostiam
1208 3583 1316 3638 Deo
1347 3584 1400 3637 in
1427 3583 1649 3638 odorem
1687 3584 1972 3638 suavitatis
1994 3585 2058 3639 “.

495 3679 609 3735 Nec
645 3687 727 3735 est
773 3679 896 3732 inde
923 3690 1262 3745 consequens
1293 3685 1385 3729 aut
1416 3675 1696 3730 Christum
1752 3673 1920 3730 Deum
1958 3692 2062 3730 non

495 3785 639 3835 esse,
676 3777 768 3823 aut
799 3783 898 3824 nec
927 3768 1188 3837 Spiritum
1229 3773 1479 3821 sanetum
1515 3780 1528 3821 :
1589 3768 1683 3822 sed
1714 3767 1817 3821 hoc
1842 3767 2017 3822 solmn
2047 3807 2064 3834 ,

495 3879 616 3920 esse
641 3877 908 3917 summum
938 3860 1220 3930 utriusque
1242 3857 1593 3930 principium,
1629 3875 1656 3912 a
1688 3872 1798 3928 quo
1831 3858 1905 3912 uti
1937 3873 2063 3925 pro-

495 3956 817 4028 prietatibus
855 3954 1092 4008 distincti
1121 3960 1266 4018 sunt,
1315 3950 1395 4006 sic
1427 3960 1620 4005 natura
1657 3961 1715 4004 et
1763 3949 2065 4004 substantia

496 4065 603 4102 non
636 4048 970 4116 discrepant.
1006 4062 1026 4096 ι

567 4139 596 4212 §
622 4137 763 4194 XVI.
801 4137 1073 4192 llaetenus
1105 4149 1166 4190 ea
1191 4133 1550 4200 defendimus,
1583 4149 1702 4202 quae
1733 4133 1832 4187 viri
1863 4133 2066 4188 doctis-

493 4233 620 4288 simi
653 4231 904 4286 Petavius
926 4239 980 4285 et
1033 4227 1259 4282 Huetius
1289 4226 1343 4280 in
1381 4226 1537 4281 libris
1587 4224 1842 4296 Origenis
1883 4237 2068 4278 contra

495 4323 712 4379 Celsum
738 4321 1219 4391 reprehenderunt.
1254 4319 1524 4374 Caeterum
1564 4328 1760 4388 printer
1783 4318 1911 4379 ista,
1939 4317 2067 4372 Hie-

501 4430 760 4488 ronymus
787 4415 916 4468 olim
947 4411 1094 4484 (odio
1120 4413 1332 4467 scilicet
1355 4426 1453 4466 suo
1498 4411 1550 4467 in
1582 4410 1877 4482 Origenem
1902 4452 1917 4477 ,
1974 4425 2067 4466 seu

500 4507 680 4574 potius
733 4506 787 4558 in
826 4502 1076 4572 Origenis
1137 4503 1486 4572 interpretem
1536 4501 1788 4555 Ruﬁnum
1839 4501 2066 4555 nimium

2171 3328 2345 3384 neque
2371 3311 2587 3366 Patrem
2617 3312 2930 3382 quisquam,
2960 3309 3100 3363 sicut
3123 3308 3426 3360 animatum
3470 3305 3601 3374 ejus
3630 3303 3748 3358 Ver-

2170 3407 2319 3470 bum,
2360 3404 2564 3460 veritas
2610 3415 2666 3458 et
2696 3402 2989 3472 sapientia.
3027 3419 3047 3453 ι
3088 3399 3234 3454 Nihil
3274 3400 3450 3470 magis
3478 3398 3748 3454 catholica

2173 3497 2378 3550 dictum
2418 3510 2657 3566 unquam
2709 3493 2829 3550 fuit.
2864 3493 3002 3560 Quin
3045 3501 3098 3546 et
3121 3491 3412 3560 Origenem
3447 3506 3618 3560 supra
3640 3489 3747 3559 (36)

2173 3589 2443 3643 dicentem
2485 3587 2812 3650 audivimus,
2858 3585 3026 3640 Deum
3063 3583 3279 3638 Patrem
3309 3597 3434 3638 esse
3472 3581 3557 3653 τῷ
3597 3583 3747 3650 Λόγῳ

2171 3680 2351 3736 Verbo
2373 3681 2488 3735 sive
2537 3679 2675 3736 Filio
2703 3669 3065 3746 ειισὲφικτόν,
3097 3693 3116 3727 ι
3139 3672 3741 3744 εοηιρτθιιθηείῡίιεωη

2172 3773 2254 3826 Ad
2282 3772 2397 3826 loca
2428 3771 2677 3842 Origenis
2695 3769 2836 3840 quod
2863 3771 3080 3832 attinet,
3106 3782 3171 3822 ex
3201 3767 3353 3820 libris
3377 3766 3523 3833 Περὶ
3549 3763 3746 3834 ἀρχῶν⁹

2173 3863 2476 3933 desumpta,
2517 3871 2760 3930 poterant
2797 3862 3130 3930 respondere
3176 3875 3244 3914 ex
3278 3859 3540 3912 omnibus
3561 3857 3746 3926 Orige-

2173 3955 2260 4008 nis
2288 3954 2507 4022 scriptis
2535 3954 2635 4007 ista
2669 3952 2809 4019 Περὶ
2835 3949 3036 4021 ἀρχῶν
3070 3950 3307 4003 maxime
3336 3958 3745 4017 essecorrupta

2174 4058 2337 4116 atque
2366 4043 2686 4115 interpolata
2719 4041 3041 4114 (3Z),jdque
3070 4058 3099 4096 a
3128 4041 3323 4096 Ruﬁno
3359 4040 3553 4094 multis
3596 4055 3749 4110 argn-

2175 4141 2372 4197 mentis
2433 4151 2710 4197 ostensum
2764 4155 2906 4195 esse.
2944 4138 3050 4194 Sed
3110 4138 3202 4192 t-ali
3247 4139 3341 4193 hic
3391 4137 3747 4206 responsione

2174 4249 2311 4304 opus
2341 4249 2445 4289 non
2472 4233 2754 4296 habemus,
2783 4247 2908 4286 cum
2932 4231 3044 4302 ipsa
3070 4230 3326 4302 Origenis
3377 4231 3578 4295 verba,
3601 4241 3747 4300 prout

2176 4339 2207 4379 a
2236 4325 2430 4392 Ruﬁno
2460 4325 2666 4393 integre
2683 4324 3054 4393 producuntur
3070 4323 3205 4395 (58),
3223 4322 3388 4391 quiet
3413 4337 3649 4392 scopum
3668 4337 3748 4375 au-

2174 4413 2344 4468 ctoris
2367 4422 2421 4466 et
2444 4420 2757 4467 contextum
2793 4413 3063 4468 sermonis
3102 4413 3360 4481 explicat,
3401 4427 3519 4465 sua:
3553 4427 3745 4481 purga~

2178 4505 2308 4559 tioni
2340 4505 2551 4559 abunde
2578 4504 2867 4559 sufﬁciant.
2899 4503 2991 4558 Sic
3015 4517 3074 4558 se
3101 4517 3189 4557 res
3231 4502 3445 4556 habuit.
3487 4502 3746 4574 Origenes

493 4597 809 4672 indulgens,
837 4595 1067 4665 indeque
1115 4595 1297 4648 omnia
1336 4591 1452 4660 ejus
1501 4592 1667 4646 verba
1720 4593 1973 4662 dictaque
2016 4593 2068 4648 in
2099 4603 2147 4659 ι)
2172 4595 2226 4650 ἰη
2261 4595 2401 4650 libro
2431 4595 2604 4666 primo
2631 4593 2954 4650 Periure/ton
2978 4595 3333 4666 quastionem
3361 4593 3747 4650 tnoveratud-

502 4688 798 4758 pcssimnm
825 4699 1042 4740 sensum
1068 4685 1288 4737 trahere
1309 4681 1547 4750 amans),
1570 4691 1625 4736 et
1652 4680 1757 4733 alia
1791 4683 2068 4752 complura

501 4779 572 4832 de
603 4777 738 4832 Filio
765 4775 881 4843 Dei,
907 4775 960 4829 iu
988 4775 1112 4829 aliis
1130 4774 1377 4843 Origenis
1394 4773 1612 4842 scriptis
1643 4771 1877 4826 absurde
1909 4781 2071 4843 atque

504 4871 668 4938 impie
698 4869 838 4924 dicta
867 4866 1113 4933 notavit;
1148 4879 1267 4935 qua:
1298 4863 1479 4918 omnia
1505 4878 1571 4918 ex
1601 4877 1707 4917 uno
1731 4877 1893 4931 opere
1943 4879 2068 4917 con-

501 4972 585 5014 tra
617 4959 827 5016 Celsum
857 4957 1017 5012 facile
1041 4954 1391 5022 refelluntur.
1409 4953 1690 5023 Praecipua
1715 4953 2066 5024 attingemus.

503 5053 559 5108 In
584 5051 808 5120 cpistola
835 5049 1008 5114 59,ad
1039 5048 1211 5114 Avit.,
1243 5062 1458 5103 errores
1491 5049 1783 5102 recensens
1806 5045 2068 5101 librorum

501 5143 646 5214 [Iepl
675 5141 891 5214 ἀρχῶν,
927 5142 1214 5210 scripsisse
1240 5138 1531 5209 Origenem
1575 5139 1653 5192 ait
1682 5137 2066 5208 Hieronymus,

507 5240 563 5290 in
601 5236 773 5306 primo
799 5234 916 5303 ejus
946 5232 1126 5302 operis
1150 5232 1441 5296 volumine,
1473 5247 1493 5281 t
1524 5230 1692 5284 Deum
1727 5231 1938 5284 Patrem
1976 5244 2073 5298 per

505 5338 757 5383 naturam
798 5325 1148 5388 invisibiletn,
1180 5339 1210 5376 a
1245 5321 1382 5376 Filio
1406 5338 1511 5377 non
1546 5321 1739 5377 videri.
1769 5339 1789 5369 ο
1825 5320 1891 5374 Ει
1915 5321 1966 5372 in
1991 5336 2075 5374 se-

504 5419 724 5474 cundo:
764 5435 786 5468 ι
832 5415 1023 5470 Restat
1055 5424 1115 5470 ut
1147 5413 1434 5469 invisibilis
1458 5413 1530 5469 sit
1559 5413 1700 5467 Deus
1728 5454 1743 5478 ,
1789 5411 1834 5466 si
1893 5421 2071 5465 autem

484 5509 792 5576 invisibilis
821 5522 916 5577 per
947 5516 1194 5560 naturam
1226 5513 1329 5570 est,
1363 5518 1540 5572 neque
1579 5501 1847 5556 Salvatori
1885 5501 2075 5555 visibi-

503 5602 595 5659 lis.
632 5622 653 5658 ι
685 5601 830 5657 Idem
865 5601 919 5655 iu
954 5599 1184 5668 epistola
1216 5598 1307 5663 61,
1352 5599 1423 5652 ad
1465 5595 1802 5659 Pammacln,
1845 5608 1964 5662 cap.
2014 5593 2069 5656 ὃ,

485 5691 496 5716 ⁸
577 5715 1010 5788 «spumea.
1088 5711 1566 5779 "Mantuam.

576 5810 690 5882 (36)
717 5811 850 5882 Vide
882 5809 1042 5882 huius
1071 5810 1260 5882 capiti?
1297 5823 1444 5882 Itum:
1477 5806 1534 5882 9.:

577 5873 689 5953 {57)
721 5881 852 5936 Vide
881 5873 1182 5948 Prolegotu.
1219 5878 1397 5932 Ruﬁni
1425 5879 1478 5931 in
1510 5877 1599 5930 lib.
1635 5875 1773 5943 Περὶ
1806 5873 2032 5945 ἀρχῶν.

2172 4702 2364 4742 versus
2386 4701 2498 4753 eos,
2525 4691 2615 4757 qui
2643 4689 2810 4741 Deum
2839 4702 3158 4755 corporeum
3189 4686 3397 4752 dicunt,
3420 4697 3480 4740 et
3503 4687 3746 4742 humanis

2174 4792 2296 4832 eum
2330 4777 2589 4833 membris
2614 4778 2908 4847 habituque
2938 4777 3457 4845 describunt:quod
3485 4778 3746 4847 pra-cipue

2176 4865 2680 4946 Valentinianorum
2713 4879 2768 4923 et
2789 4869 3480 4938 Anthropomorpbitarum
3536 4869 3745 4924 haeresis

2177 4958 2474 5014 asserebat.
2514 4981 2532 5014 ι
2567 4959 2740 5016 liosce
2796 4969 2984 5016 contra
3035 4961 3320 5014 haarcticos
3368 4959 3640 5031 Origenes
3667 4977 3746 5015 ee-

2176 5050 2535 5106 clesiasticam
2571 5051 2727 5104 ﬁdem
2755 5050 3068 5116 defendens,
3098 5048 3242 5103 omni
3273 5064 3478 5119 genere
3509 5051 3748 5118 incorpo-

2179 5157 2330 5196 reum
2350 5157 2470 5198 esse
2493 5141 2664 5196 Deum
2691 5153 2745 5196 et
2787 5142 2988 5196 idcirco
3014 5141 3176 5194 etiam
3223 5141 3554 5195 invisibiletn
3591 5143 3744 5194 ratio-

2180 5232 2335 5286 nibus
2366 5233 2736 5287 cnnfirtnarat.
2771 5231 2899 5286 Dein
2935 5242 3262 5300 provocante
3283 5231 3458 5299 ipsum
3493 5233 3741 5300 quaestio-

2172 5325 2258 5379 nis
2283 5324 2496 5389 ordine,
2529 5324 2645 5379 lizec
2671 5323 2946 5394 subjungit
2985 5323 3080 5379 lib.
3123 5338 3161 5389 t,
3213 5336 3362 5376 num.
3392 5320 3450 5376 8:
3495 5341 3515 5372 ι
3555 5322 3739 5376 Verum

2171 5416 2288 5470 ista:
2327 5416 2655 5472 assertiones
2689 5417 2867 5470 minus
2905 5415 3138 5469 fortasse
3171 5412 3513 5467 auctoritatis
3553 5413 3745 5468 habere

2171 5507 2426 5562 videntur
2455 5509 2592 5578 apud
2614 5524 2732 5575 eos,
2763 5507 2856 5578 qui
2896 5523 2958 5562 ex
2994 5505 3196 5560 sanctis
3232 5503 3542 5574 Scripturis
3571 5505 3638 5559 de
3665 5521 3740 5560 re-

2170 5596 2270 5655 bus
2301 5599 2497 5656 divinis
2526 5601 2733 5656 institui
2765 5599 3046 5662 volunt,et
3075 5597 3196 5652 inde
3229 5597 3329 5652 sibi
3367 5597 3738 5668 probarique-

2245 5809 2358 5880 (38)
2391 5810 2521 5866 Vide
2544 5809 2722 5866 Ruﬁni
2755 5807 2954 5865 Invect.
3015 5809 3068 5865 in
3103 5809 3419 5880 liicronym.
