3952 6582
822 52 941 63 “ﬁs.

174 434 309 494 1517

1192 435 1285 492 sx
1321 435 1386 493 (ἶ.
1424 433 1628 490 Βυιιι
1668 432 1819 489 DEF.
1858 431 2037 488 FIDE!
2073 430 2396 487 NICENE.

3288 433 3425 489 1518

173 561 303 610 runt
364 551 637 621 quomodo
690 558 882 606 natura
933 550 1028 605 Dei
1059 530 1428 622 supereminet
1468 566 1756 623 corporum
1786 553 1833 608 A
1857 549 1937 604 sia
1965 547 2143 618 magni
2170 545 2427 610 nominis,
2460 554 2513 599 et
2550 543 2865 615 Hieronymi
2900 544 3067 615 ipsius
3092 546 3220 601 olim
3260 549 3425 617 magi-

178 654 453 699 naturam.
473 644 610 699 Vide
635 659 764 712 ergo
781 644 825 699 si
851 658 953 699 non
981 643 1142 698 etiam
1162 643 1449 713 Apostolus
1480 646 1581 700 hoc
1612 647 1754 700 idem

175 736 276 799 ait,
298 751 421 790 cum
452 736 519 790 de
538 736 757 791 Christo
797 735 1037 806 loquitur
1068 736 1254 793 dicens
1284 755 1296 791 :
1339 737 1443 803 Qui
1480 748 1555 791 est
1583 738 1755 807 imago

175 825 457 883 invisibilis
485 826 600 886 Dei.
627 828 1005 897 primogenita:
1063 829 1230 881 omnis
1267 838 1524 883 creatura:
1548 830 1613 882 ⁸⁸.
1640 830 1753 884 Non

177 922 326 976 enim
358 922 438 990 (ut
462 920 683 990 quidam
716 920 927 991 putant)
973 920 1134 975 alicui
1161 921 1418 988 visibilis,
1442 932 1497 976 et
1529 922 1651 977 aliis
1678 924 1757 976 itt-

178 1014 452 1069 visibilis:
491 1014 617 1083 quia
646 1028 750 1068 non
775 1013 904 1067 dicit
937 1015 1247 1083 Apostolus,
1274 1016 1446 1086 imago
1476 1016 1754 1071 invisibilis

176 1104 281 1160 Dei
314 1106 628 1169 hominibus,
664 1114 758 1159 aut
779 1105 1055 1160 invisibilis
1076 1108 1461 1175 peccatoribus,
1484 1108 1577 1162 sed
1602 1109 1757 1164 valde

179 1208 499 1253 constanter
552 1198 861 1267 pronuntiat
893 1199 959 1253 de
1019 1200 1131 1268 ipsa
1168 1209 1361 1253 natura
1395 1199 1484 1255 Dei
1526 1200 1712 1255 dicens
1739 1240 1755 1266 ,

177 1290 360 1359 imago
388 1290 657 1343 invisibilis
684 1289 793 1343 Dei.
850 1288 954 1344 Sed
997 1298 1050 1344 et
1077 1288 1317 1347 Joannes
1350 1289 1403 1345 in
1467 1290 1757 1363 Evangelio

177 1380 392 1446 dicens,
418 1379 581 1433 Deum
618 1396 766 1434 nemo
799 1381 927 1434 vidit
954 1397 1183 1450 unquam
1212 1381 1257 1412 θ’
1286 1423 1302 1449 ,
1334 1381 1622 1436 manifeste
1661 1383 1758 1437 de-

177 1472 353 1528 clarat
385 1473 659 1535 omnibus,
685 1474 773 1541 qui
803 1471 1107 1543 intelligere
1143 1482 1387 1543 possunt,
1432 1476 1561 1545 quia
1615 1475 1757 1530 nulla

179 1575 375 1618 natura
402 1574 506 1628 est,
540 1565 626 1619 cui
659 1565 883 1620 visibilis
913 1566 983 1619 sit
1012 1567 1150 1619 Deus
1183 1585 1197 1619 :
1234 1582 1338 1622 non
1368 1567 1522 1636 quasi
1554 1568 1643 1635 qui
1680 1570 1760 1620 vi-

177 1654 359 1709 sibilis
388 1655 455 1708 sit
480 1655 696 1723 quidem
732 1671 826 1724 per
869 1665 1145 1721 naturam,
1174 1670 1229 1710 et
1256 1658 1405 1710 velut
1464 1658 1759 1727 fragilioris

176 1758 448 1800 creatura:
479 1746 674 1800 evadat
706 1758 981 1815 aspectum
1009 1766 1024 1815 ;
1059 1748 1151 1803 sed
1196 1750 1451 1817 quoniam
1492 1750 1758 1803 naturali-

176 1844 268 1891 ter
293 1836 461 1890 videri
486 1836 821 1904 impossibile
841 1848 944 1892 est.
968 1839 1074 1892 Sed
1111 1840 1155 1893 si
1180 1840 1427 1910 requiras
1450 1855 1479 1893 a
1514 1856 1600 1894 nte
1632 1840 1757 1909 quid

1855 639 1976 706 stri)
2010 650 2286 705 respuere,
2322 644 2415 688 aut
2438 652 2467 688 a
2500 634 2695 688 ltufino
2731 633 2877 689 haud
2912 636 3052 691 bona
3082 636 3185 691 fide
3217 638 3431 693 recitari

1857 743 1922 782 ac
1958 727 2242 783 transferri
2286 725 2309 779 τ
2346 724 2547 789 Credo,
2594 725 2722 795 quia
2756 739 2860 779 non
2912 734 3143 796 poterat.
3168 725 3432 781 Nimirum

1856 819 2187 890 Hieronymo
2217 818 2459 873 solemne
2481 825 2601 872 erat
2632 816 2753 889 (pro
2771 833 2857 883 ea,
2889 833 2994 888 qua
3020 817 3277 886 pollebat,
3310 819 3432 873 rhe-

1860 905 2118 961 toricandi
2150 904 2426 976 facultate)
2454 915 2792 975 argumenta,
2830 906 3028 975 quibus
3066 907 3433 975 premebatur,

1858 999 1943 1053 vel
1966 998 2178 1053 silentio
2216 998 2373 1068 plane
2425 998 2725 1068 prasterire,
2767 998 2851 1053 vel
2898 997 3039 1069 jocis
3075 1014 3138 1052 ac
3194 1000 3435 1056 dicteriis

1857 1092 2093 1148 eludere.
2114 1090 2273 1147 Certe
2303 1090 2506 1155 Rufini,
2527 1100 2691 1159 atque
2725 1102 2850 1145 ante
2878 1091 3049 1159 ipsum
3089 1090 3321 1161 Didymi,
3349 1108 3437 1146 re-

1858 1184 2203 1255 sponsionem
2258 1182 2595 1237 verissimam
2635 1196 2755 1237 esse
2802 1182 2934 1237 satis
2986 1182 3225 1237 indicant
3278 1185 3439 1239 verba

1861 1276 2149 1347 Origenis,
2198 1289 2358 1345 prout
2395 1277 2462 1331 ab
2517 1276 2631 1346 ipso
2671 1274 2997 1347 Hieronymo
3045 1274 3346 1343 allegantur
3383 1276 3437 1331 in

1858 1370 2014 1439 epist.
2051 1367 2151 1431 59‘,
2177 1368 2242 1421 ad
2276 1369 2422 1422 Avit.
2450 1368 2537 1421 Ait
2565 1368 2762 1437 quippe
2800 1366 3082 1435 Origenem
3129 1368 3435 1436 scripsisse,

1864 1479 1883 1513 ι
1915 1462 2078 1515 Deum
2113 1459 2330 1514 Patrem
2366 1476 2459 1530 per
2476 1439 3095 1520 naturaminvisibilem.
3117 1476 3145 1513 a
3173 1460 3307 1515 Filio
3331 1476 3437 1515 non

1858 1552 2064 1620 videri;
2114 1572 2132 1605 ι
2174 1562 2227 1607 et
2260 1567 2446 1606 rursus
2478 1568 2493 1605 :
2524 1571 2541 1604 ι
2574 1551 2630 1607 Si
2669 1554 2808 1605 Deus
2831 1552 3118 1607 invisibilis
3156 1568 3250 1621 per
3276 1563 3436 1606 natu-

1862 1661 1976 1698 ram
2010 1657 2112 1710 est,
2143 1661 2315 1715 neque
2347 1646 2608 1700 Salvatori
2660 1645 2885 1700 visibilis
2932 1647 3054 1702 erit.
3096 1666 3115 1699 ι
3156 1647 3318 1709 llinc,
3362 1648 3445 1700 in-

1860 1753 2049 1806 quam,
2085 1753 2191 1791 non
2222 1739 2452 1792 obscure
2481 1737 3071 1807 colligitur,0rigenem
3094 1736 3212 1791 ideo
3245 1736 3448 1791 dixisse

1865 1829 2075 1884 Patrem
2108 1845 2137 1882 a
2167 1829 2302 1883 Filio
2347 1830 2515 1884 videri
2572 1845 2677 1883 non
2712 1843 2891 1897 posse,
2924 1844 3026 1882 non
3082 1830 3222 1896 quod
3254 1828 3446 1892 Filius,

176 1926 349 1981 etiam
373 1928 439 1981 de
462 1928 576 1995 ipso
604 1926 896 1997 Unigenito
926 1930 1179 1995 sentiam,
1230 1932 1274 1984 si
1306 1946 1372 1983 ne
1406 1929 1506 1998 ipsi
1541 1930 1758 1999 quidem
1795 1917 2124 1990 B'tanquam
2150 1920 2439 1989 fragilioris
2461 1930 2734 1989 aspectus.
2760 1935 2864 1974 non
2907 1920 3083 1973 Valeat
3116 1920 3329 1974 Patrem
3365 1921 3449 1975 vi-

173 2018 451 2072 visibilem
484 2019 669 2073 dicant
691 2018 783 2074 Dei
824 2029 1093 2085 naturam,
1120 2020 1210 2090 qui
1261 2020 1582 2075 naturaliter
1618 2021 1757 2074 invi-

176 2110 360 2166 sibilis
398 2121 518 2178 est;
580 2127 683 2165 non
735 2111 829 2167 tibi
877 2113 1061 2167 Statim
1115 2112 1197 2166 vel
1253 2106 1476 2183 impium
1518 2114 1762 2167 videatur

175 2217 306 2257 esse
366 2203 449 2257 vel
508 2203 843 2258 absurdum:
923 2206 1187 2260 rationem
1262 2207 1460 2276 quippe
1513 2205 1762 2260 dabimus

177 2302 600 2362 consequenter.
636 2293 793 2349 Aliud
840 2295 1059 2366 quidem
1095 2296 1406 2359 estvidere,
1459 2296 1603 2351 aliud
1667 2312 1765 2350 no-

179 2402 361 2443 scere.
385 2386 564 2441 Videri
590 2395 643 2442 et
678 2389 863 2443 videre
889 2404 1211 2458 corporeum
1244 2397 1366 2443 est:
1408 2389 1560 2443 nosci
1589 2398 1642 2443 et
1668 2404 1766 2443 no-

181 2493 345 2534 scere
402 2478 779 2533 intellectualis
842 2488 1050 2536 ttaturte
1125 2488 1229 2537 est.
1294 2480 1567 2550 Quidquid
1627 2496 1758 2551 ergo

180 2570 466 2640 proprium
501 2585 791 2639 corporum
817 2580 920 2633 est,
956 2571 1058 2625 hoc
1090 2585 1189 2627 nec
1221 2572 1287 2626 de
1320 2570 1505 2636 Patre,
1549 2588 1648 2625 nec
1699 2572 1766 2625 de

180 2661 329 2716 Filio
350 2662 690 2717 sentiendum
715 2671 817 2717 est.
845 2662 996 2728 Quod
1017 2678 1146 2718 vero
1170 2664 1235 2718 ad
1262 2673 1508 2719 naturam
1533 2666 1767 2735 pertinet

182 2752 438 2817 Deitatis,
469 2753 571 2808 hoc
602 2753 742 2808 inter
772 2752 986 2807 Patrem
1011 2768 1074 2808 ac
1103 2753 1299 2809 Filium
1331 2763 1566 2809 constat.
1595 2752 1758 2808 Deni-

184 2857 300 2913 que
331 2844 445 2914 ipse
489 2845 543 2898 in
582 2844 870 2914 Evangelia
919 2859 1023 2899 non
1070 2843 1226 2912 dixit,
1251 2846 1377 2915 quia
1420 2860 1583 2900 nemo
1637 2847 1767 2900 vidit

184 2932 411 2990 Patrem
454 2934 557 2989 nisi
594 2932 783 2996 Filius,
814 2950 987 3005 neque
1028 2934 1222 2990 Filium
1272 2938 1377 2991 nisi
1432 2937 1594 2992 Pater
1629 2956 1641 2992 :
1676 2940 1768 2993 sed

184 3026 272 3080 ait
312 3044 325 3080 :
364 3023 531 3080 Nemo
575 3028 714 3079 novit
761 3023 809 3076 Γ
813 3024 959 3078 ilium
984 3027 1085 3079 nisi
1134 3023 1313 3091 Puler,
1354 3045 1513 3097 neque
1557 3012 1769 3082 Patrem

185 3119 312 3188 quis
343 3120 478 3171 novit
508 3118 606 3171 nisi
642 3116 687 3170 F
690 3119 814 3172 ilius
833 3118 900 3172 ⁷⁸.
928 3119 1005 3173 Ex
1033 3135 1139 3189 quo
1174 3120 1456 3175 manifeste
1484 3122 1769 3187 indicatur,

184 3209 337 3279 quod
368 3210 624 3280 quidquid
653 3209 796 3265 inter
825 3226 1116 3281 corporeus
1146 3221 1368 3266 naturas
1404 3213 1588 3267 videre
1617 3223 1670 3267 et
1695 3215 1771 3266 vi-

185 3299 310 3354 deri
355 3298 581 3366 dicitur,
615 3300 717 3354 hoc
770 3302 912 3354 inter
949 3299 1164 3355 Patrem
1207 3312 1261 3356 et
1307 3302 1501 3357 Filium
1550 3319 1774 3358 noscere
1800 3274 1843 3331 Ο

186 3392 395 3445 dicitur
426 3400 477 3444 et
515 3391 686 3457 nosci,
722 3408 817 3461 per
857 3393 1105 3448 virtutem
1139 3395 1397 3459 scientiae,
1431 3412 1536 3450 non
1575 3413 1670 3465 per
1699 3399 1775 3451 vi-

184 3482 473 3540 sibilitatis
525 3483 893 3554 fragilitatem.
933 3483 1069 3552 Quia
1120 3503 1248 3557 ergo
1278 3488 1343 3539 de
1388 3503 1648 3557 corporea
1680 3505 1775 3542 na-

187 3583 320 3629 tura
364 3584 416 3629 et
460 3576 753 3641 invisibili,
791 3592 891 3631 nec
948 3579 1131 3633 videre
1178 3580 1396 3649 proprie
1436 3581 1633 3633 dicitur
1680 3597 1777 3636 nec

188 3668 411 3722 videri:
441 3668 642 3722 idcirco
671 3683 844 3738 neque
876 3667 1038 3722 Pater
1073 3687 1100 3721 a
1145 3670 1300 3734 Filio,
1344 3686 1517 3741 neque
1552 3671 1718 3725 Filius
1747 3688 1778 3725 a

190 3754 365 3813 Patre
397 3757 565 3811 videri
593 3758 643 3811 in
682 3758 977 3827 Evangelia
1000 3759 1219 3827 dicitur,
1253 3760 1346 3815 sed
1385 3762 1556 3814 nosci.
1596 3780 1615 3812 ι
1649 3761 1780 3827 Quis

192 3866 326 3905 cum
364 3847 566 3903 Rufino
597 3865 702 3902 non
739 3850 921 3904 statim
946 3862 1224 3920 agnoscat,
1260 3853 1310 3905 in
1340 3853 1424 3907 his
1456 3854 1633 3908 verbis
1661 3854 1783 3909 Ori-

189 3956 393 4012 genem
435 3940 501 3994 de
538 3940 944 4009 comparatione
982 3940 1157 3996 Patris
1176 3953 1231 3996 et
1259 3941 1379 3996 Filii
1415 3944 1545 3997 nihil
1579 3944 1777 4010 dicere,

195 4033 301 4088 sed
331 4032 398 4085 de
426 4031 543 4101 ipsa
580 4032 806 4086 Deitatis
839 4042 1027 4087 natura
1073 4048 1335 4102 quaerere,
1369 4052 1387 4085 ι
1428 4036 1473 4090 si
1519 4036 1567 4090 ei
1600 4047 1780 4105 aptum

197 4122 315 4178 ullo
344 4137 543 4192 genere
562 4123 889 4178 visibilitatis
915 4125 1234 4179 vocabulum
1273 4126 1547 4181 videretur
1572 4128 1595 4180 ?
1618 4147 1636 4179 ι
1666 4128 1780 4182 Non

195 4217 351 4273 enim
380 4224 557 4282 negat,
580 4215 688 4270 imo
710 4216 848 4270 satis
874 4227 1057 4285 aperte
1086 4218 1244 4272 docet
1263 4217 1545 4285 Origenes,
1569 4218 1782 4273 Patrem

200 4323 362 4380 reque
393 4322 423 4363 a
456 4308 593 4364 Filio
633 4308 871 4378 percipi,
898 4322 963 4362 ac
1008 4306 1203 4363 Filium
1234 4322 1265 4362 a
1296 4307 1477 4377 Patre,
1515 4310 1617 4364 hoc
1664 4322 1784 4376 est,

200 4401 659 4472 perfectissime:
708 4400 759 4455 id
787 4410 995 4456 tantum
1035 4401 1169 4457 dicit
1220 4401 1448 4457 alterum
1498 4404 1568 4459 ab
1614 4403 1786 4459 altero

196 4492 415 4563 percipi
446 4509 465 4544 ι
503 4505 609 4546 non
653 4507 751 4563 per
784 4492 1114 4548 visibilitatis
1145 4491 1514 4564 fragilitatem,
1552 4497 1644 4550 sed
1693 4512 1789 4565 per

1869 2015 2014 2080 dere,
2051 2012 2142 2083 qui
2175 2012 2374 2081 alioqui
2426 2028 2523 2082 per
2574 2022 2819 2066 naturam
2866 2026 3020 2065 suam
3047 2026 3076 2063 a
3112 2019 3452 2079 competente

1870 2105 2123 2159 facultate
2145 2104 2315 2158 videri
2352 2104 2524 2173 possit
2549 2121 2564 2169 ;
2596 2105 2690 2157 sed
2710 2103 2851 2172 quod
2876 2102 3013 2158 Deus
3048 2119 3144 2172 per
3166 2120 3224 2157 se
3253 2112 3306 2155 et
3336 2105 3448 2173 ipsa

1871 2205 2063 2250 natura
2111 2210 2208 2251 sua
2241 2195 2527 2250 invisibilis
2558 2195 2649 2262 sit,
2689 2196 2790 2249 boc
2818 2204 2900 2249 est
2941 2195 3313 2262 incorporeus,
3353 2211 3451 2250 ne-

1871 2303 1977 2357 que
2004 2289 2104 2343 sub
2149 2298 2426 2357 aspectum
2469 2287 2628 2341 cadat
2666 2304 2681 2343 :
2719 2301 2891 2356 eoque
2935 2301 3097 2341 sensu
3128 2285 3343 2340 Patrem
3398 2299 3455 2341 et

1872 2381 2067 2435 Filium
2108 2382 2210 2437 sibi
2242 2382 2471 2435 invicem
2497 2381 2698 2450 pariter
2726 2379 3022 2435 invisibiles
3052 2379 3453 2448 pronuntiasse.

1881 2472 1951 2529 Ut
1983 2475 2124 2542 quod
2173 2489 2260 2528 res
2307 2484 2408 2535 est,
2442 2473 2610 2528 libere
2633 2474 2805 2527 dicam
2833 2490 2848 2538 ;
2882 2472 3238 2543 Hieronymus
3271 2474 3321 2525 in
3354 2474 3458 2526 bac

1886 2569 2135 2637 Origenis
2180 2567 2548 2632 accusatione,
2585 2566 2823 2619 animum
2854 2581 2884 2619 a
2931 2567 3165 2618 candore
3192 2564 3453 2629 alienum,

1881 2670 2041 2731 atque
2062 2657 2635 2726 affectibus_abreptum
2656 2656 2727 2710 ita
2752 2654 3034 2710 manifeste
3052 2655 3306 2725 prodidit,
3324 2666 3380 2706 ut
3404 2655 3454 2707 ia

1879 2754 2092 2808 caeteris
2115 2751 2591 2807 criminationibus
2616 2749 2774 2803 fidem
2805 2749 2906 2803 sibi
2929 2763 3143 2802 omnem
3169 2747 3459 2817 derogasse

1874 2847 2142 2901 videatur.
2202 2843 2354 2911 Quod
2380 2858 2434 2898 et
2480 2841 2638 2897 facile
2671 2850 2944 2909 agnoscet,
2981 2842 3225 2911 quisquis
3263 2840 3363 2895 hac
3387 2841 3455 2894 de

1878 2954 1958 3004 re,
1993 2936 2285 2990 Invectivas
2310 2951 2432 3005 qua:
2459 2936 2731 2999 dicuntur,
2760 2933 2963 3000 Rufini,
2995 2949 3115 2987 cum
3146 2933 3459 3003 llieronymi

1878 3029 2137 3085 adversus
2161 3028 2414 3080 ltutinum
2434 3025 2690 3095 Apologia
2714 3023 2966 3079 conferre
2997 3040 3099 3078 non
3124 3023 3457 3093 gravabitur.

1952 3120 1980 3191 ς
2026 3119 2188 3173 χιιι.
2224 3119 2423 3172 Deinde
2453 3117 2507 3171 in
2535 3117 2723 3172 eadem
2770 3116 2999 3186 epistola
3033 3117 3099 3169 ad
3133 3116 3354 3169 Avitum
3405 3126 3461 3169 et

1880 3213 2007 3266 illud
2051 3211 2270 3281 Origeni
2320 3209 2510 3264 tribuit
2552 3206 2914 3279 Hieronymus
2961 3209 3183 3278 impium
3221 3224 3462 3279 pronun-

1880 3288 2067 3359 tiatum
2104 3286 2116 3359 ξ
2156 3322 2172 3355 ι
2217 3303 2414 3357 Filium
2441 3312 2816 3375 comparatum
2849 3301 3017 3367 Patri,
3044 3318 3148 3355 non
3180 3316 3299 3356 esse
3322 3302 3466 3356 veri-

1880 3408 2042 3450 tatem
2070 3413 2085 3462 ;
2115 3397 2209 3450 sed
2237 3406 2612 3464 comparatum
2645 3394 2712 3449 ad
2768 3409 2865 3448 nos
2910 3408 3030 3449 esse
3089 3393 3464 3462 imaginariam

1878 3492 2185 3542 veritatem.
2225 3506 2244 3540 ι
2282 3487 2388 3541 Alii
2425 3502 2491 3541 ex
2523 3487 2802 3541 veteribus
2836 3486 3161 3541 atrociorem
3200 3485 3460 3555 blasphe-

1880 3582 2043 3635 miam
2076 3580 2175 3650 ipsi
2212 3580 2533 3649 impingunt,
2553 3594 2746 3649 nempe
2767 3598 2785 3630 ι
2811 3577 3007 3632 Filium
3032 3576 3177 3631 Patri
3206 3578 3459 3632 collatuut

1879 3688 2000 3727 esse
2032 3673 2396 3726 mendacium.
2447 3690 2464 3722 ι
2500 3670 2633 3736 Quis
2661 3685 2790 3724 vero
2825 3687 2992 3725 sanus
3023 3671 3323 3734 existimet,
3344 3667 3468 3724 Ori-

1880 3780 2071 3835 genem
2096 3766 2167 3818 ita
2193 3765 2451 3818 delirasse
2472 3760 2672 3818 ?Certe
2694 3762 2804 3831 jam
2840 3764 3091 3832 superius
3128 3762 3467 3817 ostendimus

1881 3858 2320 3927 Origenem,tutn
2345 3856 2567 3911 inlibris
2587 3866 2768 3909 contra
2802 3854 3033 3920 Celsum,
3062 3865 3172 3909 tum
3204 3854 3330 3908 alibi
3370 3857 3468 3905 duo

1881 3950 2060 4003 cuisse
2106 3946 2287 4001 verbis
2332 3946 2592 4007 disertis,
2638 3943 2838 3998 Filium
2893 3946 2984 3999 Dei
3034 3960 3160 3999 esse
3205 3943 3469 4013 αὐτοαλή-

1884 4040 2034 4093 θειαν
2064 4056 2083 4090 ι
2137 4040 2467 4108 ipsissimam
2508 4038 2814 4091 veritatem.
2851 4055 2869 4087 ι
2911 4035 3019 4090 Sed
3070 4035 3354 4105 responsio
3401 4037 3468 4088 ad

1886 4134 2030 4188 banc
2060 4130 2420 4199 objectionem
2440 4129 2655 4184 elucere
2682 4128 2893 4183 videtur
2915 4144 2980 4182 ex
3002 4130 3116 4197 ipsa
3139 4127 3467 4195 objectione.

1886 4234 2044 4295 prout
2070 4222 2258 4278 Graece
2290 4221 2610 4292 proponitur
2654 4232 2925 4288 anonymo
2968 4218 3257 4273 defensore
3282 4216 3472 4288 Orige-

1888 4317 1975 4372 nis
2001 4317 2145 4386 apud
2168 4313 2433 4382 ,Pbotium
2469 4310 2590 4368 cod.
2619 4326 2782 4367 cxvii.
2813 4310 2862 4364 ls
2887 4309 3082 4365 ibidem
3126 4311 3269 4365 inter
3290 4312 3470 4381 capita

1889 4411 1941 4465 in
1984 4410 2218 4479 Origene
2259 4406 2583 4476 reprehendi
2634 4405 2816 4466 solita,
2850 4413 3181 4473 postremum
3218 4402 3345 4457 illud
3376 4419 3473 4472 po-

1890 4504 1970 4556 nit
1995 4519 2009 4556 :
2048 4502 2218 4573 Ὀτιὴ
2251 4498 2412 4553 εἰκὼν
2440 4499 2533 4552 τοῦ
2553 4498 2711 4557 Θεοῦ.
2739 4499 2813 4561 ὡς
2847 4497 2984 4569 πρὸς
3011 4499 3215 4549 ἐκεῖνον
3241 4489 3304 4549 οὗ
3324 4495 3472 4548 ἐστιν

197 4581 452 4638 scientize
485 4580 761 4638 virtutem.
784 4601 810 4635 ιι
836 4582 977 4650 Quid
1010 4598 1137 4639 vero
1163 4585 1228 4638 ad
1254 4585 1369 4639 iich
1390 4584 1772 4657 Hieronymus‘t

1890 4587 2072 4651 εἰκὼν,
2087 4588 2252 4641 καθ’ὃ
2275 4588 2576 4649 εἰκὼν,οὑκ
2607 4587 2751 4640 ἐστιν
2783 4586 3036 4659 ἀλήθεια,
3082 4588 3130 4641 id
3157 4597 3240 4640 est
3276 4604 3293 4637 ι
3330 4586 3470 4639 Ima-

199 4676 348 4731 Audi
383 4688 437 4732 et
478 4677 680 4747 judica.
725 4675 817 4731 Sic
847 4678 1009 4747 igitur
1058 4677 1147 4731 ille
1178 4678 1400 4748 Apolog.
1448 4679 1568 4733 adv.
1601 4678 1783 4747 Ruﬁn.

198 4769 306 4826 lib.
355 4785 416 4835 ιι,
467 4786 519 4841 p.
562 4769 688 4834 401,
724 4785 874 4825 nova:
904 4771 1033 4825 edit.
1070 4787 1086 4824 :
1123 4790 1143 4823 ι
1179 4772 1235 4826 In
1273 4773 1447 4842 primo
1481 4773 1618 4827 libro
1648 4771 1789 4840 Περὶ

201 4861 434 4933 ἀρχῶν,
509 4863 702 4931 inquit,
775 4864 865 4918 ubi
914 4863 1181 4934 Origenes
1260 4866 1440 4935 lingua
1525 4868 1789 4936 sacrilega

202 4958 627 5026 blaspltemavit,
658 4958 803 5028 quod
852 4957 1020 5013 Filius
1060 4958 1280 5013 Patrem
1336 4976 1439 5014 n0n
1487 4962 1701 5027 videat,
1736 4968 1792 5013 tu

203 5053 378 5109 etiam
403 5067 600 5110 causas
629 5052 831 5116 reddis,
870 5053 1022 5121 quasi
1047 5069 1113 5108 ex
1140 5068 1367 5123 persona
1399 5052 1514 5121 ejus
1538 5054 1630 5122 qui
1656 5052 1793 5107 scri-

206 5144 369 5216 psit:
406 5152 460 5198 et
510 5144 720 5215 Didymi
774 5144 1148 5213 interpretaris
1183 5144 1410 5214 σχόλιον,
1443 5145 1497 5200 in
1547 5159 1655 5214 quo
1706 5145 1793 5200 ille

207 5250 376 5292 casso
410 5234 597 5290 labore
641 5245 869 5289 conatur
900 5235 1135 5289 alienum
1181 5252 1421 5291 errorem
1458 5236 1792 5306 defendere;

210 5328 357 5399 quod
384 5327 644 5398 Origenes
667 5327 883 5396 quidem
912 5327 1047 5383 bene
1079 5328 1296 5393 dixerit,
1325 5328 1417 5384 sed
1456 5343 1554 5384 nos
1583 5328 1795 5398 simpli-

210 5438 305 5474 ces
352 5420 598 5473 homines
633 5428 688 5474 et
721 5419 934 5474 cicures
978 5419 1228 5484 Enniani,
1259 5436 1358 5474 nec
1398 5419 1537 5474 illius
1580 5420 1797 5488 sapien-

211 5516 369 5576 tiam,
423 5527 522 5567 nec
570 5522 738 5578 tuam,
790 5511 878 5580 qui
922 5514 1311 5581 interpretatus
1358 5526 1452 5575 es,
1495 5511 1795 5581 intelligere

210 5616 524 5671 possumus.
563 5622 581 5656 ι
629 5603 809 5669 Quare
846 5613 1026 5658 autem
1087 5621 1193 5658 non
1244 5605 1581 5659 demonstrat
1622 5604 1791 5658 verba

211 5694 467 5763 Origenis
508 5695 718 5766 σχόλιον
751 5696 892 5751 istud
936 5696 1146 5767 Didymi
1182 5697 1301 5768 (viri
1341 5711 1471 5751 sane
1510 5696 1562 5749 in
1599 5694 1792 5749 Eccle-

284 5882 331 5911 "
356 5881 563 5935 Coloss.
590 5898 627 5939 ι.
672 5882 752 5935 15.
832 5884 875 5915 ⁶⁹
906 5879 1062 5934 Jnan.
1103 5898 1137 5940 ι,
1174 5882 1257 5935 18.

1339 5880 1384 5909 το
1412 5880 1576 5934 .llattb
1638 5893 1706 5935 ιι.
1754 5879 1844 5934 ἓῖ.

1889 4684 2067 4754 ginem
2103 4682 2196 4737 Dei
2230 4694 2477 4751 reSpectu
2508 4681 2645 4751 ejus,
2677 4682 2830 4749 cujus
2859 4695 2940 4736 est
2971 4683 3176 4749 imago;
3204 4694 3473 4753 quatenus

1890 4782 1975 4827 est
2003 4773 2204 4843 imago,
2240 4788 2345 4826 non
2396 4788 2518 4826 esse
2550 4774 2855 4827 veritatem.
2894 4789 2912 4821 ι
2946 4770 3072 4837 Qua:
3100 4767 3397 4839 propositio
3424 4768 3471 4820 si

1892 4868 2250 4936 expendatur,
2286 4882 2416 4919 sana
2466 4866 2736 4920 videbitur
2769 4874 2823 4917 et
2869 4863 3162 4917 catholica.
3200 4859 3333 4913 Nam
3382 4859 3474 4913 Fi-

1894 4958 2060 5023 littm,
2106 4966 2378 5026 quatenus
2422 4967 2505 5010 est
2545 4958 2724 5023 imago
2762 4954 2975 5018 Patris,
3019 4968 3122 5006 non
3176 4967 3297 5005 esse
3332 4951 3471 5004 veri-

1901 5057 2087 5110 tatem,
2140 5048 2244 5101 ltoc
2277 5056 2386 5111 est,
2416 5062 2520 5100 non
2556 5046 2731 5115 ipsum
2771 5060 2895 5099 esse
2926 5043 3173 5107 Patrem,
3208 5043 3363 5111 cujus
3392 5051 3476 5096 est

1900 5141 2101 5210 imago,
2132 5138 2500 5194 certissimum
2533 5149 2635 5192 est.
2655 5137 2875 5192 Scilicet
2907 5138 3007 5191 ltoc
3031 5136 3098 5189 ab
3132 5132 3362 5205 Origene
3392 5135 3475 5186 di-

1899 5244 2046 5287 ctum
2074 5234 2287 5286 videtur
2339 5241 2529 5287 contra
2580 5230 2899 5296 Noetiauos,
2935 5228 3027 5300 qui
3061 5228 3308 5284 eamdem
3353 5241 3475 5281 esse

1899 5323 2077 5380 Patris
2106 5334 2160 5378 ct
2189 5323 2310 5379 Filii
2345 5339 2636 5395 personam
2684 5325 3023 5378 asserebant.
3061 5321 3332 5376 Caeterum
3389 5317 3473 5372 Fi-

1901 5417 2031 5471 lium
2059 5417 2150 5471 Dei
2178 5433 2299 5472 esse
2321 5415 2501 5471 Patris
2520 5416 2602 5470 sui
2635 5414 3038 5484 veram,,vivam
3058 5427 3121 5467 ac
3149 5411 3462 5482 perfectissi-

1902 5526 2045 5564 mam
2078 5510 2389 5576 imaginem,
2425 5510 2525 5579 ipsi
2552 5508 2695 5563 Patri
2726 5523 2820 5577 per
2852 5508 3056 5569 omnia,
3076 5506 3239 5583 etiam
3269 5504 3471 5573 magni-

1904 5604 2087 5659 tudine
2118 5605 2555 5674 respondentem,
2592 5604 2796 5658 diserte
2820 5601 2981 5656 docct
3003 5598 3266 5669 Origenes
3288 5598 3379 5652 lib.
3399 5612 3475 5663 vt,

1902 5708 2085 5751 contra
2114 5697 2246 5753 Cels.
2271 5714 2430 5767 quem
2457 5698 2630 5754 lorum
2666 5696 2802 5751 infra
2838 5695 3101 5766 integrum
3130 5693 3454 5745 adducemus
