3926 6520
502 444 638 499 1519

1912 432 2340 513 EXCERPTUM

3626 429 3649 482 Ι
3660 429 3758 484 320

570 565 598 635 ᾗ
628 559 807 615 XVIII.
854 558 1092 625 Denique
1130 565 1184 611 et
1225 556 1362 610 hanc
1400 552 1616 626 Origeni
1665 553 2055 625 blasphemiam
2091 566 2155 617 Α
2181 556 2350 612 solam
2388 554 2481 610 Dei
2514 563 2761 608 naturam
2791 562 3131 620 competere;
3163 561 3213 607 et
3244 551 3406 607 simul
3442 565 3553 605 non
3587 550 3760 605 minus

499 658 723 713 ascribit
760 655 813 708 in
858 649 1082 719 epistola
1120 649 1186 701 ad
1222 648 1441 702 Avitum
1479 645 1637 702 Pater
1660 642 2032 701 Stridonensis
2062 636 2085 699 τ’

504 770 525 803 ι
569 752 732 804 Deum
793 744 1009 800 Patrem
1068 755 1190 795 esse
1243 739 1421 793 lumen
1475 738 2081 808 incomprehensibile;

502 841 785 895 Christum
831 833 1121 888 collatione
1179 830 1359 886 Patris
1407 829 1749 899 splendorem
1803 845 1924 886 esse
1958 846 2084 902 per-

496 944 749 1003 parvum.
790 946 809 980 )
837 926 998 995 Atqui
1029 924 1245 979 Patrem
1283 934 1337 978 et
1366 923 1558 977 Filium
1596 924 1804 993 pariter
1850 938 1974 979 esse
2003 923 2087 977 in-

497 1019 1019 1094 compreltensibiles
1052 1018 1109 1072 in
1146 1017 1301 1071 libris
1342 1025 1530 1070 contra
1567 1015 1778 1070 Celsum
1833 1030 1941 1071 non
1981 1029 2087 1067 uno

500 1116 554 1168 in
604 1114 722 1168 loco
763 1113 964 1166 diserte
1001 1108 1255 1164 docuisse
1295 1107 1587 1176 Origenem
1621 1121 1786 1176 supra
1827 1106 2084 1159 vidimus.

497 1204 732 1259 Videtur
754 1212 934 1257 autem
962 1202 1077 1255 haec
1099 1200 1407 1254 criminatio
1428 1215 1491 1255 ex
1525 1200 1592 1254 iis
1621 1197 1754 1253 locis
1783 1198 1974 1267 petita,
1999 1198 2085 1251 ubi

500 1296 633 1353 dicit
659 1295 942 1364 Origenes,
976 1312 995 1344 ι
1035 1293 1090 1347 In
1118 1290 1282 1347 Patre
1311 1292 1484 1347 nullas
1509 1306 1630 1347 esse
1665 1292 1959 1359 tenebras;
1999 1290 2089 1343 Fi-

500 1389 632 1443 lium
662 1403 792 1443 vero
829 1388 882 1441 in
921 1386 1387 1441 tenebrislucere.
1421 1404 1440 1438 ι
1473 1384 1578 1440 Sed
1606 1394 1840 1440 mentem
1884 1399 1946 1438 ac
1969 1398 2092 1438 sen-

500 1480 725 1535 tentiam
756 1495 908 1534 suam
947 1478 1013 1534 iis
1039 1480 1092 1533 in
1124 1477 1262 1533 locis
1304 1477 1451 1534 clare
1495 1475 1790 1547 explicavit
1820 1476 1936 1546 ipse
1964 1476 2092 1532 Ori-

500 1588 667 1642 genes
692 1583 825 1627 tom.
857 1588 894 1626 ιι
926 1571 979 1625 in
1000 1569 1190 1637 10am,
1211 1587 1360 1625 ntnn.
1386 1570 1478 1632 21,
1498 1585 1621 1641 pag.
1649 1569 1742 1633 79,
1771 1570 1855 1624 his
1878 1570 2088 1624 verbis:

492 1664 705 1737 Μηδεὶς
723 1664 781 1717 δὲ
808 1665 954 1737 ἡμᾶς
982 1662 1410 1735 ὑπολαμᾶινέτω
1435 1661 1606 1715 ταῦτα
1637 1659 1813 1729 λέγειν
1838 1658 2095 1714 ἀσεϐοῦν-

487 1773 598 1821 '71:;
624 1757 702 1820 εἰς
725 1755 818 1809 τὸν
851 1755 1083 1826 Χριστὸν
1110 1752 1203 1808 τοῦ
1247 1753 1404 1807 Θεοῦ’
1438 1746 1483 1822 ᾧ
1521 1752 1631 1825 γὰρ
1673 1751 1816 1823 λόγῳ
1848 1753 1877 1807 ὁ
1904 1751 2094 1824 Πατὴρ

2184 661 2442 717 expresse
2490 646 2639 711 dicit,
2668 660 2839 714 neque
2877 645 3097 707 Filium,
3140 657 3313 713 neque
3345 642 3614 711 Spiritum
3641 654 3761 694 san-

2184 750 2331 793 ctmn
2362 753 2518 807 posse
2551 738 2750 791 malum
2794 737 3036 806 recipere
3063 755 3081 792 :
3113 738 3338 792 omnino
3363 736 3539 808 igitur
3591 735 3758 791 sensit

2186 830 2447 900 Origenes
2485 838 2539 883 et
2582 829 2773 883 Filium
2820 839 2875 881 et
2901 829 3160 897 Spiritum
3195 838 3443 881 sanctum
3485 826 3544 881 in
3576 836 3761 881 natura

2188 924 2367 996 divina
2420 920 2738 976 subsistere.
2772 920 2925 990 Quod
2956 935 3050 976 eos
3073 930 3262 973 notare
3295 917 3495 983 velim,
3524 916 3619 987 qui
3643 917 3762 970 Ori-

2188 1030 2379 1084 geuem
2407 1014 2730 1067 existimant
2783 1013 2977 1069 saltem
3033 1011 3296 1079 Spiritum
3336 1019 3595 1065 sanctum
3631 1009 3764 1064 inter

2189 1117 2468 1161 creaturas
2498 1121 2829 1161 numerasse.
2857 1106 2964 1161 Sed
2992 1113 3046 1159 et
3069 1119 3191 1159 mox
3220 1104 3419 1159 ibidem
3458 1102 3626 1157 totius
3646 1116 3763 1157 san-

2188 1198 2446 1253 Clissimte
2465 1196 2692 1262 Τριάδος
2715 1195 3276 1251 incnnvertibilitatem
3305 1204 3472 1264 atque
3497 1192 3765 1247 aeternita-

2190 1297 2298 1343 tem
2318 1289 2467 1343 clare
2499 1289 2744 1356 agnoscit
2766 1288 2848 1342 his
2882 1287 3059 1342 verbis
3083 1284 3193 1359 (59)
3224 1303 3280 1340 τι
3306 1286 3361 1341 Si
3379 1284 3659 1339 revelante
3683 1281 3767 1337 Fi-

2190 1379 2263 1435 lio
2290 1380 2568 1449 cognoscit
2595 1374 2808 1432 Patrem
2831 1377 3068 1448 Spiritus
3097 1382 3497 1444 sanetus,ergo
3527 1388 3596 1428 ex
3624 1374 3767 1442 igno-

2194 1473 2376 1529 rantia
2408 1472 2473 1525 ad
2514 1471 2795 1525 scientiam
2827 1469 2979 1523 venit
3009 1468 3190 1536 :qnod
3221 1467 3413 1537 utique
3453 1475 3513 1520 et
3552 1465 3765 1533 impium

2192 1556 2399 1636 pariter
2433 1568 2488 1618 et
2532 1555 2755 1617 stultum
2786 1573 2893 1626 est,
2930 1560 3189 1630 Spiritum
3223 1569 3473 1614 sanctum
3506 1557 3764 1619 conﬁteri,

2194 1668 2249 1713 et
2303 1656 2663 1727 ignorantiam
2697 1654 2746 1707 ei
2787 1653 3082 1707 ascribere.
3115 1649 3231 1712 Non
3274 1650 3424 1704 enim
3463 1663 3592 1703 cum
3633 1646 3767 1701 aliud

2196 1744 2398 1814 aliquid
2428 1754 2575 1799 esset
2609 1753 2903 1813 antequam
2935 1740 3170 1810 Spiritus
3194 1749 3439 1804 sanctus,
3466 1753 3568 1808 per
3596 1737 3769 1808 prole-

492 1851 663 1922 ,μόνος
696 1850 809 1923 ἔχει
844 1848 1162 1915 ἀθανασίαν,
1198 1848 1293 1903 τοῦ
1336 1849 1544 1923 Κυρίου
1580 1848 1738 1920 ἡμῶν
1773 1847 1862 1902 διὰ
1910 1848 2091 1916 φιλαν-

2197 1846 2345 1893 ctum
2395 1836 2545 1890 venit
2585 1836 2637 1890 in
2698 1836 2823 1899 hoc,
2856 1843 2912 1888 ttt
2959 1844 3104 1889 esset
3152 1831 3391 1901 Spiritus
3425 1841 3687 1896 sanctus;
3718 1839 3771 1885 ut

501 1907 758 2016 δρωτξίας
777 1941 1003 1997 θάνατον
1024 1941 1116 1997 τὸν
1149 1907 1295 2014 υπὲρ
1315 1907 1474 2013 ἡμιῖιν
1506 1907 1859 2009 ἁνεὶληφότος
1878 1955 1891 1968 ’
1915 1907 2090 2009 ίεούτῳ

2197 1934 2319 1999 quis
2341 1930 2539 1984 audeat
2564 1929 2748 1983 dicere
2787 1928 2914 1997 quia
2961 1937 3092 1983 tunc
3120 1925 3340 1996 quidem
3364 1940 3493 1979 cum
3536 1924 3769 1978 nondum

486 2038 530 2090 ἡ
560 2036 746 2108 Πατὴρ
800 2035 912 2106 ἔχει
962 2034 1120 2106 μόνος
1152 2033 1211 2086 τό
1234 2049 1248 2063 ⁸
1278 2032 1475 2086 Σκοτία
1519 2033 1576 2084 ὲν
1603 2029 1753 2102 αὐτῷ
1790 2030 1892 2085 οὐκ
1945 2030 2090 2084 ἔστιν

490 2127 748 2198 οὐδεμία·
770 2125 865 2180 τοῦ
882 2125 1123 2199 Χριστοῦ
1144 2125 1232 2179 διὰ
1248 2124 1348 2197 τὴν
1368 2122 1505 2197 πρὸς
1531 2122 1854 2195 ἀνθρώπους
1874 2123 2095 2195 εὐεργε-

503 2222 626 2277 σίαν
660 2221 746 2291 ἐφ’
776 2219 939 2274 αὐτὸν
961 2219 1058 2283 τὰς
1088 2217 1245 2290 ἡμῶν
1281 2217 1501 2280 σκοτίας
1532 2215 1961 2286 ἀναδεδεγμένου
1989 2232 2002 2247 ·
2033 2215 2086 2271 id

499 2324 628 2370 est:
665 2331 686 2366 ι
734 2311 845 2369 l‘lec
872 2327 1002 2367 vero
1043 2311 1354 2382 suspicetur
1383 2325 1485 2364 nos
1521 2309 1807 2378 quisquam
1846 2310 1960 2364 hac
2006 2309 2091 2363 di-

502 2422 631 2462 cere
678 2406 862 2461 minus
905 2405 993 2476 pie
1021 2404 1299 2460 Christum
1355 2404 1447 2457 Dei
1496 2402 1760 2457 colentes.
1799 2400 1934 2457 Nam
1985 2413 2088 2472 qua

502 2501 714 2554 ratione
750 2499 900 2554 solus
933 2496 1095 2552 Pater
1123 2496 1289 2552 habet
1320 2495 1954 2565 immertalitatem,quia
1991 2496 2091 2549 Do-

502 2594 683 2648 minus
706 2600 890 2646 noster
920 2599 1170 2645 nnstrum
1215 2588 1437 2644 nomine
1484 2598 1713 2641 mortem
1743 2587 1811 2640 ob
1842 2603 2087 2640 amorem

496 2700 631 2755 erga
672 2698 842 2756 genus
882 2682 1179 2737 humanum
1232 2678 1561 2750 pertulerit,
1598 2679 1701 2733 hac
1732 2677 1896 2732 Pater
1942 2679 2092 2733 solus

503 2776 691 2843 habet,
711 2785 770 2831 ut
795 2777 848 2830 in
878 2775 994 2846 ipso
1034 2774 1196 2829 nulla:
1225 2775 1338 2828 sint
1361 2771 1628 2839 tenebras;
1662 2786 1785 2826 cum
1816 2770 2090 2835 Christus,

499 2879 565 2923 nt
610 2868 859 2923 homines
904 2866 1171 2922 beneﬁcio
1210 2864 1471 2932 adiceret,
1508 2863 1761 2920 tenebras
1794 2873 2010 2919 nostras
2037 2862 2090 2918 in

494 2962 740 3031 seipsum
765 2959 1052 3031 receperit.
1083 2978 1103 3013 ι

565 3052 607 3125 ~§
645 3051 787 3107 XIX.
812 3051 888 3107 Ita
930 3052 1155 3107 tandem
1198 3051 1502 3108 doctrinam
1553 3047 2095 3121 librorumOrigenis

495 3158 687 3202 contra
736 3145 943 3202 Celsum
969 3184 986 3211 ,
1020 3146 1076 3201 in
1108 3145 1341 3201 articqu
1375 3146 1451 3201 de
1494 3143 1633 3199 Filio
1674 3142 1789 3211 Dei,
1834 3142 2094 3196 orthodo-

502 3256 630 3296 xam
670 3249 725 3296 et
776 3241 1098 3296 catholicam
1146 3239 1293 3296 clare
1338 3237 1680 3293 ostendinms
1711 3250 1732 3286 ς
1802 3233 2091 3303 impiisque
2120 3267 2165 3326 ε

505 3332 641 3389 adeo
682 3333 863 3402 dictis,
901 3349 1022 3404 quae
1052 3332 1413 3403 Hieronymus
1433 3338 1491 3384 et
1522 3326 1611 3382 alii
1641 3326 1857 3398 egregio
1885 3325 2092 3379 doctori

502 3421 891 3485 attribuerunt,
922 3420 1258 3476 assertiones
1279 3419 1441 3489 plane
1466 3418 1791 3478 contrarias,
1807 3430 1875 3469 ex
1902 3416 2094 3470 eodem

500 3525 670 3581 Opere
712 3510 1015 3567 indubitate
1055 3511 1384 3581 productas,
1411 3508 1780 3579 opposuimus.
1809 3504 1911 3572 Qui
1963 3519 2095 3559 vero

506 3605 819 3662 testimonia
853 3605 943 3662 illa
983 3606 1249 3662 catholica
1271 3649 1287 3673 ,
1324 3620 1445 3675 quae
1498 3606 1551 3658 in
1587 3601 1799 3659 caeteris
1843 3597 2095 3665 Origenis

505 3699 727 3769 scriptis
751 3699 1121 3769 reperiuntur,
1164 3700 1313 3769 cupit
1339 3710 1689 3767 cognoscere,
1724 3693 1975 3749 consulat
2006 3692 2094 3746 ille

504 3787 775 3860 Pamphili
829 3790 1086 3862 martyris
1124 3789 1437 3859 Apologiam
1482 3803 1578 3857 pro
1626 3783 1853 3856 Origene
1882 3799 2002 3852 cap.
2034 3781 2091 3843 3,

513 3899 645 3955 pag,
679 3884 774 3948 27,
806 3898 968 3954 quam
1002 3898 1130 3935 vere
1156 3880 1421 3950 Pamphili
1450 3894 1571 3934 esse
1615 3886 1802 3931 contra
1829 3874 2096 3943 Hierony-

516 3993 667 4030 mum
708 3992 835 4031 mox
863 3976 1068 4044 liquido
1096 3974 1465 4044 probabimus.
1503 3971 1671 4025 Nobis
1708 3969 1821 4023 loca
1849 3966 2093 4037 qumdam

502 4069 796 4125 selectiora
831 4084 898 4123 ex
936 4068 1023 4121 illa
1048 4066 1303 4135 Apologia
1334 4065 1422 4118 bic
1451 4062 1714 4116 recitasse
1740 4057 1989 4111 sullit-iat.
2019 4056 2092 4109 Ex

500 4163 686 4231 primo
735 4160 871 4215 libro
921 4159 1062 4228 Περὶ
1112 4156 1315 4228 ἀρχῶν
1340 4196 1357 4219 ,
1393 4170 1543 4210 ιιιιιιι.
1585 4154 1654 4215 5,
1687 4154 1802 4233 lucc
1846 4149 2095 4220 Origenis

506 4250 675 4305 verba
722 4250 862 4305 citat
901 4249 1260 4318 Pamphilus:
1298 4264 1318 4298 ι
1358 4245 1511 4299 Nulla
1549 4256 1681 4312 ergo
1725 4250 1920 4295 natura
1970 4247 2093 4304 est,

499 4355 631 4411 qua:
668 4356 773 4396 non
820 4340 1056 4410 recipiat
1096 4339 1320 4403 malum,
1348 4346 1577 4407 excepta
1611 4333 1701 4389 Dei
1736 4341 1950 4395 natura,
1974 4343 2096 4400 qua!

509 4432 635 4488 fons
662 4434 925 4487 bonorum
951 4432 1191 4487 omnium
1213 4441 1318 4495 est,
1341 4440 1398 4485 et
1429 4427 1631 4485 Christi
1665 4425 1931 4497 sapientia
1950 4423 2095 4480 enim

509 4532 620 4588 est,
651 4533 705 4577 et
731 4524 997 4595 sapientia
1028 4522 1215 4592 utique
1237 4520 1525 4576 stultitiam
1564 4520 1808 4588 recipere
1851 4531 1958 4571 non
1999 4529 2095 4588 po-

2196 2033 2339 2077 esset
2392 2020 2628 2090 Spirittts
2682 2015 3234 2090 sanctus.ignorahat
3285 2017 3558 2071 Patrem:
3593 2024 3770 2086 postea

2196 2131 2327 2170 vero
2350 2129 2507 2184 quam
2546 2111 2747 2181 recepit
2771 2109 3262 2177 scientiam,etiam
3294 2109 3538 2178 Spiritus
3557 2116 3773 2163 sanctus

2197 2204 2421 2259 eﬂ'ectus
2447 2211 2550 2256 est.
2588 2199 2741 2267 Quod
2769 2199 2816 2255 si
2857 2206 3026 2264 esset,
3053 2213 3329 2267 nunquam
3360 2196 3554 2264 utique
3580 2194 3633 2247 in
3661 2192 3773 2245 uni-

2201 2304 2311 2348 tate
2344 2291 2650 2357 Trinitatis,
2685 2292 2737 2344 id
2769 2300 2853 2345 est
2896 2288 2992 2343 Dei
3029 2288 3208 2343 Patris
3247 2284 3775 2350 inconvertibilith

2196 2385 2319 2440 Filii
2341 2385 2456 2452 eius
2485 2383 2645 2439 etiam
2672 2382 2786 2451 ipse
2813 2380 3047 2449 Spiritus
3076 2388 3300 2433 sanctus
3332 2378 3656 2437 haberetur,
3676 2372 3774 2427 nisi

2198 2479 2322 2549 quia
2355 2489 2408 2531 et
2442 2477 2554 2545 ipse
2585 2491 2801 2545 semper
2825 2482 2943 2527 erat
2984 2472 3224 2541 Spiritus
3250 2479 3499 2545 sanctus.
3529 2485 3550 2519 ι
3583 2465 3657 2520 De
3687 2464 3771 2519 Fi-

2199 2571 2269 2624 lio
2296 2585 2420 2623 vero
2446 2569 2537 2623 Dei
2567 2569 2647 2623 sic
2672 2567 2860 2621 scribit
2887 2565 3151 2633 Origenes
3186 2563 3238 2615 in
3273 2562 3453 2631 primo
3489 2558 3630 2612 libro
3654 2553 3771 2624 Epi-

2197 2664 2349 2717 stola:
2393 2665 2461 2716 ad
2515 2661 2803 2726 Romanos,
2852 2674 3005 2716 num.
3057 2657 3111 2722 5,
3164 2672 3217 2726 p.
3247 2654 3380 2718 466,
3421 2650 3771 2717 not.,citantc

2196 2748 2478 2821 Pamphilo
2537 2752 2758 2822 Apolog.
2808 2766 2931 2819 cap.
2965 2749 3018 2816 5,
3059 2763 3186 2820 pag.
3222 2747 3334 2802 ὅδε
3369 2763 3390 2798 ι
3425 2744 3644 2812 Quaerat
3675 2740 3772 2796 for-

2200 2857 2341 2901 tasse
2375 2845 2589 2914 aliquis,
2617 2845 2662 2899 si
2694 2843 2863 2898 Filius
2894 2841 3137 2897 cbarita‘s
3182 2849 3310 2901 eat;
3343 2838 3622 2909 pmipue
3655 2848 3770 2905 pro-

2198 2950 2319 3010 pter
2347 2939 2450 2994 hoc
2473 2939 2614 3007 quod
2639 2936 2878 2991 Joannes
2899 2935 2963 2987 ad
2993 2933 3158 2989 Deum
3185 2932 3401 2986 Patrem
3433 2928 3618 2985 retulit
3645 2928 3772 2981 hanc

2198 3043 2384 3082 vocent
2416 3028 2624 3090 dicens,
2657 3026 2791 3093 Quia
2825 3025 2966 3079 Deus
2994 3023 3227 3077 Charitas
3252 3019 3540 3075 est".Sed
3572 3032 3768 3071 rursum

2198 3136 2264 3175 ex
2307 3121 2422 3190 ipsa
2439 3121 2559 3191 ejus
2606 3118 2847 3190 Epistola
2883 3118 3225 3186 proferemus
3256 3124 3311 3168 et
3350 3111 3486 3166 illud
3514 3110 3654 3178 quod
3681 3107 3766 3168 ait,

2199 3213 2531 3279 Charissimi,
2565 3213 2852 3283 diligamus
2896 3210 3137 3273 inuicem,
3161 3207 3416 3277 quoniam
3446 3204 3680 3257 citerius
3712 3214 3770 3255 ιε

2198 3305 2307 3362 Deo
2333 3308 2402 3361 ⁷³.
2435 3305 2537 3374 Qui
2563 3320 2694 3376 ergo
2722 3303 2881 3366 dixit,
2913 3301 3044 3371 quia
3077 3299 3214 3354 Deus
3256 3298 3496 3351 clmritaa
3529 3303 3640 3357 est,
3668 3294 3769 3362 ipse

2196 3401 2392 3456 iterum
2420 3399 2575 3454 docet
2607 3397 2932 3452 cltaritatem
2965 3405 3087 3448 esse
3125 3405 3193 3446 ex
3218 3390 3333 3445 Deo
3362 3406 3381 3442 :
3416 3402 3582 3459 quam
3607 3382 3768 3441 chari-

2198 3500 2364 3547 tatem
2389 3489 2554 3545 credo
2577 3504 2683 3543 non
2719 3502 2841 3544 esse
2862 3485 3027 3540 alium
3057 3484 3160 3539 nisi
3206 3481 3547 3553 unigenitum
3588 3476 3765 3534 Filiu-

2196 3582 2314 3653 ejus
2351 3581 2491 3636 sicut
2519 3580 2684 3634 Deum
2713 3592 2783 3633 ex
2821 3577 2949 3639 Deo,
2981 3575 3056 3631 ita
3077 3573 3402 3628 charitatem
3426 3584 3494 3625 ex
3517 3565 3767 3624 claritate

2200 3674 2562 3746 progenitam.
2621 3688 2640 3723 ι
2687 3667 2891 3723 Deinde
2940 3681 3009 3720 ex
3051 3664 3144 3719 lib.
3188 3678 3225 3718 ν
3262 3663 3321 3717 in
3370 3659 3578 3731 Evang.
3614 3656 3769 3712 Joan-

2198 3768 2278 3820 nis
2302 3780 2321 3817 :
2363 3782 2383 3816 ι
2431 3762 2754 3833 Unigenitus
2785 3760 2953 3815 Filius
2975 3758 3225 3814 Salvator
3256 3762 3444 3809 noster
3463 3792 3481 3818 ,
3508 3751 3598 3821 qni
3637 3748 3767 3803 solus

2196 3873 2263 3913 ex
2300 3857 2457 3911 Patre
2503 3865 2661 3909 natus
2695 3863 2802 3921 est,
2856 3852 3004 3906 solus
3037 3858 3226 3905 natura
3266 3856 3325 3902 et
3370 3859 3476 3899 non
3506 3842 3767 3911 adoptione

2195 3950 2363 4005 Filius
2391 3957 2495 4006 est.
2520 3966 2539 4000 ι
2560 3947 2678 4002 Mox
2710 3961 2777 4002 ex
2806 3941 3224 4000 Commentariis
3239 3940 3296 3995 in
3326 3934 3554 4005 Epistol.
3576 3936 3640 3988 ad
3663 3929 3764 3986 He-

2197 4046 2364 4101 brreos
2399 4044 2512 4099 base
2541 4040 2790 4111 Origenis
2824 4038 2986 4092 verba
3022 4035 3154 4089 citat
3194 4028 3513 4099 Pamphilus
3537 4046 3553 4082 :
3574 4023 3765 4095 «Opor-

2199 4149 2276 4196 tet
2303 4147 2483 4193 autem
2512 4136 2656 4191 scire
2680 4149 2802 4197 nos,
2833 4130 2959 4201 quia
2992 4143 3090 4197 per
3123 4123 3415 4182 ineﬂ'abilia
3456 4119 3688 4191 quaedam
3716 4125 3766 4173 et

2196 4235 2405 4286 secreta
2435 4236 2493 4282 et
2547 4224 2825 4280 recondita
2874 4217 3162 4289 quemdam
3188 4214 3414 4269 modum
3454 4211 3556 4268 sibi
3582 4207 3764 4263 faciens

2199 4321 2482 4395 Scriptura
2511 4326 2727 4380 sancta,
2762 4320 2991 4368 conatur
3019 4307 3331 4365 hominibus
3360 4305 3600 4361 indicare
3620 4309 3673 4356 et
3691 4298 3764 4352 in-

2200 4415 2475 4471 tellectum
2502 4420 2795 4479 suggerere
2826 4402 3102 4459 subtilem.
3147 4398 3383 4471 Vaporis
3404 4396 3553 4452 enim
3585 4402 3760 4448 nomen

2199 4508 2484 4570 inducens,
2510 4503 2614 4557 hoc
2640 4500 2762 4554 ideo
2783 4497 2850 4552 de
2882 4496 3045 4550 rebus
3072 4489 3453 4562 corporalibus
3471 4480 3758 4552 assumpsit.

510 4622 643 4671 test.
676 4614 743 4669 Et
777 4570 982 4683 ihstitia
1017 4570 1144 4680 est:
1172 4612 1390 4681 iustitia
1432 4624 1614 4668 autem
1660 4570 1936 4679 minquam
1967 4570 2096 4678 p'ro-
2126 4607 2173 4665 ι)
2195 4608 2260 4655 ιιι
2287 4596 2370 4655 vel
2398 4612 2465 4652 ex
2492 4605 2647 4665 parte
2674 4592 2855 4663 aliqua
2876 4586 3147 4683 possimus
3168 4570 3759 4683 Γἰιιιειιίεειτε,,ιιιιιιιιιιιιίῗ

512 4708 656 4763 {recte
709 4706 1028 4776 iniustitiam
1085 4707 1293 4777 capiet.
1333 4706 1398 4760 Et
1431 4704 1656 4760 verbum
1689 4714 1773 4758 est
1812 4700 1898 4757 vel
1936 4699 2094 4761 ratio,

506 4815 635 4874 qua:
665 4800 851 4869 utique
882 4797 1272 4854 irrationabilis
1295 4796 1434 4853 edici
1465 4811 1572 4850 non
1595 4794 1762 4849 valet.
1785 4791 1892 4848 Sed
1919 4798 1975 4845 et
2004 4789 2096 4861 In;

507 4906 618 4960 est,
650 4905 706 4950 et
745 4899 918 4949 lucem
957 4903 1167 4948 certum
1209 4901 1294 4949 est
1343 4890 1487 4961 quod
1528 4888 1765 4944 tenebrae
1807 4899 1912 4938 non
1945 4897 2097 4936 com-

511 4986 870 5056 prehendant.
924 4981 1195 5039 Similiter
1249 4993 1431 5038 autem
1485 4989 1541 5036 et
1601 4988 1797 5032 natura
1854 4974 2094 5044 Spiritus

513 5076 710 5140 sancti,
752 5062 872 5146 qua:
922 5085 1111 5131 sancta
1151 5084 1272 5140 est,
1322 5090 1429 5129 non
1474 5071 1667 5143 recipit
1711 5067 2088 5139 pollutiOnem.

514 5167 844 5223 Naturaliter
874 5169 1019 5222 enim
1054 5166 1137 5221 vel
1187 5162 1622 5220 substantialiter
1656 5168 1847 5214 sancta
1893 5163 1998 5210 est.
2036 5151 2095 5208 Si

510 5278 619 5333 qua
684 5272 863 5317 autem
920 5261 1024 5314 alia
1069 5266 1260 5314 natura
1326 5266 1517 5313 sancta
1579 5264 1697 5315 est,
1753 5267 1821 5308 ex
1885 5261 2097 5302 assum-

512 5352 700 5425 ptione
750 5354 895 5418 hoc,
953 5352 1039 5406 vel
1094 5351 1446 5422 inspiratione
1489 5347 1721 5416 Spiritus
1769 5342 1941 5399 sancti
1997 5341 2097 5396 ha-

513 5445 609 5500 bet
655 5453 714 5498 ut
755 5443 1152 5507 sanetillcetur,
1188 5456 1295 5496 non
1328 5455 1406 5496 ex
1460 5452 1557 5510 sua
1593 5445 1785 5490 natura
1818 5435 1921 5488 hoc
1972 5445 2097 5501 pos-

515 5537 724 5601 sidens,
771 5536 864 5592 sed
893 5536 1145 5589 accidens
1176 5550 1197 5588 ς
1230 5543 1448 5605 propter
1472 5529 1613 5601 quod
1640 5539 1697 5583 et
1730 5527 1979 5581 decidere
2003 5539 2097 5592 pn-

511 5636 623 5683 test
650 5628 794 5699 quod
810 5626 1026 5681 accidit.
1068 5644 1090 5679 ι
1129 5623 1228 5680 llic
1260 5624 1524 5692 Origenes
1553 5623 1754 5675 diserte
1777 5620 1933 5672 docet
1954 5615 2094 5668 ἀνα-

514 5720 791 5791 μάρτησιν
841 5719 956 5775 sive
1000 5716 1063 5771 τὸ
1116 5717 1318 5776 malum
1376 5727 1482 5768 non
1532 5726 1694 5781 posse
1733 5709 2013 5779 recipere,
2043 5706 2097 5760 in

586 5812 632 5843 ’ί
664 5812 684 5866 ι
715 5810 871 5867 Joan.
910 5826 1001 5878 Iv,
1044 5810 1113 5875 8,
1148 5809 1238 5865 16.
1309 5810 1357 5841 ⁷⁸
1384 5810 1511 5865 ibid.
1547 5806 1640 5863 47.

586 5906 699 5975 ('59)
733 5906 809 5961 Ex
835 5906 1008 5962 librat
1036 5905 1176 5975 Περὶ
1196 5903 1416 5978 ἀρχῶν,
1443 5917 1561 5973 cap.
1586 5904 1639 5967 3,
1666 5917 1813 5955 nunn
1838 5900 1890 5954 4.

2199 4691 2449 4747 Christus
2479 4685 2570 4754 qtti
2598 4696 2685 4740 est
2721 4680 3007 4751 sapientia,
3035 4675 3340 4732 secundum
3382 4665 3754 4754 similitudinem

2199 4782 2317 4851 ejus
2373 4750 2623 4848 vaporis,
2660 4774 2748 4844 qui
2790 4750 2872 4827 ide
2926 4768 3230 4824 subStantia
3290 4763 3475 4832 aliqua
3518 4750 3753 4851 corporali

2199 4844 2462 4940 procedit,
2494 4866 2576 4922 sic
2598 4866 2764 4920 etiam
2791 4862 2905 4932 ipse
2931 4870 2990 4913 ut
3013 4856 3239 4926 quidam
3269 4868 3438 4924 vapor
3456 4849 3683 4906 exoritur
3699 4844 3760 4896 de

2197 4938 2396 5025 virtute
2427 4959 2597 5028 ipsius
2633 4956 2723 5011 Dei
2735 4942 2764 5009 ἐ
2795 4956 2875 5010 sic
2896 4962 2950 5008 et
2974 4949 3261 5021 sapientia,
3285 4961 3355 5001 ex
3384 4960 3450 5000 eo
3472 4938 3757 5016 procedens,

2194 5068 2264 5109 ex
2292 5055 2407 5125 ipsa
2437 5050 2529 5105 Dei
2564 5046 2864 5105 substantia
2891 5054 3201 5116 generatur.
3228 5043 3320 5097 Sic
3349 5039 3678 5097 nihilominus
3707 5039 3761 5084 et

2197 5147 2496 5204 secundum
2526 5143 2940 5199 similitudinem
2973 5137 3274 5208 corporalis
3315 5134 3625 5206 aporrbtete,
3652 5136 3760 5180 esse

2200 5238 2398 5293 dicitur
2425 5234 2711 5306 aporrbcea
2744 5232 2930 5302 gloriae
2950 5225 3353 5297 Omnipotentis
3375 5238 3504 5295 pura
3539 5214 3757 5306 quadam

2200 5339 2257 5385 et
2286 5303 2524 5384 sincera.
2556 5325 2687 5393 Quze
2725 5334 2966 5392 utraeque
2993 5319 3380 5376 similitudines
3410 5303 3757 5370 manifestissi-

2204 5434 2292 5475 me
2323 5392 2617 5473 ostendunt
2657 5413 3092 5470 communionem
3133 5405 3456 5464 substantia:
3502 5413 3613 5458 esse
3638 5392 3759 5450 Filio

2206 5526 2329 5568 cum
2366 5508 2547 5564 Patre.
2576 5507 2875 5576 Aporrbtea
2908 5504 3052 5560 enim
3092 5498 3442 5556 bomoousios
3472 5493 3681 5549 videtur.
3705 5480 3754 5534 id

2204 5613 2286 5657 est
2318 5602 2474 5656 nidus
2501 5575 2817 5654 substantiae
2864 5611 2986 5652 cum
3026 5594 3118 5650 illo
3166 5602 3399 5662 corpore
3421 5626 3439 5652 ,
3469 5600 3533 5639 ex
3565 5592 3654 5652 qua
3678 5575 3756 5625 εει

2202 5693 2284 5752 vel
2315 5690 2623 5765 aporrbtea,
2654 5690 2737 5746 vel
2768 5704 2953 5761 vapor.
3000 5706 3020 5742 ι
3056 5686 3298 5754 Denique
3329 5676 3543 5737 adducit
3577 5664 3758 5728 beatis-
