3952 6534
209 536 343 591 1321

1234 526 1326 583 ex
1362 527 1428 582 ρ.
1467 494 1667 581 eum
1702 522 1855 578 per.
1904 520 2077 578 FlDEl
2113 524 2466 601 NICENJE._

3322 530 3344 582 1
3356 530 3457 584 522

204 653 381 705 simus
420 656 627 717 martyr
678 659 732 702 et
763 647 905 702 hunc
943 644 1195 713 Origenis
1236 644 1411 699 locum
1448 657 1513 696 ex
1542 642 1675 697 lib.t
1715 639 1790 693 De
1815 643 1860 700 Α
1892 640 2257 711 antiquiorum
2316 642 2641 711 scriptorum
2668 682 2684 710 ,
2734 653 2845 696 tum
2894 643 3140 711 inprimis
3188 644 3454 715 Pamphili

201 739 461 812 princip,
493 755 611 811 cap.
651 739 707 803 2,
752 755 900 793 num.
937 739 1005 793 6:
1042 755 1059 788 ι
1093 734 1496 791 Observandum
1555 746 1787 801 namque
1882 733 2140 803 martyris
2161 742 2215 787 et
2241 734 2456 789 Eusebii
2494 734 2881 790 Cmsariensis:
2916 735 3131 790 Μᾶλλον
3159 737 3237 801 δὲ,
3260 738 3459 809 inquit,

200 843 314 897 εει,
340 848 406 885 ne
431 833 551 900 quis
574 829 813 883 incurrat
835 829 888 882 in
909 828 1029 881 illas
1053 826 1315 882 absurdas
1341 824 1551 878 fabulas
1573 837 1785 885 eorum,

201 924 301 992 qui
333 921 660 992 prolationes
705 926 973 988 quasdam
1022 917 1122 973 sibi
1169 915 1302 986 ipsis
1356 916 1691 985 depingunt:
1729 921 1789 966 ut

200 1019 445 1071 divinam
475 1024 722 1068 naturam
748 1011 799 1065 in
823 1022 1005 1080 partes
1026 1009 1673 1081 vocent(putolegendum
1703 1021 1787 1060 se-

200 1110 353 1177 cent)
382 1114 435 1161 et
466 1106 630 1160 Deum
662 1103 902 1171 Patrem,
932 1112 1193 1173 quantum
1221 1102 1273 1155 in
1305 1116 1364 1155 se
1390 1111 1475 1155 est
1507 1098 1785 1160 dividant;

200 1216 331 1254 cum
359 1199 461 1253 hoc
483 1197 550 1251 de
582 1197 897 1263 incorporea
930 1204 1122 1249 natura
1156 1193 1234 1248 vel
1269 1192 1459 1247 leviter
1500 1188 1788 1259 suspicari,

202 1308 318 1345 non
373 1291 544 1345 solum
607 1297 865 1343 extrenne
923 1285 1216 1356 impietatis
1266 1284 1372 1347 sit,
1408 1297 1589 1336 verum
1625 1280 1789 1335 etiam

200 1382 782 1451 ultimminsipientim;
812 1394 910 1433 nec
926 1378 1144 1432 omnino
1169 1376 1252 1430 vel
1282 1375 1348 1430 ad
1382 1372 1784 1444 intelligentiam

199 1489 568 1545 consequens,
605 1473 1021 1542 utinrorporea‘.
1046 1478 1255 1523 natura:
1295 1465 1665 1523 substantialis
1707 1462 1789 1517 di-

201 1570 349 1625 visio
385 1570 550 1638 possit
586 1565 832 1636 intelligi.
865 1563 1035 1635 Magis
1067 1576 1195 1631 ergo
1224 1561 1366 1616 sicut
1396 1558 1646 1614 voluntas
1666 1570 1791 1627 pro-

200 1663 355 1717 cedit
384 1677 415 1715 e
447 1670 623 1714 mente
652 1670 706 1713 et
740 1670 913 1725 neque
942 1664 1150 1724 partem
1191 1654 1427 1724 aliquam
1464 1650 1662 1705 mentis
1699 1662 1788 1702 se-

200 1764 320 1818 cat,
347 1768 519 1823 neqne
541 1752 608 1806 ab
636 1766 699 1805 ea
727 1760 1029 1820 separatur,
1063 1758 1157 1803 aut
1194 1746 1461 1801 dividitur
1498 1763 1512 1798 :
1547 1740 1637 1796 tali
1661 1754 1793 1810 qua-

202 1844 334 1898 dam
376 1842 558 1911 specie
603 1843 872 1911 putandus
921 1848 1008 1894 est
1059 1838 1225 1892 Pater
1275 1835 1472 1890 Filium
1516 1832 1791 1904 genuisse,

202 1934 501 2005 imaginem
529 1933 906 1988 scilicetsuam
943 1949 957 1996 ;
994 1932 1219 1986 utsicut
1246 1930 1363 1999 ipse
1390 1935 1477 1983 est
1504 1922 1791 1980 invisibilis

202 2044 310 2099 per
351 2039 622 2093 naturam,
649 2028 721 2081 ita
750 2024 1038 2096 imaginem
1074 2036 1289 2093 quoque
1344 2020 1669 2075 invisibilem
1698 2031 1791 2087 ge-

203 2121 416 2177 nuerit.
447 2120 682 2176 Verbum
710 2118 852 2173 enim
888 2126 971 2172 est
1002 2116 1190 2179 Filius,
1220 2123 1278 2169 et
1312 2113 1432 2167 ideo
1462 2110 1593 2165 nihil
1628 2111 1681 2165 in
1728 2126 1794 2165 eo

202 2213 466 2268 sensibile
492 2210 896 2282 intelligendum
931 2218 1036 2266 cst.
1068 2207 1347 2279 Sapientia
1381 2215 1483 2270 est,
1512 2215 1567 2260 et
1618 2207 1672 2260 in
1708 2220 1795 2261 sa-

202 2304 411 2375 pientia
434 2302 565 2357 nihil
591 2314 912 2370 corporeum
941 2299 1328 2370 suspicandum
1356 2307 1462 2353 est.
1485 2296 1684 2351 Lumen
1711 2306 1796 2352 est

198 2395 574 2464 verum,quod
592 2393 857 2445 illuminat
890 2407 1095 2449 omnem
1125 2391 1387 2444 hominem
1428 2389 1713 2443 venientem
1740 2391 1795 2442 in

203 2491 352 2542 hunc
381 2490 633 2541 mundum
654 2486 735 2552 7°;
772 2486 865 2539 sed
906 2483 1040 2538 nihil
1067 2485 1229 2538 habet
1261 2497 1547 2537 commune
1567 2482 1634 2535 ad
1665 2481 1798 2536 solis

206 2581 374 2650 hujus
405 2580 605 2634 lumen.
637 2597 655 2629 ι

285 2672 317 2746 ς
347 2671 466 2727 XX.
497 2671 628 2738 Quis
665 2679 845 2725 autem
872 2683 976 2723 non
1004 2667 1152 2723 videt
1190 2666 1341 2721 hisce
1377 2663 1628 2734 Origenis
1667 2662 1798 2717 locis

206 2781 242 2821 a
297 2764 578 2834 Pamphilo
616 2760 909 2832 productis,
958 2759 1119 2814 ﬁdem
1171 2758 1497 2812 catholicam
1546 2756 1613 2811 de
1662 2754 1799 2809 Filio

206 2858 586 2925 Dei,adeoque
607 2857 672 2909 de
702 2852 968 2925 ὁμοουσίῳ
993 2851 1259 2906 Trinitate
1296 2848 1639 2918 apertissime
1666 2862 1799 2901 eon-

209 2947 446 3002 lirntari.
486 2945 683 2999 Verum
714 2944 905 2996 horum
952 2941 1386 2997 testimoniorum
1419 2938 1798 2992 auctoritatem

208 3039 432 3094 elevare
468 3046 735 3091 conantur
767 3032 1008 3087 nonnulli
1052 3034 1155 3087 hoc
1186 3039 1470 3101 praetextu,
1502 3013 1647 3097 quod
1683 3026 1800 3081 loca

209 3131 375 3185 allata
403 3129 607 3199 integra
636 3142 900 3195 nusquam
923 3122 1327 3194 comparueriut
1350 3121 1402 3175 in
1427 3120 1615 3176 Graeca
1644 3118 1803 3173 Pam-

213 3223 375 3295 pbili,
407 3222 520 3275 sive
568 3219 781 3273 Eusebii
836 3214 1094 3285 Apologia
1125 3214 1263 3278 ;sed
1295 3227 1324 3266 a
1369 3211 1563 3265 Ruﬁno
1614 3210 1669 3264 in
1704 3224 1801 3264 sua

1886 824 1994 879 τῶν
2024 826 2201 880 ἄλλων
2239 827 2512 889 ἁπάντων,
2549 829 2819 901 Παμφίλῳ
2870 847 2928 883 τε
2963 830 3041 902 τῷ
3088 831 3322 905 μᾰρτυρι
3360 835 3462 885 £1:-

1886 916 2167 987 ερείδεται,
2202 919 2295 971 καὶ
2346 918 2422 990 τῷ
2476 920 2768 994 Ἐυσεϐίῳ’
2795 923 2845 976 id
2892 932 3005 987 est,
3055 942 3073 973 ί
3110 922 3227 978 Prte
3258 926 3464 979 caeteris

1889 1025 2020 1065 vero
2066 1009 2346 1081 Pamphilo
2376 1014 2599 1084 martyri
2648 1015 2893 1068 innititur
2929 1024 2983 1068 et
3030 1014 3280 1070 Eusebio.
3331 1035 3349 1067 ι
3395 1016 3462 1071 Ut

1890 1103 2162 1157 indubinm
2200 1105 2333 1159 mihi
2371 1106 2647 1172 videatur,
2678 1121 3003 1177 anonymum
3032 1106 3178 1160 illum
3213 1107 3458 1161 eamdem

1890 1210 2113 1265 prorsus
2132 1195 2255 1250 cum
2295 1196 2582 1266 Pamphilo
2606 1209 2661 1253 et
2688 1199 2921 1254 Eusebio
2957 1200 3246 1268 Origenem
3280 1200 3462 1254 defen-

1890 1286 2047 1341 dendi
2082 1289 2343 1345 rationem
2373 1300 2613 1346 secutum
2642 1308 2779 1349 esse.
2809 1291 3058 1363 Nunquid
3089 1295 3469 1351 veroAriantis

1893 1377 1990 1430 fuit
2018 1379 2353 1450 apologista?
2379 1381 2519 1436 Nihil
2559 1384 2757 1440 minus.
2795 1384 2929 1439 Nam
2963 1388 3076 1456 ipse
3104 1387 3347 1453 Pbotius,
3376 1390 3467 1459 qui

1893 1468 2092 1537 alioqui
2143 1472 2435 1543 plerosque
2492 1476 2747 1545 Origenis
2786 1491 2999 1533 errores
3035 1479 3106 1532 illi
3137 1480 3343 1542 tribuit,
3380 1480 3465 1533 di-

1894 1572 2039 1617 serte
2068 1564 2221 1629 dicit,
2244 1566 2384 1635 quod
2415 1570 2542 1641 περ).
2580 1570 2679 1640 τῆς
2712 1570 2874 1639 ἁγίας
2908 1571 3136 1645 Τριὰδος
3180 1558 3329 1625 οὐδέν
3360 1571 3468 1625 τῶν

1892 1655 2247 1729 ἐσφαλμένων
2277 1658 2447 1729 λέγει,
2504 1660 2553 1714 id
2604 1672 2727 1717 est:
2766 1681 2784 1714 ι
2824 1663 2899 1717 De
2935 1663 2993 1717 S.
3040 1664 3304 1719 Trinitate
3339 1665 3472 1719 nihil

1894 1757 2198 1801 erratorum
2240 1748 2418 1805 aﬁ'ert.
2455 1770 2472 1801 ι
2541 1751 2819 1817 Quomodo
2851 1760 3029 1806 autem
3064 1754 3350 1823 Origenem
3376 1756 3471 1808 de-

1895 1837 2063 1891 fendit
2112 1850 2304 1895 auctor
2334 1839 2359 1894 1
2395 1843 2537 1912 Φησὶ
2585 1843 2663 1906 δὲ,
2713 1842 2888 1913 inquit
2920 1844 3180 1909 Photius,
3213 1847 3305 1898 καὶ
3344 1848 3472 1917 περὶ

1894 1929 1985 1983 τοῦ
2023 1931 2346 2001 Ὠριγὲνους,
2390 1933 2554 2005 μηδὲν
2588 1934 2750 1988 αὑτὸν
2777 1935 2918 1989 κατὰ
2947 1935 3104 2000 δόξαν
3147 1936 3473 2007 ὲσφάλεσθαι

1896 2023 2023 2095 περὶ
2049 2024 2147 2094 τῆς
2176 2024 2423 2096 Τριάδος,
2458 2028 2508 2081 id
2530 2035 2612 2083 est
2631 2045 2676 2080 ς(
2699 2027 2836 2094 Quin
2864 2030 3025 2083 etiam
3062 2030 3163 2085 hoc
3192 2030 3385 2085 asserit
3413 2032 3475 2085 de

1903 2115 2160 2188 Origene,
2193 2118 2322 2171 nihil
2347 2135 2491 2187 emn,
2518 2121 2658 2189 quod
2688 2121 2902 2191 quidem
2938 2122 3004 2175 ad
3051 2129 3241 2194 dogma
3264 2125 3330 2177 de
3353 2122 3477 2177 Tri-

1904 2209 2073 2263 nitate
2104 2210 2317 2275 attinet,
2348 2227 2580 2267 errasse.
2621 2233 2640 2265 ι
2680 2214 2768 2267 Ait
2814 2229 2934 2267 mox
2972 2214 3195 2269 Photius
3241 2216 3478 2285 scripto-

1902 2314 2019 2353 rem
2042 2301 2187 2354 illum
2213 2304 2519 2373 quindecim
2553 2306 2728 2375 capita
2750 2306 2968 2375 Origeni
2995 2307 3203 2376 objecta
3225 2309 3476 2379 (quorum

1901 2392 2001 2443 tria
2039 2394 2229 2461 prima,
2281 2395 2551 2450 decimum
2597 2398 2817 2451 tertium
2864 2412 2917 2452 et
2958 2399 3204 2453 ultimum
3239 2403 3305 2453 ad
3342 2402 3477 2454 arti-

1899 2481 2078 2538 culum
2128 2487 2194 2538 de
2237 2485 2504 2541 Trinitate
2554 2489 2889 2557 pertinent),
2931 2490 3187 2559 probasse
3227 2492 3479 2558 διαϐολὰς

1899 2570 2061 2639 εἶναι,
2085 2577 2147 2629 ἐκ
2173 2576 2280 2629 τῶν
2295 2577 2387 2631 τοῦ
2414 2578 2580 2632 αὐτοῦ
2603 2581 2812 2634 ἐκείνου
2834 2584 3280 2656 συγγραμμάτων
3298 2588 3481 2641 ποιού-

1903 2684 2061 2739 μενον
2091 2670 2218 2732 τοὺς
2248 2668 2537 2740 ἐλέγχους·
2572 2690 2590 2723 ι
2631 2670 2807 2727 Meras
2854 2690 2975 2728 esse
3029 2676 3330 2732 calumnias
3357 2720 3373 2745 ,
3413 2693 3483 2734 ex

1901 2755 2187 2825 ipsiusmet
2222 2760 2547 2831 (Origeuis)
2580 2764 2801 2832 scriptis
2840 2766 3018 2822 allatis
3064 2772 3417 2839 argumentis.
3460 2792 3477 2823 ι

1902 2851 2158 2907 Eamdem
2187 2854 2343 2921 plane
2374 2857 2737 2928 rationem.ac
2780 2860 3088 2915 methodnm
3124 2873 3303 2917 servat
3339 2866 3482 2933 Apo-

1903 2943 2044 3013 logia
2094 2945 2194 2999 sub
2240 2943 2508 3015 Pamphili
2557 2951 2826 3003 nominea
2864 2950 3056 3005 Ruﬁno
3110 2955 3276 3006 edita.
3341 2954 3486 3010 Sane

1902 3050 1967 3090 ex
1998 3036 2084 3090 his
2117 3036 2244 3090 illud
2274 3038 2464 3093 saltem
2500 3037 2751 3105 edicitur,
2796 3056 2826 3093 a
2871 3041 3061 3097 Gra2co
3093 3047 3356 3115 scriptore
3395 3062 3487 3102 ve-

1905 3128 2133 3197 teri,qui
2165 3129 2217 3182 in
2245 3128 2476 3185 articulo
2519 3131 2586 3185 de
2617 3141 2804 3185 sancta
2837 3133 3123 3196 Trinitate,
3158 3134 3240 3189 vel
3293 3135 3485 3192 Photin

1901 3220 2107 3289 judice,
2136 3221 2451 3279 Catholicus
2496 3220 2616 3288 fuit,
2642 3223 2804 3277 allata
2838 3224 3003 3280 fuisse
3035 3241 3098 3281 ex
3135 3227 3267 3296 ipsis
3292 3227 3486 3300 Orige-

210 3315 468 3370 versioue
492 3311 682 3365 Latina
707 3310 934 3365 conﬁcta
968 3317 1132 3375 atque
1160 3306 1343 3359 addita
1372 3303 1592 3358 fuerint.
1630 3302 1803 3372 llujus
1830 3334 1875 3394 ο
1909 3310 1992 3365 nis
2023 3312 2264 3380 scriptis,
2283 3322 2442 3381 prout
2477 3324 2586 3367 tum
2609 3313 2798 3369 Graece
2832 3327 3132 3384 exstarent,
3154 3318 3486 3387 testimonia,

210 3407 500 3465 sententia:
546 3419 702 3473 prora
757 3418 822 3457 ac
866 3400 1057 3472 puppis
1098 3409 1218 3465 est,
1246 3399 1387 3467 quod
1441 3394 1804 3467 Hieronymus

213 3500 417 3556 Ruﬁno
471 3498 711 3566 objiciat,
760 3495 1005 3550 Grzcam
1061 3490 1283 3547 Eusebii
1335 3492 1482 3561 (nam
1541 3486 1806 3559 Pamphili

213 3608 343 3648 esse
376 3590 609 3659 nolebat)
643 3590 950 3658 Apologiam
987 3586 1145 3641 ﬁdem
1168 3583 1427 3638 Arianam
1462 3595 1651 3636 revera
1677 3594 1806 3650 pro-

215 3699 508 3757 pugnasse,
543 3683 892 3752 ejusdemque
934 3679 1055 3733 ﬁdei
1088 3676 1259 3731 fuisse
1296 3675 1583 3742 Origencm
1618 3684 1807 3729 osten-

220 3779 389 3831 disse.
427 3774 520 3829 Sic
551 3774 695 3828 enim
726 3772 816 3827 ille
851 3771 1074 3841 Apolog.
1107 3770 1356 3824 adversus
1404 3766 1588 3835 Ruﬁn.
1626 3767 1719 3821 lib.
1747 3782 1805 3830 ιι,

220 3884 344 3938 cap.
391 3867 447 3931 4,
489 3883 524 3917 ι
557 3865 651 3918 Vir
709 3863 1053 3919 doctissimus
1106 3861 1404 3925 Eusebius,
1463 3858 1656 3927 inquit,
1714 3873 1811 3928 per

225 3974 321 4015 se:
355 3958 622 4012 volumina
650 3956 785 4011 nihil
811 3956 957 4010 aliud
982 3956 1113 4024 agit,
1153 3954 1254 4008 nisi
1286 3963 1345 4007 ut
1384 3951 1671 4022 Origenem
1699 3963 1811 4004 suae

223 4052 476 4107 ostendat
499 4049 643 4116 ﬁdei,
674 4050 725 4104 id
747 4056 852 4114 est,
873 4047 1086 4102 Arianae
1107 4046 1366 4116 perﬁdiae.
1394 4063 1411 4096 ι
1437 4041 1571 4097 Hinc
1588 4040 1812 4097 conclu-

226 4147 307 4202 dit
338 4147 569 4202 Sandius
607 4144 682 4199 De
703 4145 885 4213 script.
920 4141 1127 4207 eccles.,
1166 4156 1219 4211 p.
1249 4138 1339 4205 47,
1366 4137 1678 4207 Apologiam
1710 4134 1810 4190 sub

232 4226 501 4309 Pamphili
530 4236 746 4293 nomine
770 4252 799 4290 a
827 4234 1021 4290 liuﬁno
1051 4234 1244 4289 Latine
1287 4233 1510 4297 editam,
1539 4248 1557 4280 ι
1592 4239 1679 4283 aut
1704 4242 1809 4282 non

225 4345 350 4386 esse
400 4328 617 4384 Eusebii
666 4329 804 4398 (sive
837 4326 1147 4397 Pamphili),
1193 4333 1287 4379 aut
1326 4324 1397 4380 ita
1440 4339 1469 4376 a
1519 4322 1713 4376 Ruﬁno
1755 4320 1809 4374 in

227 4422 490 4477 Latinum
525 4437 758 4484 versam,
779 4428 838 4474 ut
862 4435 929 4475 ne.
950 4420 1167 4490 quidem
1193 4417 1333 4473 linea
1363 4417 1594 4488 genuina
1624 4414 1809 4469 relicta

226 4514 416 4581 fuerit,
456 4513 537 4570 vel
566 4514 797 4585 denique
846 4515 893 4568 si
925 4513 1053 4581 quid
1105 4511 1398 4581 genuinum
1426 4525 1455 4562 a
1487 4507 1683 4562 Ruﬁno
1712 4507 1812 4561 fuit

234 4608 507 4671 relictum,
540 4616 791 4677 oportere
828 4606 879 4660 id
917 4614 1101 4677 postea
1140 4603 1305 4658 etiam
1358 4617 1425 4656 ex
1468 4599 1643 4654 Ruﬁni
1690 4614 1813 4654 ver-

1908 3416 2029 3469 qnte
2088 3401 2426 3458 Catholicum
2480 3406 2684 3472 pariter
2739 3407 2908 3462 fuisse
2950 3408 3002 3462 in
3040 3411 3228 3465 eodem
3260 3411 3489 3466 articulo

1908 3493 2196 3564 Origenem
2225 3496 2612 3551 ostenderent:
2650 3506 2812 3567 atque
2845 3500 2947 3554 hoc
2977 3498 3172 3556 fecisse
3210 3512 3485 3558 auctorem

1910 3586 2059 3641 illum
2096 3587 2360 3658 Pamphili
2419 3590 2674 3661 martyris
2718 3601 2773 3646 et
2822 3590 3040 3647 Eusebii
3093 3594 3357 3664 exemplo,
3397 3610 3490 3651 eo-

1910 3696 2140 3750 rumque
2171 3682 2417 3752 vestigiis
2441 3684 2801 3739 insistentem.
2840 3685 3085 3755 Denique
3115 3686 3243 3741 alibi
3269 3687 3490 3742 eviden-

1912 3780 1984 3827 tet
2016 3773 2381 3842 probavimus,
2402 3790 2674 3845 nunquam
2697 3776 2986 3831 Eusebium
3017 3778 3189 3847 ipsum
3218 3779 3491 3845 haeresim,

1911 3878 2030 3933 quae
2058 3874 2242 3933 postea
2276 3865 2390 3918 Arii
2420 3865 2565 3922 dicta
2602 3866 2723 3930 luit,
2747 3868 3052 3938 amplexum
3087 3869 3252 3924 luisse
3278 3888 3290 3924 :
3317 3886 3492 3941 neque

1911 3957 2077 4029 igitur
2106 3958 2282 4028 potuit
2301 3956 2716 4024 Eusebius,sive
2738 3959 2906 4024 solus,
2928 3960 3041 4015 sive
3063 3977 3184 4016 cum
3210 3961 3492 4032 Pamphilo

1912 4049 2061 4123 [nam
2082 4050 2359 4120 utriusque
2372 4065 2491 4105 esse
2508 4067 2643 4135 opus
2658 4052 2795 4107 infra
2814 4054 3493 4128 ostendennts(40)].Aria-

1914 4157 2037 4196 nam
2058 4143 2388 4212 impietatem
2426 4144 2479 4196 in
2522 4142 2757 4214 Origene
2788 4144 3094 4200 defendere.
3112 4146 3217 4202 Sed
3241 4148 3493 4203 videntur

1910 4229 2224 4300 Pamphilus
2267 4242 2323 4287 et
2353 4232 2619 4288 Eusebius
2674 4236 2727 4285 in
2769 4232 3086 4287 defensione
3125 4233 3212 4287 illa
3239 4236 3490 4304 qumdam

1913 4323 2163 4377 attulisse
2197 4338 2263 4377 ex
2317 4322 2553 4391 Origene
2606 4322 2938 4391 testimonia,
2968 4323 3170 4394 quibus
3205 4325 3405 4381 vocula:
3438 4333 3494 4379 et

1913 4414 2053 4468 dicta
2082 4416 2342 4469 nonnulla
2371 4416 2607 4472 admista
2647 4426 2852 4487 essent,
2880 4432 3002 4486 qua:
3034 4416 3317 4472 catholicis
3340 4418 3492 4472 auri-

1912 4505 2013 4561 bus
2046 4505 2357 4578 Hieronymi
2389 4516 2547 4562 aatate
2579 4524 2759 4563 minus
2798 4509 3158 4579 placuerunt,
3204 4518 3391 4580 utpote
3424 4511 3494 4565 ab

1912 4596 2131 4652 Arianis
2157 4608 2269 4650 tum
2319 4600 2385 4652 ad
2418 4598 2668 4654 haeresim
2697 4614 2850 4653 suam
2903 4602 3305 4671 prepagandam
3336 4612 3495 4655 usur-

229 4700 386 4753 sione
416 4699 580 4753 fuisse
626 4697 888 4752 excisum.
924 4716 943 4749 ι
997 4694 1104 4752 Sed
1155 4695 1313 4749 ﬁdem
1363 4694 1452 4749 hic
1491 4692 1817 4762 Hieronymo
1842 4682 1896 4743 D
1923 4698 2044 4758 pata
2076 4708 2090 4744 :
2121 4704 2241 4759 quae
2270 4691 2575 4744 testimonia
2628 4700 2917 4761 propterea
2954 4693 3255 4748 resecuisse
3284 4693 3494 4747 videtur

230 4788 540 4846 habendam
575 4804 679 4844 non
733 4803 877 4852 esse,
910 4787 1254 4843 validissimis
1280 4788 1611 4857 argumentis
1638 4783 1813 4840 evinci

229 4891 432 4953 potest.
465 4881 596 4935 Nam
637 4880 811 4952 primo
860 4880 1084 4935 Photius
1117 4880 1239 4937 cod.
1277 4895 1442 4935 cxvm
1472 4889 1696 4933 testatur
1754 4893 1815 4933 se

233 4978 293 5032 in
322 4976 512 5033 (ἐι-2εο
550 4974 742 5046 legisse
772 4972 1041 5044 Pamphili
1077 4973 1335 5045 martyris
1377 4982 1427 5027 et
1474 4970 1691 5026 Eusebii
1720 4984 1817 5040 pro

232 5068 472 5139 Origene
502 5067 670 5121 libros
696 5082 792 5122 sex
825 5084 840 5121 :
867 5066 920 5120 in
943 5066 1139 5136 quibus
1162 5064 1306 5117 nulla
1337 5062 1551 5117 Arianae
1582 5061 1819 5130 perﬁdiae

233 5159 467 5229 vestigia
493 5167 643 5212 notat
669 5171 894 5212 severus
921 5156 1009 5211 ille
1034 5170 1249 5220 censor,
1272 5152 1363 5224 qui
1389 5153 1589 5221 alioqui
1610 5151 1660 5205 in
1684 5152 1821 5205 alio-

234 5265 361 5305 rum
413 5250 634 5320 scriptis
674 5260 990 5305 constanter
1021 5248 1159 5303 solet
1212 5245 1436 5301 minima
1477 5259 1700 5314 quaeque
1727 5258 1817 5298 re-

236 5343 613 5412 prehendere,
644 5357 763 5412 qua:
816 5341 898 5396 vel
949 5340 1182 5410 speciem
1252 5336 1547 5392 Arianismi
1596 5350 1707 5406 prae
1756 5348 1817 5391 se

238 5435 436 5489 lerant.
490 5435 688 5489 Deinde
734 5434 872 5489 idem
928 5432 1149 5489 Photius
1199 5432 1320 5486 cod.
1367 5445 1536 5495 cxvn,
1582 5439 1818 5482 veterem

241 5527 532 5597 quemdam
562 5536 836 5582 auctorem
874 5541 1198 5598 anonymum
1241 5536 1694 5588 commemorans,
1725 5518 1817 5590 qui

240 5615 553 5686 Apologiam
604 5616 787 5671 itidem
837 5633 931 5686 pro
977 5615 1202 5686 Origene
1254 5613 1678 5682 conscripserat,
1721 5610 1818 5676 ait,

242 5717 523 5762 auctorem
561 5707 707 5762 illum
747 5707 801 5761 in
836 5707 1093 5777 Apologia
1122 5721 1240 5772 sua,
1278 5718 1377 5775 pro
1409 5703 1641 5772 Origene
1671 5700 1819 5773 ejus-

242 5811 350 5867 que
399 5799 682 5854 sententiis
732 5812 999 5869 pngnasse
1049 5797 1374 5852 anetoritate
1430 5804 1541 5847 tum
1590 5793 1817 5849 aliorum

314 5886 436 5928 ἰ’-⁷⁸
472 5886 626 5943 Joan.
660 5903 698 5953 ι,
734 5889 790 5944 9.

314 5977 428 6048 (i0)
457 5977 590 6032 Vide
613 5981 767 6049 hujus
794 5978 1048 6034 sectionis
1080 5993 1200 6047 cap.
1232 5978 1320 6045 13,
1352 5992 1503 6033 num.
1531 5977 1584 6032 5.
1610 5962 1616 5971 ’

520 6072 795 6134 Ρηιιοι..
826 6073 944 6133 Gn.
980 6070 1180 6132 XVII.

1920 4794 1949 4832 a
1993 4796 2091 4836 sua
2137 4785 2387 4837 versione
2444 4781 2671 4838 Ruﬁnus
2698 4824 2714 4850 ,
2766 4797 2829 4838 ea
2878 4784 3174 4838 transferre
3212 4794 3495 4838 contentus

1920 4866 2167 4942 Origenis
2200 4871 2315 4927 loca
2339 4911 2354 4935 ,
2406 4888 2437 4926 a
2480 4873 2761 4943 Pamphilo
2790 4875 3075 4944 producta,
3111 4889 3231 4943 quae
3263 4873 3495 4929 catholi-

1921 4979 2038 5018 cam
2083 4964 2383 5019 doctrinam
2430 4966 2612 5019 verbis
2657 4966 2815 5035 plane
2852 4968 3140 5023 catholicis
3192 4969 3493 5023 traderent.

1921 5057 2073 5124 Quod
2098 5058 2323 5111 innuere
2347 5057 2559 5111 videtur
2594 5058 2707 5127 ipse
2732 5057 2981 5124 Ruﬁnus,
3031 5075 3155 5113 cum
3194 5061 3248 5113 in
3276 5059 3501 5131 Epilogo

1923 5149 1989 5201 ad
2021 5145 2427 5201 translationem
2455 5161 2608 5201 suam
2641 5148 2707 5202 ad
2758 5146 3054 5205 Macarium
3085 5152 3180 5216 ait,
3221 5165 3281 5204 se
3304 5168 3323 5205 α
3352 5152 3497 5220 Apo-

1920 5237 2207 5308 logeticum
2238 5241 2432 5294 .sancti
2466 5242 2721 5311 martyris
2746 5240 3018 5312 Pamphili
3046 5282 3062 5308 ,
3113 5251 3274 5311 prout
3303 5245 3498 5312 potuit,

1920 5332 2004 5385 vel
2046 5348 2127 5385 res
2162 5333 2421 5401 poposcit,
2458 5331 2651 5387 Latino
2682 5347 2936 5388 sermone
2974 5334 3283 5400 digessisse.
3320 5353 3339 5386 ι
3383 5334 3500 5387 Cae—

1918 5430 2097 5477 terum
2123 5438 2441 5494 persuasum
2471 5424 2643 5479 habeo
2669 5463 2684 5489 ,
2716 5424 2973 5480 Ruﬁnum
3009 5426 3211 5480 nullum
3244 5425 3496 5492 Origenis

1924 5515 2290 5571 testiinonium
2321 5515 2374 5569 in
2402 5531 2497 5569 sua
2524 5517 2773 5572 versione
2809 5518 3090 5584 posuisse,
3121 5519 3264 5588 quod
3302 5534 3409 5572 non
3444 5519 3498 5571 in

1927 5605 2194 5676 Pamphili
2237 5617 2292 5661 et
2318 5607 2536 5663 Eusebii
2578 5609 2838 5681 Apologia
2867 5610 3089 5665 totidem
3129 5609 3306 5665 verbis
3330 5610 3498 5665 habe-

1925 5706 2105 5766 retur;
2134 5697 2377 5768 nihilque
2406 5740 2421 5765 ,
2469 5700 2731 5769 quidquid
2766 5701 3101 5764 detraxerit,
3130 5701 3196 5755 de
3222 5714 3320 5757 suo
3349 5700 3501 5755 addi-

1927 5789 2091 5845 disse.
2120 5789 2255 5847 Nam
2285 5792 2403 5862 ipse
2432 5790 2664 5849 Ruﬁnus
2695 5790 2877 5862 (quem
2912 5791 3087 5847 virum
3118 5790 3284 5848 fuisse
3321 5790 3499 5848 since-

3067 6063 3145 6121 1:2
