3926 6542
183 514 305 584 {525‘

1186 506 1277 579 Ex
1319 525 1381 580 (ς.
1428 506 1630 579 eum
1671 521 1822 579 DEF.
1860 508 2035 580 Ftht
2077 523 2399 581 NlCAZNzE.

3284 504 3417 579 iisti

175 643 300 697 fitus
348 639 515 695 sancti
554 657 567 693 :
600 634 742 708 quod
795 638 914 693 ideo
974 640 1196 694 omnino
1246 639 1439 694 fecisse
1484 641 1716 704 videtur,
1754 643 1801 699 Α
1837 642 2075 708 spondit,
2116 650 2422 694 matronam
2462 632 2754 707 quamdam
2797 634 2899 691 sibi
2930 636 3182 702 dedisse,
3216 636 3283 691 de
3309 650 3413 708 qua

182 738 289 806 quia
319 735 639 805 spiraculum
666 737 788 790 vitae
813 776 827 801 ,
857 734 996 805 quod
1032 736 1171 791 Deus
1198 752 1319 791 cum
1359 739 1591 807 primum
1628 739 1727 792 lio-

183 831 382 885 minemv
404 827 702 889 formarat.
741 829 840 898 ipsi
873 827 1178 884 insnfﬁasse
1202 830 1425 896 dicitur,
1461 831 1724 899 Spiritum

183 919 328 974 fuisse
353 928 595 973 sanctum
627 918 881 978 credidit.
922 919 1033 974 lloe
1080 921 1285 975 clarius
1333 922 1468 975 dixit
1504 921 1724 976 Tertul-

184 1011 337 1064 lianus
376 1009 467 1064 lib.
502 1009 583 1064 De
618 1010 895 1079 baptismo,
928 1028 1049 1082 cap.
1093 1012 1149 1077 5,
1201 1013 1290 1067 ubi
1336 1018 1404 1068 de
1438 1029 1727 1083 regenera—

182 1106 310 1159 tione
332 1103 583 1170 hominis,
614 1118 733 1173 quae
754 1118 849 1175 per
881 1105 1207 1175 baptismum
1244 1105 1321 1169 ﬁt,
1349 1104 1432 1160 sic
1456 1105 1722 1173 loquitur:

186 1213 203 1247 α
244 1195 312 1250 Ita
342 1196 646 1251 restituitur
681 1196 843 1251 homo
877 1195 987 1251 Deo
1028 1197 1093 1252 ad
1148 1197 1557 1253 similitudinem
1585 1196 1722 1263 ejus,

178 1288 252 1356 qui
289 1296 426 1340 retro
478 1287 545 1339 ad
600 1286 891 1355 imaginem
945 1287 1037 1343 Dei
1087 1289 1338 1345 conditus
1381 1288 1579 1355 fuerat,
1617 1298 1722 1343 etc.

179 1380 367 1449 Hecipit
404 1380 546 1434 enim
592 1381 738 1433 illum
791 1380 882 1435 Dei
922 1380 1224 1450 Spiritum,
1258 1397 1417 1451 quem
1473 1393 1601 1436 tunc
1662 1383 1728 1437 de

178 1469 334 1525 alliatu
357 1471 470 1540 ejus
508 1480 817 1541 acceperat,
858 1474 952 1527 sed
988 1484 1111 1543 post
1159 1476 1414 1530 amiserat
1470 1491 1565 1544 per
1592 1476 1727 1528 deli-

177 1569 319 1616 ctum.
364 1581 381 1613 ι
411 1561 547 1616 Hinc
588 1564 751 1632 igitur
781 1565 977 1619 factum
1028 1566 1257 1629 videtur,
1294 1574 1348 1618 ut
1380 1581 1449 1620 ex
1494 1581 1559 1619 eo
1587 1567 1725 1634 quod

176 1651 565 1707 insuﬁlationem
601 1654 837 1719 Spiritus
889 1655 980 1708 Dei
1020 1655 1357 1725 Pamphilus,
1389 1656 1505 1709 sive
1539 1665 1729 1709 auctor

176 1744 415 1814 Apologia:
444 1746 779 1816 (intelligens
828 1747 1084 1801 nimirum
1132 1762 1228 1816 per
1278 1747 1725 1809 insnﬁlationem,

169 1835 301 1903 juxta
351 1851 469 1891 cum
530 1838 861 1893 adversariis
907 1853 1046 1908 quos
1107 1839 1347 1905 refellit,
1404 1839 1540 1893 nihil
1581 1838 1728 1893 alittd

173 1941 313 1994 «piam
348 1928 515 1997 ipsam
549 1928 786 1983 hominis
812 1928 1101 1999 animam),
1130 1938 1351 2000 negaret
1382 1931 1447 1985 de
1473 1930 1728 1986 substan-

1834 746 1933 802 ego
1962 774 1976 798 ,
2017 744 2359 800 qumcunque
2394 728 2479 781 illa
2514 736 2597 782 est
2624 768 2639 794 ,
2676 727 2812 781 nihil
2842 717 2991 793 dico;
3045 728 3139 782 sed
3174 728 3258 782 sui
3294 744 3415 783 eam

1827 834 1882 878 et
1911 824 2001 879 Dei
2037 821 2388 878 conscientia:
2423 820 2769 889 tlerelinquo.
2808 838 2827 871 ι
2861 820 3039 889 Atque
3059 820 3125 874 de
3147 818 3416 891 Pamphili

1829 916 2083 983 Apologia
2107 931 2201 985 pro
2236 914 2481 986 Origene,
2528 914 2643 968 haec
2671 912 2724 966 in
2758 914 3168 982 praesentiarum
3212 914 3416 968 dixisse

1828 1008 2075 1064 suﬁiciat.

1900 1101 1928 1172 ᾗ
1962 1099 2121 1154 XX".
2148 1098 2211 1155 Ut
2229 1108 2385 1168 eaput
2417 1099 2517 1153 hoc
2545 1097 2761 1152 tandem
2795 1096 3062 1161 claudam,
3093 1099 3219 1149 dam
3252 1096 3414 1150 allata

1829 1194 2077 1263 superius
2106 1191 2358 1261 Origenis
2406 1191 2526 1245 loca
2558 1190 2821 1243 attentius
2855 1190 3153 1257 perpendo,
3187 1188 3259 1242 ita
3294 1200 3412 1243 tne-'

1828 1304 1950 1343 cum
1988 1297 2207 1343 statuo:
2270 1286 2491 1341 Patrem
2537 1276 2727 1348 illum',
2776 1292 2851 1336 tot
2888 1283 3257 1350 theologorum
3308 1290 3414 1355 Qua

1837 1390 2082 1434 veterum
2109 1394 2212 1449 qua
2258 1380 2620 1437 recentiorum
2654 1377 2904 1432 censuris
2936 1382 3214 1443 vexatum,
3253 1378 3305 1431 in
3331 1390 3414 1431 ar:

1833 1471 1997 1524 ticulo
2042 1471 2107 1523 de
2142 1468 2264 1525 Filii
2296 1471 2619 1533 divinitate,
2657 1470 2898 1538 adeoque
2926 1471 2992 1522 de
3020 1478 3203 1523 sancta
3238 1469 3416 1523 Trini£

1835 1571 1940 1615 tate
1964 1574 2153 1615 revera
2195 1561 2526 1615 catholicum
2560 1560 2728 1614 fuisse
2766 1577 2779 1613 :
2811 1574 3120 1630 quanquam
3157 1562 3208 1612 in
3255 1561 3417 1613 modo

1831 1654 2120 1708 articulum
2172 1654 2524 1723 explicandi,
2570 1654 2732 1707 aliter
2781 1668 3167 1722 nonnunquam
3204 1651 3417 1706 locutus

1831 1748 2035 1811 fuerit,
2066 1761 2228 1816 quam
2268 1747 2427 1802 hodie
2454 1745 2721 1801 Catholici
2746 1746 2956 1813 solent;
2989 1744 3130 1814 quod
3161 1745 3261 1814 ipsi
3290 1760 3415 1799 cum

1833 1840 2053 1909 reliquis
2086 1840 2196 1893 fere
2224 1838 2476 1891 omnibus
2508 1838 2764 1892 Patribus
2787 1879 2802 1904 ,
2842 1838 2933 1907 ψεῖ
2982 1836 3274 1891 concilium
3326 1835 3419 1889 Ni;

1832 1942 2040 1987 caenum
2096 1936 2551 1996 antecesserunt,
2590 1936 2878 1982 commune
2932 1927 3048 1981 fuit.
3101 1926 3211 1981 lmo
3257 1927 3417 1982 liccat

175 2020 233 2074 tia
265 2034 376 2075 esse
409 2019 501 2074 Dei
532 2058 550 2086 ,
603 2021 777 2090 ipsum
822 2021 1194 2077 calumniatus
1246 2022 1409 2077 fuerit
1464 2022 1718 2095 llierony-
1755 2009 1800 2066 Β
1835 2025 1966 2080 tnihi
2008 2025 2061 2079 in
2111 2022 2334 2093 scriptis
2362 2020 2617 2092 Origenis
2656 2036 2759 2074 non
2791 2020 3143 2090 indiligenter
3174 2028 3413 2081 versato,

171 2126 294 2178 ntus,
322 2114 473 2182 quasi
515 2114 801 2170 docuisset
823 2153 840 2181 ,
876 2113 1138 2185 Spiritum
1177 2115 1266 2170 Dei
1297 2155 1314 2181 ,
1347 2116 1561 2171 tertiam
1593 2116 1729 2170 divi-

171 2205 336 2261 uitatis
366 2221 681 2277 personam,
709 2209 775 2262 de
805 2208 1114 2262 substantia
1152 2207 1241 2262 Dei
1282 2224 1386 2263 non
1410 2223 1552 2273 esse,
1602 2222 1730 2277 pro-

170 2296 377 2368 indeqne
404 2298 498 2354 Dei
531 2300 864 2365 ministrum,
894 2300 1012 2355 sive
1041 2311 1343 2356 creaturam
1378 2317 1516 2356 esse.
1550 2302 1605 2355 Si
1640 2299 1724 2355 cui

170 2402 330 2446 autem
382 2393 497 2449 haec
553 2392 864 2462 conjectura
898 2406 1085 2449 nostra
1140 2395 1319 2450 minus
1364 2396 1597 2467 placeat,
1652 2394 1726 2448 illi

171 2485 457 2539 necessario
514 2484 803 2540 dicendum
864 2485 1104 2551 videtur,
1174 2486 1355 2541 Ruﬁni
1423 2488 1727 2541 versionem

169 2575 416 2645 Apologia:
449 2576 721 2648 Pamphili
771 2581 839 2636 ab
872 2582 1110 2635 inimicis
1156 2580 1273 2650 ejus
1318 2590 1373 2634 et
1415 2579 1727 2650 Hieronymi

168 2668 422 2733 partiariis
472 2684 789 2740 corruptam
849 2673 1051 2737 fuisse;
1102 2684 1265 2742 atque
1313 2687 1377 2726 ex
1437 2673 1732 2740 depravato

168 2759 329 2828 aliquo
359 2762 557 2817 codiCe
613 2763 773 2818 istam
815 2766 1245 2819 criminationem
1283 2764 1576 2833 arripuisse
1609 2763 1731 2816 Hie-

170 2865 458 2922 ronymum.
510 2854 663 2910 Sane
691 2856 757 2911 de
786 2857 873 2909 tali
919 2857 1117 2925 injuria
1152 2856 1580 2925 interpretationi
1623 2872 1732 2910 suae

169 2941 409 3000 librorum
448 2945 709 3015 Origenis
756 2950 898 3017 Περὶ
923 2947 1128 3018 ἀρχῶν
1187 2948 1327 3002 facta
1382 2949 1734 3017 conqueritur

168 3036 271 3105 ipse
299 3037 548 3107 Ruﬁnus,
599 3040 766 3102 Deum
802 3040 1242 3113 καρδιογνώστην
1298 3040 1507 3110 injuria:
1560 3040 1736 3094 vindi-

166 3142 270 3183 cent
290 3131 590 3201 appellans.
622 3132 715 3187 Sic
741 3134 885 3188 enim
914 3134 1001 3189 ille
1038 3134 1091 3188 in
1134 3132 1525 3186 Invebtivarum
1548 3131 1737 3185 adver-

166 3236 247 3275 sus
268 3221 653 3297 Hieronymum
685 3224 779 3280 lib.
810 3240 826 3279 l
854 3225 968 3297 (45)
998 3242 1011 3278 :
1045 3242 1065 3275 ί
1097 3221 1239 3294 Ipsa,
1268 3222 1409 3277 sicut
1446 3226 1737 3275 transtule—

168 3328 313 3380 ram,
346 3331 461 3371 mea
517 3316 686 3373 verba
748 3318 1072 3388 posuissent.
1132 3315 1240 3372 Sed
1298 3326 1439 3370 nunc
1494 3312 1733 3366 ausculta

166 3408 279 3475 quid
324 3407 538 3464 faciunt
576 3417 677 3465 :et
723 3408 912 3481 ﬂagitii
943 3424 1133 3465 eorum
1188 3406 1441 3477 require,
1471 3404 1515 3459 si
1568 3404 1734 3458 ullum

163 3499 429 3567 praecessit
458 3500 794 3568 exemplum.
826 3500 883 3555 In
912 3517 976 3556 eo
1002 3502 1138 3566 loco,
1169 3501 1257 3555 ubi
1281 3496 1547 3566 scriptum
1572 3507 1691 3551 erat
1718 3514 1734 3551 :

166 3592 306 3657 Quod
330 3597 377 3651 si
412 3595 661 3665 requiras
682 3610 714 3646 a
753 3609 855 3657 me,
884 3594 1012 3662 quid
1032 3594 1191 3647 etiam
1215 3597 1279 3650 de
1312 3597 1428 3666 ipso
1458 3595 1737 3667 Unigenito

165 3687 408 3750 sentiam;
435 3686 482 3740 si
529 3700 595 3738 ne
622 3684 731 3752 ipse
758 3686 967 3752 quidem
992 3686 1246 3739 visibilem
1294 3688 1467 3740 dicam
1506 3686 1601 3741 Dei
1646 3703 1739 3740 na-

164 3789 349 3841 turam,
377 3780 468 3848 qui
502 3777 829 3831 naturaliter
860 3777 1135 3831 invisibilis
1156 3786 1271 3842 est;
1300 3794 1403 3831 non
1442 3778 1537 3830 tibi
1560 3780 1737 3832 statim

162 3868 232 3921 vel
262 3870 479 3937 impium
530 3869 771 3922 videatur
807 3884 951 3934 esse,
998 3868 1079 3923 vel
1115 3870 1404 3923 absurdum
1434 3886 1451 3923 :
1479 3872 1736 3924 rationem

160 3962 337 4029 quippe
402 3962 654 4014 dabimus
706 3972 1080 4032 consequenter
1117 3978 1135 4015 :
1182 3977 1277 4032 pro
1334 3978 1398 4016 eo
1444 3964 1589 4033 quod
1640 3978 1740 4017 nos

162 4054 494 4125 scripsimus,
538 4056 795 4109 rationem
826 4057 1014 4125 quippe
1051 4057 1294 4111 dabimus
1334 4067 1739 4129 consequenter;

162 4144 230 4201 illi
276 4149 623 4218 scripserunt
653 4165 665 4201 :
693 4161 793 4201 non
820 4149 914 4202 tibi
941 4151 1123 4203 statim
1156 4150 1379 4219 impium
1432 4150 1508 4204 uel
1556 4148 1744 4204 absur-

158 4240 280 4294 dum
307 4242 556 4296 videatur
585 4256 693 4294 ess:
712 4281 727 4304 ,
771 4244 899 4311 quia
938 4243 1075 4297 sicut
1104 4242 1274 4298 Filius
1304 4241 1519 4298 Patrem
1544 4258 1647 4296 non
1669 4242 1746 4295 vi-

158 4331 259 4397 det,
282 4334 357 4387 ita
389 4348 485 4387 nec
534 4330 772 4402 Spiritus
797 4344 1014 4389 sanctus
1058 4336 1192 4389 videt
1221 4332 1448 4388 Filium.
1476 4334 1589 4390 Hoc
1616 4333 1661 4389 si
1692 4334 1743 4387 in

160 4421 274 4479 foro
300 4426 521 4494 positus
546 4463 563 4487 ,
604 4425 687 4478 vel
742 4427 978 4495 negotiis
1006 4425 1357 4483 saecularibus
1383 4428 1748 4482 commisisset

158 4512 261 4581 ille,
293 4516 395 4585 qui
413 4516 485 4571 de
530 4518 860 4571 monasterio
894 4513 1147 4583 Romam,
1180 4520 1336 4588 quasi
1373 4516 1741 4573 calumniandi

158 4606 548 4674 peritissimus,
578 4608 776 4662 missus
799 4616 886 4661 est
920 4626 934 4663 :
980 4618 1185 4663 norunt
1209 4624 1425 4674 onmes,
1466 4611 1597 4680 quid
1621 4626 1744 4666 con-

1835 2129 1954 2190 post
2011 2120 2268 2172 accurate
2320 2129 2610 2183 expensam
2664 2114 2826 2167 etiam
2884 2114 3111 2182 ipsinsa
3143 2112 3415 2167 veteribus

1832 2210 2161 2279 descriptam
2191 2206 2477 2262 historiam
2499 2245 2512 2270 ,
2536 2206 2801 2277 judicium
2835 2216 3011 2259 meum
3049 2205 3116 2260 de
3146 2204 3415 2275 theologia“

1833 2302 1951 2372 ejus
1999 2301 2296 2355 nniversim
2334 2298 2543 2365 libere,
2575 2298 2783 2367 absque
2842 2297 3160 2367 cujusquam
3214 2298 3413 2352 invidia

1833 2394 2095 2463 proferre.
2134 2392 2264 2447 Erat
2294 2391 2375 2446 vir
2416 2392 2523 2454 ille,
2556 2400 2617 2445 ut
2650 2402 2845 2445 omnes
2890 2391 3261 2453 consentiunt,
3292 2391 3413 2445 exi-

1835 2488 1939 2541 mie
1967 2486 2186 2556 quidem
2242 2485 2394 2553 pius;
2430 2485 2524 2539 sed
2570 2484 2768 2538 curiosi
2817 2484 3043 2536 nimium
3072 2497 3135 2536 ac
3169 2490 3309 2552 pene
3336 2480 3415 2535 Ia-

1834 2578 2107 2633 scivientis
2154 2578 2371 2649 ingenii.
2410 2577 2591 2631 Pietas
2652 2586 2707 2629 et
2740 2575 2932 2645 religio
2960 2574 3206 2630 cohibuit
3243 2576 3418 2629 homi-

1836 2689 1979 2735 nem,
2012 2687 2121 2743 quo
2170 2672 2352 2726 minus
2386 2671 2440 2725 in
2477 2673 2663 2741 regula
2696 2669 2821 2723 ﬁdei
2858 2667 3033 2738 (cujus
3063 2673 3192 2737 pars
3228 2684 3417 2737 magna

1836 2776 1916 2820 εει
1948 2768 2140 2837 dogma
2168 2767 2233 2819 de
2264 2765 2612 2818 sanctissima
2663 2760 2977 2831 Trinitate),
3020 2760 3311 2831 quidquam
3340 2758 3423 2813 in-

1839 2867 2085 2912 novaret.
2124 2857 2179 2910 In
2221 2856 2345 2909 aliis
2394 2870 2561 2917 vero,
2595 2869 2717 2923 quae
2763 2853 2909 2907 salva
2966 2852 3088 2907 fidei
3142 2851 3320 2922 regula
3369 2854 3420 2905 in‘

1838 2950 2266 3006 controversiam
2301 2949 2485 3003 vocari
2509 2956 2782 3016 poterant,
2813 2947 3039 3000 nimium
3078 2945 3296 3016 ingenio
3321 2954 3423 2999 suo

1840 3043 2145 3113 indulgens,
2186 3057 2290 3095 non
2315 3055 2485 3111 pauca
2520 3038 2740 3108 protulit
2776 3052 2805 3091 a
2832 3036 3191 3091 cdmmuniori
3228 3035 3419 3091 (loeto-

1842 3146 1959 3189 rtnn
1998 3136 2098 3190 sibi
2148 3132 2428 3206 ὁμηλικῶν
2463 3130 2737 3186 sententia
2786 3129 3004 3199 longius
3032 3129 3421 3198 discrepantia.

1843 3228 1959 3282 lluc
1988 3228 2165 3281 refero
2193 3221 2465 3295 paradoxa
2499 3221 2587 3276 illa
2636 3221 2702 3275 de
2733 3221 2926 3274 animae
2964 3216 3420 3289 prmexsistentia,

1842 3321 1908 3374 de
1935 3318 2294 3372 luminaribus
2324 3315 2444 3371 cteli
2496 3312 2753 3368 animatis
2776 3351 2793 3377 ,
2824 3313 2891 3365 de
2923 3310 3146 3364 inﬁnitis
3187 3310 3424 3372 mundis,

1840 3413 1895 3465 et
1929 3410 2150 3465 similia.
2188 3409 2296 3464 Sed
2343 3418 2397 3463 et
2450 3410 2501 3461 in
2555 3407 2641 3461 his
2676 3403 3027 3460 conservavit
3080 3402 3425 3466 modestiam,

1839 3507 1959 3574 qum
1987 3506 2132 3572 p'ium
2158 3503 2379 3566 decuit;
2430 3515 2554 3555 cum
2583 3514 2645 3553 ea
2676 3498 3021 3569 proposuerit
3061 3511 3165 3549 nou
3201 3495 3425 3567 dogma-

1842 3598 1945 3651 tice
1976 3607 2032 3651 et
2066 3603 2470 3657 asseveranter,
2507 3592 2603 3647 sed
2624 3599 2877 3662 tanQuam
2902 3590 3184 3645 veritatem
3205 3589 3259 3643 in
3282 3598 3432 3659 qam-

1842 3688 2111 3745 stionibus
2140 3688 2379 3742 nondum
2409 3685 2666 3742 Ecclesia:
2709 3684 2918 3755 judicio
2944 3696 3204 3754 expresse
3233 3682 3434 3753 jdeﬁni-

1845 3783 1912 3835 tis
1938 3779 2231 3849 diligenter
2265 3781 2569 3848 inquirens.
2601 3780 2716 3845 Qua
2747 3778 2815 3831 de
2860 3791 2918 3831 re
2952 3776 3176 3832 consule
3208 3776 3431 3829 omnino

1841 3872 2106 3941 Pamphili
2140 3871 2449 3942 Apologiam
2478 3912 2493 3937 ,
2527 3872 2579 3925 in
2616 3870 2935 3941 praefatione
2958 3910 2975 3937 ,
3029 3883 3134 3922 non
3176 3868 3331 3938 longe
3362 3871 3434 3921 at;

1844 3966 1998 4019 initio
2035 3964 2169 4035 (44).

1917 4057 1944 4130 ς
1978 4054 2168 4111 XXIII.
2208 4055 2319 4111 Hoc
2340 4065 2581 4111 nostrum
2617 4056 2684 4111 de
2719 4054 2949 4126 Origene
2981 4052 3266 4125 judicium,
3291 4056 3431 4121 prie-

1849 4164 1931 4206 ter
1963 4151 2277 4206 testimonia
2327 4148 2437 4217 jam
2475 4164 2504 4202 a
2554 4146 2710 4203 nobis
2740 4150 2795 4203 in
2826 4150 2929 4204 hoc
2974 4147 3152 4218 capite
3177 4147 3431 4206 adducta,

1847 4241 2018 4299 multa
2052 4241 2156 4295 alia
2187 4240 2535 4295 conﬁrmant.
2582 4234 2767 4294 Primo
2802 4237 3118 4295 defensores
3159 4236 3432 4315 Origeni‘s,

1848 4336 1938 4407 qui
1974 4336 2025 4389 in
2055 4335 2286 4391 articulo
2313 4334 2378 4389 de
2408 4338 2594 4387 sancta
2649 4333 2920 4387 Trinitate
2966 4329 3221 4387 catholici
3256 4328 3432 4392 fuere,

1849 4438 1971 4484 cum
1996 4428 2106 4483 alia
2140 4427 2244 4498 ipsi
2272 4427 2476 4482 tributa
2504 4426 2835 4482 heterodoxa
2860 4426 3079 4496 placita,
3103 4424 3222 4494 (pne
3242 4438 3437 4494 nempe

1851 4524 2010 4580 modo
2033 4520 2602 4583 commemOravimtts,
2678 4536 2783 4575 non
2829 4518 3210 4583 difﬁterentur,
3252 4520 3315 4572 ea
3352 4515 3436 4571 vel

1853 4623 2201 4679 escusantes,
2233 4615 2315 4669 vel
2349 4612 2512 4666 etiam
2555 4612 2909 4667 defendentes
2940 4631 2954 4665 :
2989 4628 3109 4666 cunt
3137 4609 3436 4665 Catholicis

157 4709 479 4769 sequeretur
529 4715 597 4754 ex
651 4699 859 4770 legibus
908 4699 1148 4772 publicis
1185 4701 1450 4771 ejusmodi
1494 4704 1742 4759 criminis
1780 4723 1827 4783 ι)
1857 4716 2035 4760 tamen
2080 4702 2334 4760 omnibus
2364 4703 2430 4757 de
2474 4702 2748 4758 Trinitate
2794 4702 3033 4758 sensisse
3074 4701 3225 4755 illum
3259 4701 3439 4770 ipsum

159 4811 296 4853 reus.
328 4796 491 4852 Nunc
517 4809 649 4848 vero
687 4797 811 4863 quia
861 4793 1374 4851 saeularem‘vitam
1412 4798 1651 4867 reliquit,
1685 4808 1740 4853 et

156 4902 184 4940 ει
217 4884 676 4956 tergiversatione
722 4884 811 4937 illa
859 4897 1083 4940 actuum
1124 4886 1463 4950 publicorum
1511 4888 1577 4941 ad
1635 4904 1750 4942 mo-

157 4980 460 5035 nasterium
493 4992 791 5032 conversus
813 4987 939 5043 est,
974 4985 1031 5033 et
1067 4978 1297 5033 adhaesit
1341 4979 1605 5050 magistro
1648 4994 1748 5033 no-

153 5070 243 5128 bili
274 5089 291 5127 :
326 5075 400 5127 ab
432 5073 556 5141 ipso
591 5072 817 5125 docetur
845 5070 1043 5125 iterum
1098 5086 1195 5134 pro
1230 5072 1494 5125 modestia
1542 5072 1751 5137 furere,

153 5163 435 5233 insanire;
470 5179 572 5233 pro
619 5164 832 5231 quiete.
854 5163 1152 5220 seditiones
1198 5174 1457 5230 movere;
1488 5181 1587 5233 pro
1621 5180 1753 5233 pace

152 5271 374 5312 movere
418 5255 665 5320 bellum;
708 5268 819 5328 pro
870 5255 1163 5310 concordia
1218 5270 1438 5310 movere
1484 5256 1749 5321 dissidia;

151 5349 549 5420 perﬁdus'esse
575 5362 672 5417 pro
710 5348 835 5409 ﬁde,
863 5362 961 5418 pro
996 5350 1225 5402 veritate
1255 5348 1534 5403 falsarius.
1572 5368 1590 5400 ι
1626 5346 1750 5403 Mox

150 5439 352 5496 ibidem
392 5442 467 5495 de
501 5438 727 5495 falsario
766 5439 861 5495 illo
889 5451 1075 5495 narrat
1116 5441 1261 5497 ista:
1301 5459 1319 5493 ι
1360 5440 1494 5497 Cum
1530 5440 1747 5506 falsam,

148 5531 348 5604 inquit,
384 5532 701 5603 huiusmodi
730 5534 1056 5589 sententiam
1093 5535 1235 5603 apud
1269 5532 1628 5588 Mediolanum
1658 5550 1743 5586 re-

145 5626 376 5692 citaret,
404 5635 468 5680 et
489 5639 521 5680 a
552 5640 661 5688 me,
710 5641 831 5696 quae
859 5628 1311 5699 exigebautfalsa
1345 5643 1465 5684 esse
1497 5629 1740 5682 diceren-

148 5724 266 5785 tur;
299 5718 680 5788 interrogatus
702 5734 733 5774 a
768 5735 877 5791 quo
926 5722 1229 5791 accepisset
1263 5722 1593 5792 exemplaria
1621 5762 1636 5788 ,
1662 5737 1745 5777 re-

218 5836 340 5908 (ιὸ)
372 5835 729 5916 ιιιιεερρεηι
757 5840 983 5905 Hieron.
1011 5843 1143 5899 edit.
1180 5842 1475 5901 Martianzei
1507 5856 1635 5902 tom.
1657 5847 1746 5916 ιν,

169 5918 316 5976 part.
336 5923 404 5973 ιι,
429 5922 489 5975 ρ.
515 5909 639 5964 572.

247 5976 374 6050 (Μ)
415 5977 555 6037 Vide
593 5991 649 6038 et
677 5981 854 6053 ﬂuetii
881 5982 1309 6055 Origeniandibi
1336 6002 1398 6055 ιιι
1436 5997 1628 6057 quiest.
1655 5988 1749 6057 lt,

1855 4795 2146 4867 Origenem
2203 4800 2404 4851 acriter
2437 4796 2859 4851 contenderunt.
2898 4793 3008 4849 Hac
3047 4796 3259 4848 ratione
3304 4793 3431 4848 Ori-

1858 4906 2046 4961 genem
2074 4889 2379 4944 defendisse
2406 4886 2746 4956 Pamphilum
2791 4895 3109 4957 martyrem,
3149 4898 3201 4940 et
3230 4902 3439 4957 anony-

1858 4999 2001 5039 mum
2026 4982 2379 5052 apologistam
2415 4982 2559 5047 apud
2590 4978 2841 5033 Photium
2875 4979 3033 5046 paulo
3080 4990 3205 5032 ante
3254 4987 3437 5032 osten-

1858 5077 2057 5133 dimus.
2107 5073 2479 5140 Eatndetnque
2509 5074 2649 5126 viatn
2698 5072 2921 5125 inivisse
2950 5071 3001 5124 in
3055 5086 3151 5123 sua
3185 5069 3437 5137 Origenis

1860 5156 2173 5225 defensio-ne
2210 5166 2494 5235 Didymnm
2534 5163 2959 5217 Aleiandrinutn
3008 5164 3185 5215 Virum
3241 5163 3444 5229 pietate

1859 5274 1911 5318 et
1931 5262 2237 5317 eruditione
2268 5258 2560 5327 insignem,
2589 5265 2643 5312 et
2672 5254 2903 5310 Nicmnte
2938 5255 3057 5307 lidei
3108 5253 3440 5308 constantis-

1858 5356 2054 5412 simum
2092 5356 2593 5422 propugnatorem,
2644 5358 2834 5401 auctor
2889 5355 2971 5399 est
3007 5346 3118 5415 ipse
3174 5342 3439 5414 Hierony-

1861 5464 1981 5505 ntus
2018 5446 2155 5517 (45),
2209 5424 2571 5513 σιυίθΑροιοθ.
2619 5442 2824 5495 advers.
2872 5436 3077 5507 Ruﬁn.,
3112 5436 3206 5491 lib.
3258 5452 3317 5501 tt,
3364 5437 3445 5490 sic

1860 5545 2037 5612 ipsum
2067 5537 2321 5592 Ruﬁnum
2346 5534 2683 5603 alloquitur:
2723 5534 2744 5585 ό
2789 5532 2953 5599 Quid,
2985 5529 3181 5599 inquit,
3214 5544 3443 5599 reSpon~

1863 5634 2014 5690 dehis
2038 5647 2137 5703 pro
2169 5630 2399 5700 Didymo
2427 5668 2442 5694 ,
2462 5630 2555 5698 qui
2582 5636 2728 5684 certe
2757 5628 2810 5682 in
2840 5616 2882 5681 Τ
2889 5626 3107 5680 rinitate
3130 5622 3447 5679 Catholicus

1864 5723 1993 5781 est?
2039 5722 2195 5789 cujus
2221 5721 2384 5776 etiam
2421 5735 2524 5776 nos
2554 5721 2621 5777 de
2656 5719 2864 5789 Spiritu
2907 5728 3097 5774 sancto
3146 5718 3342 5772 librum
3392 5717 3445 5771 in

1871 5861 1990 5916 cap.
2033 5847 2088 5910 3,
2129 5859 2277 5900 num.
2306 5842 2363 5895 ll
2410 5851 2465 5896 et
2496 5843 2584 5910 12,
2615 5859 2666 5913 p.
2692 5839 2819 5896 255.
3335 5904 3347 5915 θ

1943 5916 2053 5942 ,ιω
2088 5912 2417 5942 ...η-Ληη..
2452 5912 2648 5942 u:........
2737 5924 2844 5942 .n...
2893 5907 2961 5942 IV
3008 5908 3113 5942 Mn.
3192 5905 3347 5942 ιιορι.

1942 5905 2228 5987 (45)]ηιει*
2247 5905 2697 5987 Qperajliero'nq
2737 5924 2868 5969 tom.
2893 5907 2961 5966 ιγ
3008 5908 3141 5967 edit.
3192 5905 3450 5965 Martia!”

1870 5982 2011 6061 part.
2038 5982 2101 6056 tt,
2140 6001 2196 6058 p.
2228 5984 2355 6053 408,
2384 5982 2511 6040 409.-
2750 6002 2761 6009 ’
