3926 6518
443 491 595 546 {3'37

1867 475 2289 533 EXCERPTUM

3580 462 3708 517 1528

443 609 692 663 l.atinam
720 605 958 676 linguam
1000 601 1309 657 vertimus?
1337 601 1496 656 Certe
1535 599 1624 653 hic
1663 597 1716 652 in
1755 597 1841 652 his
1865 635 1881 661 ,
1909 611 2029 666 qum
2058 608 2105 660 Α
2136 593 2371 650 hominis
2428 592 2600 646 salute
2670 600 2991 655 perpessus,
3048 590 3278 637 mortem
3350 594 3452 649 pro
3520 578 3710 632 homi-

441 703 510 756 ab
539 699 808 755 haereticis
837 698 889 752 in
917 695 1171 775 Origenis
1198 694 1459 765 operibus
1506 692 1697 747 addita
1722 699 1870 755 sunt,
1898 705 2030 743 con-

442 793 646 849 sentire
679 806 784 846 non
821 791 997 861 potuit
1030 811 1041 845 :
1075 800 1131 842 et
1161 789 1216 843 in
1246 787 1381 859 ipsis
1424 786 1564 855 Περὶ
1610 784 1841 855 ἀρχῶν,
1897 798 2034 854 quos

445 896 501 939 tu
533 884 922 954 interpretatus
948 898 1030 945 es,
1071 882 1223 937 libris
1251 883 1444 937 breves
1483 880 1711 935 dictavit
1759 892 2035 933 commen-

448 976 667 1031 tariolos
695 1020 710 1044 ,
761 976 957 1046 quibus
988 991 1094 1029 non
1133 984 1360 1045 negaret
1400 975 1470 1028 ab
1514 970 1751 1044 Origene
1778 973 1984 1041 scripta
2015 1009 2032 1035 ,

446 1084 565 1139 quae
596 1069 797 1137 scripta
828 1078 991 1132 sunt,
1021 1068 1114 1123 sed
1147 1082 1247 1123 nos
1295 1067 1580 1139 simplices
1626 1066 1877 1121 homines
1927 1080 2031 1119 non

446 1174 604 1230 posse
654 1161 960 1232 intelligere
1011 1176 1131 1229 qua:
1173 1161 1477 1216 dicuntur:
1511 1170 1568 1216 et
1614 1175 1724 1230 quo
1773 1174 1938 1215 sensu
1981 1160 2035 1213 in

449 1254 643 1306 bonam
667 1254 1077 1322 partem'accipi
1110 1253 1368 1316 debeant,
1402 1256 1734 1323 persuadere
1774 1262 2035 1308 conatur.

448 1343 562 1400 Hoc
590 1345 855 1400 duntaxat
891 1347 958 1400 de
994 1345 1133 1401 Filio
1173 1356 1229 1400 et
1257 1347 1466 1417 Spiritu
1520 1354 1737 1403 sancto.
1763 1344 2034 1401 Caeterum

449 1439 503 1490 in
554 1436 675 1491 aliis
715 1438 1063 1509 dogmatibus
1110 1449 1165 1494 et
1194 1438 1464 1494 Eusebius
1497 1449 1553 1494 et
1576 1438 1843 1508 Didymus
1870 1451 2037 1507 aper—

450 1530 658 1585 tissime
706 1530 756 1583 in
792 1530 1045 1601 Origenis
1076 1532 1216 1586 scita
1269 1531 1580 1586 concedunt
1608 1544 1623 1583 :
1657 1538 1714 1584 et
1746 1528 1893 1600 quod
1921 1542 2040 1582 om-

449 1638 547 1676 nes
576 1621 834 1677 Ecclesiae
889 1624 1182 1693 reprobant
1207 1662 1222 1689 ,
1286 1622 1568 1679 Catholice
1615 1630 1675 1677 et
1709 1621 1797 1690 pie
1833 1620 2038 1675 dictum

448 1730 569 1770 esse
597 1714 912 1769 defendunt.
950 1734 969 1768 ι
999 1715 1196 1770 Notatu
1243 1730 1460 1785 quoque
1490 1715 1654 1785 digna
1689 1720 1819 1768 sunt
1848 1712 1916 1767 de
1944 1710 2040 1764 Ba-

453 1805 576 1860 silio
602 1803 795 1874 Magno
834 1813 889 1859 et
913 1802 1178 1876 Gregorio
1206 1804 1555 1860 Nazianzeno
1581 1804 1753 1858 verba
1792 1801 2044 1857 Socratis

451 1895 661 1949 uiator.
712 1896 895 1949 ποίει.
947 1896 1037 1951 lib.
1092 1913 1164 1957 tv,
1218 1912 1337 1966 Cap.
1368 1896 1425 1959 6,
1452 1894 1667 1961 Καίτοι,
1698 1894 1895 1965 inquit,
1932 1892 2041 1946 τῶν

465 1983 754 2057 Ἀρειανῶν
798 1983 865 2036 τὰ
906 1984 1215 2057 Ὠριγὲνους
1257 1984 1435 2055 βιϐλία
1485 1985 1565 2047 είς
1604 1984 1929 2055 μαρτυρίαν,
1967 1984 2043 2048 ὡς

451 2078 644 2149 (paveo,
671 2074 763 2128 τοῦ
796 2076 925 2128 ἰδίου
944 2077 1251 2130 καλούντων
1276 2078 1564 2149 δόγματος,
1610 2077 1766 2131 αὐτοὶ
1814 2075 2043 2147 ἐξήλεγ-

456 2192 570 2246 χον,
602 2178 696 2231 καὶ
727 2176 997 2230 ἐδείκνυον
1028 2172 1105 2245 μὴ
1132 2174 1429 2244 νοήσαντας
1460 2171 1554 2224 τοῦ
1584 2172 1890 2243 Ὠριγενους
1914 2170 2043 2223 σύν-

456 2287 596 2335 εσιν,
629 2271 681 2325 id
711 2281 817 2334 est,
846 2290 865 2321 ι
902 2270 967 2324 Et
1004 2268 1254 2339 quamvis
1291 2266 1476 2320 Ariani
1506 2266 1673 2320 libros
1699 2265 1948 2334 Origenis
1978 2263 2044 2317 ad

460 2362 728 2431 dogmatis
768 2361 884 2423 sui,
923 2368 979 2412 ut
1030 2357 1311 2427 putabant,
1361 2355 1833 2411 confirmationem
1876 2355 2046 2409 addu-

454 2464 679 2519 cerent;
730 2454 802 2508 illi
858 2466 1037 2508 tamen
1089 2466 1185 2507 eos
1238 2449 1671 2517 redarguerunt,
1706 2458 1763 2504 et
1796 2445 2047 2519 Origeuis

455 2546 758 2601 doctrinam
811 2547 880 2599 ab
918 2545 983 2599 iis
1032 2556 1373 2613 nequaquam
1422 2540 1655 2611 intelligi
1702 2540 2047 2595 demonstra-

457 2648 604 2693 runt.
646 2658 664 2691 ι
726 2635 1018 2700 Secundo,
1051 2634 1388 2703 antiquiores
1433 2630 1687 2703 Origenis
1734 2631 1941 2685 inimici
1992 2641 2049 2684 et

456 2730 756 2785 adversarii
791 2727 1051 2797 praecipui
1078 2768 1093 2791 ,
1122 2726 1212 2796 qui
1245 2727 1312 2780 de
1339 2724 1463 2779 aliis
1492 2723 1761 2778 acerrime
1798 2732 1853 2778 et
1877 2721 2046 2777 incle-

455 2832 669 2877 menter
722 2822 887 2875 nimis
934 2820 1111 2890 ipsum
1162 2819 1552 2888 exagitarunt,
1602 2815 1672 2870 de
1706 2814 1886 2884 aliqua
1932 2815 2048 2882 ejus

472 2914 666 2969 hmresi
698 2914 843 2968 circa
885 2909 1171 2965 Trinitatis
1197 2910 1391 2978 dogma
1424 2909 1537 2964 fere
1588 2907 1879 2963 siluerunt.
1913 2905 2046 2959 Nam

458 3006 716 3064 Socrates
754 3003 902 3059 lfist.
951 3004 1132 3058 eccles.
1166 3002 1259 3055 lib.
1291 3016 1365 3068 vr,
1392 3015 1511 3070 cap.
1543 3000 1611 3054 l3
1633 3040 1649 3064 ,
1687 3000 1753 3054 de
1781 2998 2050 3067 primariis

464 3099 721 3171 Origenis
752 3097 1163 3153 accusatoribus
1191 3134 1207 3159 ,
1255 3093 1535 3148 Methodio
1582 3106 1804 3161 nempe,
1857 3090 2053 3144 Eusta-

475 3194 612 3257 thio,
648 3191 950 3262 Apollinari
1002 3199 1056 3243 et
1091 3186 1394 3257 TheOphilo
1451 3184 1608 3253 (quos
1640 3180 1863 3238 liberius
1902 3182 2050 3235 locu-

464 3294 553 3337 tus
581 3281 895 3350 κακολόγων
922 3275 1223 3348 τετρακτύν
1258 3292 1276 3325 ι
1321 3273 1703 3328 maledicorum
1737 3268 2052 3339 qualeruiu-
2076 3308 2119 3363 Ο

459 3392 583 3433 nem
616 3396 633 3427 ι
672 3372 994 3442 nuncupat),
1025 3386 1194 3442 agens
1224 3409 1240 3433 ,
1271 3367 1390 3422 hac
1423 3367 1490 3420 de
1537 3365 1671 3435 ipsis
1707 3363 2049 3418 animadver-

458 3468 525 3522 tit
556 3484 571 3522 :
615 3463 757 3534 Ἐγὼ
786 3463 843 3517 δέ
878 3480 953 3525 τι,
979 3461 1179 3529 inquit,
1215 3456 1309 3511 καὶ
1353 3454 1513 3508 πλέον
1570 3456 1635 3507 ὲκ
1686 3453 1784 3524 τῆς
1830 3448 2054 3504 ἐκείνων

458 3558 750 3620 αἰτιάσεως
779 3557 858 3619 εἰς
886 3553 1144 3608 σύστασιν
1174 3547 1481 3621 Ὠριγένους
1502 3544 1679 3616 φημί·
1708 3544 1758 3597 oi.
1778 3542 1888 3614 γὰρ
1904 3540 2055 3611 κινή-

461 3667 651 3714 σαντες
715 3650 925 3717 ὅσαπερ
944 3646 1114 3717 ᾧοντο
1149 3641 1419 3714 μέμψεως
1443 3636 1604 3703 ἄξια,
1637 3636 1704 3689 δι’
1737 3626 1833 3701 ὧν,
1857 3636 1934 3697 ὡς
1959 3651 2055 3686 κα-

460 3741 576 3806 κῶς
614 3738 907 3807 δοξάζοντα
963 3736 1091 3809 περὶ
1136 3735 1235 3805 τῆς
1290 3730 1453 3801 ἁγίας
1516 3728 1746 3800 Τριάδος
1786 3725 1895 3780 οὐδ’
1920 3725 2055 3789 ὅλως

462 3832 801 3906 ἐμέμψαντο,
856 3828 1166 3883 δείκνυνται
1224 3822 1540 3896 περιφανῶς
1566 3822 1665 3895 τὴν
1707 3819 1875 3893 ὀρθὴν
1903 3819 2058 3872 εὐσέ-

462 3926 617 3980 ϐειαν
649 3921 1057 3997 μαρτυροῦντες
1086 3917 1260 3989 αὐτῷ,
1293 3919 1343 3972 id
1373 3927 1492 3980 est,
1530 3933 1549 3966 ι
1581 3914 1690 3986 Ego
1723 3929 1851 3968 vero
1884 3928 1950 3966 ex
1993 3910 2054 3965 il-

462 4019 637 4073 lorum
667 4012 1091 4087 reprehensione
1136 4012 1338 4081 aliquid
1393 4008 1623 4079 amplius
1678 4005 1939 4061 accedere
1989 4004 2057 4058 ad

462 4105 991 4166 commendationem
1016 4100 1265 4173 Origenis
1298 4099 1525 4156 afﬁrmo.
1556 4098 1769 4154 Etenim
1816 4097 1907 4166 qui
1941 4111 2058 4151 om-

463 4202 553 4257 nia
585 4201 821 4271 undique
859 4196 1325 4268 conqnisiverunt,
1357 4208 1476 4264 qua:
1520 4191 1947 4263 reprehensione
1977 4189 2059 4243 di-

464 4309 569 4365 gna
597 4290 1011 4355 existimabant,
1047 4290 1080 4344 ii
1112 4299 1263 4344 certe
1297 4303 1420 4342 cum
1449 4286 1600 4340 illum
1631 4284 1855 4338 minime
1886 4296 2062 4350 repre-

467 4385 759 4441 henderint
810 4395 1065 4453 tanquam
1103 4383 1170 4437 de
1204 4379 1470 4434 Trinitate
1500 4376 1638 4433 male
1691 4375 2015 4432 sentientem
2040 4411 2059 4440 ,

469 4487 634 4532 rectae
666 4493 731 4532 ac
778 4478 1007 4532 sincera:
1040 4476 1257 4546 pietatis
1290 4474 1660 4530 testimonium
1694 4475 1743 4527 ei
1780 4471 2062 4542 perhibere

483 4566 930 4623 manifestissime
960 4569 1374 4622 convincuntur.
1426 4586 1445 4619 ι
1489 4566 1819 4635 Theophilus
1844 4566 2060 4635 quidem

2138 686 2220 740 nis
2277 686 2582 739 aeternitate
2633 688 2941 749 gustasset,
3007 675 3080 730 ita
3148 680 3293 727 esset
3363 670 3560 726 eodem
3628 684 3711 723 or-

2138 778 2262 831 dine
2336 772 2607 846 passionis
2674 772 2838 825 etiam
2918 766 3191 823 diabolum
3272 761 3709 831 redempturus:

2136 870 2261 941 quia
2318 870 2420 924 hoc
2457 864 2686 922 bonitati
2713 863 2855 917 illius
2895 860 3189 931 pietatique
3242 865 3608 927 congrueret,
3663 864 3715 908 ut

2136 964 2226 1033 qni
2276 960 2541 1033 perditum
2594 955 2871 1011 hominem
2945 951 3342 1015 reformasset,
3411 947 3714 1018 prolapsum

2138 1070 2354 1126 quoque
2402 1050 2651 1123 angelum
2710 1048 2985 1103 liberaret.
3043 1062 3063 1095 ι
3114 1042 3173 1098 Si
3224 1040 3564 1098 constitisset
3614 1047 3721 1093 tam

2140 1151 2302 1221 impie
2365 1147 2603 1203 sensisse
2662 1141 2954 1212 Origeuem
3008 1139 3077 1194 de
3134 1136 3395 1208 primario
3456 1132 3718 1189 Christia-

2141 1240 2297 1295 nistni
2354 1238 2533 1308 capite
2568 1275 2587 1301 ,
2652 1248 2849 1305 nempe
2902 1232 2970 1287 de
3021 1229 3123 1286 SS.
3177 1228 3449 1283 Trinitate
3488 1266 3506 1290 ,
3564 1235 3721 1293 atque

2140 1333 2500 1404 Hieronymus
2524 1329 2724 1399 aliique
2764 1325 3167 1390 obtenderuut;
3205 1335 3337 1377 sane
3380 1318 3723 1387 Theophilus

2140 1441 2262 1480 cum
2294 1437 2403 1478 sua:
2427 1420 2597 1491 partis
2624 1417 2934 1488 episcopis,
2967 1414 3060 1484 qui
3098 1426 3292 1468 omnes
3332 1410 3568 1479 angulos
3601 1408 3725 1462 scri-

2141 1529 2354 1588 ptorum
2388 1509 2639 1584 Origenis
2673 1511 2857 1565 rimati
2880 1518 3026 1572 sunt,
3059 1516 3116 1561 ut
3141 1503 3513 1561 accusationis
3536 1514 3733 1555 ansam.

2154 1610 2496 1673 invenirent,
2538 1606 2775 1674 illudque
2825 1601 3077 1672 inprimis
3144 1598 3195 1654 in
3249 1597 3432 1651 animo
3472 1594 3724 1651 habuisse

2143 1703 2395 1756 videntur
2443 1709 2503 1753 ut
2528 1695 2910 1751 Adamantium
2935 1692 3112 1763 (cujus
3158 1689 3489 1745 auctoritate
3538 1696 3724 1742 contra

2143 1796 2442 1851 Ecclesiam
2475 1791 2687 1847 factiosi
2720 1788 2971 1844 monachi
3022 1784 3407 1853 abuterentur)
3452 1782 3511 1836 in
3560 1780 3725 1835 maxi-

2146 1904 2292 1943 mum
2325 1886 2603 1942 hominum
2646 1882 2832 1937 odium
2863 1881 3219 1942 inducerent,
3257 1879 3418 1933 istam
3461 1875 3726 1945 prmeipue

2075 1959 2116 2013 Β
2146 1983 2265 2050 eius
2288 1978 2539 2036 haresim
2570 1975 2748 2047 palam
2796 1974 3052 2029 omnibus
3097 1970 3515 2041 exposuissent;
3549 1974 3729 2036 utpote

2144 2088 2265 2143 quae
2293 2086 2356 2126 ea
2385 2079 2545 2125 aetate
2572 2082 2687 2139 pra:
2711 2066 2836 2121 aliis
2863 2066 3119 2120 omnibus
3158 2062 3464 2119 hseresibus
3503 2060 3728 2114 maxime

2147 2161 2308 2230 idque
2331 2157 2458 2227 jure
2486 2155 2680 2211 merito
2708 2150 3009 2208 Catholicis
3050 2164 3216 2205 exosa
3253 2148 3377 2203 fuit.
3423 2146 3535 2203 Sed
3566 2144 3728 2215 probe

2147 2259 2349 2307 norunt
2370 2249 2617 2304 homines
2645 2243 2796 2301 cauti
2843 2243 3003 2298 istam
3046 2239 3489 2296 criminationem
3518 2238 3589 2291 ab
3623 2234 3730 2290 Ori-

2146 2346 2298 2414 genis
2322 2340 2704 2398 defensoribus
2734 2335 2995 2391 facillime
3024 2332 3273 2403 potuisse
3296 2328 3475 2385 refelli
3497 2344 3566 2383 ex
3604 2327 3743 2397 ipsis

2145 2438 2398 2509 Origenis
2426 2428 2647 2505 scriptis
2674 2427 2993 2487 indubitatis
3013 2444 3031 2494 ;
3052 2424 3282 2496 proinde
3306 2422 3482 2493 ipsam
3514 2430 3731 2492 printer-

2150 2532 2449 2595 mittentes,
2478 2527 2549 2582 de
2579 2525 2704 2580 aliis
2728 2521 3022 2592 capitibus,
3072 2517 3129 2572 in
3173 2515 3375 2587 quibus
3422 2513 3733 2571 Chalcente-

2151 2640 2242 2680 rus
2271 2622 2415 2678 haud
2450 2623 2524 2677 ita
2575 2617 2737 2674 facile
2770 2613 2996 2683 defendi
3043 2619 3291 2683 poterat,
3337 2607 3731 2663 accusationem

2148 2732 2301 2774 suam
2338 2714 2609 2785 praecipue
2635 2709 3014 2765 instituerunt.
3052 2703 3218 2759 Addit
3252 2698 3457 2757 ibidem
3505 2698 3731 2753 Severus

2148 2814 2291 2881 quod
2320 2808 2547 2879 Origeni
2607 2806 2660 2860 in
2717 2803 2811 2857 illo
2862 2798 3091 2856 concilio
3141 2793 3415 2864 obiectum
3469 2790 3603 2857 fuit,
3641 2803 3731 2843 sua

2154 2901 2425 2960 sententia
2474 2912 2706 2954 errorem
2737 2894 2926 2958 fuisse,
2954 2908 3061 2948 non
3091 2890 3370 2944 heresim:
3397 2886 3551 2956 atqui
3592 2882 3734 2939 Aria-

2168 3012 2299 3050 uum
2350 2997 2538 3064 dogma
2580 3005 2679 3060 pro
2726 2987 2919 3043 Itmresi
2983 2981 3431 3057 pestilentissima
3482 2978 3733 3033 habuisse

2152 3091 2411 3144 Severum
2440 3092 2691 3149 constat;
2747 3082 3063 3149 neutiquam
3120 3077 3288 3147 igitur
3336 3070 3636 3128 Arianismi
3684 3069 3732 3123 in

2152 3178 2507 3239 conciliabnlo
2537 3178 2642 3232 isto
2688 3172 3025 3244 arguebatur
3047 3170 3333 3238 Origenes.
3382 3162 3603 3227 Tertio,
3642 3162 3732 3215 ob-

2153 3260 2517 3332 servationem
2559 3278 2837 3324 merentur
2857 3304 2877 3332 ,
2906 3279 3030 3335 qua:
3054 3261 3326 3318 Eusebius
3374 3256 3525 3312 Hist.
3559 3255 3729 3311 eccfa.

2156 3372 2252 3424 lib.
2285 3383 2359 3432 vi,
2391 3380 2509 3435 cap.
2536 3363 2571 3417 2
2591 3404 2608 3427 ,
2638 3361 2739 3416 sub
2783 3358 2978 3424 ﬁnem,
3027 3359 3096 3411 de
3145 3351 3458 3410 constantia
3496 3348 3733 3419 Origcnis

2162 3466 2214 3518 in
2247 3461 2551 3515 orthodoxa
2600 3455 2706 3509 fide
2745 3452 3029 3508 retinenda
3078 3456 3309 3513 narrat,
3350 3446 3471 3502 hac
3514 3442 3732 3511 subjun-

2156 3562 2287 3618 gens
2305 3564 2320 3598 :
2336 3542 2643 3604 Φυλάττων,
2672 3538 2869 3610 inquit,
2899 3536 2959 3601 se
2977 3535 3059 3588 ἔτι
3076 3533 3265 3596 παιδὸς
3288 3530 3495 3585 κανόνα
3523 3528 3738 3597 Ἐκκληο

2158 3641 2309 3702 σίας,
2343 3632 2755 3708 βδελυττόμενος
2797 3648 2859 3683 τε
2895 3629 2972 3693 ὡς
3010 3627 3160 3698 αὐτῷ
3209 3623 3417 3698 ῥήματί
3462 3624 3594 3694 φησί
3640 3637 3749 3685 που,

2156 3733 2339 3797 αὐτὸς,
2371 3730 2471 3794 τὰς
2500 3727 2609 3782 τῶν
2640 3724 2903 3797 αἱρέσεων
2931 3719 3301 3784 διδασκαλίας,
3336 3720 3392 3773 id
3425 3729 3529 3783 est,
3574 3738 3592 3767 ε
3627 3717 3737 3770 Ser.

2161 3839 2293 3878 vanis
2341 3820 2599 3876 Ecclesiae
2646 3816 2887 3886 regulam
2912 3816 3027 3884 jam
3072 3815 3197 3869 inde
3238 3829 3270 3867 a
3334 3829 3525 3883 puero,
3572 3825 3642 3876 et,
3684 3820 3737 3865 ut

2161 3919 2387 3987 ipsemet
2412 3911 2609 3968 alicubi
2650 3909 2923 3980 loquitur,
2970 3907 3258 3962 baresium
3296 3906 3575 3960 doctrinas
3616 3904 3736 3958 abo-

2161 4011 2396 4064 minaris.
2429 4026 2448 4058 ι
2474 4004 2619 4060 Sane
2651 4016 2809 4060 nemo
2836 4001 2889 4056 in
2920 3988 3155 4055 historia
3173 3998 3547 4053 ecclesiastica
3572 4011 3735 4051 versa-

2160 4108 2249 4155 tus
2276 4098 2486 4153 nescire
2524 4103 2724 4167 potest,
2762 4091 3057 4162 Origenem
3085 4105 3185 4160 pro
3227 4089 3498 4144 catholica
3526 4088 3628 4143 fide
3652 4088 3730 4141 adi

2162 4205 2354 4245 versus
2380 4189 2772 4243 subnascentes
2798 4199 2896 4238 sua
2928 4193 3089 4238 tetate
3123 4182 3365 4235 haereses
3404 4193 3737 4250 quascunque

2164 4280 2481 4350 primarium
2509 4294 2575 4334 ac
2605 4276 2744 4347 petie
2775 4293 2993 4333 unicum
3014 4277 3183 4333 fuisse
3210 4276 3473 4332 Ecclesia:
3498 4277 3735 4348 pugilem.

2164 4375 2388 4430 Scilicet
2419 4373 2852 4444 quotiescunque
2883 4381 2939 4427 et
2973 4370 3287 4439 ubicunque
3309 4371 3547 4425 surrexit
3575 4371 3735 4423 barre-

2166 4471 2307 4523 ticus
2336 4466 2559 4535 aliquis,
2586 4467 2680 4536 qui
2713 4475 2990 4535 receptam
3023 4465 3075 4519 iit
3112 4463 3355 4519 Ecclesia
3385 4464 3552 4518 fidem
3588 4471 3739 4516 ausus

2165 4572 2248 4615 est
2277 4561 2629 4631 impugnare,
2671 4574 2799 4614 mox
2843 4559 2915 4611 ad
2962 4572 3134 4613 unum
3180 4557 3473 4628 Origenein
3515 4567 3739 4612 recurre.

468 4662 831 4733 Epistolarum
874 4661 1203 4730 paschalium
1247 4666 1313 4716 ab
1347 4660 1675 4730 Hieronymo
1725 4658 1916 4713 Latine
1944 4672 2065 4712 ver-
2100 4661 2141 4714 D
2173 4656 2353 4719 batur,
2380 4653 2471 4722 qui
2494 4652 2647 4708 velut
2676 4652 2814 4706 alter
2840 4649 3040 4716 David,
3063 4649 3377 4706 Goliathum
3410 4650 3559 4703 illum
3591 4661 3737 4703 exoro

472 4772 657 4810 sarum
691 4795 707 4820 ,
758 4771 877 4825 qua:
927 4765 1039 4809 tum
1094 4754 1145 4807 in
1188 4768 1380 4823 magna
1420 4751 1755 4807 Bibliotheca
1793 4750 2057 4816 Patrum,

472 4860 584 4901 tuin
616 4849 757 4902 inter
803 4864 967 4917 opera
1022 4846 1336 4917 Hieronymi
1369 4847 1531 4901 hodie
1557 4855 1794 4907 exstant,
1831 4844 2058 4914 epistola

470 4937 643 5006 prima
692 4938 761 5007 (si
819 4939 950 4992 fides
1002 4937 1332 5007 Hieronymo
1378 4936 1623 4990 habenda
1664 4936 1758 5005 sit)
1813 4934 2060 5003 qna-clam

472 5029 720 5100 Origenis
759 5026 938 5084 errata
989 5031 1056 5084 ile
1092 5028 1360 5083 Trinitate
1413 5029 1779 5099 reprehendit.
1818 5027 1925 5081 Sed
1961 5028 2063 5081 ista

474 5122 623 5176 nullo
673 5123 890 5192 negotio
923 5121 1051 5176 dilui
1099 5121 1427 5189 potuissent,
1474 5120 1521 5175 si
1572 5120 1638 5175 iis
1663 5135 1805 5174 nunc
1833 5134 2063 5173 vacare-

474 5229 616 5267 tnus.
660 5212 1050 5268 Certe-autem
1078 5206 1351 5283 Sulpicius
1390 5214 1648 5278 Severus,
1675 5212 1898 5283 optione
1936 5210 2060 5265 fidei

474 5305 789 5373 historicus,
818 5304 1021 5374 Dialog.
1059 5322 1097 5371 ι,
1122 5321 1244 5376 cap.
1284 5306 1343 5371 3,
1386 5304 1667 5360 historiam
1701 5303 1941 5367 concilii,
1971 5317 2066 5374 per

476 5394 839 5464 Theophilum
867 5396 983 5451 suis
1014 5393 1347 5464 temporibus
1375 5395 1635 5448 adversus
1663 5391 1913 5463 Origenis
1936 5392 2068 5447 scri-

474 5500 566 5558 pta
593 5489 931 5559 congregati,
991 5496 1222 5542 narrans
1251 5530 1264 5553 ,
1315 5489 1427 5542 haec
1458 5487 1651 5542 scribit
1680 5505 1693 5540 :
1729 5504 1747 5538 ι
1805 5482 1941 5541 Cum
1996 5486 2065 5540 ab

475 5579 745 5651 episcOpis
780 5588 1037 5650 excerpta
1088 5581 1141 5635 in
1170 5576 1325 5635 libris
1363 5580 1509 5636 illius
1540 5580 1708 5634 multa
1738 5581 2063 5649 legerentur,

480 5687 604 5739 qute
648 5683 841 5727 contra
882 5672 1209 5728 catholicam
1243 5670 1400 5727 ﬁdem
1431 5674 1634 5744 scripta
1667 5684 1959 5735 constaret,
1991 5674 2069 5727 lo-

479 5778 576 5817 cus
617 5763 706 5817 ille
726 5764 809 5819 vel
832 5765 1123 5819 maximam
1165 5767 1391 5835 parabat
1426 5766 1712 5831 invidiam,
1741 5767 1791 5818 in
1823 5780 1939 5835 quo
1962 5766 2069 5819 edi-

482 5864 597 5909 tum
642 5856 940 5926 legebatur,
976 5859 1102 5927 quia
1153 5857 1417 5913 Dominus
1447 5855 1609 5911 Jesus
1638 5900 1651 5923 ,
1683 5859 1824 5911 sicut
1856 5874 1950 5926 pro
1980 5871 2064 5910 re-

484 5948 788 6018 demptione
825 5950 1058 6005 hominis
1097 5952 1148 6006 in
1197 5962 1361 6007 carne
1393 5951 1627 6008 venisset
1664 5991 1679 6018 ,
1714 5966 1928 6007 crucem
1970 5966 2069 6020 pro

2164 4749 2334 4801 citum
2366 4746 2580 4801 Domini
2630 4745 3027 4801 conviciantem
3074 4743 3236 4797 funda
3288 4758 3385 4797 sua
3431 4743 3736 4797 adoriretur.

2166 4837 2277 4891 lino
2304 4837 2371 4889 ad
2410 4835 2727 4905 huiusmodi
2767 4836 3106 4899 certamina,
3150 4849 3261 4902 pra:
3294 4835 3538 4890 veritatis
3572 4844 3742 4886 amore

2166 4940 2216 4985 et
2246 4929 2363 4983 zelo
2390 4930 2471 4999 (in
2496 4931 2599 4984 hoc
2629 4929 2799 4983 etiam
2826 4926 3015 4981 Davidi
3040 4927 3257 4996 similis)
3296 4941 3422 4980 sese
3453 4926 3589 4980 ultro
3616 4919 3737 4977 offe-

2168 5024 2340 5077 rebat.
2378 5021 2649 5092 Equidem
2702 5036 2862 5076 nemo
2891 5034 3130 5088 unquam
3159 5020 3333 5088 magis
3367 5034 3534 5089 quam
3562 5016 3737 5085 Orige-

2170 5130 2269 5169 nes
2295 5116 2403 5168 dici
2446 5114 2648 5168 inseruit
2695 5113 2941 5168 omnium
2986 5112 3368 5181 beneﬁcorum
3403 5110 3640 5165 malleus.
3660 5103 3735 5160 Ad

2172 5208 2448 5261 immotam
2480 5215 2669 5260 autem
2715 5205 2840 5260 fidei
2886 5204 3133 5274 regulam
3162 5203 3445 5272 pertinere
3474 5202 3658 5269 dogma
3681 5196 3740 5247 de

2170 5317 2299 5354 vera
2349 5298 2469 5354 Filii
2496 5298 2806 5363 divinitate,
2838 5312 3054 5366 semper
3084 5279 3352 5365 judicavit
3375 5292 3631 5350 catltolica
3652 5288 3741 5341 [tit-

2169 5394 2361 5448 clesia.
2395 5391 2583 5463 Neque
2616 5393 2773 5447 aliter
2819 5392 2991 5447 sensit
3030 5390 3312 5460 Origenes.
3348 5387 3487 5444 Nam
3523 5387 3573 5441 in
3605 5382 3738 5437 Pre-

2173 5487 2265 5539 fal.
2313 5472 2574 5539 libroruin
2625 5484 2768 5554 Περὶ
2813 5483 3017 5553 ἀρχῶν
3055 5481 3268 5537 ηιιιδμίν
3304 5482 3529 5552 (citate
3590 5476 3738 5533 Pulli“

2172 5578 2319 5648 philo
2352 5580 2404 5633 in
2438 5579 2722 5649 Apologia,
2777 5593 2901 5647 cap.
2932 5578 2987 5641 l,
3011 5591 3131 5647 pag.
3175 5574 3294 5647 20),
3329 5577 3573 5645 dogmata
3606 5568 3737 5625 scitu

2172 5681 2227 5725 et
2251 5673 2461 5725 credito
2491 5672 2808 5727 necessaria
2832 5685 2864 5725 a
2904 5685 3014 5724 non
3041 5668 3367 5724 necessariis
3393 5667 3732 5732 distinguens

2173 5765 2314 5818 inter
2346 5766 2651 5819 necessaria
2690 5766 2805 5819 liaac
2858 5765 3007 5833 ponit
3047 5777 3061 5813 :
3109 5779 3152 5813 ι·
3185 5760 3379 5816 Primo
3428 5759 3566 5828 quod
3605 5765 3731 5804 unus

2171 5866 2257 5909 est
2290 5857 2452 5921 Deus,
2498 5858 2591 5926 qui
2624 5856 2808 5910 omnia
2855 5852 3080 5911 creavit.
3119 5872 3140 5905 ι
3189 5884 3260 5894 -
3318 5872 3337 5904 ι
3388 5850 3519 5905 Tum
3558 5842 3733 5899 ὠειικιιθ

2172 5949 2312 6019 quod
2338 5950 2497 6005 Jesus
2518 5948 2765 6007 Christus
2789 5954 2916 6004 ante
2938 5961 3158 6004 omnem
3176 5954 3482 6002 creaturam
3503 5947 3647 5996 natus
3663 5943 3724 5985 ex
