3952 6596
319 462 461 519 15Ξ9
1328 464 1415 519 EX
1454 465 1518 519 (ἶ.
1562 465 1762 521 BULLI
1806 467 1880 519 DE

1996 466 2173 523 FIDEI
2219 467 2518 522 ΝΙΟΑΞΝᾹΞ
3403 470 3536 525 1550

298 580 461 636 Patre
484 591 586 635 est.
626 599 644 632 ι
674 612 739 621 —
770 601 789 633 ι
824 581 1137 636 lncarnatus
1163 593 1246 636 est
1285 598 1407 637 cum
1433 583 1570 638 Dens
1593 596 1738 639 esset
1760 625 1775 644 ,
1810 596 1861 637 et
1893 590 1936 643 A
1970 587 2145 640 laestra
2188 591 2447 641 adversus
2497 587 2779 643 liaareticos
2814 584 3144 656 adduxerat,
3188 592 3369 644 statim
3414 592 3535 645 ista»

301 672 466 726 homo
500 670 673 726 factus
721 672 917 726 mansit
968 675 1109 741 quod
1148 672 1291 727 Deus
1333 684 1475 727 erat.
1512 693 1529 726 ι
1565 705 1632 715 -
1679 694 1697 727 ι
1734 674 1868 729 Tum
1972 691 2092 746 quae
2122 678 2335 746 propria
2382 678 2554 746 ipsius
2596 687 2752 743 sunt,
2788 679 3105 745 subintulit,
3131 681 3333 735 dicens.
3374 700 3393 733 ι
3437 680 3537 735 De-

300 764 496 818 deinde
542 763 748 819 honore
781 779 843 818 ac
873 764 1138 834 dignitate
1171 764 1318 819 Patri
1366 776 1420 820 et
1446 765 1581 821 Filio
1606 768 1867 822 sociatum
1972 767 2099 823 inde
2147 769 2280 823 citat
2332 768 2593 823 illustrem
2639 770 2883 841 Origenis
2938 774 3258 828 sententiam
3308 775 3374 828 de
3413 773 3533 829 Filii

299 871 425 911 esse
451 852 716 925 Spiritum
766 865 1038 910 sanctum.
1077 874 1097 909 ο
1140 856 1287 912 Inter
1331 857 1583 927 dogmata
1625 874 1730 914 non
1774 875 1870 915 ne-
1968 859 2271 915 mternitate
2318 873 2375 915 et
2401 862 2989 929 consubstantialitate;
3022 864 3106 919 cui
3137 874 3191 918 et
3214 865 3436 920 alteram
3466 881 3531 921 ex

300 948 559 1010 cessaris,
610 947 724 1003 sive
752 947 1126 1017 problemata,
1170 964 1309 1019 quie-
1342 952 1586 1005 modeste
1622 961 1677 1006 et
1721 953 1867 1008 salva
1969 949 2076 1004 alio
2124 950 2375 1021 Origenis
2429 953 2566 1006 libro
2619 952 2927 1023 subiungit;
2973 972 3091 1026 quae
3135 956 3254 1009 loca
3307 959 3528 1010 sectioni

298 1053 436 1105 pace
460 1037 826 1093 ecclesiastica
858 1039 909 1093 in
947 1050 1230 1108 utramque
1262 1051 1470 1112 partem
1499 1043 1757 1114 disputari
1776 1062 1869 1116 po-
1973 1053 2172 1098 nostra;
2206 1044 2378 1097 tertia:
2406 1059 2765 1100 reservamus.
2808 1046 2950 1100 Sane
2990 1061 3166 1102 autem
3199 1064 3298 1117 ego
3359 1049 3553 1105 nullus.

298 1137 501 1193 terant,
535 1138 783 1185 numerat
812 1130 1008 1186 ibidem
1035 1137 1361 1201 quaestiones
1385 1176 1402 1201 ,
1437 1137 1502 1191 de
1540 1146 1782 1206 tempore
1811 1150 1867 1193 et
1967 1135 2186 1200 «iubilo,
2220 1138 2350 1205 quin
2418 1136 2714 1211 disserendi
2763 1138 2850 1191 "'3
2909 1139 3066 1203 ι’ίιιίον
3119 1155 3278 1207 flnam
3334 1139 3531 1208 Ubique

295 1221 461 1275 modo
487 1223 777 1278 creationis
804 1223 1139 1293 angelorum,
1172 1224 1237 1277 de
1268 1224 1401 1292 sole,
1434 1226 1556 1280 luna
1591 1238 1646 1281 et
1675 1229 1864 1295 stellis,
1965 1227 2080 1284 fere
2129 1230 2181 1284 in
2224 1229 2440 1298 scriptis
2501 1231 2615 1285 suis
2671 1241 2887 1283 secutus
2933 1240 3016 1285 est
3076 1229 3371 1299 Origenes,
3421 1246 3529 1299 qna

297 1323 484 1367 utrum
522 1315 854 1396 animantia,
888 1330 954 1369 an
989 1317 1233 1397 exanima
1266 1320 1398 1382 sint,
1433 1328 1538 1373 etc.
1583 1318 1642 1374 ln
1691 1322 1867 1377 istius.
1968 1337 2160 1395 nempe
2199 1322 2571 1378 heretimrum
2606 1322 2800 1392 placita
2822 1363 2837 1387 ,
2870 1323 3105 1393 ipsorum
3150 1323 3527 1377 haereticorum

295 1406 444 1460 modi
493 1406 701 1460 scilicet
754 1408 1141 1477 quaestionibus
1209 1409 1597 1478 discutiendis,
1644 1412 1862 1467 nimiam
1963 1414 2116 1483 quasi
2169 1427 2453 1482 personam
2515 1412 2765 1478 induens,
2828 1414 3057 1483 primum
3117 1425 3532 1482 repraesentare,

294 1495 536 1553 fortasse
559 1498 863 1553 libertatem
896 1499 997 1553 sibi
1023 1499 1246 1554 indulsit
1267 1499 1528 1572 Origenes
1559 1518 1573 1556 :
1602 1505 1667 1557 ad
1696 1504 1861 1560 altera
1962 1506 2152 1560 deinde
2186 1504 2508 1560 catholicam
2542 1505 2813 1574 explicare
2835 1506 3156 1560 sententiam
3186 1504 3373 1558 solitus
3408 1503 3525 1569 fuit,

289 1604 427 1643 vero
475 1591 562 1644 illa
595 1592 845 1661 dogmata
886 1591 1031 1660 quod
1082 1592 1310 1656 attinet,
1354 1608 1383 1646 a
1432 1594 1553 1649 ﬁdei
1596 1595 1774 1665 regula
1805 1596 1859 1649 in
1960 1613 2145 1653 ansam
2188 1599 2435 1668 inprimis
2461 1599 2666 1654 dederit
2687 1599 2948 1666 imperitis
2977 1608 3029 1653 et
3052 1597 3329 1651 inalevolis
3352 1596 3524 1664 ipsum

291 1679 535 1736 Ecclesia
566 1682 668 1737 lixa
700 1689 755 1737 et
778 1682 1013 1737 stabilita
1045 1685 1126 1739 vel
1158 1684 1324 1738 latum
1352 1702 1585 1757 unguem
1612 1691 1860 1745 recedere
1970 1689 2257 1759 Origenem
2293 1689 2517 1745 haeresis
2549 1689 2873 1753 accusandi,
2904 1688 3055 1759 quasi
3106 1688 3313 1742 scilicet
3355 1687 3527 1741 hzere-

293 1770 398 1839 ipsi
432 1772 618 1842 religio
643 1772 762 1826 l'uit.
796 1772 1031 1839 Quarto,
1067 1776 1245 1845 magni
1272 1790 1393 1830 esse
1420 1779 1676 1846 ponderis
1728 1780 1857 1834 mihi
1962 1780 2064 1834 tica
2099 1780 2185 1834 illa
2229 1797 2294 1835 ex
2342 1780 2523 1835 animo
2574 1781 2920 1836 defendisset.
2986 1780 3075 1833 Ait
3124 1794 3251 1832 vero
3301 1777 3527 1831 Iluetius

292 1864 508 1975 videtur
538 1875 953 1975 argumentum,“
990 1877 1271 1975 utcpnq‘ue.
1310 1869 1481 1973 ipsum
1525 1883 1856 1975 corttempse-
1888 1916 1932 1975 Β
1960 1870 2266 1973 Origem'an.
2298 1871 2388 1974 lib.
2418 1889 2483 1935 ll,
2516 1883 2704 1943 quaest.
2730 1873 2784 1933 2.
2822 1889 2970 1927 num.
3004 1873 3056 1939 5,
3086 1888 3206 1941 pag.
3253 1872 3375 1935 H9,
3399 1869 3523 1925 Ori-

288 1954 363 2009 rit
419 1954 762 2010 doctissimus
800 1954 1022 2011 Huetius
1056 1958 1123 2021 ",
1164 1957 1471 2015 Bellarmini
1518 1962 1680 2031 (quod
1728 1964 1850 2019 alibi
1888 1954 1932 1975 ¹¹
1958 1962 2112 2027 genis
2136 1962 2458 2016 sententiam
2476 1979 2663 2030 parum
2679 1963 2971 2017 Athanasio
2989 1972 3305 2030 perspectam
3341 1963 3522 2030 fuisse.

282 2047 466 2101 obiter
490 2048 785 2118 attigimus)
822 2048 910 2117 qui
955 2049 1273 2105 catholicum
1318 2050 1483 2107 fuisse
1532 2054 1583 2107 in
1624 2053 1727 2108 hoc
1764 2071 1854 2109 ar—
1960 2053 2063 2106 Sed
2101 2053 2152 2107 in
2183 2069 2249 2107 eo
2280 2055 2523 2121 ignoscat
2568 2053 2722 2109 nobis
2756 2055 2838 2108 vir
2881 2054 3145 2116 eruditus,
3177 2054 3317 2121 quod
3368 2054 3527 2109 nihil-

285 2138 452 2194 ticulo
482 2138 769 2211 Origenem
800 2141 921 2195 inde
958 2142 1185 2209 probat;
1240 2142 1381 2212 quod
1421 2158 1553 2197 sana
1580 2155 1637 2199 et
1675 2145 1853 2199 ortho—
1956 2145 2170 2199 ominus
2202 2159 2522 2214 persuasum
2556 2145 2851 2199 habeamus
2874 2184 2890 2210 ,
2929 2144 3221 2200 Athanasio
3252 2147 3524 2215 episcopo

282 2229 423 2284 doxa
455 2229 614 2285 fuerit
647 2232 993 2301 praeceptoris
1034 2232 1204 2301 ipsius
1241 2234 1556 2299 Clementis,
1586 2244 1641 2290 et
1688 2235 1851 2292 disci-
1957 2233 2353 2299 Alexandrino,
2437 2234 2683 2305 Origenis
2760 2233 3107 2289 Alexandrini
3199 2236 3525 2305 temporibus

279 2321 528 2390 polorum
556 2322 794 2395 Dionysii
823 2324 1171 2379 Alexandrini
1213 2338 1268 2381 et
1304 2326 1548 2397 Gregorii
1574 2328 1844 2383 Thauma-
1958 2333 2065 2380 tam
2099 2324 2302 2389 vicino,
2350 2328 2781 2397 scriptorumque
2818 2325 2934 2393 ejus
2984 2326 3322 2396 aliorumque
3375 2334 3522 2378 vete-

281 2415 444 2485 turgi,
498 2415 565 2469 de
612 2417 870 2487 mysterio
910 2416 1012 2471 SS.
1046 2415 1333 2473 Trinitatis
1376 2420 1577 2488 Opinio.
1620 2421 1700 2475 Ad
1732 2421 1852 2476 Cle—
1956 2433 2075 2472 rum
2097 2418 2506 2489 diligentissimo
2533 2419 2733 2487 pariter
2756 2428 2809 2473 et
2828 2418 3521 2489 perSpicacissimolz-ctori,

279 2519 515 2567 tuentem
543 2508 684 2563 enim
716 2512 859 2578 quod
887 2510 1102 2573 attinet,
1138 2525 1298 2579 supra
1319 2550 1334 2575 ,
1366 2512 1454 2566 ubi
1484 2512 1551 2566 de
1596 2512 1714 2581 ejus
1745 2512 1851 2570 ﬁde
1956 2509 2111 2580 longe
2150 2511 2344 2564 melius
2374 2522 2707 2578 perspectam
2759 2512 2927 2566 fuisse
2954 2511 3259 2565 Adamantii
3306 2520 3524 2566 senten-

276 2619 518 2673 agerem,
549 2600 956 2659 evidentissime
1003 2602 1249 2675 probavi,
1282 2618 1310 2655 a
1341 2605 1553 2658 nemine
1590 2620 1749 2674 quam
1782 2608 1850 2661 ab
1956 2602 2107 2664 tiam,
2132 2617 2293 2671 quam
2332 2603 2581 2669 cuiquam
2609 2617 2673 2656 ex
2718 2602 2871 2656 nobis
2907 2601 3044 2656 seris
3079 2600 3360 2667 nepotibus
3401 2616 3523 2670 pcr-

278 2696 399 2765 ipso
430 2696 754 2752 catholicam
782 2697 1084 2751 doctrinam
1121 2694 1484 2769 daemone-im
1512 2696 1707 2753 Triade
1739 2698 1849 2752 cla-
1952 2702 2133 2760 specta
2169 2706 2292 2746 esse
2340 2691 2532 2761 possit.
2590 2690 2771 2761 Pergit
2808 2701 2987 2745 autem
3044 2690 3266 2745 lluetius
3303 2707 3317 2743 :
3352 2708 3369 2741 ‹
3404 2688 3520 2743 Non

277 2789 393 2842 rius
425 2789 660 2860 agnitam
694 2798 785 2842 aut
831 2789 1172 2859 prtedicatam
1226 2789 1413 2844 fuisse.
1445 2792 1585 2846 Idem
1632 2794 1697 2847 de
1725 2795 1847 2850 Aie-
1952 2799 2111 2853 nego,
2140 2784 2336 2854 inquit.
2383 2784 2495 2837 Ιιεεο
2540 2784 2739 2837 dixis-‘8
2763 2782 3090 2853 Origenem;
3141 2792 3197 2835 al
3243 2797 3309 2837 80
3360 2797 3521 2836 δεηεῖιι

274 2879 545 2933 Iandrino
584 2879 839 2951 Dionysio
886 2888 940 2932 et
979 2878 1239 2948 Gregorio
1284 2878 1684 2953 Tltaumaturgo
1733 2887 1845 2955 (nt,-
1952 2876 2175 2939 dixisse,
2201 2890 2307 2944 qno
2337 2873 2551 2928 Νἰυίιξιιει
2587 2875 2724 2927 dixit
2776 2874 3047 2946 synodus,
3087 2875 3138 2930 id
3179 2891 3309 2929 vero
3362 2874 3519 2928 fateri

273 2984 489 3040 cunque
511 2969 716 3026 duobus
748 2970 999 3023 maximis
1048 2969 1357 3025 nominibus
1389 2969 1603 3025 Ariame
1653 2973 1846 3043 itltpie-
1953 2982 2057 3020 non
2093 2982 2327 3036 possum.
2363 2985 2381 3018 ο
2431 2967 2639 3020 Rursus
2671 2967 2813 3029 dico,
2865 2967 3065 3020 nemini
3114 2967 3304 3031 melius
3344 2967 3522 3036 cogni-

277 3060 405 3114 tatis
433 3069 610 3113 notam
639 3059 923 3123 inusserit,
951 3059 1004 3112 in
1031 3059 1113 3113 sui
1149 3060 1383 3113 nominis
1409 3058 1724 3125 infamiam,
1755 3059 1845 3116 Je-
1953 3068 2063 3111 tum
2106 3072 2227 3112 esse
2271 3058 2506 3125 petuis~e
2547 3056 2737 3126 synodi
2791 3057 3017 3109 Niczrnze
3060 3071 3276 3110 sensum
3303 3098 3317 3119 ,
3356 3072 3517 3126 quinm

272 3150 417 3205 suita
448 3150 717 3217 Petavius)
742 3150 880 3204 infra
909 3165 1060 3222 atque
1089 3150 1237 3204 clare
1278 3151 1650 3236 ostepdemus.
1706 3154 1843 3221 Quid
1949 3148 2380 3215 Athanasio,qui
2417 3150 2624 3215 synodo
2650 3144 2725 3197 illi
2758 3146 2868 3213 ipse
2896 3145 3159 3200 interluit.
3202 3144 3346 3201 Idem
3392 3162 3519 3200 vero

271 3239 498 3294 autem?
527 3241 604 3292 An
629 3238 921 3293 verisimile
952 3239 1060 3303 sit,
1086 3240 1173 3307 qui
1200 3248 1306 3291 tam
1346 3240 1666 3295 catholicum
1691 3258 1755 3297 eo
1789 3244 1840 3298 in
1873 3272 1915 3329 ο
1949 3240 2279 3293 Athanasius
2300 3248 2549 3303 testatur,
2570 3237 2851 3308 Origeuem
2876 3251 2981 3292 tam
3004 3239 3071 3292 de
3094 3237 3212 3292 Filii
3233 3238 3312 3308 τῷ
3335 3240 3520 3309 ὁμοου·

269 3331 502 3386 articulo
546 3334 890 3400 magistrum,
954 3330 1047 3401 qui
1113 3340 1221 3384 tam
1274 3332 1603 3386 orthodoxos
1663 3333 1848 3391 habuit
1951 3334 2072 3404 σιῳ,
2096 3346 2256 3401 quam
2296 3332 2364 3386 de
2396 3330 2563 3400 ipsius
2591 3331 2668 3402 τῷ
2696 3332 2950 3402 συναῖδίῳ
2989 3348 3111 3384 cum
3146 3331 3395 3385 Patribus
3421 3330 3516 3385 Ni-

270 3421 583 3492 discipnlos,
622 3422 712 3492 qui
748 3423 909 3477 etiam
942 3423 1254 3493 magistrum
1296 3438 1474 3488 suum,
1502 3436 1558 3478 nt
1589 3437 1847 3494 prasstan-
1947 3426 2115 3479 caenis
2140 3423 2364 3477 omnino
2403 3421 2658 3476 sensisse.
2699 3423 2777 3476 Ac
2800 3423 2867 3477 de
2903 3421 3019 3475 Filii
3046 3422 3259 3491 quidem
3300 3424 3517 3477 aeterni-

273 3516 541 3569 tissimum
566 3514 819 3569 Ecclesiae
847 3515 1122 3570 doctorem
1168 3528 1382 3583 semper
1414 3516 1661 3569 admirati
1697 3529 1842 3584 sunt,
1946 3524 2081 3582 tate,
2107 3531 2291 3570 verum
2320 3514 2449 3568 illud
2494 3529 2616 3569 esse
2662 3528 2768 3567 non
2815 3513 3127 3567 diliitebitur
3159 3512 3417 3579 lluetius;
3448 3514 3515 3569 de

270 3606 326 3660 in
352 3608 467 3675 ipso
494 3606 722 3660 articulo
775 3607 1087 3661 hmreticum
1128 3606 1327 3663 fuisse?
1379 3609 1599 3675 Quinto,
1653 3612 1843 3666 deinde
1946 3606 2510 3663 consubstantialitate
2531 3620 2681 3672 vero,
2720 3607 2771 3660 id
2804 3606 2958 3660 lateri
2983 3620 3040 3660 se
3071 3621 3175 3660 non
3209 3620 3367 3675 posse
3399 3621 3514 3673 pro-

280 3699 429 3753 mille
461 3699 632 3753 instar
661 3699 875 3752 testium
908 3701 973 3753 de
1013 3698 1265 3769 Origenis
1311 3699 1364 3754 in
1406 3702 1505 3754 hac.
1550 3704 1844 3771 quaestione
1944 3699 2148 3752 litetur.
2174 3696 2334 3766 Atqui
2371 3712 2533 3766 supra
2573 3695 2695 3751 fuse
2733 3706 2787 3751 et
2813 3695 3113 3751 luculenter
3151 3697 3509 3761 ostendimus,

267 3789 550 3864 ὀρθοδοξίᾳ
601 3805 721 3846 esse
774 3792 930 3845 debet
975 3805 1203 3861 magnus
1246 3791 1607 3857 Athanasius;
1660 3795 1747 3861 qui
1790 3794 1828 3846 ir

1951 3788 2138 3844 Filium
2166 3804 2270 3843 non
2294 3788 2401 3843 alio
2422 3803 2581 3844 sensu
2607 3790 2750 3843 Patri
2774 3789 3057 3861 ὁμοούσιον
3082 3789 3282 3845 dixisse
3304 3792 3512 3861 episcoo

270 3884 405 3939 libro
428 3882 502 3937 De
537 3885 721 3953 synodi
751 3880 983 3936 Nicanor
1011 3883 1231 3937 decretis
1251 3884 1320 3950 ⁸⁸,
1347 3885 1578 3938 sensisse
1598 3900 1716 3937 cum
1739 3884 1840 3938 Pa-
1942 3896 2039 3949 pos
2069 3880 2334 3944 Niezenns,
2378 3894 2538 3948 quam
2566 3895 2673 3949 quo
2700 3879 2866 3935 Filius
2905 3883 3162 3957 statuitur
3201 3897 3360 3936 verus
3390 3899 3511 3936 esse

271 3977 443 4030 tribus
467 3974 697 4029 Nicaenis
738 3973 1022 4042 Origenem
1074 3975 1142 4028 de
1193 3990 1319 4029 vera
1370 3985 1425 4029 et
1470 3988 1671 4031 :eterna
1718 3977 1837 4033 F.lii
1940 3971 2080 4026 Deus
2116 3972 2335 4042 perinde
2363 3985 2425 4025 ac
2454 3969 2634 4032 Pater.
2665 3986 2768 4025 non
2804 3972 3244 4040 creata-alicujus
3272 3984 3364 4028 ant
3392 3991 3509 4027 mn-

265 4069 570 4130 divinitate,
603 4068 801 4122 diserte
829 4076 1078 4129 testatur,
1116 4068 1251 4138 Περὶ
1284 4067 1339 4120 δὲ
1368 4067 1476 4122 τῶν
1509 4069 1725 4140 (inquit)
1750 4071 1831 4123 ἀῖ-
1940 4064 2121 4118 labilis
2142 4063 2411 4117 essentia.
2438 4063 2615 4130 Atque
2637 4063 2739 4117 hoc
2762 4062 3132 4117 sensnFilium
3154 4064 3297 4119 Patri
3322 4065 3509 4135 ὁμοσύ-

262 4162 391 4224 δίως
418 4163 649 4213 συνεῖναι
680 4160 769 4213 τὸν
794 4159 964 4227 Λόγον
982 4158 1059 4229 τῷ
1079 4159 1253 4229 llatth
1291 4159 1385 4212 καὶ
1416 4160 1489 4229 μὴ
1518 4159 1708 4230 ἑτέρας
1744 4161 1823 4213 οὐ·

1944 4170 2050 4207 σιον
2090 4154 2374 4224 agnovisse
2400 4152 2710 4222 Origenem,
2739 4169 2837 4207 nos
2864 4154 2916 4206 in
2952 4155 3053 4209 hoc
3084 4156 3261 4224 capite
3291 4158 3505 4211 abunde

266 4255 387 4317 σίας
430 4254 464 4324 ἢ
492 4253 859 4316 ὑποστάσεως,
884 4251 1020 4305 ἀλλὰ
1034 4252 1132 4322 τῆς
1160 4251 1255 4304 τοῦ
1283 4251 1495 4322 Πατρὸς
1519 4251 1646 4304 ἴδιον
1676 4252 1827 4305 αὑτὸν

1936 4245 2302 4314 probavimus.
2334 4244 2413 4298 Ad
2443 4245 2770 4299 numericam
2792 4286 2807 4309 ,
2831 4260 2951 4315 qua:
2974 4247 3201 4311 dicitur,
3241 4248 3497 4303 unitatem

263 4343 424 4411 εἶναι,
446 4346 524 4409 ὡς
554 4346 835 4416 εἰρήκασιν
879 4346 926 4397 οἱ
970 4347 1028 4397 ὲν
1070 4346 1137 4415 τῇ
1174 4343 1375 4413 συνόδῳ
1399 4382 1414 4407 ,
1444 4341 1643 4406 ἐξέστω
1672 4344 1824 4398 πάλιν

1941 4339 2247 4393 substantia!
2278 4337 2455 4393 Patris
2484 4349 2538 4390 et
2577 4337 2694 4392 Filii
2747 4340 2889 4407 quod
2938 4341 3132 4395 attinet
3174 4341 3357 4410 (quam
3407 4357 3502 4397 ne-

261 4442 411 4511 ήμᾶς
440 4439 669 4493 ἀκοῦσαι
695 4438 789 4491 καὶ
833 4437 984 4509 παρὰ
1015 4436 1108 4490 τοῦ
1160 4436 1446 4507 φιλοπόνσυ
1502 4437 1822 4508 Ὠριγένους,

1940 4444 2084 4497 gasse
2127 4429 2413 4499 Origenem
2452 4428 2649 4484 ibidem
2684 4429 2759 4483 ait
2804 4429 3074 4501 lluetius),
3119 4449 3335 4501 possum
3386 4434 3501 4488 evi-

260 4533 316 4588 id
339 4541 442 4597 est,
470 4550 490 4584 ι
532 4530 764 4586 Verbum
798 4542 978 4585 autem
1011 4529 1081 4584 ab
1118 4540 1325 4584 aeterno
1348 4544 1470 4582 esse
1491 4545 1611 4583 cuni
1650 4529 1825 4592 Patre,
1929 4524 2120 4577 denter
2145 4523 2429 4578 ostendere
2449 4561 2464 4587 ,
2497 4521 2780 4592 Origenem
2811 4522 3072 4577 unitatem
3102 4523 3245 4577 illam
3273 4536 3500 4580 eatenus

258 4639 361 4680 nec
388 4624 611 4680 ,ιιοι-ίυε
660 4623 980 4678 substantia;
1023 4621 1106 4675 νει
1152 4621 1494 4693 hyposlasis,
1524 4623 1615 4676 sed
1661 4622 1826 4690 ipsius
1860 4608 2241 4682 Dagnovisse,
2294 4622 2563 4682 quatenus
2616 4614 2785 4682 ipsam
2852 4610 3073 4665 Patrum
3129 4614 3495 4683 antiquiorum

257 4728 495 4790 paternae
522 4716 836 4773 substantiae
883 4714 1158 4785 proprium
1207 4713 1353 4766 illum
1386 4725 1537 4775 esse,
1568 4713 1823 4781 quemad—
1929 4704 2236 4773 quisquam.
2266 4705 2507 4773 adeoque
2545 4705 2657 4774 ipse
2699 4704 3028 4758 AlllanaSiUS
3083 4708 3300 4773 εκιιονίι
3338 4724 3351 4759 ε
3395 4709 3498 4764 hoc

255 4812 475 4865 modum
503 4809 756 4864 dixerunt
779 4806 871 4875 qui
903 4804 1263 4859 interfuerunt
1292 4803 1526 4875 synodo,
1565 4801 1689 4856 licet
1718 4817 1819 4857 no-
1926 4804 2031 4861 est.
2064 4795 2359 4850 credidisse
2384 4794 2694 4863 Origene").
2738 4792 2951 4847 Ρειιτοῐη
2970 4833 2986 4858 9
3012 4793 3205 4848 Filium
3234 4805 3287 4849 el
3324 4794 3495 4864 Spiri-

251 4905 338 4958 bis
387 4917 579 4956 rursus
633 4901 821 4954 audire
859 4900 1018 4952 etiam
1062 4912 1130 4951 ex
1188 4897 1454 4951 laborioso
1501 4894 1751 4965 Origene.
1791 4912 1812 4947 ι
1925 4898 2036 4942 ιυιη
2063 4898 2349 4952 sanctum,
2396 4902 2517 4941 cum
2564 4901 2750 4942 revera
2792 4896 2903 4940 tres
2941 4890 3051 4941 sint
3082 4904 3361 4957 pcrsome,
3393 4905 3491 4943 ne-

248 4993 450 5048 lbidem
478 5004 656 5046 autem
680 5030 696 5054 ,
747 4990 1059 5059 priusquam
1111 4989 1223 5057 ipsa
1275 4988 1525 5057 Urigenis
1575 4988 1815 5041 testimo-
1920 4994 2188 5048 quaquam
2222 4990 2399 5033 tamen
2429 4987 2488 5031 ut
2518 4989 2626 5032 tres
2657 4977 2902 5031 homines
2949 4993 3196 5032 seorsum
3238 4995 3294 5033 et
3333 4994 3490 5047 sepa-

246 5086 337 5139 nia
367 5084 604 5148 adducit,
644 5082 844 5136 fatetur
869 5081 1223 5142 Athanasius.
1258 5079 1535 5148 prmtitissa
1564 5079 1807 5147 quaedam
1920 5071 2077 5125 ratim
2103 5072 2403 5136 exsistere;
2435 5070 2529 5126 sed
2570 5070 2757 5124 intime
2800 5069 2902 5124 sibi
2944 5070 3173 5123 invicem
3217 5074 3490 5127 cohaerere

246 5181 316 5236 ab
340 5178 572 5246 Origene
599 5177 765 5231 [υίεεε
789 5175 842 5233 in
868 5175 986 5229 ιοεο
1016 5191 1046 5228 a
1074 5189 1133 5229 se
1159 5175 1391 5243 primum
1415 5173 1649 5235 cirando,
1691 5186 1810 5240 qua;
1915 5171 1970 5218 et
2003 5162 2319 5229 conjunctos
2340 5177 2501 5229 esse;
2533 5162 2779 5231 adeoque
2804 5161 3029 5215 alterum
3070 5161 3122 5215 in
3144 5161 3317 5217 altero
3342 5167 3487 5219 exsi-

244 5287 393 5329 sante
420 5272 679 5326 doctrina:
709 5283 1010 5341 repugnare
1058 5267 1411 5321 viderentur:
1456 5264 1550 5319 sed
1577 5264 1681 5324 ait,
1719 5262 1807 5316 illa
1912 5264 2056 5309 διθΐὲ
2080 5265 2309 5324 ,θιίιιιεν
2349 5265 2408 5308 ιιι
2450 5254 2522 5308 ila
2566 5253 2789 5323 loquar.
2853 5256 3109 5309 ὶιιιηιεεπθ
3148 5254 3380 5310 ίηνίεεηι
3432 5270 3486 5312 et

246 5362 595 5432 disputantis,
626 5377 732 5414 non
777 5358 1139 5415 asseverantis
1182 5371 1331 5410 more
1374 5356 1442 5409 ab
1482 5369 1548 5409 eo
1600 5354 1804 5423 prolata
1911 5358 2194 5414 Pellell'al'e
2229 5361 2324 5414 per
2360 5344 2685 5401 ineffabilem
2746 5346 3031 5415 quamdam
3085 5346 3479 5419 περιχώρησιν.

247 5452 415 5506 fuisse
444 5469 461 5505 :
500 5464 619 5521 quae
644 5464 772 5504 vero
809 5448 922 5517 ipse
949 5445 1135 5512 aﬂ'ert,
1180 5444 1338 5514 plane
1372 5443 1658 5513 genuinam
1685 5440 1808 5498 Ori-
1901 5452 2062 5507 quam
2088 5437 2625 5491 circuminsessionem
2651 5436 2959 5491 scholastici
2989 5450 3182 5492 vocant
3214 5454 3229 5492 ς
3258 5454 3327 5493 ex
3373 5456 3477 5509 qua

243 5543 396 5609 genis
452 5541 775 5596 sententiam
826 5540 1124 5594 continere.
1164 5534 1299 5592 Μετ’
1344 5530 1437 5588 οὖν
1487 5532 1704 5603 (inquit)
1736 5535 1804 5591 τὰ

1914 5530 2273 5601 περιχωρήσει
2301 5530 2563 5584 unitatem
2605 5529 2749 5585 illam
2790 5531 3124 5586 numericam
3168 5535 3475 5589 necessario

237 5634 315 5699 ὡς
344 5636 402 5688 ὲν
429 5633 707 5705 γυμνασίᾳ
736 5632 1002 5701 λεγόμενα
1030 5630 1164 5701 πρὸς
1193 5630 1318 5691 τοὺς
1351 5627 1690 5699 αἱρετικοὺς,
1716 5628 1798 5680 εὐ-

1906 5622 2038 5679 εΠὶοὶ
2070 5624 2347 5678 contendit
2376 5621 2628 5677 Petavius
2654 5621 2730 5676 De
2756 5620 2974 5687 Trinit.,
2998 5623 3094 5681 lib.
3125 5640 3199 5689 tv,
3230 5640 3351 5695 cap.
3382 5626 3467 5681 16.

234 5728 333 5792 θὺς
375 5728 539 5791 αὐτὸς
589 5725 837 5795 ἐπιφέρει
874 5725 943 5777 τὰ
990 5722 1118 5789 tota,
1171 5722 1343 5789 λέγων
1373 5718 1575 5784 οὕτως,
1607 5720 1658 5773 id
1695 5729 1795 5783 est,

1910 5714 2005 5770 Sed
2040 5714 2228 5769 hac.de
2272 5728 2329 5769 re
2365 5714 2492 5768 alibi
2535 5714 2870 5769 commodior
2909 5717 3009 5770 erit
3048 5716 3350 5773 disserendi
3388 5716 3471 5773 lo-

237 5838 256 5872 c
294 5821 426 5875 Post
452 5819 539 5872 illa
565 5834 694 5888 ergo
713 5857 729 5882 ,
759 5832 878 5885 qua:
908 5813 1148 5869 certandi
1177 5813 1345 5884 gratia
1394 5810 1551 5881 quasi
1599 5811 1652 5864 in
1698 5825 1794 5879 pa-
1895 5824 2012 5864 cus.
2038 5808 2173 5863 Vide
2202 5817 2338 5864 sect.
2366 5807 2422 5874 4,
2446 5822 2567 5877 cap.
2596 5806 2649 5875 ι,
2679 5823 2826 5864 num.
2853 5808 2885 5863 9
2917 5816 2969 5864 et
3005 5823 3153 5878 seqq.

228 5968 231 5982 ι
298 5914 343 5947 τ’
373 5912 622 5970 Bellarm.
657 5913 745 5968 lib.
779 5909 855 5966 De
886 5909 1114 5974 Christo,
1152 5922 1270 5980 cap.
1300 5907 1384 5962 10.
1462 5906 1504 5937 ⁸ο
1535 5905 1795 5960 Athenas.
1829 5913 1956 5963 tom.
1994 5902 2036 5967 ι,
2067 5919 2118 5974 p.
2141 5901 2267 5958 277.
