4136 6194
1565 264 1580 265 _
1667 264 1684 265 η
1745 264 1906 265 HV,
1967 264 2114 266 τά

328 269 3617 317 ῃ-

389 501 662 688 ΑΙ)
813 500 1503 690 ΟΡΕΗΑ
1647 500 2386 688 SANCTI
2515 504 3552 695 AMBROSII

1489 782 2466 893 APPENDIX.

1743 969 2720 1023 διεθειῷεεπ-ε-κ-υν
2747 997 2765 1003 -

1560 1133 1871 1222 PARS
1961 1135 2370 1224 PRIOR.

773 1284 1278 1343 COMPLECTENS
1317 1286 1555 1343 OPERA
1593 1288 1641 1342 A
1679 1287 2172 1346 BENEDICTINIS
2211 1291 2282 1346 IN
2321 1289 2455 1347 SUA
2491 1291 2828 1350 EDITIONE
2869 1295 3172 1351 ADMISSA

1083 1531 1184 1599 IN
1222 1532 1547 1599 LIBRUM
1597 1533 2288 1614 SUBSEQUENTEM
2328 1536 2836 1606 ADMONITIO.

384 1788 605 1846 Huncce
638 1796 934 1845 tractatum
973 1789 1209 1844 Romani
1237 1788 1478 1845 editores
1508 1787 1673 1860 primi
1721 1789 2038 1862 vulgarunt.
2071 1790 2189 1857 Qua
2219 1806 2349 1847 vero
2399 1792 2453 1847 id
2502 1792 2736 1850 fecerint
2765 1795 3113 1862 auctoritate,
3159 1811 3227 1850 an
3273 1812 3383 1852 uno
3435 1797 3619 1868 pluri-

311 1876 482 1932 busve
510 1874 798 1932 codicibus
827 1875 973 1944 nixi,
1005 1883 1061 1931 et
1105 1892 1296 1932 rursus
1345 1894 1415 1933 an
1445 1877 1626 1949 prisca
1666 1880 1945 1934 recentive
1976 1895 2143 1935 manu
2174 1880 2432 1948 exaratis,
2467 1881 2762 1938 admonere
2805 1881 3253 1954 supersederunt.
3291 1885 3401 1940 Nos
3429 1902 3497 1941 ne
3533 1886 3617 1942 vel

314 1965 540 2022 unicum
595 1964 1036 2038 manuscriptum
1078 1982 1309 2039 usquam
1355 1966 1701 2023 deteximus:
1744 1965 2113 2023 nihilominus
2161 1978 2342 2025 tamen
2374 1970 2562 2026 eadem
2609 1971 2726 2028 haec
2771 1972 2950 2044 opella
3003 1983 3325 2045 argumenta
3379 1976 3620 2047 suggerit

314 2055 516 2129 quibus
544 2055 790 2128 ejusdem
843 2057 1151 2130 suppositio
1179 2056 1636 2130 deprehendatur.
1673 2057 1892 2113 Etenim
1932 2066 1994 2114 ut
2019 2059 2341 2115 omittamus
2374 2059 2670 2117 discrimen
2711 2061 2840 2135 styli
2887 2079 2949 2118 ac
2977 2062 3248 2120 tractandi
3288 2067 3616 2136 argumenti,

312 2144 760 2217 discrepantiam,
793 2147 850 2202 in
883 2162 944 2201 ea
980 2145 1301 2219 Josephum,
1340 2147 1595 2219 ascriptis
1625 2146 1797 2218 ipsius
1827 2148 2032 2218 verbis,
2067 2149 2304 2206 subinde
2353 2152 2579 2207 citatum
2623 2151 2864 2224 reperire
2913 2163 3015 2220 est,
3047 2154 3193 2225 quod
3230 2154 3522 2211 abhorrere
3552 2157 3620 2211 ab

312 2234 594 2291 Ambrosii
637 2235 1038 2292 consuetudine
1076 2236 1299 2309 negabit
1342 2252 1522 2292 nemo.
1558 2236 1663 2292 Sed
1701 2235 1841 2291 illud
1871 2253 2090 2296 omnem
2133 2239 2424 2295 dubitandi
2457 2241 2604 2296 tollit
2650 2241 2941 2310 rationem,
2985 2243 3128 2314 quod
3163 2243 3328 2315 hujus
3357 2251 3621 2301 tractatus

319 2329 530 2386 Auctor
561 2345 676 2385 non
715 2331 894 2386 solum
927 2330 1179 2403 Origenis
1209 2338 1262 2385 et
1294 2328 1616 2401 Hieronymi
1653 2329 2148 2386 commentationes
2178 2335 2458 2401 utcunque
2480 2337 2562 2385 est
2596 2329 2866 2396 imitatus,
2895 2347 3087 2387 verum
3132 2332 3300 2388 etiam
3335 2350 3444 2388 non
3495 2350 3618 2389 raro

313 2419 546 2491 ipsamet
590 2420 915 2494 Hieronymi
963 2421 1130 2477 verba
1172 2420 1481 2492 usurpavit,
1522 2427 1575 2474 et
1609 2419 1758 2476 locos
1788 2417 2040 2491 Origenis
2068 2433 2096 2472 e
2124 2418 2307 2474 Ruﬁni
2359 2420 2720 2475 translatione
2763 2419 2820 2475 id
2851 2422 3114 2493 temporis
3156 2422 3252 2478 vix
3297 2422 3427 2478 dum
3473 2423 3619 2478 edita

312 2508 516 2579 petitos
546 2509 874 2580 exscripsit:
919 2525 1038 2582 quae
1069 2509 1256 2564 omnia
1298 2525 1398 2565 nos
1444 2507 1512 2564 ad
1543 2510 1815 2580 margines
1844 2506 2232 2564 indicabimus.
2269 2508 2539 2566 Craterum
2587 2509 2653 2565 de
2684 2511 2922 2566 Auctore
2970 2511 3138 2584 hujus
3175 2512 3358 2586 operis
3386 2513 3619 2568 certiora

313 2599 546 2654 forsitan
580 2598 939 2667 traderemus,
974 2599 1080 2655 nisi
1127 2598 1232 2656 hoc
1269 2599 1389 2655 loco
1418 2615 1736 2671 cogeremur
1781 2598 1876 2655 uni
1925 2599 2189 2655 Romanae
2219 2597 2454 2654 editioni
2504 2598 2748 2666 credere,
2779 2599 2937 2672 cujus
2983 2601 3118 2658 ﬁdes
3170 2618 3332 2674 quam
3381 2601 3620 2657 sublesta

311 2689 405 2757 sit,
439 2689 525 2744 vel
574 2689 725 2744 solus
754 2696 1016 2746 tractatus
1045 2689 1107 2744 de
1144 2689 1334 2746 Trinit.
1370 2696 1416 2744 et
1445 2691 1740 2746 Resurrect.
1776 2690 1937 2745 Mart.
1970 2688 2163 2745 docere
2190 2689 2412 2760 poterit.
2461 2688 2858 2745 Verumtamen
2900 2690 3005 2745 hoc
3035 2691 3215 2762 ipsum
3269 2708 3427 2761 opus,
3458 2691 3618 2762 quale

307 2777 562 2847 habetur,
607 2794 670 2834 ea
716 2779 1031 2852 suppeditat
1061 2779 1336 2836 rationum
1370 2788 1645 2836 momenta
1675 2779 1821 2835 unde
1863 2795 1974 2834 non
2006 2778 2213 2849 injuria
2245 2778 2383 2832 illud
2425 2779 2772 2832 sermonibus
2815 2778 2881 2832 ad
2921 2780 3184 2849 populum
3235 2780 3439 2833 habitis
3483 2795 3619 2833 con-

305 2876 469 2937 stare,
501 2875 554 2924 et
608 2868 749 2925 forte
774 2870 939 2925 etiam
971 2873 1267 2926 Auctorem
1307 2869 1425 2941 ejus
1470 2869 1803 2926 monachum
1834 2867 2111 2924 exstitisse
2154 2865 2575 2920 subodoremur.
2626 2865 2812 2936 Neque
2861 2881 2991 2922 vero
3027 2866 3190 2922 inviti
3221 2867 3620 2923 adduceremur

310 2958 370 3014 in
406 2957 548 3014 hanc
578 2959 930 3027 sententiam,
951 2967 1012 3014 ut
1056 2976 1179 3014 eum
1213 2957 1299 3013 sin
1331 2959 1518 3012 minus
1556 2957 1718 3012 Beda
1747 2973 1810 3012 ac
1838 2956 2046 3012 Rabani
2073 2955 2280 3011 vixisse
2329 2954 2690 3028 temporibus,
2724 2957 2916 3011 saltem
2963 2957 3186 3012 illorum
3231 2957 3501 3013 rationem
3562 2957 3615 3012 in

305 3062 371 3103 eo
399 3047 640 3105 tenuisse
663 3047 1064 3114 existimemus,
1097 3046 1245 3118 quod
1272 3045 1357 3100 illi
1393 3046 1450 3100 in
1480 3046 1730 3100 eamdem
1772 3047 2053 3102 materiam
2076 3045 2311 3102 scribere
2359 3045 2618 3118 aggressi,
2658 3046 3079 3118 Hieronymum,
3130 3055 3224 3101 aut
3261 3063 3386 3102 eum
3437 3046 3619 3118 potius

304 3138 464 3211 cujus
492 3154 775 3194 sermones
817 3136 982 3192 initio
1013 3135 1350 3208 Appendicis
1378 3134 1446 3190 ad
1477 3133 1731 3206 quintum
1773 3134 2012 3206 Operum
2045 3134 2572 3207 Augustinianorum
2617 3142 2829 3190 tomum
2864 3135 3139 3207 leguntur,
3191 3151 3464 3208 quemque
3503 3150 3612 3190 non

302 3243 480 3300 pauca
507 3243 578 3282 ex
599 3227 832 3299 Origene
859 3233 1170 3283 mutuatum
1202 3234 1414 3284 constat
1442 3225 1640 3298 saepius
1668 3225 1735 3282 ad
1765 3225 1994 3282 verbum
2025 3223 2444 3297 transcripsere.

745 3508 897 3593 DE
964 3504 1192 3589 XLII
1261 3500 2032 3589 MANSIONIBUS
2102 3499 2650 3587 FILIORUM
2721 3501 3156 3587 ISRAEL.

387 3669 423 3725 1
447 3673 808 3730 Nmnonuu
828 3671 988 3740 liber,
1021 3671 1088 3728 de
1118 3687 1226 3744 quo
1254 3686 1404 3727 nunc
1431 3668 1591 3725 nobis
1607 3676 1689 3724 est
1703 3684 1903 3730 sermo,
1939 3665 1985 3722 Α
2019 3677 2333 3749 Ᾰζςγρῐὶοε,
2363 3676 2729 3749 barbarosque
2770 3677 3009 3749 gerimus
3052 3693 3250 3745 mores,
3299 3686 3486 3734 sancto
3515 3681 3612 3735 Dei

300 3778 445 3820 unus
482 3771 563 3820 est
604 3779 673 3819 ex
705 3763 949 3837 quinque
979 3761 1156 3834 Moysi
1187 3761 1363 3817 libris.
1396 3761 1479 3816 Eo
1509 3777 1640 3816 vero
1670 3760 1894 3815 nomine

300 3853 534 3925 legimus
587 3851 871 3925 appellari,
920 3851 1179 3924 quoniam
1228 3847 1540 3906 Israeliticae
1597 3848 1773 3920 plebis
1826 3841 1895 3902 ex

300 3943 543 4016 Egypto
571 3958 799 4015 egressae
831 3942 1079 3997 virorum
1121 3939 1490 4012 perfectorum
1520 3953 1812 3993 numerum
1844 3945 1897 3992 et

297 4032 770 4104 computationem
827 4031 926 4088 Dei
983 4037 1255 4104 praecepto
1312 4027 1577 4085 continet.
1611 4026 1701 4083 Sic
1747 4024 1894 4082 enim

297 4122 478 4195 Moysi
524 4123 743 4180 locutus
770 4130 851 4178 est
872 4123 1060 4179 Deus:
1133 4143 1152 4167 ι
1185 4118 1390 4190 Accipe
1448 4132 1725 4174 summam
1774 4116 1895 4172 uni-

297 4229 468 4286 versae
497 4214 935 4288 congregationis
965 4213 1206 4270 ﬁliorum
1238 4212 1407 4268 Israel
1437 4227 1469 4267 a
1505 4209 1705 4284 viginti
1736 4211 1897 4266 annis

297 4312 352 4361 et
396 4321 582 4378 supra,
632 4321 732 4378 per
784 4305 978 4361 domos
1024 4303 1360 4361 familiarum
1398 4302 1667 4375 ipsorum,
1716 4301 1896 4356 omnis

296 4394 580 4466 egrediens
609 4394 678 4451 ad
719 4393 1082 4466 praeliandum
1113 4393 1172 4447 in
1203 4392 1388 4468 Israel.
1423 4418 1442 4440 ι
1483 4393 1670 4463 Itaque
1709 4390 1894 4446 Domi-

295 4499 404 4540 nus
445 4499 569 4540 cum
615 4484 871 4542 homines
929 4501 962 4540 a
990 4481 1192 4554 viginti
1224 4480 1384 4538 annis
1430 4489 1486 4537 et
1515 4497 1698 4552 supra,
1728 4488 1782 4536 et
1827 4479 1895 4534 ad

298 4570 664 4645 preliandum
714 4573 946 4629 idoneos
973 4571 1255 4628 numerari
1287 4569 1629 4641 praeceperit,
1661 4569 1892 4624 manife-

290 4669 441 4719 stum
499 4660 648 4734 quod
703 4663 854 4719 viros
929 4662 1203 4734 perfectos
1264 4659 1626 4717 intellexerit.
1679 4659 1728 4714 A
1789 4674 1896 4730 qua

288 4767 512 4807 summa
560 4750 816 4808 mulieres
879 4752 1131 4809 femineae
1192 4751 1534 4808 inﬁrmitatis
1590 4749 1891 4818 obstaculo,

290 4837 462 4908 servi,
492 4845 706 4911 utpote,
739 4841 854 4896 vita
883 4841 1240 4915 moribusque
1278 4843 1589 4913 degeneres,
1620 4837 1891 4911 IEgyptii,

289 4937 355 4984 ut
410 4927 734 5000 alienigenae
792 4935 846 4983 et
896 4929 1135 5000 barbari,
1192 4929 1567 4988 excluduntur
1595 4929 1890 5000 (Origenes,

2004 3768 2216 3825 calculo
2260 3767 2540 3822 numerari
2592 3782 2704 3823 non
2743 3783 3041 3822 meremur.
3093 3768 3155 3822 In
3197 3767 3385 3824 eodem
3417 3768 3613 3824 deinde

2004 3857 2148 3913 libro
2178 3856 2420 3913 ﬁliorum
2473 3855 2638 3912 Israel
2686 3855 2906 3924 itinera,
2940 3855 3329 3928 profectiones,
3362 3859 3613 3913 mansio—

2006 3963 2255 4019 nesquea
2286 3945 2492 4002 ﬁnibus
2520 3945 2746 4017 IEgypti
2779 3961 2951 4017 usque
2982 3945 3050 4001 ad
3079 3955 3295 4018 tempus
3321 3953 3374 4000 et
3405 3945 3607 4012 locum,

2007 4052 2117 4110 quo
2142 4036 2358 4108 Moyses
2382 4035 2676 4092 defunctus
2705 4042 2808 4103 est,
2834 4034 3092 4091 mandato
3114 4035 3211 4091 Dei
3236 4042 3605 4090 recensentur.

2004 4124 2190 4198 Inquit
2219 4124 2400 4181 enim:
2447 4147 2466 4171 ‹
2497 4125 2569 4180 Et
2603 4123 2825 4195 scripsit
2866 4124 3082 4195 Moyses
3111 4121 3479 4193 profectiones
3507 4139 3609 4177 eo-

2005 4231 2128 4270 rum
2150 4223 2203 4270 et
2233 4215 2545 4270 mansiones
2575 4230 2790 4280 eorum,
2812 4229 2909 4284 per
2924 4212 3156 4266 verbum
3187 4209 3409 4264 Domini
3442 4211 3603 4280 (Ibid.

2004 4303 2118 4375 44).
2154 4329 2171 4351 ι
2215 4305 2325 4359 Nec
2379 4319 2511 4358 vero
2567 4301 2686 4356 sine
2715 4316 2878 4355 causa
2925 4299 3102 4370 Moysi
3162 4297 3267 4354 hoc
3313 4300 3548 4355 scribere
3577 4318 3608 4356 a

2004 4393 2241 4449 Domino
2297 4397 2632 4464 praeceptum
2682 4397 2807 4456 est;
2851 4387 2979 4461 quia
3017 4395 3240 4460 propter
3278 4389 3606 4447 instructio-

2003 4497 2128 4536 nem
2159 4489 2402 4536 nostram
2431 4498 2444 4547 ;
2489 4479 2672 4552 inquit
2702 4479 2848 4534 enim
2881 4478 3181 4550 Apostolus
3209 4495 3220 4532 :
3268 4501 3286 4524 ε
3318 4479 3516 4535 Omnia
3548 4480 3602 4535 in

2004 4570 2178 4641 ﬁgura
2223 4569 2618 4642 contingebant
2646 4569 2760 4624 illis
2790 4587 2811 4634 ;
2839 4568 3041 4640 scripta
3097 4576 3226 4624 sunt
3274 4575 3455 4624 autem
3487 4569 3602 4626 haec

2003 4661 2071 4715 ad
2107 4661 2501 4717 correctionem
2539 4667 2781 4715 nostram
2807 4660 2879 4730 (Ἰ.
2909 4661 3034 4715 Cor.
3065 4675 3124 4726 x,
3155 4659 3302 4728 11),ι
3344 4667 3405 4714 ut
3428 4660 3601 4731 legen-

2002 4756 2084 4804 tes
2112 4758 2166 4804 et
2219 4749 2514 4820 probantes
2551 4756 2757 4822 quanta
2813 4746 2973 4802 nobis
3031 4747 3090 4801 in
3145 4747 3249 4804 hac
3295 4749 3365 4803 ad
3399 4757 3599 4805 terram

2003 4839 2311 4896 viventium
2326 4840 2666 4912 profectione
2686 4839 3010 4894 immineant
3032 4838 3598 4913 discrimina,quantai

2001 4929 2245 4986 hostium
2305 4928 2541 4996 insidiae,
2572 4929 2844 4984 bellorum
2877 4927 3314 4984 conﬂictationes
3369 4930 3600 5000 spirita-

286 5015 443 5072 hom.
487 5017 514 5072 1
564 5018 621 5071 in
649 5018 812 5074 Num.
844 5035 914 5075 ex
961 5036 1102 5076 vers.
1153 5019 1332 5090 Ruﬁ).
1366 5018 1480 5075 Soli
1537 5024 1898 5074 numerantur
1925 5033 1970 5093 Β
2001 5018 2160 5086 lium,
2211 5019 2443 5074 marium
2488 5025 2542 5073 et
2573 5017 2889 5084 ﬂuminum,
2923 5016 3115 5071 mundi
3163 5025 3218 5073 et
3248 5018 3594 5090 voluptatum

285 5104 570 5173 Israelita,
604 5122 705 5164 nec
739 5107 780 5162 ii
819 5123 1012 5163 omnes
1039 5126 1052 5174 ;
1087 5109 1180 5166 sed
1210 5109 1407 5166 robore
1433 5114 1650 5174 tantum
1680 5114 1734 5163 et
1763 5106 1888 5161 vir-

284 5201 406 5249 tute
433 5203 770 5266 praestantes.
814 5196 906 5253 Sic
951 5196 1097 5252 enim
1127 5199 1392 5271 scriptum
1422 5204 1531 5253 est:
1582 5221 1601 5244 ι
1627 5197 1886 5252 Numera-

284 5283 368 5339 tio
402 5282 645 5339 ﬁliorum
696 5285 859 5341 Israel
911 5301 1036 5342 cum
1081 5289 1326 5344 exercitu
1361 5303 1553 5343 eorum
1605 5301 1636 5341 a
1687 5285 1884 5356 viginti

281 5371 448 5428 annis
503 5382 557 5429 et
609 5391 794 5446 supra,
825 5375 1009 5431 omnis
1056 5375 1342 5448 egrediens
1396 5376 1463 5432 ad
1522 5373 1884 5449 praeliandum

281 5461 347 5516 in
375 5461 564 5532 Israel,
597 5472 703 5521 etc.
740 5465 924 5532 (Num.
958 5482 1000 5530 ι,
1029 5465 1147 5537 45).
1181 5490 1199 5512 ν
1241 5465 1352 5521 Nec
1391 5466 1446 5522 id
1476 5465 1743 5540 mysterio
1780 5482 1888 5522 va-

278 5557 409 5610 cat:
451 5569 579 5609 nam
624 5552 757 5610 dum
788 5555 1017 5627 puerilis
1059 5562 1114 5610 et
1144 5553 1390 5610 lubricus
1419 5571 1630 5624 sensus,
1681 5556 1766 5612 vel
1796 5555 1888 5612 fe-

281 5641 470 5698 minea
523 5649 580 5698 et
618 5644 861 5701 resoluta
907 5643 1167 5717 segnities
1216 5641 1378 5700 nobis
1434 5643 1596 5713 inest,
1635 5644 1723 5700 vel
1751 5644 1884 5701 dum

369 5786 461 5886 ἦ
606 5741 847 5802 Parnm.
891 5742 1067 5801 XVII.

1994 5108 2239 5180 pericula
2261 5107 2723 5180 (Origenes,bom.
2753 5108 2822 5162 27
2852 5106 2909 5160 in
2936 5106 3098 5162 Num.
3131 5122 3200 5161 ex
3239 5122 3382 5163 vers.
3415 5109 3592 5178 Ruﬁ);

1995 5197 2100 5253 iter
2126 5205 2374 5252 nostrum
2408 5213 2519 5252 non
2552 5196 2809 5268 segniter,
2833 5211 3009 5267 neque
3041 5194 3265 5251 remisse
3287 5211 3590 5268 carpamus,

1995 5304 2104 5360 quo
2130 5287 2344 5342 labente
2374 5285 2485 5353 die,
2527 5285 2583 5340 in
2633 5285 2815 5341 medio
2858 5284 3182 5343 deﬁciamus
3227 5286 3443 5352 itinere,
3485 5299 3594 5337 no-

1994 5378 2097 5433 ctis
2125 5377 2367 5432 tenebris
2411 5375 2619 5431 obruti.
2666 5375 3009 5431 Nocte‘enim
3039 5374 3266 5446 1Egypti
3313 5372 3593 5444 primoge-

1995 5465 2112 5521 nita
2140 5465 2208 5520 ab
2228 5463 2654 5521 exterminatore
2684 5463 3072 5536 percutiuntur
3095 5462 3296 5530 (Exod.
3332 5476 3432 5526 xu,
3459 5460 3551 5530 ‘29)
3575 5481 3588 5528 ;

1995 5561 2156 5611 nocte
2201 5553 2350 5610 avari
2398 5553 2582 5610 anima
2625 5553 2818 5609 divitis
2847 5570 2877 5609 a
2910 5549 3252 5608 daemonibus
3291 5551 3593 5622 reposcitur

1997 5645 2141 5716 (Luc.
2173 5661 2277 5712 xu,
2313 5642 2430 5714 20).
2462 5643 2568 5700 Sed
2601 5642 2904 5716 prudenter
2933 5639 3116 5698 itineri
3164 5653 3262 5695 nos
3291 5639 3591 5715 accingen-

3311 5737 3338 5799 1
