4150 6194
619 290 682 346 11
1596 291 1694 346 ΑΙ)
1733 289 1965 347 OPERA
2004 290 2061 346 S.
2104 290 2186 346 AN

2295 287 2437 347 .OSII
2474 288 2855 348 APPENDIX.
3150 324 3155 333 -
3836 296 3901 352 12

616 421 718 483 tes,
771 413 1095 488 fortiterque
1146 415 1214 472 ad
1244 416 1391 472 bella
1427 415 1735 488 praeparati,
1786 414 1853 471 de
1901 415 2108 471 virtute
2139 414 2207 471 ad
2235 417 2288 476 A
2315 413 2403 471 bis
2430 414 2771 483 immundus,
2793 431 2906 472 non
2934 414 3233 472 comedetis
3251 431 3321 472 ex
3339 432 3405 472 eo
3430 433 3442 471 :
3473 423 3529 473 at
3548 432 3693 475 anno
3714 430 3903 493 quarto

616 501 877 558 virtutem
899 511 1264 573 transeamus,
1294 513 1348 561 et
1385 504 1657 562 Dominus
1684 505 1828 559 Deus
1857 511 2046 560 noster
2073 521 2207 577 prae-

613 591 769 649 cedat
797 610 897 650 nos
928 602 1054 652 ante
1079 594 1274 652 faciem
1327 602 1592 661 nostram,
1624 592 1904 649 debellans
1950 594 2207 650 inimicos

611 690 849 752 nostros,
881 692 1214 758 portansque
1242 702 1361 752 nos,
1395 692 1457 740 ut
1487 690 1660 738 mater
1687 682 1865 737 ﬁlium
1912 698 2094 750 suum,
2143 698 2207 738 ac

610 772 817 830 ducens
847 790 947 830 nos
977 774 1035 830 in
1074 775 1164 831 die
1209 791 1306 847 per
1336 775 1560 842 nubem,
1593 780 1647 829 et
1674 782 1835 829 nocte
1874 789 1969 845 per
1997 772 2201 845 ignem,

609 877 672 925 ut
699 871 921 928 tandem
952 871 1227 944 superatis
1271 871 1585 943 quibusque
1613 868 1658 925 2
1700 870 1915 925 itineris
1955 869 2205 925 difﬁcul-

609 961 833 1030 tatibus,
876 962 1423 1034 adversariarumque
1475 959 1793 1016 incursibus
1850 968 2201 1031 potestatum,

607 1050 1003 1121 profectionem
1034 1059 1277 1106 nostram
1313 1048 1545 1121 gloriose
1566 1047 1932 1119 perﬁciamus.
1970 1047 2200 1104 Mansio-

604 1153 702 1194 nes
731 1154 860 1194 vero
888 1138 1130 1194 ﬁliorum
1162 1137 1327 1193 Israel
1356 1136 1721 1209 quadraginta
1748 1143 1802 1191 et
1830 1137 1950 1191 duae
1972 1152 2203 1193 numero

602 1235 1012 1300 computantur,
1030 1243 1151 1299 qua:
1168 1226 1403 1295 denarii,
1421 1225 1781 1299 quaternarii,
1812 1234 1866 1282 et
1893 1225 2095 1282 binarii
2120 1244 2200 1283 ra-

600 1316 752 1371 tione
769 1317 986 1371 numeri
1006 1331 1167 1388 quem
1192 1315 1503 1381 continent,
1520 1316 1692 1371 multa
1713 1332 1813 1372 nos
1834 1315 2097 1388 mysteria
2107 1315 2201 1373 do-

602 1412 746 1461 cent.
781 1405 1043 1462 Volentes
1064 1412 1247 1461 autem
1278 1404 1333 1460 id
1364 1404 1544 1473 vobis,
1568 1405 2096 1478 fratres,explicare,
2118 1406 2200 1461 in-

602 1492 859 1562 tuemini,
888 1494 1137 1563 obsecro,
1167 1502 1223 1549 et
1252 1494 1402 1567 ﬁgite
1432 1495 1733 1563 memorias,
1776 1511 1845 1550 ne
1890 1493 2045 1550 verbi
2073 1510 2198 1551 con-

603 1590 902 1656 temptores
947 1584 1334 1653 inveniamini,
1376 1601 1477 1641 nec
1518 1584 1617 1640 ﬁat
1659 1586 1843 1641 anima
1878 1593 2059 1642 vestra
2086 1585 2197 1655 via,

603 1671 697 1728 ubi
738 1689 906 1745 grana
944 1672 1148 1745 jactata
1196 1690 1308 1729 non
1339 1674 1648 1746 germinent
1679 1690 1690 1728 :
1733 1683 1787 1730 et
1823 1674 2067 1743 veniant,
2101 1674 2200 1730 in-

2314 502 2421 560 erit
2449 504 2631 561 omnis
2656 505 2870 562 fructus
2896 503 3014 578 ejus
3033 513 3255 563 sanctus
3282 512 3337 562 et
3350 505 3645 564 laudabilis
3669 508 3903 568 Domino

2319 594 2506 667 (Levit.
2530 612 2649 661 xxv,
2679 594 2769 663 23,
2796 594 2912 666 24).
2942 620 2960 643 ι
3020 594 3133 651 Nec
3178 594 3455 651 immerito
3488 612 3500 649 :
3558 597 3903 669 quaternioni

2315 679 2460 738 enim
2505 683 2697 740 insunt
2725 684 2932 753 omnia,
2972 691 3261 756 punctum,
3288 683 3454 750 linea,
3483 684 3821 757 superficies,
3853 696 3905 744 et

2313 773 2585 839 soliditas,
2628 790 2895 830 mensurae
2941 773 3349 830 universorum.
3396 773 3590 830 Insunt
3619 775 3782 832 etiam
3814 793 3902 850 po-

2311 861 2538 918 tissimae
2590 863 2935 936 symphoniae
2983 863 3224 920 musicas.
3284 862 3493 920 Deinde
3544 864 3900 938 quadranguli

2312 948 2483 1006 latera
2527 959 2741 1022 oportet
2787 968 2902 1008 esse
2953 952 3203 1025 aequalia.
3235 952 3547 1025 Equalitas
3576 969 3708 1010 vero
3737 965 3903 1013 mater

2312 1037 2665 1109 estjustitiaa,
2691 1056 2811 1112 quae
2848 1050 3172 1097 caaterarum
3220 1041 3491 1099 virtutum
3526 1043 3643 1100 dux
3711 1053 3793 1103 est
3852 1054 3901 1101 et

2312 1126 2590 1198 magistra.
2623 1128 2901 1185 Justitiam
2931 1145 3058 1202 ergo
3088 1131 3471 1202 quaternarius
3508 1132 3777 1191 insinuat.
3817 1134 3902 1191 Bi-

2310 1215 2500 1272 narius
2526 1215 2746 1272 demum
2777 1233 2878 1274 nec
2924 1217 3041 1291 ipse
3075 1234 3269 1291 eXpers
3310 1230 3392 1277 est
3433 1221 3706 1294 mysterii.
3753 1222 3902 1297 Legi-

2310 1323 2433 1361 mus
2484 1304 2632 1361 enim
2690 1306 2915 1363 viduam
2970 1307 3123 1364 illam
3164 1307 3369 1382 insigni
3421 1309 3581 1366 laude
3609 1312 3903 1369 aDomino

2309 1394 2685 1453 commendari
2725 1412 2847 1469 quae
2894 1413 3000 1453 aera
3028 1397 3139 1455 duo
3176 1398 3234 1454 in
3265 1400 3721 1473 gazophylacium
3753 1403 3904 1461 misit

2312 1484 2462 1555 (Luc.
2505 1500 2624 1554 xxr,
2656 1484 2794 1558 2-4).
2828 1485 3202 1544 Samaritanus
3231 1504 3329 1561 pro
3358 1489 3641 1546 curatione
3679 1492 3904 1549 sauciati

2307 1572 2468 1631 binos
2496 1576 2740 1649 erogavit
2769 1592 3026 1635 nummos
3057 1579 3208 1652 (Luc.
3242 1596 3298 1648 x,
3330 1579 3445 1652 35).
3477 1581 3639 1652 Apud
3672 1581 3903 1641 Samari-

2305 1669 2467 1721 tanos
2510 1666 2741 1722 biduum
2795 1666 3058 1740 transegit
3112 1668 3366 1724 Salvator
3424 1668 3677 1728 Christus
3718 1672 3901 1745 (Joan.

602 1762 743 1837 quit,
795 1762 1051 1819 volatilia
1096 1763 1241 1831 cceli,
1276 1771 1329 1819 et
1375 1765 1594 1836 rapiant
1625 1781 1705 1821 ea.
1752 1764 2023 1837 Percipite
2072 1781 2200 1837 ergo
2230 1773 2274 1833 Β
2308 1769 2387 1819 ἰν»
2417 1753 2551 1825 43)ε
2617 1755 2935 1829 bipartit!!!”
2967 1773 3203 1830 namque
3246 1757 3519 1830 είεηίδοδι
3557 1759 3903 1833 θῖὶδτίῖᾶῖθωι

600 1850 740 1919 haec,
771 1859 825 1907 et
844 1851 1126 1909 recondite
1156 1852 1215 1908 in
1236 1852 1499 1910 cordibus
1525 1854 1741 1911 vestris.
1782 1854 2053 1912 Denarius
2082 1870 2196 1911 nu-

600 1956 783 1995 merus
831 1942 1102 2012 mysticus
1144 1950 1245 2012 est,
1294 1950 1346 1998 et
1385 1960 1496 1999 non
1531 1944 1886 2001 mediocriter
1932 1960 1963 2001 a
2010 1945 2196 2018 Moyse

598 2030 1053 2088 commendatus:
1093 2031 1161 2088 ad
1204 2048 1328 2089 eum
1377 2050 1614 2108 namque
1643 2033 1936 2107 primitias,
1967 2034 2194 2090 oblatio-

598 2136 800 2194 nesque
822 2129 875 2178 et
905 2131 1033 2179 vota
1060 2122 1246 2181 refert.
1279 2125 1465 2197 Inquit
1489 2126 1671 2183 enim:
1720 2150 1737 2173 ι
1768 2126 1960 2181 Omnis
1984 2124 2195 2181 decima

597 2217 776 2281 terra},
828 2222 882 2270 et
924 2231 955 2270 a
1001 2215 1188 2273 fructu
1239 2215 1443 2289 ligneo,
1476 2217 1719 2274 Domino
1767 2226 1881 2274 est:
1918 2225 1971 2272 et
2014 2216 2195 2271 omnis

596 2302 810 2361 decima
839 2305 1006 2361 boum
1066 2314 1119 2364 et
1167 2307 1383 2376 ovium,
1415 2315 1469 2362 et
1495 2324 1657 2363 omne
1688 2307 1855 2380 quod
1882 2308 2097 2363 venerit
2135 2305 2193 2361 in

594 2409 844 2463 numero,
901 2395 1003 2451 sub
1058 2395 1235 2468 virga,
1289 2396 1503 2453 decima
1554 2396 1658 2452 erit
1713 2402 1903 2452 sancta
1955 2395 2192 2451 Domino

596 2483 787 2554 (Levit.
821 2500 999 2554 xxvn,
1030 2485 1119 2552 30,
1165 2486 1281 2559 32).
1317 2512 1335 2535 ι
1394 2486 1644 2558 Denique
1693 2485 1879 2554 Iacob,
1935 2486 2048 2541 Deo
2085 2483 2190 2540 sibi

592 2570 724 2629 dum
755 2574 823 2629 ad
856 2574 1039 2631 Laban
1071 2576 1408 2632 avunculum
1440 2592 1601 2632 suum
1648 2576 1706 2631 in
1742 2573 2189 2647 Mesopotamiam

590 2661 1056 2733 proﬁcisceretur,
1109 2664 1168 2720 in
1215 2664 1412 2721 itinere
1445 2665 1729 2738 apparenti
1778 2664 2060 2737 pollicitus
2088 2670 2188 2730 est,

591 2748 779 2807 dicens
812 2770 823 2807 :
873 2776 890 2799 ι
922 2752 1187 2809 Omnium
1219 2769 1338 2826 quae
1369 2753 1507 2809 mihi
1538 2754 1774 2822 dederis,
1806 2751 2073 2810 decimam
2101 2749 2190 2806 de-

589 2840 807 2897 cimabo
834 2843 939 2898 tibi
969 2846 1127 2915 (Gen.
1148 2860 1353 2912 xxviii,
1377 2845 1493 2915 22).
1518 2870 1537 2892 ι
1568 2846 1720 2902 Hanc
1746 2844 1816 2901 ob
1845 2860 2060 2901 causam
2077 2841 2190 2898 Noe

588 2929 685 2985 ille
715 2932 810 3003 qui
849 2932 1061 3003 primus
1106 2933 1165 2987 in
1196 2933 1370 2988 veteri
1414 2933 1695 3005 Scriptura
1722 2934 1904 3007 justus
1933 2948 2190 3005 pronun-

589 3016 759 3076 tiatus
788 3027 890 3086 est,
923 3019 1170 3075 decimus
1200 3036 1232 3075 a
1262 3022 1600 3092 protoplasto
1632 3023 1941 3090 inducitur,
1978 3039 2089 3078 non
2120 3021 2187 3077 ad

592 3105 984 3161 ostendendam
1020 3108 1329 3164 viventium
1387 3116 1519 3164 tunc
1564 3117 1804 3175 mtatem,
1835 3108 1924 3164 vel
1953 3108 2021 3164 ad
2054 3125 2185 3180 prae-
2213 3137 2263 3200 C

588 3192 943 3249 scribendum
992 3211 1282 3251 numerum
1337 3195 1672 3253 hominum:
1736 3197 1831 3253 sed
1886 3206 1948 3253 ut
2003 3205 2185 3269 aperte

586 3280 880 3361 doceretur
936 3284 1084 3356 quod
1142 3285 1286 3341 sicut
1344 3285 1623 3352 denarius,
1674 3301 2031 3341 numerorum
2088 3286 2184 3359 qui

585 3370 855 3427 unitatem
906 3381 1234 3447 sequuntur,
1281 3374 1712 3446 perfectissimus
1754 3382 1856 3443 est,
1906 3375 1983 3430 ita
2037 3382 2181 3431 tran-

585 3461 835 3534 quillitas
863 3462 921 3519 in
950 3465 1157 3534 anima,
1188 3464 1317 3521 ﬁnis
1345 3472 1426 3521 est
1468 3480 1527 3519 re
1555 3481 1685 3521 vera
1720 3465 2000 3521 actionum
2030 3465 2178 3521 vitae.

583 3549 784 3606 Temio
811 3553 959 3607 enim
991 3569 1088 3625 per
1123 3553 1361 3626 seipsum
1392 3554 1793 3626 multiplicatus
1818 3555 2181 3609 novenarium

583 3639 842 3710 complet,
884 3649 939 3696 et
980 3642 1125 3711 lites,
1158 3642 1410 3709 dissidia,
1442 3642 1693 3717 bellaque
1737 3642 1944 3699 divinis
1975 3642 2183 3700 indicat

582 3729 839 3798 oraculis,
876 3738 938 3786 ut
972 3740 1118 3803 patet
1169 3732 1228 3788 in
1284 3740 1527 3806 quatuor
1578 3741 1632 3789 et
1670 3732 1913 3807 quinque
1961 3732 2181 3805 regibus

582 3816 1001 3891 dissidentibus,
1026 3838 1250 3897 seseque
1279 3831 1475 3880 mutuo
1496 3822 1967 3897 impugnantibus.
1989 3821 2179 3880 Unitas

580 3922 713 3962 vero
746 3910 1047 3967 novenario
1077 3914 1491 3985 superveniens,
1540 3913 1826 3971 denarium
1858 3914 2093 3987 perﬁcit,
2125 3923 2178 3971 et

580 4012 791 4069 pacem,
840 3999 1254 4075 amicitiamque
1310 4003 1582 4075 designat.
1638 4003 1847 4061 Novem
1875 4003 2021 4060 enim
2065 4020 2174 4060 cer-

579 4086 828 4144 tantibus
871 4087 1092 4161 regibus
1143 4090 1359 4163 sapiens
1401 4091 1680 4148 Abraham
1727 4093 1882 4166 quasi
1928 4092 2175 4150 decimus

579 4176 971 4245 superveniens
1023 4195 1122 4252 pro
1178 4186 1496 4252 tempestate
1546 4182 2024 4255 tranquillitatem,
2074 4198 2174 4255 pro

577 4261 724 4320 bello
779 4281 989 4336 pacem,
1028 4285 1125 4339 pro
1181 4278 1359 4325 morte
1404 4268 1722 4339 victoriam,
1767 4271 1881 4327 Deo
1930 4271 2170 4340 favente,

577 4352 783 4408 attulit.
826 4354 979 4409 Unde
1008 4366 1059 4412 et
1090 4358 1491 4415 Melchisedech
1522 4359 1723 4416 summi
1774 4360 1872 4418 Dei
1904 4360 2171 4417 sacerdoti

2306 1842 2405 1899 Dei
2437 1859 2651 1918 nempe,
2682 1852 2739 1900 et
2774 1844 3012 1917 proximi
3047 1862 3059 1901 :
3111 1869 3129 1893 ‹
3160 1847 3221 1903 In
3250 1847 3340 1904 his
3367 1848 3605 1918 duobus,
3636 1849 3773 1907 dicit
3801 1854 3901 1908 Do-

2308 1931 2512 2002 minus,
2560 1933 2819 1991 universa
2846 1936 2960 1992 Lex
3012 1935 3214 2009 pendet
3251 1946 3305 1995 et
3351 1939 3636 2012 Prophetas
3686 1941 3901 2013 (Matth.

2305 2038 2451 2090 xxii,
2484 2024 2599 2098 40).
2651 2052 2671 2076 ι
2736 2027 3049 2085 Mansiones
3100 2029 3270 2102 igitur
3321 2029 3562 2087 ﬁliorum
3621 2033 3785 2089 Israel
3837 2034 3904 2091 ab

2306 2114 2534 2188 IEgypti
2588 2114 2816 2185 ﬁnibus,
2857 2133 3032 2191 usque
3084 2118 3154 2174 ad
3201 2120 3644 2193 repromissionis
3698 2129 3900 2179 terram

2306 2206 2667 2280 quadraginta
2696 2205 2817 2263 duae
2865 2224 2894 2263 a
2940 2208 3132 2282 Moyse
3167 2218 3541 2268 recensentur.
3573 2210 3665 2269 Sic
3700 2217 3753 2268 et
3783 2228 3904 2270 san-

2305 2304 2425 2351 ctus
2483 2295 2777 2352 Matthzeus
2823 2296 3031 2355 Christi
3098 2300 3503 2372 generationem
3564 2300 3901 2371 describens,

2304 2382 2665 2458 quadraginta
2719 2386 2854 2444 duas
2913 2397 3216 2446 enumerat.
3272 2389 3464 2461 Inquit
3493 2389 3691 2448 enim:
3738 2415 3756 2438 ι
3817 2393 3903 2449 Ab

2303 2475 2579 2532 Abraham
2610 2493 2782 2550 usque
2814 2478 2883 2535 ad
2912 2478 3110 2548 David,
3142 2479 3519 2551 generationes
3572 2482 3902 2554 quatuorde-

2301 2564 2443 2633 cim;
2478 2582 2511 2621 a
2562 2566 2739 2623 David
2772 2583 2945 2641 usque
2972 2567 3040 2623 ad
3097 2567 3633 2640 transmigrationem
3663 2569 3899 2644 Babylo-

2300 2655 2409 2723 nis,
2433 2657 2809 2729 generationes
2831 2657 3248 2732 quatuordecim
3270 2661 3899 2734 ;etatransmigratione

2300 2743 2601 2818 Babylonis
2648 2764 2819 2821 usque
2866 2748 2935 2805 ad
2992 2748 3297 2819 Christum,
3347 2751 3723 2825 generationes
3764 2769 3897 2828 qua-

2300 2835 2603 2892 tuordecim
2640 2838 2852 2909 (Matth.
2888 2855 2926 2906 1,
2961 2838 3051 2910 17)
3093 2858 3105 2896 :
3138 2865 3157 2889 ι
3200 2848 3262 2897 ut
3291 2841 3602 2898 ostenderet
3629 2841 3778 2915 quod
3805 2860 3897 2900 ve-

2298 2939 2393 2979 rus
2424 2924 2671 2981 Israelita
2699 2925 2793 2998 qui
2824 2925 2891 2983 de
2920 2928 3107 2984 saeculi
3135 2927 3303 3001 hujus
3322 2931 3565 3004 Egypto
3580 2932 3649 2988 ad
3667 2933 3895 3004 caelum,

2297 3028 2482 3070 veram
2514 3014 2822 3072 viventium
2857 3022 3076 3087 terram,
3106 3035 3202 3092 per
3246 3027 3329 3075 tot
3357 3036 3540 3077 rerum
3572 3021 3898 3080 discrimina

2296 3109 2349 3157 et
2377 3103 2733 3163 inimicorum
2769 3114 3129 3179 tentamenta,
3170 3110 3459 3183 pervenire
3487 3111 3732 3180 festinat,
3763 3127 3897 3185 pace

2294 3207 2392 3263 per
2419 3193 2729 3265 denarium,
2756 3197 2977 3269 justitia
3008 3217 3104 3272 per
3141 3202 3574 3276 quaternarium,
3626 3201 3896 3260 charitate

2294 3295 2390 3350 per
2418 3280 2716 3351 binarium,
2754 3287 2954 3340 armari
2997 3297 3232 3358 oportet.
3272 3290 3429 3357 Pace,
3463 3291 3593 3361 quia
3623 3292 3896 3363 scriptum

2292 3375 2374 3422 est
2407 3386 2418 3423 :
2461 3393 2480 3416 ι
2510 3370 2572 3425 In
2599 3387 2727 3441 pace
2769 3372 2988 3428 vocavit
3015 3390 3119 3429 nos
3143 3377 3288 3429 Deus
3320 3377 3377 3445 (Ι
3414 3376 3537 3430 Cor.
3570 3391 3671 3443 vn,
3708 3378 3820 3448 15).
3863 3405 3883 3427 ι

2292 3455 2536 3526 Iustitia,
2565 3458 2695 3530 quia
2725 3456 2862 3515 dicit
2892 3459 3037 3515 idem
3066 3460 3361 3533 Apostolus
3394 3477 3406 3516 :
3452 3484 3470 3507 ι
3501 3461 3651 3519 State
3705 3463 3893 3522 induti

2293 3543 2517 3601 loricam
2542 3544 2774 3617 justitize
2807 3547 3025 3619 (Ephes.
3056 3564 3137 3613 v1,
3168 3548 3279 3620 14).
3313 3574 3332 3598 ι
3365 3545 3664 3617 Charitate,
3713 3576 3732 3599 ι
3760 3554 3894 3627 quia

2291 3632 2530 3691 charitas
2557 3635 2735 3708 operit
2763 3636 3176 3693 multitudinem
3193 3645 3541 3711 peccatorum
3567 3641 3626 3713 (Ι
3650 3641 3889 3713 Petr.rv,

2289 3724 2371 3794 8).
2397 3723 2649 3782 Christus
2675 3741 2803 3798 ergo
2832 3725 2901 3782 ad
2929 3725 3240 3799 Virginem,
3269 3728 3435 3785 Israel
3473 3728 3543 3785 ad
3567 3729 3888 3802 Iordanem,

2288 3811 2637 3870 Christianus
2690 3814 2759 3871 ad
2812 3816 3013 3872 cmlum
3070 3814 3187 3888 pari
3242 3816 3593 3875 mansionum
3652 3836 3887 3878 numero

2286 3902 2622 3971 deveniunt;
2656 3902 2751 3959 sed
2773 3902 2889 3975 jam
2922 3904 3068 3978 ipsas
3093 3905 3311 3963 Israelis
3338 3906 3708 3980 profectiones
3736 3908 3885 3983 sigil-

2285 3993 2439 4049 latim
2460 3992 2894 4051 consideremus.

2353 4103 2403 4159 Ι·
2457 4103 2685 4172 mansio,
2755 4104 3057 4161 Raunssss.
3116 4133 3188 4147 —-
3236 4104 3653 4162 Profectionum
3723 4106 3880 4175 ordo,

2284 4191 2744 4266 mansionumque
2768 4192 3052 4251 distinctio
3083 4190 3327 4250 ﬁliorum
3356 4195 3518 4252 Israel
3547 4210 3617 4250 ex
3638 4194 3883 4269 Egypto

2281 4283 2603 4339 exeuntium
2632 4282 2699 4340 ad
2742 4293 2943 4340 terram
2984 4300 3157 4358 usque
3188 4284 3437 4357 patribus
3465 4284 3875 4357 repromissum,

2281 4372 2349 4429 iis
2387 4374 2482 4446 qui
2512 4384 2635 4446 post
2668 4376 2840 4431 Deum
2873 4374 3154 4431 ambulare
3202 4374 3567 4439 contendunt,
3599 4374 3667 4429 ad
3692 4375 3884 4432 virtu-

578 4440 820 4497 decimas
849 4444 1110 4501 exsolvit.
1141 4448 1411 4504 Denarius
1445 4465 1574 4520 ergo
1603 4464 1868 4506 numerus
1896 4451 2171 4523 perfectus
2206 4498 2252 4555 Β
2278 4440 2531 4535 ιιιῐῐιξμιθ-
2555 4463 2831 4535 profectus
2870 4463 3135 4536 aspirant,
3181 4470 3403 4536 propter
3456 4464 3719 4535 mysteria
3757 4472 3878 4538 quae

577 4544 657 4592 est
687 4544 739 4593 et
796 4538 1068 4594 unitatem
1119 4539 1388 4612 designat.
1449 4542 1844 4609 Quaternarius
1874 4560 2093 4619 quoque
2120 4555 2173 4604 et

574 4626 691 4698 ipse
748 4628 1017 4700 mysticus
1060 4637 1164 4696 est,
1214 4638 1267 4685 et
1310 4632 1368 4686 in
1409 4632 1694 4705 Scriptura
1722 4635 2168 4691 commendatur:

575 4733 701 4772 nam
746 4718 1046 4788 speciosam
1095 4718 1248 4774 illam
1281 4721 1481 4790 lucem,
1533 4738 1652 4795 quae
1709 4723 1938 4795 seipsam
1982 4733 2037 4781 et
2073 4741 2171 4780 ca:-

575 4814 691 4863 tera
721 4808 1059 4876 manifestat,
1090 4809 1321 4868 luminis
1355 4811 1630 4884 genitores
1676 4815 1845 4871 solem
1876 4823 1930 4871 et
1958 4815 2167 4884 lunam,

573 4912 637 4952 ac
674 4897 1066 4971 praefulgidum
1113 4901 1398 4957 stellarum
1446 4902 1702 4973 chorum,
1752 4920 1872 4976 quae
1928 4912 2167 4972 noctem,

573 4984 850 5060 diemque,
896 5006 1133 5061 menses,
1179 5008 1460 5065 annosque
1497 4994 1726 5049 oriendo
1784 5002 1837 5050 et
1866 4994 2169 5051 occidendo

570 5076 891 5146 terminant,
950 5078 1039 5135 die
1091 5088 1285 5153 quarto
1331 5089 1513 5138 creata
1543 5099 1657 5139 esse
1687 5099 1864 5140 sermo
1893 5084 2167 5157 propheti-

570 5181 669 5223 cus
710 5166 968 5225 declarat.
1014 5170 1208 5227 Mundi
1254 5171 1464 5228 radices
1511 5183 1746 5246 quatuor
1784 5183 2165 5243 numerantur,

570 5269 736 5330 terra,
784 5279 945 5336 aqua,
1002 5266 1145 5340 ignis
1175 5276 1228 5324 et
1285 5284 1394 5324 aer.
1428 5267 1473 5323 3
1500 5271 1574 5325 Et
1627 5287 1821 5326 annuae
1857 5280 2164 5342 temporum

571 5352 717 5407 vices
764 5363 894 5409 sunt
947 5354 1198 5425 totidem,
1250 5356 1447 5425 hiems,
1492 5366 1672 5426 aestas,
1694 5375 1792 5414 ver
1835 5367 1888 5414 et
1935 5367 2166 5415 autum-

569 5456 693 5496 nus.
726 5443 975 5517 Denique
1030 5444 1097 5501 de
1153 5455 1312 5503 terrae
1363 5448 1638 5505 fructibus
1691 5450 1805 5505 Deo
1858 5448 2163 5505 oblationes

567 5546 775 5588 annum
821 5541 948 5589 ante
1002 5543 1257 5609 quartum
1310 5538 1429 5594 ﬁeri
1461 5538 1832 5611 prohibetur:
1893 5538 1984 5595 Sic
2011 5538 2161 5595 enim

565 5618 830 5693 scriptum
865 5632 946 5679 est
981 5641 992 5680 :
1040 5650 1056 5669 ε
1108 5626 1342 5684 Fructus
1371 5635 1531 5684 terrae
1560 5636 1669 5683 tres
1698 5644 1873 5684 annos
1922 5628 2027 5683 erit
2065 5644 2158 5683 vo-

2281 4550 2645 4609 includuntur
2700 4554 2758 4609 in
2806 4553 2942 4623 illis,
3002 4553 3145 4609 scitu
3175 4551 3334 4608 valde
3390 4553 3699 4611 necessaria
3748 4562 3879 4610 sunt

2285 4640 2484 4714 (Orig.,
2538 4641 2688 4699 hom.
2740 4644 2807 4700 27
2837 4660 2906 4699 ex
2935 4658 3079 4698 vers.
3139 4640 3319 4711 Ruﬁ).
3361 4641 3440 4697 Ea
3491 4641 3637 4699 enim
3667 4658 3786 4716 quae
3817 4642 3876 4699 in

2281 4733 2483 4803 populo
2514 4741 2730 4804 patrum
2786 4732 3144 4806 corporaliter
3172 4740 3317 4804 gesta
3368 4739 3517 4800 sunt,
3545 4731 3747 4788 nedum
3778 4730 3878 4788 hi-

2280 4819 2529 4889 storiam,
2571 4837 2863 4893 rerumque
2916 4828 3189 4893 gestarum
3224 4819 3419 4876 seriem
3476 4820 3637 4877 nobis
3694 4827 3874 4879 osteno

2279 4906 2418 4964 dunt
2441 4925 2454 4976 ;
2486 4908 2582 4965 sed
2612 4907 2965 4965 instructioni
3010 4915 3210 4964 nostra;
3238 4908 3564 4980 spiritaliter
3594 4908 3875 4967 intellecta

2279 4997 2520 5054 maxime
2558 4996 2874 5070 proﬁciunt.
2920 4997 3039 5052 Huc
3068 4997 3347 5069 spectabat
3384 4999 3709 5070 Apostolus,
3740 4998 3873 5055 dum

2277 5088 2336 5144 in
2379 5085 2610 5159 epistola
2664 5085 2734 5143 ad
2784 5086 3061 5143 Romanos
3118 5085 3369 5142 dicebat:
3435 5108 3453 5133 ε
3513 5085 3867 5161 Quaecunque

2276 5176 2478 5250 scripta
2519 5183 2666 5244 sunt,
2724 5173 2791 5230 ad
2823 5182 3067 5231 nostram
3123 5174 3431 5231 doctrinam
3489 5175 3694 5249 scripta
3742 5186 3873 5234 sunt

2278 5268 2453 5335 (Rom.
2483 5282 2582 5330 xv,
2610 5264 2690 5337 4).
2744 5288 2763 5314 ι
2806 5264 2877 5319 Et
2909 5264 2977 5321 ad
3023 5263 3377 5320 Timotheum
3403 5282 3414 5321 :
3464 5287 3483 5312 ι
3512 5264 3705 5322 Omnis
3733 5265 3871 5323 Scri-

2274 5363 2432 5428 ptura
2462 5353 2733 5410 divinitus
2761 5352 3048 5427 inspirata,
3082 5353 3236 5409 utilis
3269 5362 3351 5410 est
3394 5353 3464 5410 ad
3529 5354 3864 5424 docendum,

2272 5443 2343 5501 ad
2366 5440 2730 5516 arguendum,
2761 5443 2830 5499 ad
2856 5442 3267 5515 corripiendum
3292 5450 3347 5499 et
3371 5443 3441 5499 ad
3471 5443 3864 5501 erudiendum:

2272 5532 2592 5606 iniustitia,
2636 5540 2697 5589 ut
2749 5533 3023 5607 perfectus
3078 5532 3151 5588 sit
3207 5532 3376 5590 homo
3420 5534 3545 5605 Dei,
3603 5534 3671 5592 ad
3704 5550 3868 5594 omne

2271 5643 2407 5699 opus
2461 5627 2667 5685 bonum
2726 5627 3030 5684 instructus
3080 5626 3169 5698 (II
3225 5627 3361 5684 Tim.
3404 5644 3490 5699 ιιι,
3548 5628 3632 5698 16,
3678 5628 3788 5699 17).
3838 5653 3855 5674 ι

3672 5814 3736 5881 Α

3734 5879 3903 6027 δέ
