4136 6194
360 246 421 302 13
1249 241 1345 297 DE
1384 241 1530 298 XLII
1565 238 2036 298 MANSIONIBUS
2072 238 2407 298 FILIORUM
2446 239 2718 297 ISRAEL.
3592 241 3657 297 Ui

355 367 601 441 Legimus
630 382 757 440 ergo
786 363 936 440 quod
964 364 1069 421 ﬁlii
1112 365 1298 434 Israel,
1329 374 1617 438 postquam
1665 366 1941 438 rEgyptus
1973 370 2026 427 A
2052 364 2299 434 affectus,
2331 374 2385 422 et
2413 364 2686 422 desideria
2730 363 2876 420 mala
2918 380 3039 436 quae
3088 364 3333 420 militant
3382 364 3651 422 adversus

353 456 606 514 universa
630 454 799 514 tantis
838 454 1011 528 plagis
1038 469 1293 528 percussa
1331 463 1433 523 est,
1464 463 1708 526 tempore
1741 452 1949 510 caelesti

353 546 570 603 oraculo
623 544 930 618 designato,
987 553 1051 600 ut
1112 543 1177 600 ad
1244 542 1642 599 immolandum
1711 542 1949 599 Domino

350 638 460 693 Deo
483 637 542 693 in
575 637 934 695 solitudinem
958 636 1455 709 proﬁciscerentur,
1488 645 1689 693 terram
1720 634 1946 701 Gessen,

351 740 510 797 quam
564 726 633 783 ad
689 727 1043 785 incoleudum
1101 734 1445 799 acceperant.
1492 724 1826 791 deserentes,
1889 724 1949 778 in

351 814 660 872 Ramessem
699 816 891 874 urbem
931 816 1111 889 primo
1136 824 1555 881 convenerunt;
1607 813 1686 869 ibi
1737 812 1953 869 substi-

350 911 554 973 terunt,
593 904 784 979 ibique
814 906 1051 979 primam
1081 905 1328 961 ﬁxerunt
1365 901 1950 959 mansionem.Rames-

349 1006 431 1046 ses
456 991 687 1064 Egypti
714 990 917 1049 civitas
948 1001 1052 1059 est,
1076 990 1144 1046 ab
1175 989 1416 1045 Hebraeis
1445 987 1680 1055 munita,
1729 986 1949 1060 quando

346 1078 608 1137 seviente
634 1080 695 1136 in
720 1096 816 1137 eos
844 1080 1148 1145 Pharaone,
1188 1079 1326 1147 luto,
1360 1077 1528 1135 latere
1556 1085 1611 1133 et
1640 1074 1809 1148 paleis
1840 1092 1949 1147 op-

346 1170 732 1243 primebantur
762 1187 775 1224 :
805 1167 897 1226 Sic
922 1167 1067 1224 enim
1106 1164 1373 1238 scriptum
1413 1174 1495 1221 est
1526 1183 1538 1222 :
1600 1189 1619 1213 ι
1647 1167 1718 1222 Et
1760 1164 1951 1221 sedili-

343 1265 614 1317 caverunt
659 1257 913 1316 civitates
954 1255 1192 1313 munitas
1229 1254 1551 1324 Pharaonis,
1601 1255 1804 1312 Philon
1831 1257 1948 1313 Ila—

343 1364 559 1406 messeu
586 1356 639 1405 et
666 1347 751 1404 On
778 1347 984 1419 (Exod.
1019 1363 1060 1415 ι,
1094 1344 1207 1416 11).
1233 1369 1254 1393 ι
1295 1345 1396 1400 Est
1426 1344 1667 1417 denique
1689 1344 1746 1401 in
1763 1354 1944 1402 extre-

346 1438 450 1495 mis
498 1437 650 1495 illius
698 1436 853 1510 regni
897 1434 1103 1493 ﬁnibus
1144 1433 1274 1500 sita,
1307 1441 1369 1488 ut
1411 1431 1645 1491 habetur
1687 1433 1746 1490 in
1802 1433 1946 1490 libro

343 1536 526 1595 Exodi
551 1536 756 1609 (Exod.
788 1552 892 1603 χιι,
923 1535 1040 1607 37).
1072 1535 1135 1592 In
1161 1532 1267 1592 hac
1292 1534 1580 1592 mansione
1600 1533 1835 1605 populus
1856 1548 1945 1604 pa-

345 1637 518 1694 trum,
551 1634 791 1685 mactato
849 1642 1013 1699 agno,
1065 1624 1293 1699 ejusque
1336 1623 1603 1697 sanguine
1652 1623 1945 1678 domorum

2059 455 2323 511 animam.
2375 456 2824 529 Exstinguuntur
2861 469 2994 509 vero
3038 453 3316 526 Egyptii,
3364 454 3495 512 dum
3545 472 3656 511 non

2060 542 2174 616 agis
2205 560 2369 616 opera
2399 544 2743 601 tenebrarum
2778 563 2792 613 ;
2822 544 3224 617 extinguuntur
3248 545 3495 617 .‘Egyptii
3525 544 3657 601 dum

2060 653 2171 691 non
2224 637 2539 703 carnaliter,
2592 638 2686 695 sed
2743 636 3105 711 spiritualiter
3166 637 3353 703 vivis;
3434 638 3658 693 exstin-

2060 734 2305 797 guuntur
2388 727 2661 800 JEgyptii,
2756 728 2887 785 dum
2983 728 3227 800 impuras
3300 728 3657 801 sordidasque

2061 814 2421 885 cogitationes
2497 818 2583 874 vel
2656 817 2887 891 depellis
2953 836 2983 877 e
3055 819 3240 889 corde,
3317 820 3402 874 vel
3481 821 3656 876 muni-

2060 918 2134 959 no
2206 920 2320 961 non
2396 906 2615 978 recipis.
2695 908 2825 964 Ideo
2897 909 3210 982 quairenti:
3301 933 3318 955 ε
3358 909 3494 977 Quis
3569 927 3655 964 me

2059 993 2315 1050 liberabit
2386 993 2456 1050 de
2530 1013 2759 1068 corpore
2835 1000 3029 1053 mortis
3106 999 3388 1072 (hujus)?
3444 1027 3463 1052 -
3563 1019 3658 1056 re-

2057 1083 2282 1156 spondit
2310 1086 2610 1155 Apostolus
2644 1103 2656 1141 :
2696 1107 2721 1137 «
2755 1085 2945 1142 Gratia
2991 1087 3091 1143 Dei
3124 1104 3221 1159 per
3272 1091 3455 1145 Iesum
3483 1089 3656 1148 Chri-

2055 1184 2204 1232 stum
2248 1175 2548 1232 Dominum
2571 1184 2822 1233 nostrum
2850 1177 3029 1245 (Rom.
3074 1194 3176 1246 vn,
3228 1177 3315 1245 21,
3355 1178 3470 1249 25).
3514 1206 3531 1229 ι
3593 1181 3653 1236 In

2057 1264 2159 1322 hac
2189 1265 2473 1322 mansione
2503 1264 2701 1333 farina,
2739 1273 3025 1337 argentum
3057 1274 3109 1321 et
3139 1282 3336 1322 aurum
3359 1269 3660 1323 cumulan-

2060 1364 2171 1413 tur.
2232 1355 2451 1423 Farina,
2508 1372 2578 1411 ex
2637 1371 2745 1427 qua
2795 1355 2951 1427 panis
3014 1354 3330 1424 conﬁcitur,
3407 1355 3659 1414 doctrina

2056 1444 2266 1504 Christi
2296 1453 2413 1512 est;
2447 1444 2575 1517 quia
2598 1444 2752 1515 panis
2779 1442 3030 1502 Christus
3051 1452 3153 1512 est,
3184 1444 3402 1502 dicente
3428 1445 3654 1503 Joanne:

2071 1559 2089 1583 ι
2120 1537 2238 1608 Ego
2264 1551 2388 1592 sum
2418 1534 2575 1607 panis
2604 1534 2769 1589 vivus
2801 1534 2984 1601 (Joan.
3017 1551 3099 1599 γι,
3128 1533 3245 1603 51).
3268 1559 3285 1581 ι
3329 1537 3653 1606 Argentum,

2059 1625 2315 1683 divinum
2360 1624 2610 1696 designat
2648 1621 2932 1695 eloquium
2972 1641 2984 1679 :
3052 1646 3069 1669 ι
3100 1622 3338 1694 Eloquia
3365 1624 3512 1679 enim
3554 1626 3657 1680 Do-

345 1719 653 1788 liminibus,
683 1735 749 1775 ac
774 1717 1025 1792 utrisque
1053 1718 1305 1790 postibus
1337 1717 1523 1786 illitis,
1555 1716 1945 1773 exterminato-
1975 1727 2022 1787 Β
2059 1716 2220 1785 mini,
2261 1716 2480 1789 eloquia
2538 1723 2705 1783 casta,
2764 1721 3053 1786 argentum
3094 1714 3218 1786 igne
3260 1713 3655 1784 examinatum,

345 1809 418 1865 ris
444 1816 741 1864 evaserunt
768 1808 984 1880 plagam
1011 1824 1024 1863 :
1058 1807 1117 1862 in
1149 1806 1253 1864 hac
1278 1807 1555 1879 Egyptus
1586 1806 1949 1879 primogenita

344 1914 442 1954 sua
471 1896 616 1953 vidit
646 1896 956 1953 exstincta:
1003 1894 1063 1951 in
1101 1894 1205 1952 hac
1236 1894 1470 1951 farinam
1501 1911 1612 1950 non
1658 1894 1948 1951 fermenta-

344 1998 477 2055 tam,
513 2001 751 2060 vasaque
776 1991 1031 2058 argentea
1058 1993 1113 2041 et
1145 2001 1309 2041 aurea
1337 1985 1406 2041 ab
1431 1984 1711 2058 rEgyptiis
1756 1993 1950 2041 mutuo

347 2085 591 2149 accepta,
655 2074 825 2131 verbo
890 2074 1011 2141 Dei,
1061 2072 1169 2129 sibi
1230 2075 1465 2147 populus
1529 2082 1947 2147 congregarunt.

343 2166 557 2222 Horum
587 2181 707 2239 quze
745 2164 896 2221 dicta
939 2170 1089 2231 sunt,
1140 2163 1356 2232 fratres,
1412 2164 1630 2235 singula
1672 2163 1950 2235 mysteriis

347 2254 549 2312 referta
610 2261 782 2323 sunt,
864 2261 919 2310 et
981 2261 1186 2310 nostra:
1252 2252 1551 2327 proﬁciunt
1616 2251 1946 2324 disciplinae.

346 2345 408 2401 In
443 2343 642 2417 primis
669 2343 799 2417 quia
846 2343 1131 2400 Ramesses
1176 2342 1480 2399 secundum
1527 2341 1743 2415 aliquos
1784 2340 1949 2397 inter-

345 2442 596 2508 pretatur
628 2432 934 2491 commotio
979 2432 1320 2500 turbulenta,
1361 2448 1482 2505 quae
1525 2430 1799 2503 signiﬁcat
1840 2447 1946 2503 pce-

346 2523 682 2581 nitentiam:
742 2539 839 2596 per
905 2521 1080 2595 ipsam
1154 2521 1301 2577 enim
1378 2520 1699 2577 turbulenta
1764 2520 1828 2577 ﬁt
1891 2520 1949 2576 in

345 2620 633 2686 peccatore
656 2610 978 2680 commotio,
1028 2619 1091 2667 ut
1134 2610 1421 2668 aboleatur
1452 2618 1697 2667 vetustas
1740 2618 1949 2682 peccati

340 2711 396 2760 et
449 2702 750 2760 inducatur
804 2700 1023 2758 novitas
1106 2700 1292 2773 gratiae
1337 2720 1349 2758 :
1430 2708 1491 2757 ut
1548 2698 1718 2755 homo
1791 2708 1951 2756 vetus

340 2792 621 2867 aﬁligatur
647 2791 821 2861 cruci,
855 2800 909 2848 et
959 2806 1139 2847 novus
1190 2789 1358 2847 homo
1404 2798 1685 2861 resurgat:
1735 2796 1796 2844 ut
1843 2804 1949 2843 ve-

340 2893 455 2941 tere
486 2881 710 2940 tandem
741 2880 1001 2954 deposita
1029 2879 1448 2938 conversatione
1473 2878 1679 2946 carnis,
1709 2876 1951 2932 -novitas

340 2972 641 3030 inducatur
669 2971 920 3043 spiritus.
955 2969 1291 3027 Pmnitentia
1317 2985 1445 3040 ergo
1488 2982 1741 3039 magnam
1789 2981 1955 3022 com—

344 3062 650 3121 motionem
695 3060 1180 3132 turhationemque
1228 3056 1419 3128 gignit.
1455 3055 1597 3155 .Ideo
1644 3053 1946 3127 propheta:
1983 3094 2027 3155 Ε

353 3174 373 3198 ι
414 3152 716 3222 Postquam
750 3148 1010 3220 cognovi,
1052 3164 1183 3217 ergo
1224 3143 1470 3217 ingemui
1521 3144 1737 3215 (Jerem.
1786 3160 1947 3212 χχχι,

339 3242 424 3312 3).
461 3265 482 3289 ι
528 3238 637 3306 Qui
666 3253 794 3309 ergo
823 3236 892 3293 ad
921 3236 1307 3310 repromissam
1345 3243 1562 3291 aeternae
1612 3233 1950 3290 hereditatis

339 3330 582 3404 patriam
614 3327 895 3401 proﬁcisci
937 3325 1232 3395 desiderat,
1262 3341 1325 3383 ac
1367 3325 1606 3382 Domino
1650 3326 1766 3382 Deo
1808 3326 1947 3398 seip-

342 3437 466 3477 sum
496 3429 561 3476 ut
591 3418 828 3475 hostiam
857 3418 1163 3485 viventem,
1184 3425 1451 3485 sanctam,
1481 3422 1532 3478 4
1558 3416 1710 3473 Patri
1734 3416 1948 3488 placen-

344 3526 455 3574 tem
486 3517 874 3575 immolaturus
902 3515 1133 3583 recedit,
1156 3513 1319 3571 debet
1349 3515 1529 3587 primo
1556 3514 1710 3571 adire
1731 3515 1949 3572 Rames-

344 3622 465 3676 sen,
500 3607 606 3663 hoc
629 3613 714 3662 est
755 3605 1212 3674 commotionem,
1252 3620 1373 3678 quae
1421 3603 1486 3660 ﬁt
1526 3620 1622 3677 per
1665 3606 1950 3678 poeniten-

347 3695 502 3764 tiam,
530 3696 720 3769 ibique
747 3711 904 3751 suam
935 3694 1100 3767 ﬁgere
1119 3693 1486 3750 mansionem.
1518 3693 1599 3749 lbi
1621 3709 1777 3749 suam
1796 3710 1948 3750 man-

346 3784 556 3842 sionem
586 3784 715 3842 ﬁxit
744 3784 954 3853 Achab,
987 3783 1209 3858 quando
1233 3783 1404 3842 scissa
1436 3791 1587 3840 veste
1606 3798 1724 3851 sua,
1751 3782 1949 3842 induto

346 3874 552 3943 cilicio,
578 3873 873 3947 jejunavit,
897 3872 1168 3931 dormivit
1194 3871 1254 3929 in
1284 3889 1462 3941 sacco,
1480 3879 1534 3929 et
1566 3870 1805 3929 demisso
1834 3890 1946 3929 am-

347 3964 566 4023 bulavit
594 3964 772 4039 capite
806 3966 926 4037 (III
953 3966 1079 4037 Reg.
1127 3979 1247 4033 xxI,
1300 3962 1416 4035 26).
1456 3962 1540 4019 Ibi
1580 3962 1784 4020 Ninive
1830 3965 1947 4021 Rex

348 4054 473 4111 ﬁxit
517 4054 882 4122 mansionem,
926 4052 1152 4127 quando
1200 4068 1428 4125 surgens
1467 4050 1536 4107 de
1572 4051 1778 4110 throno
1824 4068 1944 4122 suo,

346 4143 576 4202 abstulit
602 4146 800 4201 stolam
828 4143 1131 4218 propriam,
1164 4151 1219 4199 et
1254 4159 1413 4201 sacco
1447 4141 1676 4199 indutus
1719 4142 1862 4199 sedit
1889 4143 1947 4198 in

349 4233 531 4291 cinere
562 4234 735 4306 (Jon.,
758 4250 843 4301 ιιι,
860 4232 916 4305 6)
928 4232 1031 4288 .Ibi
1049 4229 1331 4289 Corinthii
1346 4233 1687 4289 mansionem
1704 4232 1948 4288 ﬁxerunt

348 4323 566 4396 quando
593 4323 905 4381 contristati
932 4330 1065 4379 sunt
1095 4320 1397 4378 secundum
1428 4324 1603 4379 Deum
1630 4341 1642 4378 :
1686 4338 1805 4396 qua;
1836 4322 1949 4378 tri-

349 4413 519 4481 stitia,
552 4420 615 4469 ut
642 4412 837 4470 scribit
865 4411 1190 4485 Apostolus,
1229 4434 1248 4458 ι
1277 4411 1665 4469 Paenitentiam
1697 4411 1754 4467 in
1784 4412 1944 4467 salu-

348 4510 457 4559 tem
478 4504 730 4560 stabilem
776 4512 1033 4577 operatur
1067 4503 1154 4576 (ΙΙ
1184 4502 1312 4559 Cor.
1358 4517 1463 4569 vn,
1514 4499 1625 4572 10).
1658 4526 1676 4549 ι
1731 4500 1943 4557 Deinde

346 4596 473 4668 agni
493 4596 751 4653 mactatio
777 4595 914 4670 quid
943 4594 1095 4651 aliud
1120 4601 1203 4652 est
1248 4610 1412 4667 quam
1462 4592 1644 4665 passio
1694 4591 1940 4659 Christi;

347 4687 465 4760 qui,
494 4694 557 4743 ut
580 4688 856 4759 Propheta
879 4687 1037 4757 dicit,
1100 4711 1118 4735 ι
1146 4696 1408 4759 tanquam
1456 4701 1630 4758 agnus
1677 4684 1943 4741 innocens

345 4774 615 4834 abductus
656 4785 738 4834 est
792 4787 855 4834 ut
906 4778 1246 4834 sacriﬁcetur
1295 4778 1509 4848 (Jerem.
1566 4791 1645 4843 χι,
1700 4774 1790 4845 19)
1836 4774 1865 4830 ‘I
1910 4800 1930 4823 ι

347 4863 517 4937 Cujus
576 4865 846 4939 sanguine
901 4882 1064 4938 super
1134 4865 1425 4921 domorum
1463 4912 1470 4919 .
1504 4872 1685 4935 postes
1746 4862 1940 4931 eﬁ‘uso,

348 4954 650 5015 liberamur
678 4956 748 5012 ab
788 4956 1251 5021 Exterminatore;
1290 4952 1422 5026 quia
1455 4950 1661 5008 Christi
1694 4953 1944 5024 passione

347 5062 446 5119 per
497 5056 841 5103 sacramenta
883 5046 1045 5103 nobis
1073 5044 1420 5119 participata,
1453 5042 1754 5098 liberamur
1780 5044 1850 5099 ab
1880 5061 1945 5100 eo

347 5137 444 5210 qui
470 5137 707 5195 habebat
744 5139 940 5195 mortis
986 5138 1300 5209 imperium,
1346 5136 1403 5191 id
1450 5142 1552 5205 est,
1596 5135 1841 5204 diabolo,
1884 5145 1947 5193 ut

346 5225 416 5282 ad
446 5227 703 5283 Hebraeos
732 5227 925 5284 scribit
954 5227 1250 5298 Apostolus
1305 5226 1490 5299 (Hebr.
1540 5242 1602 5293 ιι,
1657 5224 1770 5295 14).
1815 5224 1943 5280 Ideo

347 5317 406 5372 in
435 5317 546 5373 alio
571 5317 692 5375 loco
713 5318 851 5375 dicit
887 5338 899 5376 :
947 5342 966 5366 ε
999 5316 1253 5375 Christus
1277 5326 1340 5373 ut
1362 5333 1458 5390 per
1498 5332 1660 5372 suum
1713 5315 1947 5387 sangui—

346 5422 475 5463 nem
506 5407 876 5465 sanctiﬁcaret
905 5408 1168 5481 populum
1198 5415 1357 5463 extra
1374 5414 1588 5479 portam
1632 5423 1821 5480 passus
1864 5414 1949 5462 est

347 5496 533 5571 (Hebr.
572 5514 699 5567 xm,
732 5497 873 5572 (l2).
906 5498 969 5554 In
1014 5497 1117 5553 hac
1163 5496 1330 5553 etiam
1378 5498 1660 5555 mansione
1714 5496 1947 5570 Egypti

345 5586 716 5661 primogenita
760 5586 1230 5660 exstinguuntur;
1269 5584 1375 5643 hoc
1407 5594 1511 5653 est,
1554 5586 1712 5661 pravi
1760 5585 1945 5645 carnis

1973 4455 2022 4514 D

2060 1805 2349 1880 probatum
2396 1814 2572 1873 terrae,
2630 1812 2923 1877 purgatum
2976 1804 3292 1876 septuplum
3350 1804 3525 1875 (Psal.
3577 1821 3657 1873 χι,

2062 1899 2140 1969 7).
2173 1923 2191 1946 ι
2232 1898 2471 1965 Aurum,
2504 1912 2657 1951 mens
2698 1895 2843 1951 bona
2891 1904 2973 1951 est
3006 1913 3017 1951 :
3060 1912 3179 1968 qum
3220 1910 3330 1950 non
3379 1893 3658 1951 immerito

2060 1994 2406 2059 comparatur
2444 2002 2616 2053 auro;
2651 2002 2777 2042 nam
2807 1984 2951 2042 sicut
2979 2001 3175 2040 aurum
3198 1985 3408 2041 caeteris
3438 1993 3659 2058 praestat

2060 2078 2324 2146 metallis,
2355 2078 2432 2134 ita
2475 2093 2630 2132 mens
2665 2076 2809 2133 bona
2852 2076 2910 2131 in
2953 2076 3177 2131 homine
3220 2076 3431 2132 caeteris
3476 2076 3658 2149 potior

2060 2178 2142 2224 est
2170 2169 2425 2225 humanze
2454 2168 2775 2225 substantiae
2816 2168 3185 2240 portionibus.
3235 2168 3364 2223 Tria
3418 2183 3546 2240 ergo
3598 2168 3657 2224 in

2061 2260 2314 2316 Ramesse
2341 2268 2756 2327 coacervantur,
2787 2258 2985 2327 farina,
3022 2266 3307 2330 argentum
3337 2267 3390 2315 et
3418 2275 3612 2315 aurum
3641 2277 3652 2315 :

2059 2347 2334 2417 doctrina,
2364 2349 2670 2422 eloquium,
2702 2357 2756 2405 et
2793 2364 2946 2404 mens
2970 2347 3132 2404 bona:
3154 2347 3213 2403 in
3234 2347 3434 2420 quibus
3462 2364 3659 2405 census

2058 2437 2321 2509 sapientis
2350 2438 2645 2495 consistit:
2684 2435 2779 2493 sed
2809 2436 3033 2493 interim
3070 2437 3363 2509 pretiosam
3414 2454 3657 2494 comnm-

2060 2525 2322 2582 tationem
2353 2524 2780 2582 consideremus.
2816 2525 2946 2581 Filii
2974 2526 3136 2582 Israel
3167 2524 3440 2581 dederunt
3477 2526 3657 2598 paleas

2058 2631 2180 2689 quae
2209 2614 2658 2688 inexstinguibili
2689 2614 3098 2672 comburuntur
3128 2615 3277 2687 igne,
3325 2624 3379 2671 et
3427 2633 3657 2688 recepe-

2058 2713 2190 2761 runt
2213 2704 2473 2771 farinam,
2504 2705 2563 2760 in
2593 2720 2699 2776 qua
2727 2704 2945 2775 sapiens
2975 2704 3072 2759 illa
3099 2704 3300 2759 mulier
3324 2704 3656 2760 fermentum

2058 2792 2366 2849 abscondit.
2385 2792 2666 2847 Dederunt
2692 2792 2891 2856 lutum,
2910 2791 3056 2863 quod
3086 2791 3322 2858 deletur,
3341 2791 3470 2863 quia
3490 2791 3657 2863 scrip-

2060 2888 2179 2936 tum
2206 2888 2288 2936 est
2322 2897 2333 2935 :
2399 2902 2418 2925 ι
2451 2880 2520 2936 Ut
2552 2880 2727 2934 lutum
2773 2878 3073 2951 platearum
3108 2877 3300 2934 delebo
3343 2895 3437 2935 eos
3481 2880 3655 2951 (Psal.

2063 2985 2203 3035 xvn,
2232 2968 2325 3039 43)
2357 2985 2369 3023 :
2396 2994 2415 3017 -
2458 2977 2512 3025 et
2540 2976 2864 3041 receperunt
2898 2976 3207 3041 argentum,
3250 2968 3397 3041 quod
3428 2976 3509 3024 est
3534 2985 3657 3024 ser-

2060 3073 2152 3113 mo
2166 3055 2324 3128 justi.
2349 3056 2627 3129 Scriptum
2654 3066 2733 3114 est
2764 3057 2912 3114 enim
2940 3078 2957 3113 :
3006 3060 3345 3130 «Argentum
3379 3058 3501 3131 igne
3532 3077 3654 3117 exa-

2058 3146 2329 3204 minatum
2362 3147 2548 3221 lingua
2569 3147 2708 3220 justi
2751 3148 2937 3221 (Prov.
2966 3164 3027 3217 x,
3054 3148 3169 3219 20).
3204 3174 3221 3198 ι
3258 3149 3537 3206 Dederunt
3568 3152 3655 3206 la-

2057 3245 2219 3307 teres,
2252 3237 2347 3311 qui
2383 3239 2589 3296 cadunt
2620 3256 2633 3306 ;
2663 3238 2790 3312 quia
2820 3239 3087 3313 scriptum
3115 3247 3197 3295 est
3221 3259 3232 3296 :
3279 3263 3298 3288 ι
3327 3241 3546 3298 Lateres
3572 3258 3655 3298 ce-

2057 3328 2334 3397 ciderunt,
2363 3337 2418 3386 et
2448 3339 2770 3402 receperunt
2794 3347 2991 3386 aurum
3027 3331 3161 3401 (Isa.
3195 3347 3277 3397 ιχ,
3310 3331 3422 3401 10),
3458 3358 3475 3380 ι
3507 3331 3655 3403 quod

2057 3436 2140 3485 est
2170 3444 2325 3484 mens
2357 3428 2504 3483 bona
2534 3443 2643 3499 qua
2688 3426 2963 3482 servimus
3010 3424 3117 3495 legi
3157 3422 3277 3479 Dei.
3329 3423 3483 3477 Bona
3527 3437 3655 3493 ergo

2057 3516 2417 3575 commutatio
2452 3534 2467 3583 ;
2505 3515 2652 3571 unde
2680 3514 2819 3571 dicit
2846 3513 3176 3585 Apostolus:
3233 3512 3388 3567 «Iam
3418 3511 3651 3567 saturati

2056 3608 2209 3677 estis,
2234 3607 2349 3681 jam
2372 3606 2573 3664 divites
2602 3605 2735 3663 facti
2764 3606 2896 3661 estis
2938 3605 2998 3673 (Ι
3041 3605 3167 3661 Cor.
3226 3620 3306 3672 tv,
3350 3603 3430 3674 8).
3466 3628 3483 3651 ι
3547 3603 3655 3658 Has

2057 3714 2171 3755 non
2198 3697 2426 3754 divitias
2453 3693 3027 3769 comparemusnobis,
3046 3693 3249 3767 quibus
3275 3692 3655 3764 intelligibiles

2056 3790 2255 3845 animae
2279 3796 2479 3845 nostra
2509 3787 2796 3844 thesauros
2816 3785 3124 3858 repleamus
3150 3800 3161 3839 :
3191 3782 3285 3839 sed
3309 3782 3424 3856 ipse
3453 3782 3653 3839 Domi-

2056 3897 2162 3937 nus
2189 3881 2283 3938 dat
2312 3878 2473 3937 nobis
2502 3879 2756 3952 gratiam,
2783 3886 2845 3935 ut
2875 3876 2942 3933 ab
2971 3874 3253 3949 Egyptiis
3283 3873 3411 3930 illac
3440 3874 3650 3945 eripere

2056 3970 2365 4043 possimus:
2400 3968 2527 4026 Ideo
2571 3966 2849 4024 benedicit
2897 3966 3194 4038 Apostolus
3240 3962 3309 4020 ad
3357 3962 3647 4017 Hebraeos:

2071 4083 2091 4107 ι
2125 4059 2410 4132 Optimum
2440 4066 2522 4116 est
2551 4058 2725 4132 gratia
2761 4056 3009 4113 stabilire
3035 4072 3130 4113 cor
3151 4053 3336 4126 (Hebr.
3377 4066 3502 4117 xm,
3532 4051 3638 4119 9).-

2056 4148 2209 4205 Bona
2237 4148 2406 4221 igitur
2442 4147 2658 4204 mansio
2688 4148 2965 4205 Ramesse.

2128 4240 2218 4296 II“
2259 4239 2483 4305 mansio,
2514 4238 2772 4294 Socorm.
2814 4265 2886 4277 —
2922 4229 3171 4289 Secunda
3197 4229 3437 4286 ﬁliorum
3482 4229 3645 4286 Israel

2055 4329 2323 4404 profectio
2342 4328 2451 4383 fuit
2480 4328 2539 4383 in
2569 4325 2774 4383 Socoth
2807 4343 2820 4391 ;
2877 4323 3063 4395 ibique
3110 4321 3366 4386 tentoria,
3409 4320 3653 4393 Egyplo

2054 4419 2265 4486 relicta,
2295 4417 2545 4490 ﬁgentes,
2582 4414 2880 4473 secundam
2929 4412 3269 4469 mansionem
3318 4409 3647 4468 habuerunt.

2050 4509 2180 4566 Ideo
2206 4509 2344 4566 dicit
2376 4525 2388 4565 :
2435 4531 2454 4555 ι
2480 4506 2717 4565 Profecti
2748 4511 2929 4561 autem
2946 4503 3052 4559 ﬁlii
3085 4503 3250 4559 Israel
3280 4518 3348 4557 ex
3380 4503 3651 4566 Ramesse,

2049 4597 2418 4655 castrametati
2447 4606 2575 4655 sunt
2596 4597 2652 4652 in
2672 4594 2875 4651 Socoth
2908 4594 3095 4664 (Num.
3118 4607 3323 4658 χχχιιι,
3341 4588 3446 4661 3).»
3472 4591 3651 4646 Inten-

2051 4688 2131 4745 tio
2159 4688 2335 4744 sancti
2368 4686 2653 4758 Prophetae
2679 4684 2878 4756 Moysi,
2924 4681 3020 4754 qui
3046 4680 3146 4736 Dei
3177 4678 3437 4735 mandato
3465 4676 3652 4749 populi

2051 4790 2366 4849 Processum
2395 4791 2465 4832 ex
2494 4775 2736 4847 .IEgypto
2766 4786 2937 4844 usque
2963 4768 3033 4825 ad
3066 4767 3357 4823 Iordanem
3400 4765 3653 4835 descrip-

2053 4864 2148 4934 sit,
2171 4881 2282 4921 non
2313 4864 2421 4921 fuit
2449 4864 2665 4935 singula
2694 4870 2884 4919 notare
2914 4861 3034 4916 loca
3065 4856 3131 4913 ad
3180 4873 3302 4929 quae
3349 4855 3401 4911 ei
3432 4855 3491 4911 in
3522 4854 3655 4911 uni-

2051 4972 2211 5013 verso
2239 4956 2436 5013 itinere
2472 4954 2746 5011 divertere
2787 4950 3112 5022 contigerit;
3162 4948 3257 5004 sed
3300 4948 3395 5003 illa
3435 4954 3650 5003 tantum

2052 5045 2111 5101 in
2139 5045 2342 5118 quibus
2364 5045 2549 5117 aliqua
2578 5041 2844 5115 mysteria
2873 5039 3017 5094 facta
3068 5046 3217 5092 sunt.
3269 5035 3470 5092 Socoth
3521 5032 3651 5089 urbs

2054 5147 2136 5195 est
2162 5136 2221 5192 in
2252 5135 2549 5202 montanis,
2583 5140 2741 5190 extra
2784 5141 2985 5188 terram
3036 5126 3270 5199 .Egypti
3305 5144 3319 5194 ;
3379 5126 3431 5181 ei
3473 5134 3652 5180 tamen

2053 5225 2293 5281 ﬁnitima
2318 5233 2384 5281 ut
2418 5224 2619 5296 legitur
2655 5222 2714 5277 in
2765 5220 2906 5276 libro
2936 5218 3067 5275 Iesu
3099 5219 3248 5273 Nave
3294 5216 3475 5288 (Josue
3526 5226 3649 5277 xm,

2054 5314 2170 5387 27).
2229 5314 2477 5387 Denique
2533 5311 2739 5372 Socoth
2809 5310 3206 5383 interpretatur
3280 5300 3649 5361 tabernacula.

2054 5405 2210 5463 Unde
2237 5404 2403 5463 Iacob
2429 5403 2651 5478 quando
2679 5402 2748 5459 ab
2777 5402 2924 5457 Esau
2967 5399 3062 5473 qui
3094 5399 3145 5455 ei
3190 5414 3222 5452 a
3260 5388 3654 5461 Mesopotamia

2054 5495 2353 5553 revertenti
2382 5477 2643 5563 occurrit,
2671 5510 2727 5549 se
2744 5491 2956 5549 divisit.
2992 5512 3010 5535 ε
3041 5490 3309 5546 Reversus
3338 5488 3441 5549 est,
3472 5477 3655 5552 inquit

2054 5585 2357 5659 Scriptura,
2382 5583 2438 5639 in
2470 5582 2823 5641 tabernacula
2852 5580 3008 5653 (Gen.
3042 5588 3224 5641 χχχιι,
3250 5569 3389 5645 17).»
3418 5566 3523 5627 Ubi
3545 5566 3655 5625 alia
