4150 6194
585 275 653 338 15
1562 278 1659 336 AD
1699 280 1932 338 OPERA
1971 279 2026 336 S.
2067 272 2398 336 AMBROSII
2438 277 2819 336 APPENDIX.
3823 278 3890 336 16

581 403 870 462 translatio
899 403 1065 460 habet
1097 422 1108 459 :
1179 426 1196 449 ε
1230 404 1500 460 Reversus
1553 410 1635 458 est
1685 403 1912 460 Socoth.
1937 405 2008 459 Et
2037 402 2179 458 sub-
2207 407 2259 465 A
2283 403 2326 458 ti
2355 402 2562 458 dicitur
2591 401 2737 476 quod
2766 401 2962 458 debeat
2989 403 3136 458 sicut
3164 400 3408 458 hirundo
3436 402 3698 471 clamare,
3734 411 3788 458 et
3822 403 3890 458 si-

577 493 762 566 jungit
788 492 866 548 ibi
901 509 912 546 :
945 493 1016 548 Et
1036 491 1166 547 fecit
1193 491 1358 548 Jacob
1389 491 1494 548 sibi
1535 491 1749 561 domos,
1793 501 1848 548 et
1893 492 2183 564 pecoribus

582 582 697 638 suis
726 581 855 637 fecit
884 581 1236 636 tabernacula
1267 600 1282 646 ;
1340 590 1562 653 propter
1591 581 1698 637 hoc
1725 581 1945 638 vocavit
1979 599 2180 638 nomen

583 671 690 727 loci
740 669 914 730 illius.
962 670 1337 726 Tabernacula
1363 671 1576 741 (Ibid).
1600 670 1672 726 Et
1693 670 1768 726 ibi
1800 671 1908 726 alia
1935 672 2180 727 transla—

582 759 662 815 tio
718 759 854 816 dicit
883 776 893 813 :
932 782 949 804 ‹
979 760 1295 830 Appellavit
1329 775 1532 814 nomen
1560 758 1665 814 loci
1705 759 1858 814 illius
1891 760 2115 825 Socoth,
2148 785 2165 808 ο

581 847 638 905 id
668 856 749 905 est
775 850 1147 906 tabernacula.
1201 852 1263 905 In
1300 849 1402 904 hac
1441 864 1657 920 quoque
1706 849 1991 904 mansione
2021 865 2178 904 coxe-

477 957 479 959 ‘
581 946 711 994 runt
751 937 982 993 farinam
1020 956 1030 993 :
1067 937 1284 993 Dicitur
1336 937 1483 992 enim
1531 937 1588 991 in
1638 937 1780 990 libro
1836 936 2061 992 Exodi:
2109 937 2180 993 Et

475 999 506 1032 ἦ

486 1027 506 1051 ·’
580 1029 830 1086 fecerunt
859 1046 930 1084 ex
958 1030 1137 1083 farina
1161 1027 1559 1082 subcinericios
1589 1043 1810 1098 azymos
1835 1028 2038 1098 (Exod.
2071 1045 2176 1096 xu,

581 1117 714 1188 39);
749 1143 766 1166 ι
809 1119 931 1172 Non
961 1115 1109 1170 enim
1141 1114 1464 1170 fermentata
1493 1114 1637 1170 fuit:
1699 1115 1979 1186 ejecerunt
2028 1133 2178 1172 nam-

580 1221 684 1280 que
713 1220 805 1260 eos
829 1202 1098 1275 ngyptii.
1140 1203 1201 1258 In
1235 1203 1336 1260 hac
1365 1204 1427 1258 ﬁt
1456 1205 1681 1274 insuper
1731 1220 2002 1260 annorum
2032 1221 2180 1260 com-

578 1295 790 1367 putatio
824 1293 1025 1365 quibus
1055 1294 1217 1349 Israel
1250 1293 1356 1349 fuit
1389 1293 1447 1350 in
1477 1295 1739 1367 1Egypto.
1773 1294 1960 1368 Inquit
1985 1294 2136 1352 enim
2163 1314 2174 1351 :

594 1408 611 1429 ι
667 1384 745 1438 At
812 1381 1084 1437 habitatio
1145 1381 1388 1438 ﬁliorum
1445 1385 1608 1440 Israel
1666 1402 1829 1457 quam
1902 1383 2179 1440 habitave-

577 1480 708 1528 runt
758 1472 864 1544 ipsi
915 1483 968 1529 et
1011 1483 1189 1546 patres
1231 1490 1421 1529 eorum
1471 1475 1526 1530 in
1569 1483 1714 1529 terra
1773 1474 2026 1545 IEgypti,
2072 1482 2176 1529 etc.

581 1561 742 1630 (Ibid.
785 1559 902 1633 40).
938 1589 956 1610 ι
999 1563 1062 1618 Ιιι
1092 1563 1194 1619 hac
1222 1563 1441 1619 tandem
1473 1562 1793 1635 prtecipitur
1813 1571 1873 1617 ut
1911 1560 2082 1632 hujus
2112 1577 2180 1616 ex

577 1653 818 1725 rEgypto
853 1651 1198 1710 liberationis
1226 1662 1552 1725 perpetuum
1585 1660 1765 1708 exstet
1791 1650 1934 1723 apud
1961 1667 2054 1706 eos
2071 1666 2179 1705 me-

2295 499 2390 548 cut
2413 491 2667 548 columba
2715 491 2970 548 meditari
3017 507 3191 546 annos
3247 490 3366 563 ejus
3397 489 3456 546 in
3521 490 3892 547 amaritudine

2290 579 2488 635 anima;
2515 598 2627 637 suae
2659 582 2797 650 (Isa.
2831 597 3073 647 xxxvm,
3109 580 3198 651 15)
3236 598 3247 634 :
3282 596 3382 635 nec
3405 578 3472 634 de
3502 579 3892 652 propitiatione

2291 669 2497 739 peccati
2527 684 2642 724 esse
2668 669 2786 724 sine
2817 669 3018 724 timore
3051 669 3246 740 (Eccli.
3282 685 3339 735 v,
3385 668 3443 739 5)
3479 686 3494 735 ;
3545 667 3641 724 sed
3686 667 3888 737 dolere,

2290 765 2344 812 et
2372 773 2497 812 cum
2521 757 2793 829 Propheta
2821 757 3004 814 dicere
3029 776 3040 813 :
3087 781 3104 803 ι
3126 758 3194 813 Et
3225 766 3507 828 peccatum
3541 772 3720 812 meum
3751 773 3894 814 con-

2290 853 2373 900 tra
2404 862 2491 901 me
2519 854 2842 918 estsemper
2892 848 3067 917 (Psal.
3115 863 3168 913 L,
3209 846 3290 916 5).
3324 870 3344 893 »
3404 843 3562 912 Quod
3589 861 3701 900 non
3748 852 3892 900 retro

2290 935 2539 1005 aspiciat,
2611 935 2872 1006 pristinas
2915 935 3220 1006 appetendo
3283 933 3576 1001 vanitates,
3635 941 3697 988 ut
3751 950 3892 990 uxor

2289 1025 2410 1092 Lot,
2445 1031 2500 1078 et
2529 1031 2591 1078 ut
2621 1026 2773 1079 canis
2803 1035 3083 1082 revertens
3111 1024 3179 1079 ad
3210 1024 3500 1080 vomitum.
3533 1023 3678 1091 Quin
3709 1026 3890 1097 potius

2289 1114 2430 1169 sicut
2461 1113 2817 1184 semetipsum
2849 1113 3220 1170 immunditiaa
3252 1121 3306 1171 et
3353 1113 3636 1188 iniquitati
3681 1115 3892 1187 prosti-

2289 1204 2418 1271 tuit,
2451 1204 2528 1260 ita
2557 1204 2818 1260 exhibeat
2864 1206 3112 1260 membra
3157 1222 3256 1262 sua
3301 1207 3509 1263 servire
3551 1205 3788 1278 justitiaa
3833 1208 3890 1264 in

2289 1293 2804 1364 sanctiﬁcationem,
2837 1302 2897 1350 ut
2919 1305 3187 1368 quantum
3213 1312 3270 1352 se
3301 1296 3694 1369 gloriﬁcaverit
3740 1306 3795 1355 et
3830 1299 3886 1354 in

2290 1383 2505 1440 deliciis
2553 1384 2758 1451 fuerit;
2821 1391 3037 1441 tantum
3094 1393 3272 1441 errata
3339 1403 3440 1444 sua
3497 1388 3778 1461 corrigens
3834 1397 3886 1446 et

2293 1475 2348 1529 in
2371 1491 2427 1530 se
2454 1473 2770 1542 vindicans,
2801 1473 3001 1529 sentiat
3028 1482 3367 1532 tormentum
3405 1484 3459 1532 et
3510 1478 3742 1534 luctum.
3774 1480 3891 1534 De-

2291 1579 2442 1618 mum
2501 1563 2702 1619 festum
2755 1571 2809 1619 et
2867 1573 3129 1635 perpetua
3194 1580 3513 1637 azymorum
3569 1567 3890 1624 solemnitas

2290 1654 2685 1726 praescribitur,
2719 1652 2824 1710 hoc
2852 1661 2953 1722 est,
2986 1654 3363 1711 meditationis
3391 1666 3446 1713 et
3491 1673 3729 1729 operum
3774 1675 3890 1731 pers

578 1743 825 1798 moriale.
859 1742 1047 1814 Inquit
1081 1743 1228 1797 enim
1264 1761 1275 1798 :
1324 1767 1341 1788 ‹
1371 1741 1527 1797 Dixit
1557 1743 1771 1814 Moyses
1799 1741 1867 1796 ad
1888 1741 2172 1812 populum:
2206 1762 2253 1822 B
2288 1742 2596 1799 severantia
2631 1741 2932 1798 indicitur:
2998 1765 3016 1789 ι
3047 1743 3176 1816 quia
3204 1743 3299 1817 qui
3329 1747 3758 1816 perseveraverit
3787 1764 3890 1804 us-

577 1831 962 1890 Recordamini
991 1831 1102 1886 diei
1152 1830 1339 1902 hujus,
1391 1831 1449 1886 in
1492 1849 1599 1904 qua
1642 1831 1848 1903 egressi
1879 1837 1925 1893 5
1954 1830 2086 1886 estis
2115 1845 2184 1884 ex

576 1932 842 2002 rEgypto,
873 1945 942 1984 ex
971 1929 1135 1984 domo
1177 1929 1495 1986 servitutis:
1552 1931 1610 1985 in
1641 1946 1809 1986 manu
1856 1930 2005 1986 enim
2051 1927 2182 1984 forti

576 2019 771 2076 eduxit
827 2036 925 2075 vos
978 2019 1110 2075 hinc
1165 2020 1435 2076 Dominus
1495 2021 1697 2093 (Exod.
1754 2037 1879 2086 xm,
1920 2019 1999 2092 3).
2034 2045 2051 2067 ι
2117 2019 2181 2073 Ιιι

577 2113 679 2169 hac
707 2113 929 2168 demum
968 2113 1288 2169 solemnitas
1315 2129 1655 2185 azymorum,
1689 2113 1938 2186 ritusque
1987 2129 2180 2184 azyma

575 2202 899 2261 comedendi
937 2202 1334 2274 praescribitur.
1380 2205 1515 2260 Nam
1573 2203 1794 2275 inquit:
1859 2227 1877 2249 ι
1906 2201 2013 2258 Sex
2061 2202 2178 2258 dies

575 2292 874 2351 comedetis
929 2308 1168 2364 azyma;
1249 2302 1303 2349 at
1358 2292 1448 2348 die
1521 2293 1753 2364 septima
1797 2292 1997 2348 festum
2055 2294 2176 2348 Do-

576 2382 765 2450 mino;
800 2398 911 2436 non
937 2382 1219 2453 apparebit
1249 2382 1327 2438 ibi
1368 2382 1757 2438 fermentatum
1803 2381 1964 2453 (Ibid.
2010 2381 2091 2453 6).
2141 2407 2160 2430 ι

576 2472 704 2526 Haec
731 2470 913 2544 quoad
943 2472 1204 2527 litteram.
1237 2471 1427 2538 Quoad
1458 2473 1721 2543 mysteria
1759 2487 1913 2539 vero,
1933 2470 2171 2528 dicimus

575 2561 721 2632 quod
753 2563 1031 2634 profectus
1087 2563 1329 2618 ﬁliorum
1387 2565 1550 2619 Israel
1607 2564 1666 2618 in
1723 2562 1949 2631 Socoth,
1996 2562 2169 2619 inter-

573 2657 820 2721 pretatur
876 2650 1268 2719 Tabernacula,
1328 2652 1576 2724 designat
1623 2652 1769 2725 quod
1834 2652 1927 2725 qui
2002 2667 2169 2706 man-

566 2738 778 2794 sionem
811 2739 1009 2795 habuit
1037 2741 1093 2795 in
1125 2742 1400 2809 Ramesse,
1432 2740 1537 2798 hoc
1578 2749 1660 2798 est
1707 2741 1765 2797 in
1797 2740 2167 2798 commotione

567 2827 929 2898 poenitentiae,
965 2829 1129 2885 debet
1157 2831 1432 2901 proﬁcisci
1463 2832 1521 2887 in
1570 2829 1771 2888 Socoth
1820 2829 1927 2887 hoc
1973 2838 2056 2886 est
2107 2829 2164 2886 in

565 2915 916 2972 tabernacula
962 2919 1116 2989 quasi
1161 2935 1256 2989 per
1304 2921 1800 2976 considerationem
1860 2919 2160 2976 ambulare.

566 3003 724 3070 Quod
755 3005 899 3059 sicut
928 3005 1022 3058 ille
1053 3006 1148 3076 qui
1180 3008 1289 3060 alio
1335 3009 1533 3076 tendit,
1580 3025 1681 3063 nec
1728 3008 1942 3062 ﬁrmam
1999 3008 2164 3063 habet

566 3091 815 3156 domum,
899 3101 1144 3148 moratur
1216 3095 1274 3149 in
1343 3096 1730 3152 tabernaculis.
1805 3095 1958 3151 Unde
2028 3095 2163 3168 quid

566 3176 716 3232 aliud
767 3187 848 3233 est
913 3179 971 3233 in
1028 3181 1395 3238 tabernaculis
1454 3181 1722 3252 habitare,
1781 3199 1944 3255 quam
2005 3199 2162 3254 pere-

567 3265 772 3336 grinari
804 3266 832 3321 ‘I
879 3267 1022 3323 sicut
1075 3270 1374 3340 Apostolus
1429 3272 1497 3328 ad
1548 3272 1800 3328 Hebraeos
1855 3271 1923 3327 de
1979 3272 2162 3344 patri-

565 3353 668 3409 bus
697 3356 925 3428 loquens
955 3365 1207 3414 testatur.
1258 3361 1446 3432 Inquit
1498 3360 1647 3416 enim
1683 3380 1694 3417 :
1763 3386 1782 3408 ι
1826 3360 2162 3417 Conﬁtentes

565 3446 712 3518 quod
759 3448 1032 3519 peregrini
1091 3459 1144 3505 et
1203 3449 1447 3522 hospites
1501 3458 1680 3507 essent
1735 3467 1898 3523 super
1959 3460 2159 3506 terram

568 3538 750 3607 (Hebr.
785 3555 865 3605 χι,
901 3539 1014 3609 13),
1046 3567 1062 3587 ιι
1105 3550 1157 3596 et
1195 3540 1389 3596 videns
1415 3557 1471 3597 se
1497 3542 1849 3614 peregrinum
1906 3541 1965 3595 in
1995 3548 2156 3607 terra,

539 3623 712 3679 "dicat
739 3641 864 3680 cum
906 3627 1221 3698 Propheta:
1279 3653 1297 3676 ι
1332 3629 1562 3685 Advena
1603 3646 1702 3702 ego
1745 3645 1867 3685 sum
1908 3628 1966 3682 in
2016 3635 2162 3683 terra

566 3716 741 3786 (Psal.
776 3731 1020 3781 xxxvm,
1055 3718 1166 3788 13).
1213 3718 1533 3776 Consideret
1573 3720 1701 3774 item
1753 3719 2002 3790 Apostoli
2049 3717 2161 3773 dic-

564 3812 680 3859 tum
719 3821 729 3857 :
777 3827 794 3848 ε
812 3804 933 3859 Νοιι
950 3804 1214 3863 habemus
1229 3807 1322 3863 hic
1338 3817 1648 3863 manentem
1671 3807 1952 3865 civitatem
1973 3807 2156 3879 (Hebr.

566 3914 689 3962 xm,
723 3898 834 3970 14).
881 3926 898 3948 ι
943 3900 1246 3973 Cognoscat
1302 3903 1540 3977 denique
1588 3903 1735 3976 quod
1783 3903 2030 3977 quandiu
2080 3910 2160 3958 est

564 3983 620 4041 in
659 4004 908 4060 corpore,
951 3993 1332 4063 peregrinatur
1358 4010 1390 4048 a
1429 3993 1686 4062 Domino,
1750 3993 1897 4049 unde
1949 3992 2159 4064 rejiciat

564 4093 626 4132 ea
680 4094 799 4151 quae
881 4081 939 4136 in
1010 4082 1218 4138 mundo
1279 4092 1438 4151 sunt;
1516 4085 1644 4156 quia
1714 4083 2161 4155 concupiscentia

562 4168 744 4223 carnis
814 4177 937 4236 est;
995 4169 1125 4243 quia
1187 4172 1632 4244 concupiscentia
1691 4175 2023 4228 oculorumf
2103 4179 2157 4226 et

564 4255 694 4327 quia
765 4260 1020 4329 superbia
1094 4262 1240 4318 vita.
1313 4261 1584 4335 Sequatur
1657 4263 1909 4335 Apostoli
1983 4263 2158 4319 consi-

564 4345 699 4398 lium
751 4363 762 4400 :
837 4370 856 4392 ε
909 4349 986 4402 Ne
1043 4351 1357 4422 tetigeritis,
1416 4369 1484 4409 ne
1550 4352 1923 4424 gustaveritis,
1982 4368 2159 4425 neque

564 4433 1042 4503 attaminaveritis,
1073 4454 1192 4508 quae
1220 4447 1351 4493 sunt
1370 4441 1557 4495 omnia
1583 4441 1640 4495 in
1702 4441 2009 4508 interitum,
2041 4440 2159 4512 ipso

565 4539 667 4578 usu
698 4539 710 4576 :
747 4522 841 4578 sed
886 4523 1210 4595 ingemiscat
1237 4527 1634 4584 habitationem
1661 4546 1782 4602 qua
1804 4530 1871 4586 de
1895 4532 2034 4586 coelo
2053 4540 2154 4599 est,

563 4627 777 4682 semper
801 4613 1136 4683 contendens
1165 4615 1376 4685 placere
1416 4618 1530 4672 Deo
1563 4619 1792 4689 (Coloss.
1828 4621 1999 4686 11,21,
2038 4620 2106 4676 22
2139 4639 2152 4687 ;

569 4701 692 4756 Cor.
727 4717 783 4769 v,
815 4701 892 4772 2).
927 4727 945 4750 ι
988 4702 1491 4760 Subcinericiorum
1522 4707 1701 4762 coctio
1722 4723 2041 4780 azymorum
2062 4709 2155 4764 do-

563 4796 669 4858 cet,
699 4790 846 4862 quod
877 4800 1178 4864 expurgato
1209 4793 1256 4848 is
1285 4795 1455 4850 veteri
1488 4795 1943 4868 philosophorum
1966 4797 2155 4869 nequi-

562 4878 652 4934 tiae
709 4887 762 4936 et
810 4879 1126 4936 Iudaeorum
1175 4883 1401 4940 malitiae
1445 4885 1738 4954 fermento,
1791 4888 2044 4958 epuletur
2097 4886 2154 4940 in

562 4966 769 5039 azymis
816 4969 1151 5026 sinceritatis
1197 4980 1250 5027 et
1300 4973 1568 5030 veritatis.
1635 4975 1897 5030 Memoria
1950 4973 2156 5046 jugiter

562 5056 938 5129 unusquisque
977 5067 1226 5116 nostrum
1253 5068 1436 5118 teneat
1467 5062 1606 5118 illud
1652 5063 1878 5119 Domini
1906 5080 2158 5136 praecep-

559 5153 678 5202 tum
710 5145 972 5204 dicentis:
1016 5152 1354 5207 «Intuemini
1385 5160 1438 5208 et
1457 5162 1643 5209 cavete
1673 5169 1703 5207 a
1729 5153 1998 5209 fermento
2020 5153 2154 5210 Pha-

561 5237 843 5291 risaeorum
878 5239 1090 5308 (Matth.
1123 5257 1239 5308 xvr,
1263 5242 1344 5314 6),
1364 5267 1382 5290 ι
1427 5251 1479 5298 et
1506 5243 1739 5314 apostoli
1769 5261 1836 5300 ne
1865 5243 2155 5299 oblivisca-

559 5334 651 5381 tur
687 5326 1032 5385 eautionem:
1097 5353 1116 5376 ι
1149 5330 1343 5387 Videte
1390 5348 1458 5388 ne
1499 5333 1622 5404 quis
1668 5351 1766 5389 vos
1812 5333 2156 5405 deprzedetur

559 5432 655 5487 per
688 5417 1095 5490 philosophiam
1143 5429 1198 5476 et
1242 5421 1461 5477 inanem
1499 5422 1774 5479 fallaciam
1818 5423 2047 5496 (Coloss.
2090 5440 2152 5491 ιι,

559 5506 639 5576 8).
672 5532 690 5554 ι
738 5506 947 5564 Deinde
970 5508 1030 5564 in
1064 5508 1264 5566 Socoth
1289 5511 1555 5567 indicitur
1584 5514 1922 5585 computatio
1969 5528 2154 5568 anno-

557 5613 682 5653 rum
708 5599 910 5671 quibus
939 5601 1173 5674 populus
1207 5602 1313 5659 fuit
1336 5602 1393 5658 in
1420 5603 1663 5675 rEgypto
1689 5622 1700 5659 :
1724 5605 1858 5676 quia
1885 5604 2152 5676 poeniten-

2297 1850 2402 1906 que
2430 1833 2488 1888 in
2520 1832 2710 1901 ﬁnem,
2742 1832 2836 1888 hic
2864 1833 3051 1889 salvus
3081 1834 3185 1889 erit
3209 1835 3429 1904 (Matth.
3461 1852 3519 1902 χ,
3551 1835 3666 1908 22).
3687 1864 3705 1887 ν
3733 1838 3888 1894 Unde

2293 1925 2625 1997 Apostolus:
2674 1948 2692 1971 ι
2722 1925 2785 1980 In
2815 1924 3110 1997 disciplina
3146 1933 3508 1998 perseverate,
3547 1925 3652 1983 ﬁlii
3701 1928 3885 2000 (Hebr.

2292 2030 2394 2083 xu,
2428 2015 2504 2086 7).
2540 2041 2558 2063 ι
2598 2013 2872 2072 Profectio
2900 2014 3072 2087 igitur
3099 2031 3168 2070 ex
3194 2016 3448 2072 Ramesse
3474 2014 3544 2073 ad
3576 2016 3779 2074 Socoth
3807 2026 3889 2074 est

2290 2105 2356 2160 ad
2388 2106 2633 2162 meliora.

2357 2195 2455 2250 IIIa
2485 2197 2710 2265 mansio,
2739 2197 2956 2255 Erum.
2979 2228 3050 2238 —
3079 2197 3263 2253 Tertia
3301 2196 3515 2254 mansio
3561 2205 3644 2255 est
3676 2198 3881 2256 Ethan.

2284 2283 2419 2338 Nam
2450 2300 2480 2338 a
2509 2284 2710 2340 Socoth
2741 2284 3057 2343 recedentes
3081 2286 3184 2342 ﬁlii
3215 2286 3402 2355 Israel,
3434 2297 3804 2358 pervenerunt
3825 2288 3885 2345 in

2283 2371 2504 2440 Ethan;
2555 2374 2744 2447 ibique
2782 2375 3010 2448 ﬁgentes
3049 2377 3268 2433 tertiam
3304 2377 3597 2433 stationem
3648 2394 3884 2452 perege—

2282 2471 2431 2518 runt.
2461 2464 2647 2536 Inquit
2677 2464 2824 2520 enim
2857 2483 2868 2520 :
2935 2489 2952 2512 ι
2983 2467 3054 2521 Et
3083 2465 3315 2538 profecti
3345 2483 3374 2522 e
3412 2465 3636 2538 Socoth,
3669 2476 3885 2524 castra—

2279 2552 2619 2609 metatisunt
2644 2554 2698 2608 in
2720 2554 2903 2611 Ethan
2929 2557 3111 2628 (Num.
3133 2572 3340 2623 χχχιιι,
3371 2555 3477 2627 6).»
3518 2556 3700 2612 Ethan
3730 2559 3882 2630 regio

2278 2648 2360 2696 est
2384 2641 2530 2697 inter
2557 2643 2861 2715 ngyptum
2883 2652 2938 2699 et
2964 2644 3322 2701 solitudinem
3355 2644 3413 2700 in
3442 2662 3550 2718 qua
3590 2654 3672 2702 est
3718 2646 3880 2704 Petra

2277 2731 2563 2801 oppidum,
2594 2733 2651 2786 in
2679 2733 2837 2804 cujus
2867 2736 3130 2806 spelunca
3157 2734 3431 2792 habitavit
3474 2736 3702 2793 Samson
3746 2754 3874 2793 cum

2277 2819 2345 2876 ab
2371 2821 2690 2895 Allophylis
2723 2823 3111 2881 infestaretur:
3174 2849 3192 2872 ι
3237 2826 3309 2882 Et
3353 2825 3514 2895 sedit,
3561 2827 3765 2900 inquit,
3815 2828 3872 2882 in

2275 2912 2537 2983 spelunca
2565 2914 2736 2970 Petrae
2767 2914 2951 2970 Ethan
3003 2916 3202 2986 (Judic.
3236 2933 3331 2985 xv,
3372 2917 3453 2988 8),
3487 2944 3505 2966 ι
3571 2917 3667 2990 qui
3722 2918 3880 2973 locus

2274 3012 2391 3060 erat
2443 3004 2602 3060 valde
2646 3004 2916 3073 minutus,
2964 3013 3026 3060 ut
3065 3013 3295 3062 testatur
3341 3007 3609 3079 Iosephus
3660 3006 3872 3078 (Antig.

2195 3128 2238 3188 Ο
2271 3108 2390 3188 cap.
2429 3092 2540 3188 Id):
2572 3095 2706 3188 Erat
2731 3103 2919 3188 autem,
2945 3094 3066 3151 haec
3095 3094 3249 3188 regio
3274 3095 3333 3150 in
3363 3095 3636 3188 principio
3664 3094 3878 3151 solitu—

2274 3179 2443 3236 dinis.
2477 3182 2604 3237 Ideo
2633 3183 2802 3241 dicit:
2848 3186 3047 3242 «Etest
3077 3201 3198 3257 pars
3219 3184 3419 3241 deserti
3451 3185 3636 3257 (Num.
3661 3201 3877 3250 χχχιιι,

2274 3268 2352 3341 6).
2388 3293 2406 3316 ι
2450 3271 2710 3341 Regionis
2759 3273 2925 3344 hujus
2973 3274 3228 3329 meminit
3271 3273 3447 3328 David
3489 3273 3754 3345 propheta
3787 3272 3872 3327 di-

2273 3374 2399 3414 cens
2424 3376 2434 3413 :
2480 3383 2498 3405 ι
2520 3360 2601 3414 Tu
2629 3359 2846 3415 siccasti
2875 3361 3073 3417 ﬂuvios
3098 3361 3281 3416 Ethan
3314 3363 3486 3432 (Psal.
3507 3363 3862 3432 Lxxm,l5).-

2274 3451 2332 3505 In
2371 3448 2473 3504 hac
2511 3449 2796 3504 mansione
2825 3451 3065 3522 primum
3093 3450 3345 3520 apparuit
3391 3448 3662 3505 Dominus
3703 3460 3872 3508 nocte

2274 3536 2332 3593 in
2361 3539 2619 3593 columna
2647 3538 2810 3610 ignis,
2828 3547 2881 3594 et
2912 3539 3001 3594 die
3026 3540 3082 3594 in
3100 3528 3358 3594 columna
3374 3536 3559 3605 nubis,
3576 3537 3877 3596 ostendens

2272 3627 2378 3683 iter
2404 3628 2626 3700 populo,
2658 3627 2726 3683 ad
2754 3637 2953 3684 terram
3013 3644 3185 3701 usque
3232 3624 3591 3682 successionis
3628 3643 3817 3684 eorum
3856 3649 3870 3686 :

2286 3718 2395 3773 «Et
2432 3734 2542 3772 non
2571 3718 2791 3786 defecit,
2839 3718 3043 3791 inquit,
3086 3717 3343 3774 columna
3378 3715 3542 3772 nubis
3587 3715 3646 3771 in
3675 3716 3784 3785 die,
3816 3727 3874 3774 et

2272 3809 2530 3865 columna
2559 3807 2702 3881 ignis
2732 3809 2787 3864 in
2819 3818 2998 3877 nocte,
3031 3824 3213 3866 coram
3244 3809 3396 3864 omni
3426 3809 3630 3881 populo
3661 3808 3867 3879 (Exod.

2271 3914 2395 3966 χιιι,
2425 3897 2540 3968 22).
2561 3923 2578 3945 ι
2623 3898 2827 3954 Verum
2858 3898 2988 3970 quia
3011 3897 3193 3953 Ethan
3218 3895 3379 3953 nobis
3399 3907 3556 3954 sonat
3575 3897 3864 3955 fortitudo:

2271 3986 2418 4043 unde
2445 3986 2705 4042 adversus
2735 3985 3023 4043 Jeroboam
3052 4002 3250 4059 parans
3279 4001 3334 4041 se
3385 3986 3629 4043 Roboam
3663 3985 3868 4042 defen-

2271 4075 2430 4131 dere:
2478 4076 2852 4144 u‘Ediﬁcavit,
2885 4076 3085 4150 inquit,
3109 4075 3362 4132 civitates
3390 4076 3652 4132 munitas.
3684 4074 3864 4131 Ethan

2273 4175 2326 4222 et
2354 4167 2568 4224 Thecue
2592 4169 2680 4235 (II
2706 4169 2895 4225 Paral.
2938 4185 3018 4236 χι,
3051 4167 3129 4239 6),
3154 4193 3172 4216 ι
3219 4167 3323 4224 hoc
3351 4176 3432 4223 est
3461 4167 3712 4223 civitates
3743 4165 3867 4221 for-

2270 4254 2547 4324 titudinis,
2571 4257 2833 4313 docemur
2859 4257 3008 4331 quod
3047 4256 3143 4312 ubi
3187 4256 3245 4312 in
3281 4255 3482 4313 Socoth
3513 4255 3680 4326 hujus
3710 4270 3864 4326 pere-

2272 4344 2615 4416 grinationis,
2678 4347 2735 4402 in
2783 4346 3138 4402 meditatione
3197 4355 3251 4402 et
3289 4344 3555 4402 exercitio
3584 4345 3860 4399 bonorum

2270 4451 2492 4506 operum
2526 4453 2696 4509 usque
2736 4436 2793 4490 in
2837 4435 3001 4492 ﬁnem
3051 4448 3397 4506 perseverare
3436 4431 3561 4504 quis
3588 4431 3862 4512 statuerit,

2266 4525 2508 4581 ascendit
2541 4524 2607 4580 ad
2629 4523 2833 4591 Ethan,
2883 4522 2989 4578 hoc
3029 4529 3130 4588 est,
3170 4520 3241 4576 ad
3279 4517 3662 4575 fortitudinem
3696 4520 3864 4593 ;quia

2266 4615 2379 4686 ipse
2409 4614 2680 4670 Dominus
2708 4613 2801 4668 dat
2851 4612 3135 4678 virtutem,
3181 4617 3233 4664 et
3287 4609 3669 4666 fortitudinem
3717 4609 3861 4681 plebi

2265 4721 2395 4760 suae.
2429 4704 2571 4759 Hinc
2599 4702 2815 4759 dicebat
2847 4700 3178 4772 Apostolus:
3245 4723 3262 4745 ε
3298 4699 3496 4755 Omnia
3536 4715 3756 4772 possum
3799 4698 3856 4753 in

2264 4810 2327 4849 eo
2357 4794 2453 4865 qui
2483 4809 2568 4847 me
2589 4792 2864 4847 confortat
2885 4790 3136 4846 Christus
3159 4791 3669 4863 Jesus(Philipp.1v,
3692 4789 3804 4859 13),
3830 4815 3846 4836 ι

2266 4883 2377 4938 imo
2410 4899 2504 4954 per
2534 4881 2734 4936 nubem
2767 4889 2820 4936 et
2845 4881 3023 4953 ignem
3066 4880 3242 4952 aperit
3279 4881 3328 4936 ei
3355 4881 3523 4949 viam,
3555 4889 3609 4937 et
3637 4879 3701 4937 ﬁt
3745 4880 3860 4936 dux

2266 4973 2483 5030 itineris
2511 4971 2651 5044 ejus,
2686 4971 2862 5028 donec
2894 4971 3078 5028 videat
3103 4972 3248 5028 bona
3272 4971 3496 5027 Domini
3524 4971 3582 5026 in
3612 4979 3756 5026 terra
3779 4970 3858 5025 vi-

2265 5067 2536 5122 ventium.
2569 5065 2943 5120 Ascendamus
2969 5064 3139 5136 igitur
3155 5071 3208 5119 et
3236 5080 3336 5119 nos
3361 5061 3416 5118 in
3439 5061 3644 5130 Ethan,
3666 5070 3728 5118 ut
3747 5061 3858 5116 dia-

2264 5155 2390 5212 bolo
2421 5155 2736 5210 resistamus
2767 5153 2936 5209 fortes
2964 5154 3022 5209 in
3054 5153 3179 5209 ﬁde.

2335 5245 2436 5301 IVl
2465 5244 2686 5310 mansio,
2721 5243 2793 5299 Os
2823 5244 3034 5300 anru.
3058 5274 3129 5285 —
3157 5241 3361 5309 Quarta
3386 5239 3600 5296 mansio
3630 5238 3856 5298 dicitur:

2263 5337 2336 5393 Os
2357 5336 2550 5391 Eroth.
2578 5335 2733 5392 Unde
2760 5335 3009 5408 sequitur
3039 5355 3049 5392 :
3099 5358 3117 5382 ι
3149 5335 3221 5389 Et
3249 5333 3481 5405 profecti
3532 5347 3603 5388 ex
3646 5331 3854 5401 Ethan,

2263 5425 2627 5482 castrametati
2653 5431 2782 5480 sunt
2809 5424 2874 5479 ad
2905 5425 2976 5480 Os
2997 5421 3194 5490 Eroth,
3230 5438 3351 5495 quae
3375 5429 3456 5477 est
3485 5428 3682 5478 contra
3707 5421 3856 5477 Beel-

2262 5514 2492 5586 sephon,
2522 5523 2577 5570 et
2602 5523 2794 5569 contra
2819 5512 3105 5586 Magdalon
3142 5511 3329 5582 (Num.
3371 5526 3577 5579 χχχιιι,
3609 5511 3688 5582 7).
3723 5535 3741 5559 ›
3786 5510 3859 5567 Os

2263 5602 2437 5659 Eroth
2495 5603 2602 5658 alia
2627 5603 2986 5661 translatione
3011 5601 3216 5661 dicitur
3245 5599 3565 5668 Phiairoth;
3598 5598 3756 5658 vicus
3779 5608 3860 5656 est
