4136 6194
274 409 331 465 17
1160 401 1254 458 DE
1294 400 1444 459 XLII
1480 396 1951 457 MANSIONIBUS
1988 395 2324 457 FILIORUM
2362 397 2634 457 ISRAEL.
3503 402 3570 460 18

270 540 320 589 et
344 530 669 587 suburbium
707 528 968 603 Magdali,
999 532 1046 592 6
1086 542 1279 585 versus
1307 543 1458 584 mare
1492 526 1762 591 Rubrum,
1793 531 1860 580 ut
1891 523 1938 589 A
1968 531 2070 594 est,
2128 523 2382 580 diabolus
2434 541 2561 581 cum
2604 531 2871 597 potestate
2930 535 3043 583 tam
3086 527 3241 596 forti,
3290 535 3373 597 ut,
3426 529 3572 586 sicut

273 626 500 684 habetur
523 626 580 682 in
613 626 757 684 libro
781 625 962 683 Exodi
988 626 1193 700 (Exod.
1225 642 1346 693 xiv,
1378 624 1459 697 2).
1490 626 1553 681 In
1580 622 1684 680 hac
1710 637 1861 677 man-

268 716 416 772 sione
444 715 762 789 indignatus
795 715 1005 772 Pharao
1042 714 1191 788 quod
1228 715 1391 771 Israel
1424 715 1729 787 Egyptum
1757 710 1864 767 de-

268 813 484 872 sereret,
524 812 839 877 comparato
874 803 1123 861 exercitu
1154 802 1372 877 grandi,
1410 818 1504 858 eos
1532 800 1861 873 insequitur,

269 892 451 950 dicens
490 912 502 949 :
575 916 593 941 ι
632 892 777 961 Quid
823 893 1080 961 fecimus,
1136 899 1201 947 ut
1249 890 1657 947 dimitteremus
1721 887 1866 942 ﬁlios

268 981 448 1049 Israel,
493 989 555 1037 ut
596 998 709 1039 non
760 983 1036 1039 servirent
1069 980 1234 1037 nobis
1279 979 1444 1050 (Ibid.
1483 978 1535 1044 5,
1572 978 1628 1047 6)
1657 976 1686 1033 ?
1714 1000 1733 1024 ι
1792 974 1865 1029 Ει

261 1070 577 1145 subjungit:
635 1097 654 1121 ι
681 1073 880 1129 Iunxit
911 1088 1041 1143 ergo
1078 1071 1288 1127 Pharao
1331 1084 1526 1125 currus
1564 1083 1712 1135 suos,
1753 1073 1858 1121 etc.

263 1159 426 1230 (Ibid.
456 1161 537 1232 6).
568 1185 588 1209 ι
630 1161 754 1228 Quo
779 1176 910 1216 vero
930 1159 994 1216 ad
1026 1159 1260 1215 morale:
1285 1174 1380 1230 per
1400 1158 1474 1215 Os
1494 1157 1691 1225 Eroth,
1714 1156 1861 1231 quod

259 1264 319 1305 os
347 1249 625 1306 nobilium
661 1250 1052 1320 interpretatur
1083 1249 1414 1319 (Hieronym.
1456 1264 1537 1319 ep.
1582 1247 1731 1317 127),
1760 1264 1860 1304 os-

236 1330 511 1395 ‘tenditur
574 1338 719 1412 quod
783 1347 1063 1409 assumpta
1134 1336 1464 1394 fortitudine
1526 1337 1585 1393 in
1648 1338 1856 1408 Ethan,

256 1426 607 1484 ascendimus
649 1427 707 1483 in
745 1426 818 1484 Os
856 1426 1055 1495 Eroth,
1085 1426 1217 1500 quia
1259 1426 1624 1484 nobilitamur
1652 1427 1709 1484 in
1738 1428 1861 1483 Do-

257 1515 425 1573 mino.
476 1514 637 1583 Quod
677 1532 810 1573 vero
858 1516 931 1574 Os
983 1515 1160 1574 Eroth
1205 1516 1279 1573 sit
1320 1516 1497 1585 vicus,
1546 1532 1659 1573 non
1711 1523 1861 1574 caret

259 1606 523 1680 mysterio
558 1624 570 1663 :
612 1613 675 1663 ut
715 1606 898 1680 primo
945 1623 1116 1680 parva
1144 1622 1375 1681 quaeque
1403 1606 1737 1678 capiantur;
1779 1615 1861 1663 est

261 1696 403 1753 enim
444 1695 584 1753 ordo
612 1701 676 1751 ut
702 1712 733 1751 a
760 1696 946 1768 parvis
984 1694 1053 1752 ad
1083 1710 1280 1768 magna
1306 1695 1599 1763 veniatur;
1633 1696 1861 1769 pericu-

260 1787 371 1844 losa
418 1802 660 1861 namque
716 1802 934 1859 semper
986 1785 1096 1842 fuit
1151 1785 1209 1841 in
1267 1784 1447 1842 initiis
1498 1786 1861 1845 immoderata

260 1877 593 1950 prosperitas
635 1892 791 1950 aeque
838 1892 902 1934 ac
946 1875 1250 1933 adversitas
1289 1875 1467 1948 (Orig.
1505 1875 1774 1933 hom.‘27
1804 1878 1861 1932 in
1891 1892 1937 1953 Β

260 1965 414 2022 Nam.
449 1980 523 2022 ex
554 1964 681 2023 Ruf.
715 1966 910 2037 vers.).
942 1965 1099 2022 Sicut
1126 1980 1254 2038 ergo
1299 1981 1397 2039 per
1423 1964 1751 2023 suburbium
1791 1966 1860 2023 ad

258 2053 442 2112 urbem
474 2054 887 2129 progredimur,
918 2054 996 2112 ita
1034 2070 1132 2128 per
1159 2054 1272 2112 ima
1308 2054 1377 2111 ad
1407 2071 1624 2112 summa
1656 2072 1857 2114 ascen-

259 2143 453 2201 dimus.
500 2144 754 2218 Denique
802 2142 1165 2217 Beelsephon,
1216 2143 1366 2217 quod
1412 2153 1494 2202 est
1537 2146 1858 2220 interpreta-

261 2241 397 2301 tum,
424 2233 703 2290 Dominus
729 2232 1049 2307 Aquilonis,
1077 2232 1361 2290 diabolum
1390 2232 1641 2308 designat
1673 2254 1687 2304 ;
1728 2237 1859 2310 quia

258 2320 422 2389 dixit,
478 2329 546 2378 ut
591 2328 822 2380 testatur
865 2321 1032 2379 Isaias
1086 2322 1352 2396 propheta
1388 2341 1401 2380 :
1468 2347 1487 2372 ι
1534 2324 1747 2381 Sedebo
1797 2325 1856 2382 in

260 2420 443 2469 monte
463 2410 716 2480 sublimi,
738 2428 901 2485 super
918 2420 1133 2469 montes
1153 2412 1400 2470 excelsos
1428 2412 1496 2470 ad
1521 2412 1856 2487 Aquilonem

263 2500 396 2566 (Isa.
426 2517 551 2569 xxv,
584 2499 699 2573 13).
731 2524 751 2551 ›
791 2500 893 2557 Est
920 2499 1091 2573 igitur
1118 2502 1192 2558 Os
1223 2502 1399 2559 Eroth
1428 2510 1621 2560 contra
1647 2502 1855 2560 Beelse-

257 2589 424 2664 phon,
472 2590 534 2647 id
563 2600 665 2660 est,
711 2598 904 2649 contra
942 2591 1250 2661 diabolum,
1281 2592 1375 2666 qui
1409 2600 1518 2649 stat
1554 2609 1769 2667 semper
1795 2599 1857 2650 ut

259 2681 579 2740 adversetur
623 2683 884 2741 euntibus
925 2684 984 2740 in
1026 2683 1390 2754 Hierusalem,
1436 2700 1558 2758 quae
1600 2682 1660 2740 in
1716 2684 1855 2742 ccelo

262 2778 359 2830 est.
386 2772 520 2830 Ideo
554 2772 770 2831 dicebat
798 2774 1127 2847 Apostolus:
1174 2798 1192 2821 ι
1223 2773 1443 2831 Induite
1471 2791 1571 2830 vos
1598 2781 1854 2831 armatu-

255 2878 368 2919 ram
401 2862 505 2921 Dei
535 2870 600 2920 ut
634 2864 857 2936 possitis
902 2873 1045 2922 stare
1081 2864 1344 2921 adversus
1391 2864 1621 2921 insidias
1648 2863 1857 2919 diaboli

259 2951 477 3024 (Ephes.
508 2967 590 3021 γι,
622 2952 734 3025 13).
768 2979 786 3002 ι
825 2953 977 3011 Idem
1006 2970 1224 3028 quoque
1252 2953 1569 3026 designatur
1599 2968 1695 3026 per
1721 2951 1858 3009 Pha-

258 3057 481 3101 raonem
502 3044 772 3118 populum
802 3044 1203 3116 insequentem.

320 3149 393 3209 ν·
408 3151 644 3219 mansio,
663 3151 894 3208 Manu.
915 3179 987 3191 —
999 3148 1189 3207 Marah
1211 3148 1405 3223 quinta
1423 3155 1506 3205 est
1523 3147 1755 3205 mansio.
1770 3146 1862 3205 Sic

1973 613 2242 686 scriptum
2286 623 2368 670 est
2398 615 2485 685 (ΙΙ
2518 616 2691 670 Thess.
2730 632 2790 684 ιι,
2824 614 2877 683 li,
2908 616 2990 685 9),
3022 632 3135 672 non
3164 616 3238 673 sit
3268 616 3570 691 quidquam
3590 628 3607 639 ‘

1975 703 2033 759 in
2078 710 2225 759 terra
2254 702 2438 759 simile
2466 702 2671 760 factum
2709 705 2791 760 illi
2827 724 2838 762 :
2885 704 2980 761 sed
3010 706 3230 762 tandem
3262 715 3323 762 ut
3361 708 3571 766 Pharao

1972 808 2100 848 cum
2130 792 2380 848 exercitu
2420 790 2791 864 submergitnr
2835 793 2893 849 in
2938 794 3097 867 aquis
3124 795 3570 867 vehementibus,

1976 880 2053 935 ita
2081 888 2135 935 et
2166 880 2421 936 diabolus
2468 882 2712 939 mittitur
2761 884 2819 939 in
2862 892 3114 957 stagnum
3162 886 3305 958 ignis
3351 896 3405 944 et
3447 888 3574 944 sul—

1974 968 2167 1041 phuris
2198 971 2389 1041 (Apoc.
2421 987 2523 1039 xx,
2563 972 2644 1041 9).
2677 972 2834 1028 Unde
2874 990 2976 1030 nec
3004 974 3128 1031 ideo
3156 984 3478 1046 terreamur,
3510 985 3572 1034 ut

1971 1060 2337 1117 desertionem
2385 1061 2672 1117 faciamus.
2721 1062 2933 1119 Deinde
2983 1063 3041 1118 in
3090 1066 3371 1124 mansione
3416 1084 3570 1140 aqua;

1971 1157 2261 1221 gustantur
2319 1166 2539 1218 amarae,
2599 1152 2859 1223 quoniam
2922 1151 3105 1207 adhuc
3161 1155 3458 1211 existentes
3514 1156 3569 1212 in

1971 1237 2145 1309 gratia
2176 1238 2515 1311 multiplices
2546 1247 2770 1295 manent
2801 1239 3224 1297 tribulationum
3252 1245 3572 1301 amaritudi-

1970 1341 2085 1383 nes.
2120 1326 2274 1383 Unde
2304 1327 2539 1384 Joannes
2586 1328 2864 1399 apostolus
2907 1328 3159 1386 dicebat:
3208 1355 3226 1377 ι
3255 1332 3371 1403 Ego
3397 1334 3575 1389 Joan-

1969 1433 2069 1473 nes
2104 1425 2284 1474 vester
2310 1425 2366 1474 et
2407 1419 2680 1491 particeps
2719 1420 2775 1475 in
2805 1419 3165 1477 tribulatione
3196 1422 3385 1494 (Apoc.
3415 1440 3455 1492 ι,
3488 1424 3569 1495 9).

1972 1508 2089 1563 Imo
2144 1508 2424 1581 apostolus
2469 1508 2674 1564 Paulus
2724 1508 2981 1565 dicebat:
3048 1534 3066 1556 ι
3097 1510 3154 1566 Si
3201 1520 3357 1568 extra
3409 1511 3574 1571 disci-

1970 1596 2178 1668 plinam
2229 1597 2381 1666 estis,
2436 1596 2736 1654 adulterini
2784 1606 2839 1654 et
2880 1614 2991 1653 non
3039 1598 3142 1655 ﬁlii
3197 1599 3329 1655 estis
3381 1601 3567 1672 (Hebr.

1971 1702 2074 1755 xn,
2102 1687 2158 1756 8,
2191 1689 2305 1760 12).
2339 1715 2358 1738 ι
2390 1690 2638 1762 Denique
2668 1691 2724 1746 in
2748 1690 3088 1762 operatione,
3119 1690 3263 1748 sicut
3287 1692 3454 1749 verbo
3472 1710 3574 1751 suo

1969 1775 2121 1831 adest
2148 1777 2439 1848 Dominus,
2480 1788 2544 1836 ut
2571 1778 2887 1836 dulcescant
2927 1796 3101 1853 aquae,
3145 1779 3223 1835 ita
3266 1789 3485 1853 praestat
3514 1782 3573 1838 in

1968 1864 2425 1926 tribulationibus
2483 1886 2637 1925 suam
2697 1868 2857 1925 nobis
2921 1869 3289 1943 praesentiam,
3358 1869 3574 1928 dicente

1973 1954 2282 2027 Propheta:
2325 1980 2343 2004 ι
2377 1956 2514 2014 Cum
2547 1959 2666 2031 ipso
2711 1975 2833 2015 sum
2882 1959 2940 2015 in
2984 1958 3344 2016 tribulatione
3394 1960 3570 2032 (Psal.

1972 2060 2063 2114 xc,
2116 2046 2229 2116 15),
2265 2070 2284 2095 ι
2344 2054 2407 2102 ιιι
2460 2046 2787 2105 aﬁlictiones
2833 2047 3142 2105 mitescant.
3192 2049 3335 2106 Hinc
3385 2049 3575 2107 Esaias

1973 2136 2277 2208 proclamat
2330 2137 2640 2211 Propheta:
2711 2164 2729 2186 ι
2760 2138 2817 2195 Si
2864 2140 3148 2196 transieris
3204 2156 3300 2213 per
3351 2156 3571 2214 aquam,

1970 2231 2153 2282 tecum
2203 2243 2347 2295 sum,
2395 2234 2450 2283 et
2490 2227 2722 2284 flumina
2761 2245 2872 2286 non
2920 2229 3237 2303 cooperient
3282 2237 3374 2286 te:
3430 2238 3485 2286 et
3525 2230 3571 2287 si

1974 2316 2259 2374 transieris
2306 2333 2403 2391 per
2447 2318 2653 2390 ignem,
2687 2336 2797 2375 non
2835 2320 3178 2377 combureris
3223 2321 3359 2391 (Isa.
3414 2337 3570 2389 XLIII,

1972 2406 2051 2477 2).
2089 2433 2107 2457 ι
2151 2407 2280 2465 Ideo
2315 2408 2592 2482 Stephano
2621 2410 2679 2467 in
2700 2409 3050 2468 dulcedinem
3068 2409 3294 2468 fuerunt
3313 2410 3575 2467 torrentis

1969 2499 2179 2573 lapides
2207 2520 2218 2558 :
2252 2509 2307 2557 et
2333 2502 2629 2559 Laurentio
2667 2502 2726 2558 in
2759 2503 3100 2575 refrigerium
3133 2520 3343 2575 prunas.
3376 2501 3571 2559 Merito

1968 2589 2140 2661 igitur
2168 2590 2306 2648 dicit
2342 2592 2672 2667 Apostolus:
2720 2615 2739 2639 ι
2769 2592 3086 2649 Gloriamur
3115 2591 3175 2648 in
3201 2591 3570 2649 tribulationi-

1966 2679 2071 2736 bus
2101 2681 2276 2750 (Rom.
2311 2700 2365 2750 v,
2397 2682 2477 2754 3).
2511 2707 2531 2730 ι

2041 2785 2143 2842 VI'I
2166 2788 2394 2854 mansio,
2420 2788 2588 2843 Eun.
2611 2788 2907 2843 —Mansio
2948 2794 3103 2842 sexta
3129 2793 3361 2842 vocatur
3388 2784 3568 2840 Elim:

1970 2874 2018 2928 A
2046 2874 2237 2929 Marah
2269 2875 2419 2930 enim
2468 2875 2781 2931 recedentes
2821 2873 2926 2930 ﬁlii
2965 2874 3152 2942 Israel,
3203 2880 3474 2930 venerunt
3515 2873 3574 2930 in

1972 2967 2118 3021 Elim
2147 2984 2159 3023 :
2191 2966 2269 3023 ibi
2297 2966 2682 3036 substiterunt,
2713 2974 2767 3023 et
2788 2967 2866 3024 ibi
2888 2966 3238 3024 tabernacula
3257 2975 3570 3024 erexerunt.

1971 3055 2127 3113 Unde
2155 3056 2330 3114 dicit:
2396 3081 2414 3105 ι
2442 3058 2515 3115 Et
2553 3057 2784 3130 profecti
2833 3074 2902 3114 ex
2949 3058 3158 3126 Marah,
3212 3064 3483 3114 venerunt
3514 3058 3571 3114 in

1974 3145 2142 3201 Elim.
2166 3147 2227 3201 In
2257 3146 2405 3203 Elim
2428 3163 2558 3203 vero
2586 3155 2742 3204 erant
2762 3147 3054 3205 duodecim
3086 3146 3266 3204 fontes
3279 3164 3569 3221 aquarum,

258 3238 402 3297 enim
438 3239 622 3296 dicit:
669 3261 689 3287 ι
711 3240 785 3296 Ει
810 3239 1042 3311 profecti
1070 3249 1260 3297 contra
1288 3239 1361 3297 Os
1392 3237 1588 3307 Eroth,
1621 3238 1861 3295 transie-
1891 3257 1935 3319 ο
1970 3243 2024 3291 et
2052 3238 2396 3310 septuaginta
2423 3238 2648 3296 arbores
2675 3240 2983 3312 palmarum
3007 3257 3021 3307 ;
3053 3240 3420 3296 castrametati
3441 3246 3572 3296 sunt

258 3337 382 3386 runt
446 3344 549 3403 per
611 3327 856 3385 medium
919 3329 1086 3386 maris
1149 3329 1208 3385 in
1266 3328 1563 3396 desertum,
1625 3336 1679 3384 et
1731 3344 1862 3384 am-

258 3416 595 3475 bulaverunt
666 3417 814 3474 viam
890 3418 1061 3474 trium
1133 3417 1347 3475 dierum
1412 3433 1511 3490 per
1581 3416 1858 3475 desertum

263 3506 387 3579 ipsi,
427 3515 485 3564 et
528 3506 901 3564 castrametati
930 3515 1061 3564 sunt
1105 3507 1164 3564 in
1206 3506 1394 3564 Marab
1428 3508 1614 3580 (Nam.
1647 3524 1856 3578 xxxiii,

258 3594 337 3666 8).
371 3621 390 3645 ι
432 3595 624 3653 Marah
668 3594 821 3652 locus
862 3604 945 3653 est
990 3595 1049 3651 in
1082 3595 1298 3653 deserto
1328 3594 1453 3665 Sur,
1484 3595 1583 3651 tali
1630 3604 1859 3653 vocatus

259 3689 481 3745 nomine
500 3688 574 3745 ob
599 3702 867 3762 aquarum
891 3687 1316 3744 amaritudinem
1344 3706 1357 3755 ;
1378 3687 1459 3746 sic
1485 3688 1635 3745 enim
1666 3687 1857 3745 scribi-

260 3784 350 3833 tur
376 3777 435 3833 in
465 3778 612 3834 libro
635 3775 819 3833 Exodi
849 3795 862 3833 :
905 3798 924 3823 ι
955 3776 1240 3833 Venerunt
1272 3784 1454 3833 autem
1487 3777 1544 3832 in
1572 3775 1781 3844 Marah,
1804 3782 1858 3832 et

261 3881 368 3922 non
387 3874 688 3938 potuerunt
704 3866 894 3922 bibere
908 3880 1104 3938 aquam
1124 3865 1191 3921 de
1212 3865 1399 3921 Marah
1418 3866 1621 3937 (Exod.
1640 3881 1738 3930 xv,
1760 3865 1853 3936 23)

259 3970 439 4013 amara
477 3955 629 4012 enim
672 3964 810 4023 erat,
848 3962 1071 4027 propter
1102 3955 1208 4012 hoc
1236 3962 1493 4012 vocatum
1538 3962 1622 4011 est
1654 3970 1856 4011 nomen

260 4044 364 4104 loci
393 4045 572 4114 illius,
620 4044 971 4103 Amaritudo.
1004 4044 1163 4103 Circa
1210 4044 1352 4102 hanc
1381 4044 1722 4101 mansionem
1751 4045 1857 4103 tria

259 4143 384 4192 sunt
435 4134 853 4204 consideranda,
902 4134 1192 4208 profectio,
1241 4136 1456 4193 mansio
1486 4143 1541 4192 et
1587 4136 1852 4209 operatio.

260 4223 557 4293 Profectio,
587 4226 717 4298 quia
747 4224 807 4280 in
847 4222 1013 4295 hujus
1042 4223 1241 4281 itinere
1275 4223 1379 4280 ﬁlii
1408 4225 1574 4282 Israel
1605 4224 1853 4282 Rubrum

260 4327 406 4369 mare
450 4312 601 4370 sicco
640 4310 873 4385 vestigio
922 4312 1301 4379 transierunt;
1354 4329 1480 4369 nam
1531 4312 1670 4370 dicit
1714 4312 1855 4371 Scri-

260 4410 453 4475 ptura:
500 4426 519 4451 ι
550 4405 623 4462 At
661 4402 792 4461 Filii
832 4403 999 4460 Israel
1039 4410 1403 4477 perrexerunt
1432 4420 1529 4476 per
1557 4404 1765 4462 siccum
1795 4403 1856 4461 in

257 4491 441 4550 medio
483 4492 685 4550 maris:
744 4502 798 4551 et
844 4509 985 4567 aqua
1028 4500 1145 4550 erat
1172 4493 1252 4549 eis
1298 4509 1490 4549 murus
1538 4510 1570 4549 a
1621 4493 1854 4564 dextris,

257 4590 310 4639 et
338 4599 532 4640 murus
558 4598 590 4639 a
613 4582 875 4641 sinistris.
906 4583 1121 4641 Pharao
1158 4599 1290 4640 vero
1325 4599 1450 4639 cum
1481 4599 1581 4639 suo
1609 4584 1857 4641 exercitu
1885 4617 1934 4676 D

256 4672 573 4731 submersus
600 4681 683 4730 est
730 4674 788 4730 in
818 4674 976 4748 a‘quis
1021 4671 1444 4731 vehementibus
1489 4672 1693 4745 (Exod.
1737 4689 1854 4742 xiv,

256 4762 345 4833 22,
369 4763 468 4834 27)
496 4782 511 4833 ;
544 4788 564 4813 ι
616 4763 698 4822 sic
725 4765 872 4820 enim
908 4764 976 4821 de
1015 4780 1081 4820 eo
1108 4762 1411 4821 scribitur:
1472 4787 1490 4810 ι
1520 4763 1595 4820 Ει
1638 4779 1857 4819 reversa

255 4869 392 4929 aqua
437 4855 727 4929 cooperuit
771 4871 969 4913 currus
1022 4862 1079 4911 et
1128 4870 1465 4924 ascensores,
1521 4864 1576 4912 et
1631 4870 1852 4912 omnem

255 4944 559 5002 exercitum
632 4942 954 5014 Pharaonis,
1012 4944 1108 5019 qui
1163 4945 1395 5018 ingressi
1451 4945 1677 5001 fuerunt
1731 4951 1854 5017 post

256 5046 344 5088 eos
375 5032 434 5088 in
458 5049 633 5099 mare,
662 5040 718 5089 et
737 5048 849 5088 non
879 5032 1106 5090 relictus
1131 5042 1214 5091 est
1240 5048 1309 5090 ex
1330 5032 1408 5088 eis
1434 5032 1581 5088 ullus
1608 5033 1712 5106 (Ib.
1731 5032 1847 5105 28).

255 5120 503 5190 Mansio;
558 5123 690 5196 quia
741 5122 1078 5179 invenerunt
1122 5140 1290 5197 aquas
1336 5138 1567 5190 amaras,
1616 5139 1852 5196 quarum

254 5209 682 5268 amaritudinem
725 5211 1047 5279 sentientes,
1075 5210 1263 5269 bibere
1301 5212 1692 5287 nequiverunt,
1724 5211 1852 5270 licet

254 5314 449 5373 magna
503 5307 839 5356 vexarentur
893 5298 1007 5356 siti.
1058 5298 1351 5371 Operatio;
1407 5300 1541 5374 quia
1593 5300 1851 5357 mandato

253 5387 477 5445 Domini
523 5390 739 5463 Moyses
787 5389 939 5463 ligno
978 5388 1162 5461 tetigit
1196 5405 1398 5462 aquas:
1448 5398 1503 5447 et
1531 5406 1651 5464 quae
1697 5390 1851 5463 prius

252 5485 405 5534 erant
434 5493 656 5548 amarae,
688 5478 747 5534 in
775 5476 1125 5535 dulcedinem
1155 5493 1323 5534 versae
1349 5479 1617 5549 potabiles
1644 5479 1849 5536 effectae

254 5575 398 5636 sunt,
443 5566 593 5624 unde
638 5568 792 5625 sitim
836 5567 1186 5640 exstinguere
1228 5575 1544 5638 potuerunt.
1586 5569 1687 5625 Per
1726 5585 1849 5643 qua

255 5656 431 5728 primo
472 5656 815 5731 signiﬁcatur
860 5657 1020 5714 nobis
1064 5655 1212 5730 quod
1252 5655 1321 5713 ad
1364 5657 1592 5728 gratiam
1639 5675 1848 5732 prope-

255 5746 503 5804 rantibus
553 5747 797 5805 occurrit
841 5744 1051 5804 Pharao
1096 5761 1222 5802 cum
1270 5743 1518 5802 exercitu
1563 5762 1684 5815 suo,
1743 5746 1850 5804 hoc

1968 3326 2086 3383 illic
2132 3327 2275 3400 apud
2317 3344 2484 3400 aquas
2542 3329 2728 3399 (Nam.
2778 3345 2980 3397 χχχιιι,
3039 3329 3120 3399 9).
3176 3328 3327 3384 Idem
3370 3328 3571 3400 legitur

1968 3414 2029 3470 in
2060 3414 2201 3473 libro
2244 3416 2429 3473 Exodi
2472 3417 2675 3489 (Exod.
2710 3434 2807 3485 xv,
2838 3417 2932 3485 27)
2962 3435 2973 3472 :
3006 3416 3111 3473 Sed
3150 3416 3381 3490 pulcher
3409 3415 3566 3484 ordo,

1967 3504 2215 3580 felixque
2246 3506 2469 3563 virtutis
2501 3522 2838 3579 progressus,
2887 3506 2979 3579 qui
3024 3523 3237 3579 semper
3279 3505 3457 3564 tendit
3498 3504 3567 3562 ad

1967 3595 2212 3667 optima:
2274 3613 2345 3653 ex
2390 3596 2632 3654 tenebris
2688 3598 2757 3655 ad
2814 3599 3015 3665 lucem,
3064 3613 3131 3653 ex
3186 3597 3448 3654 aerumnis
3495 3596 3565 3653 ad

1966 3684 2309 3743 felicitatem.
2368 3688 2512 3743 Ecce
2567 3686 2673 3742 ﬁlii
2729 3688 2917 3756 Israel,
2973 3694 3095 3759 post
3154 3686 3455 3743 Pharaonis
3512 3693 3568 3743 et

1966 3775 2364 3848 Egyptiornm
2396 3777 2657 3845 saevitias,
2690 3786 2812 3850 post
2839 3777 3005 3834 maris
3034 3777 3344 3851 desertique
3372 3778 3563 3835 discri-

1967 3863 2138 3932 mina,
2170 3872 2295 3937 post
2326 3865 2592 3923 triduana:
2632 3865 2755 3922 sitis
2783 3866 3056 3935 ardorem,
3106 3875 3161 3923 et
3188 3867 3373 3923 Marah
3404 3884 3565 3924 ama-

1965 3952 2260 4022 ritudines,
2294 3963 2569 4011 venerunt
2596 3954 2818 4011 tandem
2846 3955 2915 4012 ad
2946 3957 3172 4029 palmas,
3203 3965 3477 4013 venerunt
3495 3954 3564 4012 ad

1969 4041 2170 4099 fontes.
2204 4044 2306 4100 Per
2336 4045 2483 4117 quod
2513 4046 2845 4102 instruimur
2875 4046 3022 4119 quod
3050 4045 3146 4119 qni
3178 4043 3565 4118 asperitatibus

1964 4142 2400 4204 praegravantur,
2449 4151 2541 4191 eos
2582 4134 2805 4191 tandem
2847 4136 2971 4191 laeta
3012 4141 3067 4190 et
3094 4149 3310 4189 amoena
3351 4138 3397 4194 7
3444 4131 3564 4187 loca

1966 4229 2326 4302 suscipiunt:
2383 4230 2645 4303 quoniam
2707 4231 2775 4287 ad
2832 4230 3076 4301 requiem
3138 4245 3251 4285 non
3307 4228 3415 4285 nisi
3466 4244 3565 4300 per

1964 4318 2232 4386 laborem,
2264 4327 2318 4374 et
2364 4318 2433 4374 ad
2475 4320 2674 4391 gaudia
2704 4333 2817 4375 non
2864 4317 2971 4374 nisi
3020 4333 3116 4391 per
3160 4318 3343 4374 tristia
3374 4333 3561 4391 perve-

1964 4407 2138 4464 nitur.
2181 4407 2352 4465 Venit
2394 4408 2629 4479 populus
2669 4407 2738 4464 ad
2773 4406 3023 4480 palmas:
3075 4406 3171 4464 sed
3214 4408 3369 4480 prius
3392 4407 3559 4479 Egy-

1966 4498 2209 4568 ptiorum
2266 4496 2533 4569 plurimas
2586 4496 2856 4554 sustinuit
2914 4496 3210 4569 angustias.
3270 4496 3437 4554 Venit
3492 4495 3560 4551 ad

1965 4585 2181 4653 fontes;
2233 4585 2329 4642 sed
2371 4587 2524 4658 prius
2552 4586 2721 4642 trium
2763 4585 2978 4642 dierum
3008 4585 3181 4653 sitim,
3212 4592 3267 4640 et
3294 4601 3559 4658 aquarum

1966 4674 2363 4732 amaritudines
2405 4692 2595 4748 passus
2631 4684 2732 4733 est.
2782 4676 2894 4733 Nec
2929 4684 3112 4732 tamen
3160 4675 3217 4730 in
3263 4674 3350 4730 his
3377 4673 3560 4732 adhuc

1964 4763 2094 4820 ﬁnis
2124 4773 2206 4820 est
2236 4764 2473 4833 itineris,
2508 4780 2610 4821 nec
2637 4765 2836 4821 ultima
2865 4762 3113 4820 laborum
3145 4764 3395 4838 requies;
3430 4764 3560 4837 quia

1962 4859 2016 4909 et
2072 4852 2326 4926 graviora
2377 4861 2645 4922 manent;
2694 4852 2790 4909 sed
2843 4859 3167 4910 cunctorum
3215 4852 3558 4924 dispensator

1960 4945 2126 5013 Deus,
2158 4944 2253 5017 qui
2286 4943 2473 5000 omnia
2492 4943 2736 5001 suaviter
2764 4943 3028 5017 disponit,
3061 4943 3338 4999 interserit
3358 4942 3417 4999 in
3438 4943 3558 5015 ipso

1961 5035 2125 5093 etiam
2156 5036 2357 5094 itinere
2385 5036 2671 5109 refrigeria
2686 5035 2958 5110 quaedam,
2987 5044 3050 5093 ut
3072 5034 3141 5090 iis
3169 5034 3364 5103 refota,
3392 5034 3557 5107 vique

1961 5135 2209 5198 reparata
2226 5125 2412 5182 anima
2439 5126 2746 5199 promptior
2773 5124 2841 5180 ad
2870 5124 3113 5197 reliquos
3137 5123 3319 5180 redeat
3343 5122 3557 5178 labores

1962 5214 2137 5289 (Orig.
2189 5216 2339 5272 hom.
2390 5215 2457 5271 27
2504 5216 2562 5269 in
2599 5215 2760 5271 Num.
2793 5229 2861 5269 ex
2905 5229 3048 5269 vers.
3084 5213 3260 5284 Ruﬁ).
3308 5210 3554 5283 Denique

1960 5306 2362 5363 observandum
2412 5314 2493 5361 est
2538 5304 2687 5377 quod
2715 5302 2863 5360 Elim
2894 5303 3287 5378 interpretatur
3316 5303 3550 5358 Arietes.

1958 5393 2173 5449 Arietes
2223 5408 2354 5449 vero
2409 5390 2577 5447 duces
2632 5400 2762 5448 sunt
2817 5391 3026 5447 ovium.
3086 5391 3214 5448 Ideo
3261 5385 3550 5445 duodecim

1958 5481 2160 5550 fontes,
2205 5489 2260 5538 et
2288 5480 2637 5553 septuaginta
2683 5478 2877 5552 palma:
2924 5479 3212 5552 designant
3250 5471 3550 5532 Christiani

1958 5571 2135 5643 gregis
2181 5567 2481 5627 ductores:
2533 5583 2730 5641 nempe
2776 5567 3070 5624 duodecim
3123 5562 3435 5636 Apostolos,
3482 5560 3550 5618 de

1957 5658 2159 5730 quibus
2184 5657 2262 5715 ita
2286 5657 2481 5714 scribit
2505 5657 2679 5713 Lucas
2703 5675 2716 5712 :
2754 5679 2772 5702 ι
2789 5654 2970 5726 Elegit
2989 5649 3279 5708 duodecim
3302 5665 3372 5706 ex
3393 5650 3547 5724 ipsis,

1955 5763 2093 5821 quos
2122 5747 2396 5819 apostolos
2426 5744 2737 5801 nominavit
2766 5743 2918 5813 (Luc.
2941 5756 3022 5807 τι,
3046 5736 3163 5809 43),
3195 5762 3213 5787 ι
3254 5745 3309 5795 et
3336 5746 3546 5815 septua-
