4136 6194
473 409 539 467 19
1438 407 1536 461 ΑΙ)
1576 402 1811 461 OPERA
1849 401 1904 458 S.
1939 397 2275 460 AMBROSII
2312 398 2705 457 APPENDIX.
3714 398 3785 456 20

471 533 623 606 ginta
665 531 966 605 discipulos
1013 547 1149 604 quos
1195 537 1415 587 sanctus
1457 530 1630 586 Lucas
1678 526 1814 584 alibi
1863 526 2075 583 memi—
2102 529 2154 589 Α
2186 542 2311 593 vm,
2367 524 2483 597 23).
2528 550 2547 575 ι
2601 525 2674 582 Et
2719 523 2886 582 alibi:
2949 547 2970 573 ι
3014 524 3352 582 Salvatorem
3398 530 3783 597 exspectamus

471 612 580 692 nit,
613 624 801 681 dicens
834 640 844 678 :
893 646 909 669 ι
942 621 1263 692 Designavit
1303 620 1575 677 Dominus
1604 627 1659 675 et
1687 616 1825 672 alios
1854 625 2083 689 septua-

474 714 645 785 ginta,
677 721 731 770 et
764 710 919 769 misit
958 711 1082 766 illos
1123 709 1284 765 binos
1334 718 1458 765 ante
1498 708 1695 765 faciem
1739 723 1893 762 suam
1926 705 2078 777 (Luc.

470 821 532 873 x,
559 805 635 875 1).
661 830 677 851 ι
709 803 954 871 Quorum
970 800 1379 858 distinctionem
1402 799 1559 871 ponit
1579 798 1896 870 Apostolus,
1919 812 2083 868 agens

474 892 543 949 de
572 892 797 949 Domini
827 899 948 963 post
988 892 1106 963 ejus
1135 889 1586 947 resurrectionem
1620 885 2079 960 apparitionibus.

474 982 664 1055 Inquit
711 981 858 1037 enim
907 980 977 1036 ad
1020 980 1384 1038 Corinthios:
1455 1002 1473 1024 ι
1520 978 1686 1035 Visus
1740 984 1821 1031 est
1860 974 2079 1052 Cephae,

472 1080 527 1127 et
573 1078 694 1142 post
726 1070 832 1126 hoc
872 1070 1149 1136 undecim,
1189 1077 1243 1124 et
1280 1066 1479 1123 deinde
1516 1066 1669 1121 visus
1695 1074 1775 1121 est
1802 1065 2081 1137 Apostolis

474 1161 732 1217 omnibus
764 1162 820 1230 (Ι
840 1159 966 1214 Cor.
1000 1175 1100 1226 xv,
1128 1158 1182 1224 5,
1202 1158 1275 1229 7).
1310 1181 1329 1205 ι
1363 1156 1467 1222 Qui
1491 1163 1673 1211 tamen
1704 1171 1896 1210 omnes
1917 1154 2082 1210 duces

473 1258 525 1306 et
575 1249 825 1323 magistri
884 1255 1012 1304 sunt
1069 1247 1247 1319 gregis
1300 1244 1598 1301 Dominici.
1660 1246 1836 1311 Quare
1891 1243 1959 1299 de
2011 1242 2081 1299 iis

472 1341 738 1412 scriptum
770 1345 887 1393 est:
935 1361 953 1383 ι
984 1337 1088 1404 Qui
1120 1352 1218 1391 vos
1247 1334 1423 1403 audit,
1456 1352 1541 1390 me
1562 1333 1744 1402 audit;
1778 1340 1832 1389 et
1857 1333 1951 1405 qui
1982 1347 2081 1386 vos

474 1428 701 1500 spernit,
734 1444 821 1482 me
849 1426 1058 1497 spernit
1090 1427 1241 1496 (Luc.
1272 1442 1333 1493 x,
1360 1424 1472 1495 16).
1507 1448 1524 1471 ›
1561 1422 1892 1479 Hauriamus
1911 1422 2081 1494 igitur

475 1534 575 1573 nos
604 1516 670 1572 de
708 1515 1002 1573 uberrimis
1032 1514 1353 1587 hujusmodi
1383 1512 1657 1581 fontibus,
1688 1522 1742 1569 et
1776 1513 2034 1569 bibamus
2061 1530 2073 1568 :

474 1622 761 1679 carpamus
800 1622 1018 1679 quoque
1047 1604 1114 1661 de
1144 1602 1337 1660 solidis
1365 1600 1563 1659 harum
1592 1600 1841 1659 victoria
1875 1602 2079 1673 palma-

2190 615 2491 672 Dominum
2517 624 2767 672 nostrum
2799 616 2985 673 Jesum'
3016 614 3321 683 Christum,
3349 615 3444 688 qui
3463 615 3788 674 reformabit

2192 721 2390 777 corpus
2446 705 2783 762 humilitatis
2832 712 3034 762 nostrae
3099 705 3499 777 conﬁguratum
3567 706 3787 778 corpori

2189 794 2538 852 claritudinis
2556 813 2669 853 suae
2690 796 2951 868 (Philipp.
2977 813 3062 863 ιιι,
3084 794 3175 865 20,
3197 795 3313 866 21).
3333 820 3352 843 ι
3384 796 3457 852 Et
3484 803 3616 853 tunc
3635 796 3786 854 vide-

2188 884 2374 941 bimus
2420 885 2621 942 rubum
2670 885 2858 943 ardere
2910 895 2964 943 et
3002 902 3113 943 non
3141 885 3429 952 comburi;
3481 886 3613 959 quia
3654 903 3788 944 cor-

2189 989 2291 1046 pus
2336 973 2698 1030 humanitatis
2727 982 2927 1031 nostrae
2967 977 3253 1043 morietur,
3292 975 3388 1032 sed
3436 991 3547 1031 non
3576 992 3789 1033 consu-

2189 1073 2408 1133 metur;
2449 1065 2564 1122 imo
2592 1074 2836 1139 resurget
2877 1067 2946 1123 ad
2987 1067 3251 1139 majorem
3283 1066 3606 1123 claritatem.
3640 1068 3790 1126 Dicit

2188 1155 2524 1227 Apostolus:
2588 1178 2608 1204 ‹
2637 1157 2952 1213 Seminatur
2991 1156 3049 1212 in
3093 1155 3460 1228 ignobilitate,
3496 1167 3682 1231 surget
3727 1160 3787 1217 in

2188 1244 2398 1316 gloria:
2448 1244 2755 1301 seminatur
2798 1245 2855 1301 in
2887 1245 3230 1312 inﬁrmitate,
3277 1254 3461 1317 surget
3490 1247 3547 1301 in
3580 1248 3791 1305 virtute

2191 1337 2248 1406 (Ι
2277 1336 2400 1393 Cor.
2434 1353 2532 1405 xv,
2562 1335 2678 1407 43).
2712 1361 2730 1385 ι
2771 1337 3001 1394 Oremus
3032 1335 3201 1408 igitur
3240 1338 3413 1393 Deum
3444 1344 3506 1393 ut
3534 1338 3601 1393 ad
3627 1346 3790 1395 octa-

2188 1442 2312 1484 vam
2358 1426 2698 1482 mansionem
2748 1426 2938 1482 venire
2970 1425 3270 1495 valeamus,
3322 1427 3410 1483 vel
3457 1426 3641 1501 potius
3671 1427 3789 1501 ipsa

2188 1514 2255 1571 ad
2285 1531 2387 1572 nos
2420 1515 2532 1571 cito
2558 1514 2763 1571 veniat.

2257 1603 2361 1659 ΙΧ·
2405 1603 2633 1670 mansio,
2683 1605 2967 1660 Demens.
3014 1634 3086 1646 —
3131 1603 3288 1661 Nona
3332 1605 3546 1663 mansio
3583 1605 3791 1664 dicitur

474 1712 596 1752 rum
627 1695 924 1764 fructibus,
972 1702 1025 1751 et
1054 1694 1452 1751 manducemus
1481 1694 1754 1763 alacriter,
1785 1700 1848 1750 ut
1874 1692 2079 1750 talibus
2183 1691 2478 1766 Dephcha:
2532 1709 2653 1767 quae
2698 1693 2756 1749 in
2804 1693 3189 1750 mansionibus
3229 1693 3430 1751 deserti
3477 1694 3577 1751 Sin
3627 1696 3792 1753 tertia

475 1786 600 1843 cibo
629 1795 872 1860 potuque
900 1784 1115 1853 refecti,
1139 1784 1439 1841 validiores
1465 1784 1534 1841 ad
1559 1784 1797 1858 reliquas
1825 1784 2078 1841 mansio—
2183 1789 2575 1855 computatur;
2608 1780 2925 1861 recedentes
2954 1781 3103 1838 enim
3124 1782 3227 1838 ﬁlii
3257 1784 3422 1839 Israel
3445 1800 3478 1840 a
3504 1783 3790 1842 mansione

474 1895 574 1935 nes
603 1875 939 1951 peragendae
969 1875 1322 1932 inveniamur
1351 1875 1700 1949 (Hieronym.
1733 1891 1818 1950 ep.
1854 1876 2001 1948 127).

546 1988 672 2047 VIIa
702 1985 929 2054 mansio,
976 1986 1143 2043 Manu
1184 1985 1443 2042 RUBnUM.
1488 2015 1560 2027 —
1593 1983 1836 2057 Septima
1868 1984 2079 2041 mansio

475 2087 558 2136 est
580 2076 743 2150 juxta
772 2092 921 2132 mare
947 2075 1197 2133 Rubrum
1226 2092 1237 2131 :
1280 2091 1410 2131 nam
1436 2074 1670 2132 transito
1701 2073 1841 2131 mari
1870 2071 2078 2144 Rubro,

476 2180 530 2229 et
566 2169 755 2228 Marah
800 2178 855 2225 et
902 2169 1051 2224 Elim
1104 2168 1487 2225 mansionibus
1532 2168 1851 2242 peragratis,
1892 2182 2083 2224 occur-

476 2261 551 2318 rit
598 2261 801 2316 iterum
849 2258 982 2314 ﬁliis
1016 2260 1180 2314 Israel
1225 2258 1380 2315 sinus
1427 2257 1649 2331 quidam
1700 2257 1871 2329 ipsius
1914 2255 2081 2312 maris

480 2349 657 2420 (Hier.
690 2346 852 2420 epist.
888 2347 1034 2419 127).
1068 2348 1141 2402 Et
1183 2346 1311 2420 quia
1351 2346 1427 2403 ibi
1477 2347 1863 2420 applicuerunt
1891 2354 2083 2404 tento-

477 2439 668 2511 riaque
702 2444 1020 2505 erexerunt,
1065 2436 1189 2493 ideo
1236 2454 1386 2494 nunc
1424 2437 1492 2493 ad
1532 2453 1680 2493 mare
1709 2436 2083 2494 castrametati

481 2526 763 2583 dicuntur.
798 2526 947 2583 Dicit
974 2526 1161 2583 enim:
1217 2550 1235 2573 ι
1267 2526 1339 2582 Et
1368 2526 1603 2599 profecti
1645 2543 1715 2582 ex
1756 2526 1925 2594 Elim,
1956 2542 2083 2583 cas-

478 2617 759 2672 trametati
806 2623 936 2671 sunt
979 2630 1141 2687 super
1189 2630 1336 2671 mare
1366 2615 1612 2671 Rubrum
1649 2615 1833 2687 (Num.
1874 2631 2079 2674 XXXIII:

490 2706 602 2779 10).
637 2730 656 2755 ι
700 2705 804 2762 Sed
855 2704 1084 2761 observa
1115 2704 1261 2777 quod
1304 2704 1497 2761 vident
1540 2721 1711 2775 mare,
1759 2722 1870 2761 non
1899 2712 2083 2761 tamen

484 2795 622 2851 illud
669 2795 897 2863 intrant,
947 2810 1075 2850 nam
1128 2793 1332 2851 suﬂicit
1380 2794 1547 2850 semel
1590 2801 1804 2850 tantum
1852 2794 2084 2851 intrasse

489 2891 542 2939 et
570 2883 951 2956 pertransisse,
985 2884 1248 2956 quoniam
1279 2884 1419 2941 illud
1446 2900 1593 2940 mare
1622 2884 1880 2957 baptismi
1909 2886 2083 2942 nostri

483 2974 657 3045 ﬁgura
688 2973 795 3027 fuit
830 2973 1004 3044 (Orig.
1037 2972 1190 3029 hom.
1224 2972 1291 3030 27
1330 2974 1387 3028 in
1416 2975 1576 3031 Num.
1611 2990 1682 3030 ex
1728 2991 1871 3031 vers.
1905 2976 2083 3049 Ruf.),

481 3070 545 3119 ut
574 3064 873 3134 Apostolus
904 3063 971 3119 ad
1016 3062 1335 3119 Corinthios
1373 3064 1563 3121 scribit
1611 3064 1799 3122 dicens
1829 3082 1841 3120 :
1896 3088 1916 3112 ι
1946 3065 2086 3133 Quia

480 3159 660 3225 patres
707 3160 883 3209 nostri
928 3168 1120 3208 omnes
1156 3153 1416 3225 baptizati
1466 3162 1596 3211 sunt
1646 3155 1704 3211 in
1753 3155 1898 3210 nube
1945 3161 1999 3210 et
2027 3153 2086 3209 in

2106 1897 2154 1959 B
2185 1889 2306 1947 qua:
2363 1888 2395 1928 a
2467 1871 2749 1930 communi
2798 1870 3046 1941 nomine,
3113 1871 3389 1929 desertum
3435 1874 3787 1946 appellatur,

2190 1968 2463 2019 venerunt
2505 1962 2575 2019 ad
2619 1962 2781 2020 hanc.
2814 1962 2991 2030 Quare
3029 1959 3350 2035 subjungit:
3413 1987 3431 2011 ι
3459 1964 3533 2019 Et
3559 1964 3791 2037 profecti

2191 2052 2257 2110 de
2310 2053 2526 2110 deserto
2583 2053 2701 2121 Sin,
2774 2051 3143 2109 castrametati
3202 2059 3333 2108 sunt
3403 2052 3462 2108 in
3529 2052 3795 2126 Dephcha

2193 2143 2378 2214 (Num.
2427 2158 2636 2211 xxxiii,
2687 2142 2799 2213 12).
2844 2167 2863 2189 ι
2924 2141 3052 2198 Haec
3097 2142 3312 2197 mansio
3357 2140 3417 2197 in
3449 2142 3644 2198 Exodo
3677 2159 3791 2200 non

2190 2230 2456 2287 habetur:
2507 2230 2604 2287 sed
2644 2248 2675 2287 a
2708 2230 2926 2287 deserto
2972 2229 3041 2286 ad
3081 2229 3377 2302 Raphidim
3423 2238 3640 2287 tantum
3669 2248 3791 2303 pro-

2191 2319 2357 2376 fectio
2394 2318 2674 2377 scribitur.
2716 2319 2829 2376 Sub
2878 2318 3101 2376 silentio
3129 2319 3299 2392 igitur
3337 2321 3649 2393 praeteritur
3675 2321 3794 2381 haec

2192 2419 2246 2467 et
2273 2425 2506 2483 sequens
2534 2409 2785 2478 mansio;
2833 2408 2963 2482 quia
2991 2423 3102 2464 non
3146 2408 3241 2464 ille
3270 2415 3389 2464 erat
3413 2409 3567 2466 locus
3594 2410 3652 2465 in
3682 2427 3792 2482 quo

2190 2515 2289 2572 per
2335 2500 2567 2557 verbum
2617 2499 2719 2556 Dei
2771 2498 3141 2571 profectiones
3179 2502 3225 2560 8
3281 2497 3522 2556 feriatim
3578 2500 3797 2572 Moyses

2192 2604 2515 2653 recenseret.
2563 2596 2812 2670 Denique
2852 2595 3116 2667 Dephcha
3153 2594 3358 2651 sanitas
3405 2595 3797 2667 interpretatur

2196 2687 2371 2758 (Orig.
2415 2686 2566 2742 hom.
2618 2686 2685 2743 27
2728 2686 2786 2741 in
2831 2686 2992 2743 Num.
3034 2701 3104 2741 ex
3146 2702 3289 2742 vers.
3323 2684 3500 2757 Ruﬁ).
3549 2686 3795 2744 Perfecta

2192 2787 2373 2835 autem
2417 2778 2614 2834 animai
2645 2777 2849 2834 sanitas
2894 2785 2976 2833 est
3023 2792 3132 2850 qua
3179 2792 3291 2835 non
3340 2786 3519 2850 potest
3547 2794 3791 2851 peccare,

2193 2868 2335 2926 sicut
2364 2868 2604 2943 perfecta
2650 2867 2894 2941 corporis
2926 2868 3131 2925 sanitas
3174 2875 3256 2925 est
3285 2884 3393 2942 qua
3422 2885 3533 2926 non
3562 2870 3793 2943 contigit

2194 2966 2496 3031 aegrotare;
2528 2958 2677 3032 quod
2706 2974 2816 3014 non
2845 2956 2955 3014 nisi
2983 2957 3038 3014 in
3069 2958 3471 3015 resurrectione
3499 2959 3744 3016 succedit
3776 2978 3787 3015 :

2192 3055 2326 3105 tunc
2354 3047 2525 3117 enim,
2570 3049 2715 3105 sicut
2752 3047 2890 3105 dicit
2920 3046 3085 3104 Isaias
3126 3046 3427 3120 propheta:
3475 3071 3494 3095 ι
3523 3048 3586 3104 In
3617 3046 3795 3119 capite

2194 3153 2384 3193 eorum
2419 3139 2538 3194 laus
2563 3147 2619 3195 et
2644 3138 2836 3196 laetitia
2863 3137 3235 3212 apprehendet
3260 3154 3384 3195 eos:
3411 3136 3585 3210 fugiet
3613 3136 3793 3205 dolor,

480 3242 620 3298 mari
653 3243 710 3314 (Ι
739 3242 861 3299 Cor.
890 3242 1047 3310 x,2).
1080 3267 1098 3289 ι
1143 3242 1248 3298 Sed
1270 3242 1579 3313 baptismus
1609 3260 1796 3299 eorum
1827 3242 1885 3298 in
1914 3242 2087 3314 ﬁgura

2200 3242 2403 3282 moeror
2449 3235 2503 3283 et
2551 3227 2785 3299 gemitus
2835 3228 2994 3299 (Isai.
3040 3246 3116 3296 LI,
3175 3228 3289 3299 11).
3336 3252 3357 3279 ι
3419 3227 3589 3286 Vides
3629 3226 3799 3300 igitur

481 3330 608 3400 fuit,
642 3338 893 3387 nostrum
932 3338 1111 3387 autem
1144 3330 1203 3387 in
1233 3332 1483 3389 veritate.
1515 3333 1587 3388 Et
1620 3332 1750 3404 quia
1778 3331 2081 3403 baptismus

482 3422 772 3484 iterandus
804 3438 915 3478 non
945 3428 1045 3490 est,
1076 3438 1200 3478 cum
1234 3421 1499 3493 scriptum
1532 3422 1606 3476 sit
1636 3440 1647 3476 :
1694 3445 1712 3467 ι
1744 3421 1896 3478 Unus
1922 3421 2089 3476 Deus,

481 3524 591 3567 una
622 3512 778 3581 ﬁdes,
803 3529 976 3569 unum
1006 3511 1278 3584 baptisma
1310 3513 1530 3582 (Ephes.
1551 3528 1626 3579 IV,
1645 3511 1728 3583 5),
1759 3510 1902 3568 sicut
1921 3520 2088 3573 semel

480 3596 751 3670 baptizari
782 3600 1048 3672 oportuit,
1098 3600 1174 3655 ita
1224 3609 1277 3656 et
1314 3600 1478 3656 semel
1510 3615 1658 3656 mare
1701 3599 1932 3655 intrasse
1960 3598 2092 3655 satis

487 3690 615 3746 fuit.
660 3690 821 3747 Nunc
869 3689 1038 3762 igitur
1066 3689 1313 3762 pergenti
1343 3689 1411 3745 ad
1441 3690 1766 3761 promissam
1793 3688 2094 3746 haeredita-

483 3786 593 3834 tem
625 3779 831 3849 populo
879 3778 1078 3834 iterum
1124 3794 1271 3835 mare
1301 3778 1562 3846 occurrit,
1612 3785 1675 3835 ut
1709 3778 1847 3835 illud
1876 3778 2089 3849 videns,

484 3865 749 3941 illiusque
795 3867 972 3924 undas
1018 3868 1312 3941 aspiciens,
1353 3868 1570 3925 cautius
1614 3868 1853 3936 incedat,
1893 3884 1962 3924 ne
2002 3868 2090 3925 de.

487 3955 661 4012 terius
691 3957 902 4030 aliquid
931 3957 982 4013 ei
1011 3956 1313 4029 contingat.

562 4063 706 4123 VIII-
746 4065 974 4133 mansio,
1028 4066 1289 4120 desertum
1338 4065 1454 4120 SIN.
1504 4095 1575 4106 —
1626 4064 1834 4123 Octava
1881 4064 2093 4122 mansio

489 4163 572 4211 est
600 4156 877 4213 desertum
910 4155 1028 4211 Sin.
1075 4154 1202 4212 Ideo
1232 4153 1402 4210 dicit:
1465 4179 1482 4200 ι
1512 4155 1585 4210 Et
1621 4154 1853 4227 profecti
1895 4172 1926 4212 a
1955 4155 2092 4211 mari

486 4244 697 4313 Rubro,
745 4246 1117 4302 castrametati
1162 4253 1292 4303 sunt
1329 4246 1386 4301 in
1434 4245 1706 4302 desertum
1754 4245 1853 4303 Sin
1903 4247 2088 4320 (Num.

488 4348 695 4401 xxxui,
730 4334 819 4404 11)
847 4351 857 4387 :
892 4358 911 4382 ι
954 4334 1048 4390 sed
1076 4335 1481 4393 observandum
1505 4336 1651 4410 quod
1684 4344 1800 4394 tota
1820 4336 1938 4395 haec
1965 4337 2091 4394 soli-

488 4420 624 4477 tudo
653 4438 685 4477 a
713 4421 852 4477 mari
894 4421 1101 4489 Rubro,
1136 4440 1308 4495 usque
1337 4425 1405 4481 ad
1436 4433 1676 4481 montem
1711 4425 1864 4483 Sinai
1896 4425 2094 4499 appel-

488 4511 634 4567 latur
663 4510 759 4567 Sin
793 4510 967 4583 (Hier.
1002 4510 1162 4583 epist.
1200 4512 1349 4585 127).
1383 4514 1444 4568 Ιιι
1475 4530 1580 4585 qua
1605 4514 1709 4571 ﬁlii
1740 4514 1899 4572 Israel
1934 4516 2091 4589 quin-

487 4618 593 4674 que
636 4600 951 4657 habuerunt
998 4600 1330 4669 mansiones,
1379 4617 1576 4675 nempe
1626 4619 1775 4659 mare
1820 4603 2089 4673 Rubrum,
2125 4627 2175 4687 ι)

490 4698 553 4748 ιιι
594 4707 759 4764 supra
801 4689 946 4746 hanc
987 4688 1054 4746 de
1104 4706 1212 4762 qua
1257 4689 1491 4763 agimus,
1525 4698 1578 4746 et
1624 4699 1735 4748 tres
1784 4702 2090 4766 sequentes.

488 4780 617 4837 Haec
643 4786 827 4836 autem
858 4778 1112 4852 specialis
1132 4786 1249 4849 est;
1282 4779 1430 4849 licet,
1454 4781 1737 4838 communi
1756 4783 1983 4839 nomine
2001 4800 2092 4857 ap-

491 4870 728 4943 pellatur
744 4868 1021 4925 desertum
1038 4868 1158 4938 Sin,
1171 4885 1238 4925 ex
1260 4870 1485 4926 nomine
1500 4870 1672 4929 totius
1693 4871 1893 4929 deserti
1913 4891 1924 4929 :
1949 4874 2094 4931 sicut

491 4968 545 5015 et
591 4959 752 5015 Moab
800 4974 1004 5015 nomen
1051 4967 1131 5015 est
1159 4958 1402 5017 civitatis
1449 4968 1502 5016 et
1530 4962 1851 5033 provinciae.
1885 4962 2091 5020 Verum

492 5048 621 5122 quia
664 5048 760 5106 Sin
804 5049 1197 5120 interpretatur
1223 5048 1405 5118 rebus,
1437 5050 1711 5124 signiﬁcat
1755 5051 1917 5110 nobis
1945 5053 2093 5127 quod

492 5137 637 5193 sicut
666 5145 859 5192 octava
899 5137 1184 5193 mansione
1210 5138 1465 5195 venimus
1509 5139 1576 5196 ad
1615 5140 1732 5209 Sin,
1782 5139 1887 5198 hoc
1915 5150 1996 5199 est
2024 5142 2092 5199 ad

491 5226 743 5295 rubrum,
794 5224 853 5281 in
903 5242 1010 5299 quo
1058 5234 1241 5283 actum
1289 5235 1372 5285 est
1399 5228 1465 5285 de
1498 5228 1821 5286 liberatione
1849 5231 2091 5289 ﬁliorum

490 5316 655 5371 Israel
702 5331 734 5369 a
779 5314 1045 5372 servitute
1100 5316 1364 5389 Egypti:
1422 5318 1499 5374 ita
1552 5318 1612 5374 in
1672 5322 2091 5391 resurrectione,

495 5422 616 5477 qum
647 5420 742 5477 per
779 5411 1029 5461 octavam
1076 5405 1424 5479 intelligitur,
1458 5408 1744 5466 veniemus
1771 5409 1841 5466 ad
1868 5410 2091 5482 rubum,

495 5493 555 5548 in
610 5509 720 5565 quo
776 5500 967 5565 agetur
1014 5493 1081 5551 de
1131 5495 1457 5553 liberatione
1514 5504 1700 5555 nostra
1749 5516 1780 5555 a
1830 5500 2094 5557 servitute

497 5583 903 5656 corruptionis:
980 5599 1145 5658 quam
1220 5594 1594 5660 expectamus,
1664 5597 1728 5645 ut
1796 5591 2095 5661 Apostolus

496 5672 634 5729 dicit
658 5690 669 5728 :
719 5699 736 5719 ι
753 5674 825 5730 Et
845 5673 949 5746 ipsi
979 5674 1124 5731 intra
1145 5692 1245 5733 nos
1265 5676 1553 5751 gemimus,
1579 5677 1931 5753 adoptionem
1954 5679 2094 5737 ﬁlio-

496 5779 617 5818 rum
650 5770 1026 5836 exspectantes
1047 5764 1421 5840 redemptione
1441 5767 1686 5840 corporis
1712 5766 1883 5826 nostri
1916 5770 1935 5839 (
1941 5770 2090 5827 Rom.

2201 3316 2451 3373 ordinem
2482 3316 2849 3387 profectuum.
2881 3316 3013 3373 Filii
3043 3318 3207 3374 Israel
3239 3316 3306 3375 de
3335 3326 3532 3376 octava
3561 3317 3796 3375 mansio-

2200 3420 2270 3460 ne
2316 3412 2683 3478 assequuntur
2728 3405 3029 3477 Dephcha:
3081 3413 3136 3461 et
3184 3420 3284 3461 nos
3333 3421 3366 3459 a
3393 3404 3798 3461 resurrectione

2202 3493 2503 3567 perfectam
2534 3493 2733 3551 animai
2761 3501 2815 3551 et
2842 3493 3090 3566 corporis
3110 3490 3469 3564 adipiscimur
3487 3492 3799 3560 sanitatem,

2201 3594 2258 3642 at
2327 3585 2565 3642 Joannes
2645 3585 2924 3658 apostolus
3004 3585 3064 3641 in
3144 3586 3477 3658 Apocalypsi
3542 3592 3793 3654 testatur,

2201 3674 2390 3732 dicens
2420 3693 2431 3732 :
2496 3699 2514 3723 ι
2545 3676 2616 3732 Et
2660 3675 2932 3748 absterget
2959 3676 3106 3732 Deus
3135 3690 3353 3732 omnem
3399 3674 3698 3747 lacrymam
3727 3673 3798 3730 ab

2201 3764 2382 3822 oculis
2411 3782 2625 3834 eorum,
2658 3773 2712 3822 et
2742 3782 2892 3822 mors
2920 3766 3065 3822 ultra
3095 3781 3206 3822 non
3234 3764 3360 3833 erit,
3392 3780 3568 3837 neque
3592 3764 3795 3834 luctus,

2201 3870 2376 3927 neque
2408 3854 2637 3923 clamor,
2686 3870 2865 3928 neque
2905 3852 3066 3911 dolor
3108 3853 3214 3910 erit
3259 3854 3404 3912 ultra
3445 3853 3632 3927 (Apoc.
3676 3870 3797 3921 xxr,

2201 3942 2281 4015 4).
2326 3942 2433 4000 Sed
2454 3943 2583 4017 quia
2605 3943 2803 4000 animae
2836 3945 3065 4017 languor
3083 3952 3365 4017 peccatum
3388 3951 3470 4001 est
3489 3943 3634 4000 unde
3654 3941 3799 3999 dixit

2201 4031 2515 4105 Propheta:
2582 4055 2601 4080 ι
2651 4032 2793 4089 Sana
2845 4033 3087 4090 animam
3143 4048 3341 4098 meam.
3397 4031 3527 4105 quia
3577 4029 3798 4106 peccavi

2202 4119 2304 4177 tibi
2365 4121 2538 4195 (Psal.
2596 4138 2691 4189 XL,
2759 4121 2818 4193 5)
2872 4139 2886 4178 :
2945 4146 2965 4171 ι
3050 4122 3281 4195 languor
3348 4121 3546 4178 animai
3598 4128 3799 4177 nostrae

2203 4211 2460 4283 superbia
2501 4218 2602 4281 est,
2646 4212 2728 4268 ira
2756 4220 2860 4281 est,
2908 4212 3143 4270 avaritia
3171 4218 3289 4268 est:
3335 4210 3460 4268 ideo
3490 4208 3800 4284 unusquis-

2201 4314 2307 4372 que
2352 4308 2603 4357 nostrum
2646 4298 2830 4357 cordis
2858 4306 2912 4356 et
2952 4300 3197 4373 corporis
3225 4315 3400 4372 genua
3429 4298 3654 4356 ﬂectens
3682 4304 3800 4354 oret

2201 4389 2503 4447 Dominum
2558 4397 2807 4447 nostrum
2863 4390 3049 4446 Iesum
3104 4387 3412 4453 Christum,
3489 4387 3584 4460 qui
3643 4394 3801 4444 sanat

2202 4497 2392 4539 omnes
2416 4481 2768 4540 inﬁrmitates
2795 4490 3011 4538 nostras
3037 4499 3048 4537 :
3081 4490 3135 4537 et
3160 4496 3287 4537 cum
3315 4478 3580 4551 propheta
3607 4477 3757 4535 dicat
3781 4495 3794 4534 :

2218 4595 2236 4617 ι
2267 4570 2409 4629 Sana
2435 4588 2543 4641 me,
2573 4572 2833 4638 Domine,
2862 4579 2919 4627 et
2959 4571 3229 4637 sanabor;
3262 4569 3412 4625 salva
3441 4581 3549 4635 me,
3597 4574 3651 4624 et
3695 4567 3799 4623 sal-

2206 4660 2379 4716 vabor
2427 4661 2643 4733 (Jerem.
2695 4676 2838 4730 xvn,
2891 4659 3005 4730 14).
3041 4684 3061 4708 ι
3122 4656 3270 4716 dicat
3319 4665 3373 4715 et
3412 4672 3539 4715 cum
3575 4654 3792 4714 David:

2216 4774 2235 4797 ι
2266 4751 2409 4807 Sana
2437 4765 2545 4819 me,
2575 4749 2830 4817 Domine,
2863 4748 3126 4822 quoniam
3156 4745 3479 4806 conturbata
3508 4752 3637 4803 sunt
3668 4761 3798 4802 om-

2202 4839 2294 4895 nia
2324 4856 2446 4896 ossa
2473 4855 2595 4895 mea
2629 4838 2801 4911 (Psal.
2835 4855 2913 4906 v1,
2942 4838 3022 4911 3).
3050 4861 3070 4886 ν

2272 4956 2351 5011 Χ·
2380 4955 2608 5025 mansio,
2637 4956 2842 5012 was.
2874 4986 2941 4997 —
2970 4953 3198 5012 Decima
3229 4951 3444 5010 mansio
3472 4951 3643 5009 Halus
3673 4959 3792 5009 est:

2201 5045 2269 5103 ad
2299 5061 2462 5119 quam
2510 5060 2542 5100 a
2586 5045 2850 5119 Dephcha
2880 5044 3113 5119 profecti
3140 5050 3271 5101 sunt
3299 5041 3405 5099 ﬁlii
3451 5041 3637 5098 Israel.
3669 5039 3798 5098 Ideo

2200 5136 2371 5195 dicit:
2417 5160 2436 5185 ι
2465 5137 2538 5194 Et
2564 5136 2799 5210 profecti
2852 5136 2919 5192 de
2961 5135 3243 5208 Dephcha,
3274 5131 3641 5191 castrametati
3671 5136 3801 5189 sunt

2200 5227 2261 5283 in
2299 5226 2468 5284 Halus
2517 5228 2703 5300 (Num.
2735 5244 2941 5293 xxxiii,
2993 5227 3104 5299 13).
3138 5251 3157 5274 ι
3216 5225 3280 5280 In
3325 5222 3522 5280 Exodo
3570 5238 3672 5281 nec
3698 5221 3802 5279 ista

2202 5316 2415 5373 mansio
2457 5315 2719 5373 distincte
2762 5314 3120 5383 nominatur;
3171 5312 3265 5370 sed
3310 5308 3801 5384 comprehenditur

2202 5406 2304 5462 sub
2335 5405 2717 5462 mansionibus
2746 5421 2778 5460 a
2805 5403 3022 5461 deserto
3049 5402 3146 5460 Sin
3177 5418 3351 5475 usque
3380 5400 3450 5457 ad
3478 5398 3796 5472 Raphidim.

2201 5500 2345 5556 Dum
2376 5499 2525 5555 enim
2555 5497 2725 5556 dicit:
2774 5523 2792 5546 ι
2823 5499 2895 5556 Et
2922 5498 3164 5572 profecta
3192 5505 3275 5553 est
3300 5494 3483 5552 omnis
3510 5509 3801 5568 congrega-

2201 5588 2282 5645 tio
2325 5588 2569 5646 ﬁliorum
2615 5588 2780 5646 Israel
2826 5604 2897 5645 ex
2935 5586 3152 5645 deserto
3195 5585 3293 5644 Sin
3334 5601 3432 5659 per
3475 5593 3656 5643 castra
3682 5600 3800 5652 sua,

2202 5677 2505 5737 secundum
2526 5678 2756 5736 verbum
2786 5676 3011 5736 Domini
3044 5676 3247 5749 (Exod.
3276 5692 3417 5743 xvn,
3445 5674 3499 5746 1)
3526 5692 3575 5742 ;»
3618 5671 3805 5729 innuit

2203 5769 2350 5843 quod
2399 5770 2584 5844 plures
2631 5769 2839 5827 fuerint
2885 5763 3392 5826 castrametationes
3437 5771 3492 5823 et
3538 5762 3800 5838 hospitia,
