4136 6194
280 342 339 398 2t
1170 326 1264 384 DE
1303 298 1453 382 XLII
1489 317 1961 380 MANSIONIBUS
2001 313 2337 373 FILIORUM
2376 312 2650 370 ISRAEL.
3491 304 3562 362 22

280 464 399 522 Tria
426 464 482 519 in
527 460 630 518 hac
684 457 971 515 mansione
1017 461 1300 529 geruntur.
1347 449 1555 518 Primo,
1613 447 1852 522 populus
1880 449 1931 509 Α
1960 459 2113 516 aquae
2140 449 2193 497 et
2222 445 2490 496 torrentes
2511 434 2928 492 inundaverunt
2951 434 3125 505 (Psal.
3146 447 3373 521 \LXXVII,
3404 431 3547 505 20)..

278 554 372 631 Dei
399 551 626 627 gloriam
647 549 931 606 intuetur:
960 562 1086 603 nam
1124 544 1393 617 scriptum
1423 548 1507 598 est
1532 539 1589 595 in
1618 536 1816 595 Exodo
1840 554 1852 593 :

292 628 397 698 2Et
447 639 620 713 gloria
675 636 901 696 Domini
948 634 1199 709 apparuit
1231 634 1291 689 in
1321 630 1468 689 nube
1501 627 1702 697 (Exod.
1735 642 1856 693 xvr,

283 730 365 803 10)
390 748 446 788 :2
512 727 744 796 Deinde,
797 726 1040 800 pascitur
1084 722 1380 781 carnibus:
1461 743 1479 766 ι
1509 720 1739 775 Factum
1779 722 1861 770 est

280 837 514 896 vespere,
540 846 560 869 2
628 827 692 876 ut
727 817 806 875 ibi
860 816 1080 890 legitur,
1125 838 1145 862 2
1173 821 1229 870 et
1279 809 1529 869 ascendit
1577 805 1859 871 coturnix,

278 919 329 968 et
372 894 661 983 cooperuit
709 914 889 965 castra
940 904 1131 977 (Ibid.,
1200 902 1315 973 13).
1381 899 1589 963 Tertio,
1651 894 1865 983 cibatur

278 981 564 1057 manna—de
591 998 751 1055 coelo.
784 995 874 1053 Sic
901 993 1051 1051 enim
1080 991 1300 1063 Moyses
1340 987 1603 1059 populum
1633 981 1861 1064 alloqui-

278 1097 397 1147 tur:
441 1113 460 1136 2
491 1087 594 1145 Hic
640 1093 724 1142 est
752 1083 913 1156 panis
940 1095 1104 1154 quem
1134 1077 1287 1133 dedit
1314 1074 1474 1130 vobis
1494 1072 1764 1131 Dominus
1792 1071 1860 1126 ad

277 1175 723 1236 manducandum
757 1171 946 1244 (Ibid.,
990 1169 1114 1238 l5):
1150 1192 1167 1213 2
1210 1165 1316 1221 hoc
1344 1171 1425 1219 est
1453 1161 1683 1217 verbum
1714 1158 1862 1232 quod

273 1266 566 1328 constituit
588 1262 875 1322 Dominus.
909 1260 1012 1315 Per
1038 1274 1159 1330 quae
1183 1270 1472 1311 monemur
1500 1250 1648 1326 quod
1668 1249 1763 1323 qui
1803 1250 1862 1305 in

274 1359 490 1416 decima
538 1351 770 1429 quiescit
806 1348 1108 1414 mansione,
1167 1344 1226 1401 id
1269 1352 1351 1401 est
1392 1343 1452 1399 in
1480 1339 1864 1398 observatione

276 1449 427 1523 legis,
472 1463 568 1520 per
614 1441 900 1501 denarium
930 1438 1081 1495 enim
1127 1450 1418 1494 numerum
1450 1433 1541 1489 lex
1579 1431 1866 1506 signiﬁca-

278 1549 383 1608 tur,
413 1553 536 1612 quae
564 1536 623 1592 in
649 1533 837 1591 decem
861 1528 1046 1588 verbis
1073 1525 1350 1592 consistit,
1380 1531 1441 1581 ut
1461 1523 1726 1595 scriptum
1747 1529 1861 1578 est:

291 1629 397 1686 2Et
429 1610 671 1698 scripsit
709 1623 926 1695 Moyses
968 1616 1138 1675 verba
1174 1616 1294 1673 haec
1340 1614 1530 1671 decem
1569 1612 1629 1668 in
1662 1610 1866 1667 tabulis

281 1715 496 1775 fmderis
545 1712 750 1786 (Exod.
774 1727 976 1779 xxxrv,
1007 1707 1100 1780 28)
1126 1725 1141 1775 ;
1186 1704 1288 1763 Dei
1316 1702 1545 1778 gloriam
1571 1699 1863 1772 conspicit.

1966 530 2243 599 Secundo,
2296 526 2649 585 memoranda
2677 530 2870 583 contra
2900 508 3273 579 Amalechitas
3299 521 3555 579 victoria.
3600 530 3611 541 ‘

1965 622 2103 678 Nam
2136 621 2341 693 populo
2372 635 2524 674 suam
2547 616 2637 673 hic
2671 615 2964 671 stationem
2997 620 3211 686 agente,
3248 610 3556 669 A'malechi-

1970 721 2148 769 tarum
2172 716 2359 782 gentes
2374 707 2424 764 ei
2444 705 2727 773 obsistere,
2741 720 2865 760 eum
2882 718 3105 769 vexare,
3122 718 3357 775 eumque
3376 701 3562 758 valido

1971 807 2285 873 comparato
2310 796 2559 853 exercitu
2580 810 2891 867 oppugnare
2912 800 3219 865 cmperunt.
3238 795 3311 847 At
3324 793 3562 864 Moyses,

1971 897 2331 957 consideratis
2381 894 2571 967 populi
2619 891 2834 947 viribus
2862 890 3013 962 longi
3046 890 3258 945 itineris
3289 889 3566 961 defatiga-

1970 989 2120 1046 tione
2153 991 2197 1048 9
2221 984 2335 1057 jam
2395 980 2603 1047 fractis,
2669 987 2723 1035 et
2779 979 2847 1033 ad
2906 978 3268 1049 repellendam
3318 978 3564 1034 hostium

1970 1083 2252 1140 audaciam
2309 1097 2421 1136 non
2452 1078 2584 1135 satis
2641 1077 2804 1149 aptis,
2855 1075 2923 1131 ad
2983 1075 3238 1131 divinum
3270 1077 3565 1148 confugere

1969 1173 2214 1231 decrevit
2241 1167 2707 1228 auxilium.Unde
2737 1174 2789 1221 et
2820 1154 3109 1220 resistendi
3146 1164 3314 1231 hosti,
3348 1172 3401 1219 et
3432 1165 3561 1221 belli

1973 1262 2192 1334 gerendi
2222 1269 2339 1318 toto
2369 1258 2586 1331 negotio
2617 1272 2782 1328 penes
2809 1255 2972 1309 .losue
2995 1253 3209 1320 relicto,
3247 1252 3361 1324 ipse
3394 1255 3567 1309 Deum

1974 1361 2229 1409 oraturus
2271 1349 2330 1405 iu
2382 1348 2579 1404 collem
2612 1342 2850 1401 secessit.
2884 1340 2990 1397 Sed
3047 1358 3080 1396 ο
3108 1341 3246 1397 mira
3303 1342 3569 1399 orationis

1973 1442 2249 1517 potentia!
2302 1439 2435 1496 dum
2465 1439 2680 1511 Moyses
2718 1435 2925 1508 palmas
2954 1431 3214 1488 tendebat
3244 1431 3312 1488 ad
3343 1434 3565 1503 coelum,

1975 1530 2305 1606 praevalebat
2332 1530 2497 1586 Israel
2522 1546 2535 1595 ;
2569 1527 2705 1582 dum
2723 1540 2855 1580 vero
2880 1521 3215 1588 remittebat,
3249 1523 3568 1579 succumbe-

1973 1598 2086 1680 bat.
2107 1623 2291 1678 Aaron
2319 1629 2501 1677 autem
2531 1626 2583 1673 et
2616 1617 2733 1672 llur
2763 1630 2955 1670 manus
2988 1611 3106 1684 ejus
3137 1628 3311 1683 usque
3340 1612 3407 1668 ad
3437 1613 3569 1669 solis
3664 1598 3671 1605 ’

1977 1730 2233 1771 occasum
2281 1707 2742 1774 sustentantibus,
2805 1703 3033 1775 adeptus
3075 1709 3157 1758 est
3188 1701 3353 1757 Iosue
3384 1703 3573 1759 victo-

280 1809 452 1877 Quare
501 1802 810 1863 sciscitanti
864 1798 1175 1873 Propheta,
1222 1796 1347 1870 quis
1405 1791 1754 1849 habitaturus
1809 1788 1866 1843 in

1986 1804 2141 1872 riam,
2201 1808 2266 1857 ut
2321 1798 2605 1869 Scriptura
2652 1794 2824 1853 dicit:
2872 1791 3147 1865 2Fugavit
3201 1790 3467 1846 Amalech
3519 1797 3575 1846 et

280 1876 373 1956 Dei
446 1893 829 1962 tabernaculo,
875 1898 931 1947 et
981 1888 1107 1964 quis
1161 1887 1223 1944 in
1280 1890 1467 1943 monte
1517 1888 1706 1939 sancto
1753 1876 1871 1950 ejus

282 1985 629 2060 requieturus
657 1988 818 2050 esset,
860 1977 1223 2053 respondetur
1252 1973 1400 2049 quod
1427 1970 1659 2029 sedulus
1686 1968 1869 2025 obser-

282 2058 434 2133 vator
463 2072 623 2147 legis,
640 2070 774 2128 dum
804 2069 1010 2127 dicitur
1037 2084 1049 2123 :
1097 2090 1115 2113 2
1146 2064 1253 2134 Qui
1280 2060 1591 2136 ingreditur
1618 2058 1737 2115 sine
1762 2072 1874 2112 ma.

282 2166 416 2233 cuia,
450 2172 509 2221 et
558 2170 815 2236 operatur
836 2157 1150 2233 justitiam:
1182 2155 1279 2230 qui
1316 2153 1561 2227 loquitur
1582 2150 1870 2206 veritatem

282 2256 338 2313 in
365 2256 529 2315 corde
555 2270 681 2321 suo,
738 2261 843 2310 etc.
871 2250 1047 2324 (Psal.
1069 2264 1190 2317 xxv,
1240 2248 1294 2316 2,
1326 2245 1498 2318 3).Et
1528 2241 1674 2299 idem
1707 2254 1871 2297 carne

282 2355 335 2405 et
366 2362 571 2405 manna
603 2344 813 2404 caelesti
843 2342 1107 2416 pascitur,
1143 2339 1249 2397 hoc
1293 2344 1397 2406 est,
1423 2335 1663 2410 pretioso
1685 2332 1871 2391 Domi-

283 2436 338 2493 ni
390 2436 569 2494 nostri
625 2435 755 2491 Jesu
782 2432 994 2492 Christi
1046 2444 1292 2502 corpore.
1346 2426 1516 2500 Cujus
1545 2439 1744 2496 corpus
1792 2427 1874 2477 est

285 2541 413 2583 vera
467 2541 618 2594 caro,
672 2524 889 2582 dicente
944 2521 1151 2578 Joanne
1183 2517 1432 2592 apostolo
1464 2533 1476 2572 :
1536 2537 1555 2560 2
1586 2513 1725 2571 Caro
1756 2526 1876 2568 mea

285 2632 410 2673 vere
429 2623 515 2672 est
540 2615 699 2671 cibus
729 2614 910 2687 (Joan.
944 2628 1024 2681 vr,
1055 2609 1170 2681 56);
1190 2634 1208 2658 2
1243 2613 1325 2664 est
1345 2621 1536 2661 verum
1557 2610 1639 2660 est
1650 2616 1872 2669 manna,

286 2722 396 2762 non
425 2705 487 2763 in
542 2712 697 2777 typo,
728 2703 824 2760 sed
857 2701 915 2757 in
968 2699 1229 2756 veritate:
1290 2720 1309 2744 2
1339 2697 1456 2767 Ego
1493 2710 1638 2762 sum,
1670 2690 1873 2764 inquit,

287 2794 441 2867 panis
469 2793 636 2850 vivus
677 2792 773 2866 qui
828 2790 897 2848 de
925 2790 1064 2847 omlo
1109 2784 1370 2844 descendi
1409 2783 1597 2856 (Ibid.,
1628 2782 1746 2853 51).
1777 2780 1878 2867 Est

286 2866 415 2939 vera
433 2898 560 2941 caro
579 2887 803 2955 propter
830 2894 1016 2934 veram
1037 2875 1441 2933 humanitatem
1468 2891 1480 2928 :
1514 2879 1594 2928 est
1615 2868 1771 2942 panis
1797 2866 1876 2920 vi-

287 2990 386 3031 vus
416 2982 640 3048 propter
663 2971 1037 3030 divinitatem.
1071 2968 1212 3028 Cum
1242 2966 1413 3040 igitur
1442 2961 1653 3021 Christi
1681 2972 1881 3029 corpus

295 3044 716 3131 manducamus,
769 3058 1122 3116 divinitatem
1171 3064 1226 3112 et
1252 3052 1659 3110 humanitatem
1699 3044 1881 3119 parti-

1980 1910 2198 1951 omnem
2255 1891 2520 1965 populum
2563 1886 2681 1960 ejus
2732 1886 2792 1942 in
2844 1883 3121 1942 occisione
3164 1879 3333 1954 gladii
3365 1880 3570 1951 (Exod.

1978 2000 2124 2050 xvn,
2160 1982 2273 2053 13).
2301 2006 2318 2030 2
2354 1979 2559 2047 Tertio,
2592 1974 2851 2050 prudenti
2879 1971 3114 2031 consilio
3145 1970 3201 2025 in
3226 1968 3575 2026 moderandis

1980 2075 2143 2132 rebus
2168 2070 2406 2146 publicis
2433 2068 2621 2127 Jethro
2651 2086 2661 2124 :
2712 2082 2839 2122 nam
2872 2080 3099 2122 cernens
3128 2061 3316 2118 Jethro
3344 2061 3572 2133 Moysen

1980 2165 2100 2238 ejus
2120 2178 2378 2236 generum
2405 2160 2462 2216 in
2484 2156 2775 2216 audiendis
2800 2153 2951 2226 vulgi
2975 2152 3152 2209 causis
3178 2150 3389 2207 diutius
3410 2164 3573 2221 quam

1982 2270 2079 2328 par
2127 2262 2269 2311 esset
2324 2247 2604 2323 occupari,
2637 2255 2691 2303 et
2735 2263 2767 2302 a
2791 2244 3041 2301 diluculo
3068 2257 3240 2314 usque
3270 2239 3338 2297 ad
3368 2255 3574 2311 vespe-

1982 2363 2106 2402 rum
2137 2346 2194 2401 in
2252 2344 2340 2401 his
2371 2352 2587 2415 tempus
2641 2354 2805 2396 omne
2860 2334 3141 2393 consumi:
3204 2330 3485 2389 consuluit
3515 2336 3577 2384 ut

1976 2436 2213 2509 judices,
2260 2432 2533 2500 tribunos,
2567 2439 2621 2487 et
2662 2429 2799 2485 alios
2829 2427 2963 2484 belli
3000 2424 3258 2497 pacisque
3288 2420 3577 2496 praefectos

1983 2507 2317 2592 institueret,
2339 2523 2435 2596 qui
2456 2519 2720 2594 populum
2736 2516 3070 2590 judicarent,
3092 2527 3284 2570 causas
3299 2507 3574 2575 audirent,

1984 2616 2107 2672 lites
2135 2613 2459 2670 dirimerent
2489 2620 2542 2667 et
2598 2608 2841 2667 breviter
2900 2606 3044 2661 levia
3072 2610 3271 2661 cuncta
3318 2600 3579 2658 absolve-

1985 2713 2126 2774 rent,
2158 2704 2321 2761 rebus
2349 2709 2568 2757 tantum
2586 2698 2845 2771 gravibus
2866 2694 2985 2767 ejus
3009 2693 3226 2765 judicio
3264 2689 3575 2760 reservatis,

1987 2794 2089 2852 Cui
2118 2794 2336 2864 Moyses
2364 2788 2617 2846 assensit.
2678 2785 2807 2842 Ideo
2837 2783 3105 2853 scriptum
3136 2788 3250 2835 est:
3298 2800 3317 2824 2
3347 2776 3583 2833 Audivit

1988 2888 2170 2937 autem
2186 2880 2404 2950 Moyses
2434 2890 2628 2930 vocem
2650 2872 2824 2929 soceri
2848 2870 2955 2937 sui,
2987 2875 3040 2923 et
3068 2867 3203 2923 fecit
3245 2880 3582 2939 quaecunque

1990 2969 2135 3025 dixit
2162 2967 2213 3023 ei
2246 2964 2450 3039 (Exod.
2475 2979 2639 3032 xvm,
2672 2960 2785 3031 24).
2819 2985 2838 3008 2
2879 2959 2950 3014 Et
2970 2956 3099 3029 quia
3130 2954 3427 3029 Raphidim
3460 2953 3579 3011 laus

1984 3056 2183 3130 judicii
2211 3055 2622 3128 interpretatur,
2656 3049 2853 3107 merito
2876 3049 2934 3103 in
2966 3045 3086 3117 ejus
3116 3044 3400 3101 mansione
3431 3051 3583 3118 petra

285 3152 558 3228 cipamus,
588 3158 654 3208 ut
679 3147 979 3220 Apostolus
1008 3145 1077 3201 ad
1093 3142 1414 3202 Corinthios
1440 3137 1633 3196 scribit
1665 3137 1720 3209 (ι
1752 3136 1876 3228 Cor.

1990 3146 2215 3203 exhibet
2232 3161 2461 3218 aquam:
2496 3140 2627 3215 quia
2648 3146 2797 3212 petra
2827 3136 3079 3195 Christus
3112 3133 3446 3193 custodienti
3496 3133 3584 3207 ju—

282 3222 363 3311 ιι,
393 3240 611 3311 24-29).
667 3237 865 3295 Merito
888 3242 1072 3291 autem
1124 3230 1391 3288 beneﬁcia
1419 3229 1536 3291 haec
1581 3224 1795 3301 potiora
1822 3222 1880 3278 in

284 3332 391 3390 hoc
420 3331 547 3387 loco
565 3335 924 3403 prastantur:
947 3326 1082 3382 Nam
1103 3324 1273 3381 Halus
1289 3321 1679 3394 interpretatur
1701 3316 1875 3383 labor;

288 3418 561 3478 laboranti
596 3425 779 3474 autem
833 3431 1134 3489 congruum
1163 3422 1246 3470 est
1284 3420 1347 3469 ut
1374 3408 1597 3468 Domini
1627 3413 1882 3481 appareat

292 3509 480 3584 gloria,
515 3523 629 3582 quo
655 3504 870 3580 praemii
921 3503 1136 3560 visione
1162 3500 1398 3559 alacrius
1452 3497 1665 3554 labores
1703 3494 1883 3553 susti—

292 3607 434 3656 neat.
514 3598 832 3672 Congruum
904 3604 986 3652 est
1058 3592 1224 3650 etiam
1286 3599 1349 3647 ut
1428 3587 1882 3645 subministretur

294 3688 471 3757 cibus,
501 3703 612 3762 quo
642 3686 885 3744 refectus
935 3680 1256 3741 inchoatum
1290 3679 1490 3737 fortius
1520 3682 1884 3751 prosequatur

297 3778 415 3837 iter.

363 3879 465 3938 ΧΙ·
494 3877 725 3946 mansio,
776 3878 1076 3935 Pisaurum.
1102 3905 1174 3916 —
1195 3870 1498 3932 Undecima
1526 3865 1739 3924 mansio
1769 3881 1886 3938 per.

298 3969 474 4043 agitur
505 3970 566 4027 in
589 3966 886 4044 Raphidim
912 3984 925 4024 :
973 3967 1055 4024 Ibi
1085 3963 1236 4022 enim
1265 3963 1501 4036 populus
1527 3960 1668 4017 duro
1695 3956 1885 4030 fatiga-

300 4067 385 4119 tus
428 4061 650 4127 itinere,
704 4058 1054 4132 refrigerium
1113 4054 1368 4126 sumpsit.
1418 4051 1548 4109 Ideo
1602 4049 1881 4123 sequitur:

313 4174 331 4197 2
354 4151 423 4209 Et
448 4151 685 4227 profecti
705 4167 776 4209 ex
804 4150 996 4215 Halus,
1026 4145 1395 4206 castrametati
1446 4149 1577 4201 sunt
1604 4141 1663 4197 in
1688 4139 1885 4212 Raphi-

302 4239 449 4298 dim:
504 4249 561 4299 et
588 4258 700 4298 non
752 4248 870 4297 erat
912 4237 1033 4295 illic
1070 4254 1213 4310 aqua
1252 4236 1321 4294 ad
1359 4232 1665 4290 bibendum
1698 4231 1883 4303 (Num.

302 4347 503 4401 xxxiii,
563 4329 675 4403 14).
707 4355 726 4378 2
793 4327 999 4386 Eadem
1032 4327 1243 4384 mansio
1288 4324 1551 4382 scribitur
1614 4320 1779 4377 etiam
1829 4318 1889 4374 in

302 4420 531 4478 Exodo:
598 4443 618 4467 2
643 4421 718 4477 Et
745 4417 1120 4478 castrametati
1166 4425 1315 4483 sunt,
1348 4412 1551 4486 inquit,
1584 4410 1641 4466 in
1672 4407 1889 4482 Raphi-

1990 3236 2198 3294 dicium
2228 3251 2339 3290 suae
2379 3247 2576 3306 aquam
2611 3229 2796 3303 gratiae
2835 3225 3093 3283 exhibet:
3130 3241 3257 3280 nam
3310 3222 3583 3296 scriptum

1989 3333 2101 3384 est:
2148 3324 2338 3381 2Beati
2368 3322 2465 3396 qui
2489 3319 2810 3378 custodiunt
2829 3315 3104 3388 judicium
3129 3314 3305 3384 (Psal.
3337 3330 3428 3381 cv,
3455 3312 3533 3384 3);
3552 3338 3570 3361 2

1991 3416 2235 3473 vincitur
2262 3410 2549 3479 Amalech,
2582 3410 2711 3483 quia
2734 3405 2950 3479 judicio
2980 3406 3277 3460 damnatur
3303 3402 3578 3458 diabolus:

1990 3507 2218 3562 docetur
2263 3508 2412 3559 recta
2445 3498 2635 3573 populi
2682 3492 3112 3561 administratio,
3158 3491 3288 3564 quia
3316 3490 3585 3563 scriptum

1991 3604 2104 3655 est:
2165 3593 2383 3652 2Judex
2434 3590 2650 3663 sapiens
2679 3587 2839 3644 docet
2889 3584 3158 3657 populum
3187 3600 3347 3639 suum
3388 3582 3582 3654 (Eccli.

1992 3704 2051 3755 x,
2084 3685 2138 3757 1)
2166 3703 2179 3741 :
2206 3709 2225 3732 2
2266 3683 2360 3741 hic
2379 3687 2473 3749 est,
2488 3679 2582 3753 qui
2598 3676 2837 3751 judiciat
2856 3672 3062 3741 omnia,
3095 3680 3149 3729 et
3170 3673 3284 3745 ipse
3314 3689 3345 3728 a
3364 3671 3585 3728 nemine

1986 3775 2269 3849 judicatur
2301 3772 2358 3844 (Ι
2387 3769 2512 3827 Cor.
2543 3785 2606 3838 ιι,
2632 3766 2745 3839 15).

2062 3883 2193 3939 XII‘
2222 3877 2449 3946 mansio,
2481 3877 2739 3932 desertum
2770 3872 3389 3931 SINAI.—Duodecima
3421 3886 3587 3926 man-

1994 3973 2077 4030 sio
2101 3970 2290 4027 habita
2311 3974 2393 4025 est
2416 3968 2476 4022 in
2504 3966 2722 4022 desorto
2739 3963 2911 4021 Sinai.
2948 3962 3075 4019 Ideo
3111 3961 3395 4034 subjungit
3420 3978 3431 4016 :
3479 3982 3497 4005 2
3518 3959 3590 4014 Et

1996 4064 2226 4139 profecti
2256 4079 2326 4119 ex
2356 4059 2672 4133 Baphidim,
2726 4057 3093 4116 castrametati
3132 4063 3261 4112 sunt
3292 4055 3349 4108 in
3375 4052 3588 4108 deserto

1995 4156 2146 4214 Sinai
2176 4154 2360 4227 (Num.
2384 4168 2590 4221 χχχιιι,
2610 4151 2724 4221 15).
2748 4175 2767 4198 2
2801 4145 3241 4206 Celebratissima
3267 4149 3351 4198 est
3380 4141 3590 4197 mansio

1996 4248 2115 4305 haec
2169 4245 2266 4302 ubi
2294 4246 2441 4301 Deus
2484 4240 2768 4298 descendit
2823 4238 2883 4293 in
2913 4238 3057 4307 igne,
3114 4234 3173 4289 in
3214 4238 3480 4298 montem,
3537 4240 3592 4288 et

1995 4339 2212 4411 Moyses
2241 4332 2534 4407 puriﬁcato
2562 4327 2793 4401 populo,
2818 4325 2920 4382 Dei
2951 4321 3210 4379 mandato
3240 4321 3297 4377 in
3326 4321 3589 4378 verticem

1999 4409 2206 4485 montis
2256 4418 2525 4486 ascendit,
2556 4425 2610 4474 et
2643 4432 2769 4473 cum
2824 4429 2887 4470 eo
2920 4412 3138 4470 locutus
3166 4418 3267 4479 est,
3301 4418 3353 4466 et
3382 4409 3593 4481 accepit

303 4509 439 4581 ἀίων
485 4526 598 4568 non
628 4517 744 4567 erat
797 4516 982 4566 amem
1030 4523 1172 4580 aqua
1220 4504 1424 4578 ΡοΡυῙο
1585 4498 1888 4592 bibsryflum
1917 4534 1981 4592 ι)
2002 4521 2273 4589 praecepta
2301 4498 2567 4582 de'calogi.
2600 4506 2681 4563 Ibi
2721 4501 3032 4585 ostenditur
3059 4499 3341 4572 exemplar
3370 4498 3593 4555 fabricae

306 4600 506 4671 (Exod.
538 4616 681 4669 xvn,
716 4598 794 4671 1).
817 4623 837 4647 2
876 4598 1005 4655 Haec
1034 4594 1246 4652 mansio
1277 4592 1445 4651 trium
1480 4587 1889 4646 admirabilium

304 4706 528 4764 operum
587 4688 947 4762 praerogativa
1014 4686 1255 4744 maxime
1311 4683 1619 4741 decoratur.
1682 4678 1888 4745 Primo,

303 4780 547 4839 mirabili
603 4779 929 4837 educatione
985 4793 1139 4851 aqua;
1168 4792 1198 4832 e
1224 4781 1413 4848 petra:
1473 4786 1601 4829 nam
1656 4767 1891 4842 populus

304 4871 576 4929 montium
647 4869 936 4943 asperitate
991 4877 1047 4925 et
1124 4863 1468 4940 longitudine
1529 4861 1635 4917 viae
1694 4857 1891 4923 fessus,

305 4976 500 5034 magno
529 4959 652 5018 sitis
682 4958 874 5015 ardore
903 4956 1186 5030 ﬂagrabat.
1206 4953 1447 5013 Veniens
1477 4958 1661 5008 autem
1692 4946 1891 5020 Raphi-

305 5048 438 5119 dim,
472 5049 702 5121 visoque
723 5048 844 5105 loco
873 5046 1048 5114 arido,
1077 5043 1342 5118 aquisque
1372 5047 1610 5108 carente,
1631 5038 1893 5094 adversus

305 5138 532 5212 Moysen
550 5138 725 5196 iratus
743 5134 1071 5192 tumultuari
1094 5133 1258 5205 coepit
1281 5129 1505 5205 (1bid.2,
1522 5128 1602 5199 3).
1635 5125 1791 5184 Unde
1816 5126 1893 5180 lo-

306 5245 403 5285 cus
407 5228 429 5302 j
437 5228 583 5301 urgii
604 5228 662 5283 in
678 5226 964 5298 Scriptura
979 5230 1325 5296 nuncupatus
1345 5229 1446 5279 est.
1470 5219 1544 5276 At
1563 5217 1659 5273 ille
1673 5224 1895 5289 accepta

307 5320 481 5394 virga,
510 5326 719 5393 petram
751 5314 977 5377 Domini
1010 5312 1263 5369 mandato
1293 5309 1595 5384 percussit:
1630 5307 1728 5363 illa
1763 5322 1894 5362 vero

308 5418 691 5484 percussatam
721 5410 925 5481 largam
957 5419 1223 5479 aquarum
1244 5403 1439 5460 effudit
1452 5401 1692 5475 copiam,
1723 5408 1783 5456 ut
1803 5416 1895 5471 po-

308 5509 471 5580 pulus
498 5525 562 5566 ac
585 5507 840 5582 jumenta
858 5520 1081 5561 omnem
1108 5501 1259 5559 sitim
1278 5500 1629 5574 exstinguere
1650 5505 1892 5572 possent.

2002 4587 2385 4670 Tabernaculi,
2439 4598 2516 4655 ibi
2546 4594 2864 4670 praecipitur
2907 4589 3263 4647 victimarum
3309 4587 3594 4659 multipli-

2000 4694 2158 4762 citas,
2215 4705 2474 4747 vasorum
2536 4682 2846 4751 distinctio,
2906 4679 3228 4736 indumenta
3285 4676 3590 4745 Pontiﬁcis,

2000 4779 2357 4840 Sacerdotum
2386 4784 2440 4834 et
2469 4775 2790 4832 Levitarum
2837 4767 3184 4828 caeremonia.
3217 4765 3299 4822 Ibi
3329 4778 3592 4821 numerus

2000 4871 2329 4946 populorum
2387 4865 2833 4935 Levitarurnque,
2875 4866 2929 4915 et
2983 4874 3080 4931 per
3133 4856 3379 4928 singulas
3414 4852 3593 4909 tribus

2001 4941 2190 5033 populi
2221 4956 2539 5015 distributio
2564 4972 2577 5011 :
2610 4950 2916 5009 oblationes
2935 4962 3152 5022 quoque
3184 4943 3503 5017 principum
3532 4941 3591 4997 in

2002 5049 2106 5107 hac
2126 5046 2410 5104 mansione
2438 5042 2725 5114 descriptas
2754 5045 2903 5095 sunt.
2931 5038 3064 5092 Duas
3080 5049 3298 5107 quoque
3326 5036 3590 5103 argenteae

2000 5139 2147 5195 tubae
2176 5136 2245 5193 ad
2275 5131 2649 5208 promovenda
2669 5135 2849 5187 castra
2901 5123 3108 5181 ibidem
3158 5122 3277 5179 ﬁeri
3306 5121 3590 5194 jnbentur,

2002 5227 2189 5300 ibique
2234 5222 2551 5296 praecipitur
2578 5215 2882 5275 immundis
2920 5228 3084 5287 super
3111 5212 3297 5269 anima
3326 5203 3591 5269 hominis,

2004 5296 2118 5388 (ιιιῖ
2135 5311 2317 5386 primo
2340 5324 2543 5367 mense.
2573 5306 2794 5364 Pascha
2840 5304 3101 5360 interesse
3131 5317 3242 5357 non
3265 5296 3588 5370 potuissent,

2005 5413 2067 5461 ut
2121 5415 2307 5457 mense
2336 5397 2576 5456 secundo
2605 5393 2996 5453 convenirent:
3031 5398 3086 5447 et
3109 5389 3205 5462 qui
3236 5384 3454 5454 longius
3484 5379 3593 5435 ha-

2003 5490 2271 5557 bitabant,
2329 5488 2417 5545 vel
2436 5483 2712 5543 immundi
2742 5483 2980 5548 fuerant,
3021 5480 3079 5534 in
3106 5471 3349 5532 secundo
3404 5482 3591 5524 mense

309 5560 468 5666 δῶ
1063 5590 1347 5665 propheta,
1404 5560 1613 5646 invhwc
1645 5560 1900 5660 prorupit
2006 5582 2211 5641 Pascha
2229 5579 2370 5654 jussi
2423 5586 2552 5636 sunt
2581 5578 2775 5634 facere.
2809 5570 2967 5640 Quod
3009 5563 3276 5623 nimirum
3306 5560 3363 5666 i‘n
3396 5567 3591 5659 typum

312 5650 507 5749 verba:
581 5710 599 5735 2
629 5685 902 5759 Quoniam
933 5650 1201 5763 percussit
1250 5650 1483 5755 petram,
1514 5685 1569 5734 et
1617 5650 1901 5734 tinxerunt
2008 5650 2337 5747 intelligitur
2383 5668 2573 5745 populi
2629 5664 2895 5740 gentium,
2948 5673 3069 5730 qua:
3124 5667 3252 5709 cum
3304 5650 3594 5709 daemoniis
