4136 6194
475 320 543 379 23
1479 322 1577 379 ΑΙ)
1616 320 1851 378 OPERA
1889 321 1946 378 S.
1985 320 2067 379 Ah

2176 318 2347 379 lOISlI
2386 321 2771 385 APPENDIX.
3707 328 3779 387 2!.
3818 404 3834 419 .

467 454 752 513 fornicata
798 453 1029 521 fuerint,
1062 451 1364 509 immunda
1395 452 1729 510 videbantur
1757 453 1814 509 in
1845 453 2053 520 anima,
2090 447 2142 508 A
2172 447 2393 517 debeat,
2429 449 2483 505 in
2541 449 2629 506 his
2657 451 2890 509 omnino
2941 452 3340 528 exstinguitur,
3375 469 3444 511 ne
3488 453 3774 512 subsistat.

472 544 681 602 salubri
701 561 834 603 vero
859 542 987 599 ﬁdei
1009 543 1354 600 confessione
1383 541 1441 599 in
1474 543 1717 599 secunda
1744 542 2065 612 nativitate,

474 636 630 710 quasi
688 637 747 692 in
804 633 1046 691 secundo
1103 650 1288 721 mense
1314 633 1594 706 puriﬁcari
1648 631 2066 705 pracipiuntur.

473 727 706 783 Jubetur
726 740 945 799 quoque
974 723 1032 779 in
1049 723 1153 780 hac
1175 723 1459 780 mansione
1487 723 1754 780 Nazarais
1783 730 1844 778 ut
1873 724 2069 780 vinum

473 824 527 872 et
552 816 780 873 siceram
831 831 943 871 non
982 813 1194 880 bibant,
1240 830 1343 870 nec
1371 820 1587 869 acetum
1618 813 1845 886 quidem
1878 829 1908 869 e
1936 815 2071 871 vino

474 906 561 962 vel
617 905 882 962 siceram:
918 921 1019 961 nec
1083 920 1248 959 uvam
1278 910 1552 959 recentem
1608 902 1921 971 comedant,
1969 920 2073 961 nec

472 1015 610 1054 uvas
641 996 861 1069 quidem
896 1011 1083 1067 passas
1137 993 1323 1066 (Num.
1356 1011 1435 1061 vr,
1493 993 1653 1064 2-4);
1712 993 1861 1067 quod
1908 1002 1963 1052 et
2012 996 2071 1052 in

472 1085 785 1145 Proverbiis
813 1082 1151 1156 pracipitur:
1185 1082 1501 1155 «Principes
1529 1083 1621 1155 qui
1652 1082 1903 1140 iracundi
1917 1095 2068 1157 sunt,

471 1177 665 1231 vinum
713 1191 823 1231 non
854 1173 1048 1230 bibant
1080 1193 1093 1241 ;
1127 1190 1195 1229 ne
1224 1190 1349 1229 cum
1380 1172 1646 1241 biberint,
1669 1173 2073 1231 obliviscantur

470 1263 752 1337 sapientia
773 1265 959 1335 (Prov.
984 1277 1145 1329 xxxi,
1177 1261 1230 1330 li,
1254 1263 1335 1333 5).
1369 1262 1513 1329 Quid
1534 1278 1663 1334 ergo
1691 1263 2068 1321 Nazaraorum

470 1355 716 1421 nomine,
771 1353 879 1411 nisi
930 1352 1329 1410 abstinentiam
1378 1352 1899 1426 continentiumque
1954 1354 2072 1410 vita

472 1443 844 1516 signiﬁcatur;
889 1440 1091 1515 quibus
1130 1442 1188 1496 in
1216 1441 1349 1497 vino
1380 1441 1606 1497 luxuria
1632 1441 1977 1514 prohibetur,
2011 1443 2068 1498 in

471 1534 645 1591 sicera
674 1532 855 1589 omnis
904 1533 1163 1605 voluptas
1190 1540 1409 1589 terrena
1428 1532 1457 1588 ‘I
1487 1531 1671 1588 Sicera
1699 1532 1847 1588 enim
1879 1549 1949 1590 ex
1973 1533 2070 1589 di-

472 1640 631 1681 verso
686 1622 980 1680 conﬁcitur
1008 1638 1226 1694 genere,
1282 1621 1427 1678 sicut
1455 1622 1712 1695 voluptas
1752 1638 1822 1679 ex
1852 1621 2071 1680 diversa

469 1713 735 1769 vitiorum
768 1712 947 1768 oritur
974 1711 1234 1767 colluvie.
1269 1709 1423 1767 Unde
1445 1711 1529 1766 illi
1552 1712 1749 1768 vinum
1780 1711 1967 1769 bibere
1988 1712 2068 1769 di-

2180 538 2446 611 Pracepit
2512 539 2718 599 dehinc
2767 543 2860 601 lex
2890 544 3112 602 Levitas
3167 559 3360 601 omnes
3390 544 3535 617 pilos
3592 545 3776 602 carnis

2181 627 2370 684 radere
2400 629 2585 700 (Num.
2611 648 2734 700 vm,
2765 632 2821 704 7)
2854 650 2866 688 :
2900 632 3030 707 quia
3058 633 3116 690 hi
3142 632 3237 706 qui
3269 632 3549 705 obsequiis
3569 633 3777 691 divinis

2180 725 2558 787 assumuntur,
2578 718 2780 777 debent
2807 731 2933 779 ante
2964 721 3063 779 Dei
3087 723 3276 779 oculos
3301 739 3334 778 a
3356 722 3572 780 cunctis
3595 723 3777 781 carnis

2181 806 2610 880 cogitationibus
2644 810 2840 867 mundi
2892 828 3171 886 apparere,
3231 829 3300 869 ne
3331 811 3555 870 illicitas
3574 812 3775 886 cogita-

2179 894 2359 952 tiones
2388 912 2542 952 mens
2579 898 2850 970 proferat;
2905 909 2958 957 et
2983 899 3271 974 pulchram
3302 899 3500 957 anima
3540 900 3774 974 speciem

2181 984 2337 1057 quasi
2368 984 2498 1057 pilis
2530 987 2979 1044 excrescentibus
3022 988 3324 1046 deformem
3355 988 3607 1046 reddant.
3638 991 3769 1049 Post

2180 1071 2299 1131 hac
2317 1073 2586 1147 jubentur
2640 1076 2807 1133 etiam
2835 1077 2955 1134 ﬁeri
2982 1077 3106 1134 dua
3143 1078 3313 1147 tuba,
3355 1095 3586 1152 quarum
3615 1080 3779 1138 clan-

2116 1182 2119 1187 ⁴
2181 1178 2307 1233 gore
2357 1164 2546 1236 populi
2606 1172 2962 1222 moverentur
3024 1166 3092 1223 ad
3151 1166 3424 1239 pralium.
3486 1167 3577 1224 Sic
3623 1169 3773 1225 enim

2180 1252 2446 1325 scriptum
2496 1261 2578 1310 est
2629 1253 2696 1310 de
2726 1254 2814 1312 his
2864 1255 2934 1311 ad
2986 1255 3252 1328 Moysen:
3301 1281 3319 1302 ι
3350 1258 3457 1313 Fac
3504 1256 3611 1313 tibi
3642 1257 3777 1314 duas

2178 1343 2341 1400 tubas
2393 1350 2676 1417 argenteas
2731 1343 2967 1402 ductiles
3020 1346 3207 1417 (Num.
3237 1362 3297 1414 x,
3330 1344 3387 1417 2')
3414 1363 3428 1415 ;
3457 1370 3477 1395 ι
3532 1353 3586 1402 et
3613 1347 3778 1419 paulo

2179 1439 2304 1505 post
2334 1450 2346 1488 :
2421 1455 2440 1480 ι
2466 1432 2539 1488 Et
2567 1449 2693 1491 cum
2718 1433 2975 1490 concisus
3003 1435 3230 1506 clangor
3258 1432 3615 1508 increpuerit,
3647 1452 3778 1493 mo-

2180 1521 2460 1577 vebuntur
2509 1530 2686 1579 castra
2726 1522 2912 1595 (Ibid.,
2940 1523 3022 1597 5).
3046 1549 3066 1573 ι
3111 1524 3215 1580 Per
3265 1523 3402 1581 duas
3431 1523 3580 1580 enim
3609 1523 3772 1583 tubas

2178 1610 2456 1668 exercitus
2510 1610 2755 1680 ducitur,
2798 1611 2929 1685 quia
2972 1628 3071 1686 per
3096 1613 3208 1670 duo
3237 1612 3604 1681 Testamenta,
3660 1613 3777 1670 sive

2179 1717 2274 1774 per
2301 1700 2414 1759 duo
2451 1709 2717 1775 pracepta
2746 1702 3033 1760 cbaritatis
3062 1702 3131 1759 ad
3161 1701 3416 1775 pralium
3444 1702 3577 1759 ﬁdei
3604 1717 3777 1776 popu-

469 1810 691 1883 cuntur,
725 1800 820 1874 qui
871 1800 940 1856 ad
971 1799 1324 1873 decipiendos
1353 1799 1609 1856 homines
1638 1800 1861 1858 umbras
1892 1819 2067 1876 quas-

2179 1788 2265 1846 lus
2285 1799 2534 1859 vocatur,
2556 1807 2678 1864 qua
2691 1790 2901 1848 idcirco
2917 1799 3185 1865 argentea
3203 1790 3323 1847 ﬁeri
3353 1791 3773 1864 pracipiuntur,

1190 1890 1351 1945 uiam

470 1892 595 1949 dam
618 1901 673 1947 et
700 1891 968 1963 imagines
996 1906 1052 1946 se
1081 1890 1351 1963 simulam
1385 1888 1586 1945 habere
1617 1892 1915 1949 virtutum.
1950 1893 2071 1950 Uva

469 1997 626 2055 passa
654 1980 738 2036 illi
776 1986 1094 2047 vescuntur,
1128 1980 1221 2053 qui
1278 1978 1502 2055 piopter
1546 1978 1823 2037 humanos
1881 1982 2073 2041 oculos

470 2070 819 2128 abstinentia
860 2069 1068 2142 pallore
1100 2068 1448 2144 inﬁciudtur,
1496 2077 1558 2125 ut
1589 2070 1820 2143 gloriam
1852 2072 2071 2144 capiant

470 2160 538 2217 ab
570 2158 910 2216 hominibus.
970 2160 1201 2216 Acetum
1234 2158 1414 2234 autem
1467 2158 1528 2214 hi
1552 2159 1773 2229 bibunt,
1821 2162 1916 2233 qui
1948 2168 2071 2234 post

471 2250 600 2306 vita
653 2249 1002 2305 sanctitatem
1031 2248 1089 2304 in
1119 2248 1412 2322 praeteritis
1440 2248 1765 2305 relabuntur
1809 2249 1984 2319 vitiis,
2018 2257 2072 2306 et

475 2326 827 2411 cerruptione
856 2336 1058 2393 veteris
1084 2326 1349 2409 nequitia
1405 2336 1770 2394 delectantur.
1803 2338 2072 2412 Pracepit

472 2427 657 2501 itaque
683 2430 848 2495 Deus,
899 2433 962 2481 ut
991 2425 1086 2497 qui
1142 2424 1456 2482 sanctitatis
1485 2426 1772 2482 induerint
1815 2427 2066 2497 titulum,

472 2517 688 2574 cunctis
717 2522 936 2572 careant
955 2513 1133 2582 vitiis,
1164 2516 1485 2588 nullamque
1505 2515 1825 2588 huiusmodi
1858 2525 2070 2588 pertur-

472 2608 755 2664 bationem
803 2622 924 2679 qua
954 2612 1153 2661 statum
1202 2606 1404 2662 mentis
1430 2612 1662 2675 evertat,
1693 2614 1970 2678 appetant.
2006 2609 2069 2662 In

473 2695 577 2753 hac
633 2695 919 2751 mansione
948 2702 1290 2768 separantur,
1327 2694 1394 2751 de
1425 2697 1619 2751 castris
1643 2692 1869 2767 'leprosi,
1909 2697 2068 2751 semi-

473 2784 657 2851 niﬁui,
689 2794 742 2841 et
769 2784 1080 2851 immundi;
1114 2785 1313 2867 leprosi
1343 2784 1617 2853 doctrina,
1642 2784 1943 2841 seminiﬂui
1979 2801 2067 2841 co-

473 2875 759 2946 gitatione,
790 2873 1064 2929 immundi
1096 2873 1354 2944 operegid
1395 2882 1497 2942 est,
1516 2875 1783 2943 haretici,
1806 2874 2068 2932 schisma-

472 2962 570 3017 tici
604 2970 658 3017 et
692 2962 962 3016 luxuriosi
992 2979 1003 3016 :
1038 2961 1096 3016 hi
1126 2968 1385 3033 tanquam
1417 2963 1719 3032 contagiosi
1737 2972 1791 3018 et
1821 2964 2060 3020 morbidi

472 3066 504 3104 a
532 3048 724 3105 castris
752 3047 1071 3118 ejiciuntur,
1111 3063 1179 3103 ne
1217 3048 1543 3119 contagione
1575 3050 1818 3120 perﬁdia
1848 3050 1934 3105 vel
1954 3067 2069 3106 mo-

2182 1885 2245 1935 ut
2265 1878 2686 1951 praedicatorum
2708 1879 2877 1937 verba
2904 1880 3113 1954 eloquii
3141 1881 3321 1938 nitore
3355 1881 3684 1955 refulgeant,
3719 1890 3775 1939 et

2181 1967 2500 2026 auditorum
2535 1976 2745 2026 mentes
2791 1970 2947 2027 nulla
2974 1970 3061 2027 sui
3115 1970 3502 2028 obscuratione
3528 1971 3777 2029 confun-

2180 2064 2350 2124 dant:
2411 2066 2619 2124 idcirco
2672 2076 2856 2124 autem
2886 2066 3143 2136 ductiles,
3189 2067 3319 2142 quia
3360 2083 3579 2124 necesse
3607 2075 3686 2125 est
3714 2076 3777 2125 ut

2180 2156 2240 2212 hi
2270 2156 2365 2231 qui
2419 2166 2709 2215 venturam
2767 2157 2938 2214 vitam
2996 2159 3318 2232 pradicant,
3348 2160 3774 2218 tribulationum

2180 2248 2534 2321 prasentium
2563 2247 2823 2305 tunsione
2851 2257 3119 2305 crescant.
3150 2248 3297 2305 Bene
3324 2258 3508 2307 autem
3544 2248 3769 2307 dicitur:

2193 2361 2211 2384 ι
2243 2336 2381 2395 Cum
2435 2336 2690 2394 concisus
2735 2337 2961 2409 clangor
3007 2337 3366 2411 increpuerit,
3397 2339 3771 2397 movebuntur

2178 2432 2358 2483 castra
2386 2443 2401 2494 ;
2435 2450 2453 2474 ι
2494 2425 2624 2500 quia
2654 2425 2921 2483 nimirum
2975 2443 3102 2485 cum
3128 2427 3390 2485 subtilior
3414 2445 3475 2486 ac
3504 2428 3775 2494 minutior

2178 2513 2589 2589 praedicationis
2642 2530 2823 2571 sermo
2869 2523 3157 2586 tractatur,
3188 2515 3508 2574 auditorum
3564 2525 3774 2574 mentes

2180 2615 2374 2662 contra
2400 2607 2773 2662 tentationum
2800 2607 3105 2663 certamina
3125 2606 3411 2665 ardentius
3438 2607 3770 2665 excitantur.

2176 2694 2292 2749 Jam
2320 2693 2525 2750 abhinc
2554 2703 2950 2767 promoventur
2978 2695 3108 2750 Filii
3136 2696 3301 2752 Israel
3321 2697 3388 2753 de
3417 2704 3603 2753 monte
3623 2696 3770 2765 Sina,

2177 2791 2231 2839 et
2256 2790 2545 2839 transeunt
2567 2784 2626 2838 in
2647 2784 2907 2855 Sepulcra
2935 2785 3416 2856 concupiscentia.

2250 2872 2403 2927 ΧΙΙΙ·
2461 2872 2686 2941 mansio,
2722 2872 3009 2930 SEPULCRA
3054 2889 3546 2933 concumscnn'rur.
3577 2906 3641 2917 -—
3668 2878 3774 2933 De-

2178 2962 2322 3019 cima
2351 2963 2514 3020 tertia
2568 2965 2781 3021 mansio
2811 2964 3045 3021 habetur
3094 2964 3154 3021 in
3183 2965 3450 3040 sepulcris
3503 2967 3776 3041 concupi-

2172 3053 2421 3108 scentia.
2450 3052 2579 3110 Ideo
2608 3052 2791 3128 inquit
2815 3071 2827 3109 :
2872 3054 2977 3110 «Et
3004 3054 3232 3128 profecti
3254 3054 3322 3111 de
3351 3054 3567 3111 deserto
3590 3054 3764 3121 Sinai,

472 3156 594 3196 rum
625 3156 874 3207 suorum,
904 3140 1075 3195 vitam
1111 3139 1361 3211 polluant
1401 3139 1783 3197 innocentum.
1816 3142 2067 3215 Denique
2097 3173 2141 3234 α
2175 3144 2545 3198 castrametati
2559 3150 2687 3198 sunt
2708 3144 2766 3199 in
2787 3143 3063 3217 Sepulcris
3091 3144 3550 3218 concupiscentia
3576 3144 3770 3215 (Num.

472 3228 542 3284 ab
571 3243 717 3284 anno
747 3227 1012 3284 vicesimo
1042 3236 1277 3300 etsupra
1301 3236 1739 3285 annumerantur
1760 3230 1949 3302 populi
1971 3230 2068 3303 qui

472 3320 541 3378 ad
573 3321 824 3394 pralium
846 3320 959 3393 apti
986 3320 1385 3388 inveniuntur;
1418 3320 1513 3377 sed
1539 3338 1640 3377 cur
1665 3321 1733 3378 ab
1753 3338 1898 3377 anno
1927 3321 2070 3378 vice-

473 3410 616 3466 simo
636 3430 649 3478 ;
678 3410 784 3467 nisi
801 3410 929 3484 quia
942 3410 1045 3467 hac
1064 3418 1223 3467 atate
1243 3418 1434 3466 contra
1445 3426 1897 3484 unumquemque
1910 3411 2070 3467 vitio-

473 3517 597 3555 rum
624 3500 769 3555 bella
789 3507 1112 3556 nascuntur.
1144 3499 1382 3573 Ideoque
1396 3499 1462 3555 ad
1494 3515 1733 3572 pugnam
1765 3500 2068 3573 eliguntur,

472 3596 535 3645 ut
563 3588 801 3644 habeant
829 3597 1018 3645 contra
1042 3588 1332 3645 libidinem
1362 3588 1703 3657 conflictum,
1727 3604 1828 3645 nec
1850 3589 2073 3646 luxuria

473 3684 818 3749 superentur.
851 3677 956 3734 Hic
996 3678 1162 3735 etiam
1219 3677 1288 3734 ab
1318 3694 1462 3734 anno
1492 3678 1756 3735 vicesimo
1785 3685 1840 3733 et
1871 3678 2070 3753 quinto

473 3765 682 3821 Levitis
714 3766 772 3822 in
802 3766 1180 3823 Tabernaculo
1198 3767 1407 3823 servire
1436 3766 1748 3834 mandatur,
1771 3774 1825 3823 et
1851 3782 1883 3823 a
1911 3768 2069 3840 quin-

473 3856 804 3927 quagenaria
834 3856 1087 3913 custodes
1132 3844 1388 3914 vasorum
1431 3859 1850 3915 constituuntur
1889 3876 1901 3914 :
1934 3858 2070 3932 quid

473 3943 621 4001 enim
681 3961 778 4018 per
830 3962 1039 4004 annum
1077 3953 1167 4010 10
1199 3947 1457 4021 quintum
1492 3965 1556 4006 ac
1602 3947 1950 4016 vicesimum,
2008 3949 2069 4006 in

474 4058 583 4115 quo
612 4042 713 4100 ﬂos
731 4042 1045 4116 juventutis
1073 4044 1346 4114 oboritur,
1377 4046 1485 4101 nisi
1517 4046 1843 4119 ipsacontra
1870 4061 2068 4101 unum-

473 4148 745 4205 quemque
800 4132 1067 4189 vitiorum
1102 4132 1248 4189 bella
1276 4134 1690 4206 signiﬁcantur:
1721 4141 1778 4189 et
1804 4133 1941 4206 quid
1972 4149 2069 4206 per

473 4221 1027 4293 quinquagenarium,
1080 4222 1139 4278 in
1193 4238 1302 4296 quo
1356 4222 1576 4279 Jubilai
1617 4223 1851 4291 ratione,
1899 4221 2066 4279 etiam

472 4317 619 4363 terra
672 4307 928 4379 quiescit,
983 4310 1090 4366 nisi
1120 4319 1324 4368 aterna
1388 4311 1604 4385 requies
1651 4310 1894 4368 edomita
1920 4310 2067 4367 bello

476 4395 677 4453 mentis
706 4398 1040 4470 exprimitur
1064 4400 1090 4454 ?
1119 4400 1263 4466 Quid
1283 4418 1380 4474 per
1404 4418 1534 4459 vasa
1563 4401 1928 4468 tabernaculi,
1956 4401 2065 4458 nisi

473 4483 722 4541 ﬁdelium
773 4484 972 4541 anima
1021 4485 1372 4558 ﬁgurantur?
1416 4488 1623 4545 Levita
1668 4505 1797 4561 ergo
1825 4488 1895 4545 ab
1918 4504 2065 4546 anno

474 4574 744 4631 \icesimo
772 4583 828 4631 et
854 4574 1052 4649 quinto
1080 4575 1435 4633 tabernaculo
1462 4577 1735 4647 serviunt,
1757 4586 1812 4635 et
1839 4595 1871 4635 a
1902 4578 2065 4653 quin-

473 4662 806 4736 quagenaria
856 4663 1109 4721 custodes
1128 4682 1385 4721 vasorum
1408 4665 1570 4736 ﬁunt,
1602 4676 1664 4723 ut
1691 4666 1948 4725 videlicet
1969 4668 2063 4741 qui

473 4751 654 4809 adhuc
705 4752 1153 4825 impugnantium
1184 4754 1453 4810 vitiorum
1481 4757 1782 4813 certamina
1809 4773 1906 4829 per
1932 4771 2062 4816 con-

472 4858 691 4898 sensum
761 4842 1143 4900 delectationis
1199 4842 1523 4913 admittunt,
1581 4846 1817 4902 aliorum
1873 4863 2063 4903 curam

473 4930 749 5005 suscipere
794 4948 907 4988 non
935 4940 1289 5005 prasumant.
1350 4932 1488 4990 Cum
1518 4940 1699 4991 autem
1730 4935 2062 4992 tentantium

471 5018 618 5077 bella
645 5020 981 5093 subegerint,
1013 5039 1141 5079 cum
1172 5022 1317 5095 apud
1347 5038 1404 5078 se
1426 5020 1543 5094 jam
1573 5023 1641 5080 de
1669 5022 1867 5080 intima
1901 5031 2066 5080 tran-

471 5108 745 5179 quillitate
772 5110 953 5167 securi
981 5110 1341 5183 probabiliter
1381 5111 1746 5179 astimantur,
1775 5120 1909 5169 tunc
1934 5112 2064 5169 ani-

424 5264 435 5271 “
471 5211 684 5252 marum
732 5195 995 5254 custodia
1032 5197 1283 5271 deputari
1343 5207 1632 5273 poterunt:
1680 5201 1775 5258 sed
1805 5202 1929 5275 quis
1948 5202 2065 5260 hac

471 5284 660 5355 pralia
714 5285 822 5342 sibi
872 5287 1109 5359 perfecte
1165 5304 1421 5361 superare
1476 5297 1673 5363 potest,
1706 5307 1830 5347 cum
1861 5292 2063 5349 Paulus

414 5366 421 5383 '
470 5373 654 5431 dicat:
691 5397 709 5421 ι
733 5374 910 5431 Video
962 5375 1126 5432 aliam
1156 5376 1329 5449 legem
1358 5377 1420 5434 in
1478 5378 1738 5436 membris
1794 5382 1930 5438 meis
1966 5398 2063 5438 re-

471 5473 804 5536 pugnantem
853 5464 958 5539 legi
990 5468 1192 5524 mentis
1221 5484 1356 5524 mea
1388 5468 1564 5540 (Rom.
1596 5488 1697 5539 νιι,
1731 5471 1857 5545 23)?
1886 5498 1905 5522 ι
1956 5473 2061 5531 Sed

471 5553 620 5607 aliud
642 5561 724 5609 est
750 5554 895 5611 bella
922 5555 1139 5611 fortiter
1168 5557 1398 5630 perpeti,
1429 5558 1581 5615 aliud
1598 5558 1759 5617 bellis
1785 5562 2063 5620 enerviter

470 5642 792 5715 expugnari.
825 5645 887 5700 In
910 5644 1022 5701 illis
1046 5645 1382 5704 exercitatur
1402 5645 1602 5716 virtus,
1634 5664 1703 5707 ne
1719 5648 1843 5724 quis
1863 5653 2060 5710 extolli

2180 3247 2385 3299 χχχιιι,
2420 3231 2534 3301 16).
2567 3257 2586 3281 ι
2653 3233 2782 3290 Haec
2830 3235 3042 3289 mansio
3108 3232 3177 3288 ab
3204 3243 3408 3290 eventu
3438 3249 3640 3291 nomen
3671 3250 3774 3291 ac-

2179 3319 2360 3392 cepit;
2413 3337 2539 3375 nam
2574 3321 2809 3393 populus
2852 3337 3053 3377 manna
3098 3328 3378 3392 pertaesus,
3432 3337 3648 3389 carnes,
3679 3322 3777 3393 pi-

2180 3425 2317 3477 sces,
2367 3424 2626 3482 pepones,
2676 3415 2731 3464 et
2767 3408 2877 3463 alia
2914 3423 3037 3480 qua
3081 3407 3227 3479 apud
3276 3408 3571 3480 Egyptios
3620 3418 3775 3467 erant

2181 3499 2319 3571 gula
2374 3497 2736 3554 incitamenta
2789 3494 3128 3567 concupivit,
3175 3504 3231 3553 et
3258 3496 3522 3554 adversus
3545 3497 3773 3571 Moysen

2182 3588 2480 3646 tumultum
2530 3586 2814 3644 excitavit.
2847 3585 3023 3653 Quare
3055 3585 3226 3642 iratus
3268 3586 3564 3657 Dominus,
3610 3588 3773 3646 misit

2179 3676 2527 3734 coturnicum
2556 3692 2723 3749 prope
2745 3682 2949 3732 terram
2971 3675 3279 3733 volantium
3309 3676 3773 3735 innumerabilem

2179 3767 2417 3839 copiam,
2448 3765 2652 3839 quibus
2695 3780 2884 3822 eorum
2917 3765 3101 3838 gulam
3132 3772 3353 3839 possent
3380 3767 3603 3840 explere
3631 3786 3644 3825 ε
3676 3768 3772 3825 sed

2178 3855 2316 3912 dicit
2356 3854 2677 3927 Scriptura:
2738 3877 2757 3901 ι
2787 3854 2990 3912 Games
3023 3854 3206 3913 adhuc
3246 3863 3403 3913 erant
3428 3857 3486 3913 in
3513 3857 3774 3915 dentibus

2177 3962 2368 4003 eorum
2417 3946 2605 4018 (Num.
2637 3961 2720 4013 xi,
2761 3944 2887 4018 33);
2932 3944 3041 4003 hoc
3078 3952 3180 4014 est,
3210 3955 3505 4020 antequam
3550 3946 3773 4020 digere—

2177 4044 2392 4106 rentur,
2450 4034 2721 4109 percussit
2764 4034 3037 4093 Dominus
3076 4037 3345 4110 populum
3389 4037 3546 4112 plaga
3576 4054 3773 4113 magna

2178 4126 2375 4184 valde:
2438 4148 2457 4174 ι
2486 4128 2559 4184 Et
2584 4126 2738 4195 hinc,
2770 4151 2790 4175 ι
2831 4125 3060 4201 inquit,
3096 4150 3114 4173 ε
3148 4134 3406 4186 vocatum
3455 4136 3538 4186 est
3566 4147 3771 4189 nomen

2177 4216 2284 4274 loci
2317 4215 2490 4287 illius,
2548 4217 2809 4291 Sepulcra
2853 4217 3348 4290 concupiscentia:
3398 4220 3526 4295 quia
3575 4219 3654 4279 ibi
3690 4237 3773 4279 se-

2176 4306 2449 4379 pelierunt
2476 4305 2901 4364 desideratorem
2934 4307 3099 4380 (Ibid.
3127 4306 3215 4377 33,
3240 4308 3357 4382 34).
3389 4335 3410 4359 ι
3450 4311 3539 4366 Ex
3568 4309 3773 4383 quibus

2174 4395 2456 4469 docemur,
2483 4402 2546 4452 ut
2570 4395 2665 4469 qui
2697 4396 3172 4453 conversationem
3205 4396 3532 4470 reliquimus
3559 4400 3768 4470 saculi,

2174 4492 2228 4540 et
2270 4484 2560 4558 Egyptias
2588 4483 2744 4553 ollas,
2795 4483 2855 4541 id
2899 4493 2982 4542 est
3008 4485 3313 4542 carnalium
3367 4484 3768 4546 desideriorum

2175 4576 2420 4634 fervores
2479 4578 2932 4652 contempsimus,
2997 4594 3110 4634 non
3166 4577 3366 4636 debere
3420 4597 3769 4640 murmurare

2174 4674 2367 4725 contra
2392 4666 2671 4725 caelestem
2702 4682 2923 4740 panem,
2954 4683 3056 4724 nec
3075 4666 3357 4725 virulenta
3375 4669 3766 4745 Egyptiorum

2173 4763 2449 4828 appetere,
2505 4771 2628 4829 qua
2656 4762 2786 4811 sunt
2828 4771 3153 4828 magnarum
3192 4756 3482 4829 carnium;
3514 4759 3610 4817 sed
3639 4761 3768 4818 sim-

2173 4845 2373 4918 plicem
2408 4860 2624 4901 manna
2666 4845 2876 4914 cibum,
2918 4845 2979 4904 id
3019 4854 3124 4916 est,
3167 4864 3360 4921 puram
3401 4857 3456 4907 et
3485 4851 3763 4910 calestem

2173 4935 2347 4992 vitam
2379 4950 2644 5009 quarere.
2676 4936 2944 5011 Alioquin
2971 4937 3019 4994 si
3052 4944 3172 5009 post
3210 4947 3500 5013 pracepta,
3530 4941 3771 5015 Angeli-

2171 5040 2291 5082 cam
2322 5040 2525 5095 escam,
2557 5041 2869 5100 mannaque
2897 5026 3134 5085 calcatis
3171 5027 3322 5097 vita,
3354 5028 3472 5085 sive
3498 5029 3767 5088 doctrina

2172 5130 2363 5171 rursus
2392 5130 2582 5173 carnes
2632 5115 2945 5189 JEgyptias,
2978 5132 3098 5190 qua
3143 5126 3274 5175 sunt
3310 5118 3573 5177 .carnales
3601 5118 3768 5193 hujus

2171 5205 2359 5263 saculi
2417 5206 2747 5281 voluptates,
2796 5214 2850 5263 et
2891 5216 3236 5266 vetustorum
3293 5210 3770 5283 concupiscentiae

2172 5297 2442 5353 vitiorum
2496 5305 2749 5371 appetere
2794 5297 3157 5369 voluerimus,
3197 5298 3385 5358 statim
3420 5300 3502 5359 ira
3542 5302 3767 5360 Domini

2171 5385 2414 5458 percussi
2474 5385 2874 5461 torquebimur,
2925 5386 3200 5446 desideria
3250 5396 3440 5446 nostra
3476 5398 3769 5449 vertentur

2170 5473 2229 5530 in
2258 5475 2524 5544 tumulos,
2559 5482 2622 5533 ut
2666 5476 2841 5534 simus
2869 5478 3121 5551 sepulcra
3146 5477 3423 5548 dealbata,
3475 5496 3600 5555 qua
3626 5479 3767 5539 foris

2168 5570 2432 5636 apparent
2460 5563 2780 5623 hominibus
2808 5566 3073 5639 speciosa,
3100 5565 3255 5625 intus
3285 5581 3418 5628 vero
3445 5569 3610 5642 plena
3635 5578 3766 5626 sunt

2168 5652 2320 5710 omni
2350 5653 2636 5728 spurcitia.
2668 5655 2732 5712 In
2789 5655 2894 5714 hac
2924 5654 3209 5715 mansione
3252 5656 3471 5730 Moyses
3501 5656 3766 5718 mandato

3612 5836 3633 5866 η,
