4136 6194
334 375 400 430 25
1226 371 1321 426 DE
1361 368 1508 425 XLII
1546 367 2024 426 MANSIONIBUS
2063 369 2396 428 FILIORUM
2437 373 2709 428 ISBAEL.
3329 435 3334 446 π
3552 369 3622 426 26

334 501 429 558 Dei
473 499 812 574 septuaginta
859 499 1009 556 viros
1051 497 1293 556 seniores
1338 513 1406 553 ex
1441 497 1646 570 populo
1692 495 1915 570 delegit,
1947 499 1997 558 A
2027 497 2152 554 dam
2205 499 2462 556 mandato
2505 499 2602 556 Dei
2651 501 2867 574 Moyses
2910 499 3230 568 destinavit,
3261 499 3354 573 qui
3403 499 3624 555 botrum

333 590 424 664 qui
452 590 518 646 ad
565 589 854 662 regendam
903 588 1113 662 plebem
1145 588 1193 644 ei
1216 587 1494 659 adjutores
1531 587 1747 642 forent:
1796 610 1814 632 ι
1851 587 1922 641 Et

334 679 694 747 sustinebunt,
727 705 746 728 ι
797 679 997 752 inquit,
1037 702 1055 726 ε
1084 687 1267 735 tecum
1307 678 1575 749 impetum
1609 674 1824 747 populi,
1868 682 1919 730 et

331 786 437 826 non
469 769 605 824 feres
635 767 758 824 illos
788 777 846 824 tu
874 769 1024 824 solus
1047 769 1235 838 (Num.
1268 784 1350 833 χι,
1385 766 1498 836 16).
1530 790 1548 811 ι
1588 764 1762 834 Super
1786 779 1926 834 quos

333 867 512 931 postea
542 857 779 930 Spiritus
808 856 1112 925 descendit,
1145 865 1200 912 et
1245 855 1735 928 prophetaverunt.
1769 850 1925 918 Quod

221 937 226 944 ’
331 947 385 1002 in
432 955 563 1019 typo
604 947 809 1003 factum
850 954 968 1002 est:
1021 944 1284 1017 quoniam
1333 943 1572 1014 Spiritus
1606 949 1826 996 sanctus
1867 941 1923 996 in

329 1035 415 1092 die
439 1035 784 1091 Pentecostes
815 1033 1080 1106 apostolis
1125 1049 1182 1087 se
1211 1031 1434 1097 infudit,
1497 1039 1555 1086 ut
1584 1039 1637 1086 et
1667 1029 1738 1086 ad
1787 1028 1924 1084 fun-

327 1124 562 1181 dandam
592 1125 899 1181 Ecclesiam
932 1123 1201 1195 sapientes
1229 1129 1428 1187 essent,
1461 1127 1514 1175 et
1542 1119 1609 1176 ad
1629 1119 1920 1192 regendam

327 1212 495 1269 fortes
523 1231 534 1268 :
586 1235 606 1259 ‹
637 1211 944 1275 Attendite,
977 1237 994 1258 ›
1037 1209 1238 1282 inquit,
1267 1217 1328 1264 ut
1357 1209 1414 1262 in
1449 1207 1665 1263 actibus
1693 1210 1923 1280 Aposto-

328 1303 512 1358 lorum
560 1301 780 1372 legitur,
828 1323 847 1346 ι
893 1299 1050 1355 vobis
1096 1307 1149 1354 et
1196 1297 1458 1353 universo
1504 1297 1670 1370 gregi,
1725 1297 1784 1351 in
1815 1312 1922 1369 quo

324 1391 510 1463 posuit
537 1407 634 1446 vos
662 1389 898 1461 Spiritus
939 1397 1159 1445 sanctus
1197 1387 1482 1461 episcopos
1511 1402 1694 1459 regere
1722 1386 1925 1442 Eccle-

325 1479 459 1536 siam
491 1479 588 1535 Dei
619 1478 834 1549 (Actor.
874 1494 973 1547 xx,
1004 1478 1120 1549 28).
1155 1503 1173 1526 ν
1216 1479 1434 1534 Donum
1466 1478 1650 1550 itaque
1695 1474 1924 1531 virtutis

323 1568 560 1625 caelestis
589 1567 736 1640 quod
767 1567 901 1622 olim
935 1567 992 1622 in
1006 1567 1193 1640 Moyse
1222 1568 1354 1624 etin
1385 1565 1666 1640 prophetis
1682 1564 1920 1633 exstitit,

325 1675 486 1732 super
513 1658 790 1732 apostolos
817 1657 1122 1714 visibiliter
1155 1656 1430 1729 apparuit.

391 1810 547 1869 XIV'
577 1810 805 1879 mansio,
836 1810 1116 1867 Asanoru.
1140 1837 1212 1849 —
1230 1809 1454 1864 Decima
1489 1811 1683 1880 quarta
1710 1819 1926 1860 mansio

323 1903 380 1959 in
407 1902 648 1960 Aseroth
679 1909 1132 1960 consummatur:
1166 1916 1294 1956 nam
1326 1905 1411 1960 11
1445 1897 1765 1971 subjungit:
1805 1919 1823 1944 α
1857 1898 1926 1952 Et

324 2000 559 2072 profecti
598 2017 668 2056 ex
697 1999 976 2072 Sepulcris
1023 1997 1509 2071 concupiscentia,
1553 1993 1924 2052 castrametati

322 2089 549 2146 suntin
581 2088 819 2145 Aseroth
871 2089 1058 2161 (Num.
1113 2105 1323 2156 χχχιιι,
1376 2087 1484 2159 17).
1536 2111 1555 2135 ι
1611 2087 1689 2142 De
1737 2085 1922 2141 eadem

323 2179 610 2236 mansione
649 2179 782 2234 alibi
827 2178 909 2234 sic
957 2194 1175 2251 quoque
1225 2177 1463 2248 legitur:
1511 2199 1529 2223 ι
1559 2177 1608 2232 Α
1647 2175 1926 2248 Sepulcris

321 2268 784 2342 concupiscentia
831 2267 1109 2340 profectus
1155 2273 1238 2322 est
1301 2265 1536 2337 populus
1583 2265 1642 2319 in
1690 2262 1926 2319 Aserotli

320 2361 514 2430 (Num.
548 2376 630 2427 χι,
657 2356 771 2427 34).
807 2383 826 2406 ιι
871 2358 973 2413 Hic
1003 2357 1188 2413 Aaron
1212 2365 1266 2412 et
1289 2355 1461 2412 Maria
1481 2371 1656 2421 soror,
1689 2369 1753 2409 eo
1780 2352 1927 2426 quod

321 2453 540 2526 Moyses
570 2450 968 2522 Ethiopissam
1009 2448 1373 2522 alienigenam
1404 2447 1641 2503 duxerat
1667 2461 1925 2512 uxorem,

321 2543 453 2598 satis
472 2543 526 2598 ei
558 2541 864 2613 procaciter
892 2539 1290 2595 obtrectarunt.
1313 2536 1467 2593 Unde
1489 2536 1584 2591 illa
1604 2535 1928 2607 contagione

324 2631 485 2702 lepra
522 2630 679 2686 illico
710 2629 932 2702 perfusa
972 2629 1040 2683 ab
1079 2627 1315 2684 aliorum
1353 2624 1652 2692 consortio,
1685 2623 1753 2680 ad
1785 2621 1926 2679 sani-

323 2720 450 2775 tatis
483 2735 661 2793 usque
694 2727 909 2790 tempus
954 2715 1125 2788 ejecta
1156 2717 1284 2773 fuit.
1335 2715 1497 2784 Quod
1526 2714 1656 2770 novi
1695 2713 1926 2786 ﬁguram

324 2809 575 2882 mysterii
627 2809 871 2882 pratulit
915 2808 1266 2865 evidentem:
1302 2822 1497 2878 nempe
1546 2803 1694 2878 quod
1741 2819 1930 2859 sacer-

325 2899 526 2956 dotalis
572 2898 670 2954 illa
717 2898 872 2970 plebs
926 2906 1169 2970 patrum,
1218 2897 1336 2952 zelo
1373 2895 1580 2952 Christi
1625 2891 1932 2948 Salvatoris

325 2990 498 3046 nostri
528 2989 794 3045 adversus
826 2988 1130 3044 Ecclesiam
1163 3003 1233 3042 ex
1264 2985 1520 3058 gentibus
1548 2989 1932 3052 congregatam

326 3081 704 3136 insurrectura
751 3079 911 3134 foret.
959 3078 1080 3144 Quo
1111 3075 1354 3146 perﬁdia
1399 3075 1618 3144 impura
1663 3072 1838 3126 livore
1876 3069 1934 3124 in

325 3168 426 3225 Dei
457 3167 818 3225 tabernacula
841 3182 952 3221 non
969 3163 1312 3220 admittenda
1338 3161 1571 3228 veniret,
1603 3160 1777 3216 donec
1801 3177 1931 3232 pra-

323 3258 553 3312 finitum
599 3254 863 3310 claruerit
911 3261 1146 3325 tempus,
1198 3269 1306 3324 quo
1351 3250 1638 3323 plenitudo
1685 3250 1929 3320 gentium
1964 3240 2008 3301 Β

320 3353 828 3412 consummaretur,
879 3352 939 3399 ut
967 3344 1034 3399 ad
1067 3345 1338 3400 Romanos
1366 3340 1586 3413 scripsit
1633 3340 1930 3412 Apostolus

322 3438 512 3507 (Rom.
547 3452 626 3502 χι,
661 3435 779 3505 25).
809 3435 945 3490 Nam
978 3443 1113 3490 tunc
1161 3443 1376 3490 tantum
1409 3433 1698 3506 pristinam
1731 3432 1930 3504 poterit

326 3541 649 3596 recuperare
696 3525 1012 3592 sanitatem,
1061 3541 1187 3581 cum
1233 3523 1569 3596 septiformis
1601 3524 1650 3578 ei
1695 3521 1931 3594 Spiritus

329 3613 498 3685 gratia
546 3613 615 3669 ad
673 3615 892 3669 veniam
949 3614 1118 3670 fuerit
1172 3614 1484 3686 suffragata.
1532 3613 1741 3670 Verum
1802 3612 1933 3684 quia

329 3703 563 3760 Aseroth
593 3701 880 3759 beatitudo
922 3703 1334 3775 interpretatur,
1367 3702 1564 3758 merito
1604 3717 1636 3756 a
1667 3700 1933 3773 sepulcris

331 3793 793 3866 concupiscentia
827 3793 884 3848 in
903 3793 1046 3850 hanc
1065 3792 1358 3848 stationem
1388 3792 1612 3847 venitur
1635 3807 1646 3845 :
1669 3789 1930 3863 quoniam

332 3879 435 3937 nisi
475 3881 660 3938 carnis
690 3879 1168 3953 concupiscentias
1195 3881 1318 3952 quis
1356 3879 1654 3952 sepelierit,
1685 3878 1752 3934 ad
1781 3887 1932 3934 ater-

287 3986 454 4045 ‘nam
498 3969 900 4027 beatitudinem
948 3971 1237 4042 pervenire
1287 3987 1398 4026 non
1449 3969 1671 4041 poterit.
1723 3967 1934 4025 Idcirco

335 4059 510 4133 inquit
557 4061 888 4132 Apostolus:
931 4084 948 4105 ε
997 4059 1138 4117 Caro
1184 4068 1237 4115 et
1279 4059 1502 4131 sanguis
1556 4074 1786 4129 regnum
1835 4057 1933 4112 Dei

333 4149 609 4221 possidere
640 4165 754 4204 non
790 4156 1020 4221 possunt
1044 4149 1109 4220 (Ι
1138 4149 1262 4205 Cor.
1299 4167 1394 4216 xv,
1423 4149 1538 4219 50).
1573 4173 1590 4194 ι

404 4295 532 4352 XV'
566 4314 792 4364 mansio,
842 4299 1096 4354 ltunma.
1131 4328 1200 4337 —
1230 4295 1455 4352 Decima
1484 4294 1679 4368 quinta
1722 4294 1935 4351 mansio

336 4384 537 4442 dicitur
563 4386 816 4444 Rethma.
847 4387 976 4443 Ideo
1005 4386 1255 4458 sequitur
1281 4403 1292 4440 :
1327 4409 1344 4432 ε
1365 4386 1435 4442 Εῐ
1457 4386 1689 4458 profecti
1710 4402 1780 4441 ex
1806 4385 1934 4440 Ase-

337 4475 456 4531 roth
477 4486 649 4533 castra
659 4477 845 4533 metati
867 4486 997 4533 sunt
1020 4477 1077 4532 in
1099 4475 1330 4534 Rethma
1343 4477 1534 4547 (Num.
1555 4492 1761 4544 xxxm,
1784 4475 1923 4546 18).»

336 4564 537 4621 Verum
570 4567 698 4660 quia
743 4567 876 4660 alibi
911 4567 1147 4660 legitur:
1200 4589 1219 4613 ι
1249 4566 1321 4621 Et
1361 4573 1481 4638 post
1513 4565 1629 4620 haec
1657 4565 1937 4636 profectus
1969 4601 2018 4660 Π

335 4663 412 4711 est
457 4657 698 4732 populus
749 4657 816 4714 de
875 4657 1111 4714 Aseroth
1138 4702 1154 4726 ,
1200 4664 1253 4713 et
1295 4662 1711 4714 castrametatus
1753 4661 1835 4710 est
1880 4655 1937 4710 in

334 4742 546 4801 deserto
594 4745 806 4802 Pharan
852 4749 1043 4820 (Num.
1096 4764 1220 4814 xm,
1281 4747 1335 4818 1)
1380 4764 1392 4802 :
1446 4770 1464 4793 ι
1523 4761 1592 4800 ne
1639 4743 1935 4817 Scriptura

337 4834 450 4891 loca
501 4836 830 4892 contrariari
879 4837 1194 4906 videantur,
1236 4834 1632 4892 attendendum
1677 4843 1760 4890 est
1788 4832 1934 4907 quod

335 4923 462 4981 hinc
493 4941 667 4999 usque
697 4925 764 4981 ad
812 4927 1168 4999 Asiongaber,
1219 4927 1530 4981 mansiones
1560 4941 1771 4992 omnes,
1814 4941 1934 4997 qua

335 5010 520 5069 decem
568 5023 622 5070 et
671 5022 794 5070 octo
841 5024 1252 5084 enumerantur,
1295 5031 1505 5082 omnes,
1557 5014 1806 5086 inquam,
1841 5029 1936 5068 se-

334 5110 562 5174 quentes
583 5101 646 5158 ad
678 5102 1010 5159 tricesimam
1038 5121 1211 5178 usque
1239 5103 1557 5170 secundam,
1602 5102 1705 5158 sub
1735 5101 1935 5157 deserti

341 5188 557 5246 Pharan
587 5193 812 5248 nomine
855 5191 1228 5248 continentur.
1262 5193 1586 5266 Appellatur
1612 5207 1741 5264 ergo
1772 5207 1936 5246 man-

335 5278 416 5335 sio
466 5279 585 5336 hac
627 5280 781 5351 alibi,
833 5281 1068 5349 Pbaran,
1114 5283 1390 5339 communi
1460 5281 1686 5337 nomine
1730 5281 1937 5336 solitu-

337 5365 485 5424 dinis
529 5385 656 5426 cum
691 5370 905 5427 caeteris
949 5370 1172 5436 multis;
1223 5372 1316 5427 sed
1362 5371 1597 5429 Rethma
1635 5386 1769 5426 voce
1799 5386 1938 5441 pro-

338 5457 472 5528 pria.
521 5459 804 5534 Scriptura
851 5461 908 5517 in
962 5461 1072 5517 alio
1122 5461 1242 5517 loco
1285 5461 1502 5517 Pharan
1557 5460 1933 5526 commendat,

338 5544 556 5603 dicens:
607 5572 625 5594 ι
672 5551 817 5606 Deus
868 5549 937 5606 ab
985 5553 1189 5606 Austro
1235 5549 1451 5617 veniet,
1499 5557 1552 5606 et
1602 5556 1823 5608 sanctus
1869 5547 1936 5603 de

341 5643 524 5692 monte
569 5637 830 5695 umbroso
884 5637 1098 5694 Pharan
1153 5638 1385 5708 (Habac.
1443 5654 1555 5706 ιιι,
1601 5638 1681 5710 3).
1743 5663 1760 5685 ι
1821 5635 1935 5693 Sub

341 5721 443 5783 hoc
489 5723 703 5785 deserto
753 5726 903 5785 viros
950 5726 1242 5787 duodecim
1283 5725 1352 5784 ad
1388 5734 1586 5784 terram
1628 5727 1934 5802 exploran-

2031 604 2172 655 uva,
2207 589 2350 643 mala
2389 590 2607 660 punica,
2649 599 2702 646 et
2733 591 2870 646 ficus
2896 597 3054 644 terra
3097 590 3403 644 retulerunt
3429 588 3622 654 (Num.

2032 695 2155 745 χιιι,
2188 678 2240 744 4,
2275 678 2362 745 24,
2397 679 2536 749 (27).
2570 680 2682 735 Sub
2715 680 2817 734 hoc
2844 679 3058 734 deserto
3081 677 3319 743 Dathan,
3342 676 3548 731 Abiron
3570 682 3627 730 et

2032 766 2169 824 Core
2184 767 2306 834 filii,
2327 785 2453 824 cum
2470 784 2657 823 eorum
2675 769 3082 834 familiis,hiatu
3102 776 3281 834 terra,
3300 767 3370 822 ob
3401 764 3625 821 seditio-

2035 871 2159 911 nem
2183 857 2492 913 sorbentur.
2512 857 2625 913 Sub
2646 857 2751 914 hoc
2762 857 2974 913 deserto
2994 858 3174 913 Aaron
3190 854 3442 911 sacerdos
3485 854 3630 908 inter

2033 946 2283 1001 viventes
2307 955 2662 1019 mortuosque
2685 946 2897 1002 medius
2916 945 3280 1011 constitutus;
3305 943 3517 999 incensi
3533 939 3628 997 ob-

2033 1035 2236 1090 latione
2251 1037 2426 1090 Deum
2444 1034 2826 1106 indignantem
2851 1034 3108 1107 placavit,
3123 1033 3334 1104 plagam
3354 1030 3625 1088 cohibuit.

2031 1127 2144 1182 Sub
2191 1127 2295 1182 hoc
2323 1125 2539 1182 deserto
2571 1128 2754 1181 Aaron
2801 1125 2954 1196 virga
2985 1124 3042 1179 in
3092 1124 3442 1180 tabernaculo
3472 1137 3630 1177 arens

2032 1217 2231 1304 posita,
2261 1216 2530 1272 miraculo
2557 1221 2611 1270 et
2635 1215 2966 1285 germinavit
2988 1221 3041 1268 et
3058 1212 3247 1267 ﬂoruit
3266 1229 3276 1266 :
3294 1219 3348 1266 et
3377 1210 3484 1265 alia
3513 1210 3631 1281 plu-

2032 1301 2192 1373 rima,
2225 1314 2387 1378 prout
2421 1305 2478 1361 in
2508 1304 2652 1360 libro
2673 1304 3037 1359 Numerorum
3065 1301 3281 1371 legitur,
3313 1309 3461 1372 gesta
3481 1309 3630 1368 sunt,

2034 1413 2146 1452 non
2191 1403 2375 1452 tamen
2421 1411 2514 1467 per
2555 1395 2800 1465 singulas
2839 1391 3137 1448 distributa
3167 1390 3496 1446 mansiones.
3533 1391 3634 1446 Per

2034 1503 2155 1560 qua
2173 1487 2404 1559 mystice
2421 1485 2683 1540 docemur
2705 1483 2852 1555 quod
2867 1483 2972 1537 viri
2999 1481 3066 1536 ad
3087 1479 3479 1553 explorandam
3503 1480 3632 1536 ube-

2034 1594 2148 1634 rem
2195 1585 2396 1633 terram
2427 1576 2603 1643 missi,
2642 1585 2695 1632 et
2725 1575 2818 1647 qui
2857 1575 3120 1647 populum
3153 1591 3184 1628 a
3213 1572 3480 1645 promissa
3514 1573 3633 1628 Do-

2036 1668 2173 1724 mini
2192 1665 2509 1724 hareditate
2527 1665 2907 1737 desperarunt,
2930 1663 3244 1721 Scribarum
3266 1669 3320 1717 et
3337 1661 3631 1717 Pharisaeo-

2037 1776 2158 1814 rum
2179 1757 2539 1831 pratulerunt
2574 1756 2868 1828 imaginem
2897 1771 2908 1810 :
2939 1753 3082 1811 sicut
3115 1752 3262 1808 enim
3297 1751 3381 1806 illi
3403 1753 3633 1822 aMoyse

1957 1878 2004 1939 B
2044 1856 2193 1912 missi
2224 1863 2355 1912 sunt
2385 1863 2445 1911 ut
2474 1855 2866 1911 fecunditatem
2889 1853 2991 1909 soli
3019 1850 3459 1909 consideratione
3485 1849 3634 1906 solli-

2033 1945 2141 2000 cita
2171 1953 2488 2012 tractantes,
2519 1945 2781 2017 populum
2813 1943 2882 1999 ad
2909 1942 3027 2014 ejus
3055 1941 3402 2014 adeptionem
3428 1939 3634 1994 anima-

2033 2042 2184 2090 rent:
2221 2034 2295 2089 ita
2324 2041 2377 2088 et
2408 2034 2496 2090 isti
2519 2050 2614 2106 per
2644 2035 2839 2105 Legem
2871 2041 2924 2089 et
2949 2031 3269 2104 Prophetas,
3301 2037 3361 2085 ut
3390 2027 3633 2099 Scriptu-

2037 2142 2219 2182 rarum
2252 2124 2674 2197 investigatione
2703 2122 3055 2179 Dominicum
3087 2120 3499 2193 specularentur
3527 2115 3636 2172 ad-

2037 2222 2286 2283 ventum,
2339 2214 2395 2269 in
2427 2230 2534 2286 quo
2575 2214 2745 2268 vitam
2777 2219 3036 2268 aeternam
3086 2207 3348 2281 consequi
3390 2212 3632 2279 possent,

2037 2302 2326 2360 constituti
2370 2309 2500 2358 sunt
2543 2321 2552 2358 :
2601 2301 2694 2357 sed
2741 2303 2883 2358 sicut
2927 2299 3010 2354 illi
3068 2315 3098 2354 a
3145 2313 3237 2371 spe
3295 2294 3635 2368 possidenda

2038 2392 2379 2449 hareditatis
2421 2398 2769 2446 retraxerunt
2805 2433 2819 2458 ,
2867 2391 2951 2444 vel
3004 2389 3118 2460 ipse
3166 2388 3400 2464 populus
3444 2400 3634 2442 eorum

2038 2484 2375 2540 revelatione
2423 2499 2452 2536 a
2481 2482 2580 2538 Dei
2628 2479 2991 2554 promissione
3037 2495 3092 2534 se
3130 2477 3426 2533 alienavit:
3481 2474 3556 2530 ita
3583 2480 3638 2528 et

2038 2573 2130 2629 isti
2175 2590 2243 2628 ne
2284 2573 2338 2627 in
2371 2571 2652 2628 Christum
2694 2571 2994 2626 Dominum
3025 2568 3328 2634 crederent,
3362 2566 3508 2639 plebi
3539 2564 3636 2620 fal-

2037 2663 2193 2720 laciis
2222 2663 2622 2718 dissuaserunt.
2653 2660 2782 2716 Ideo
2813 2659 2868 2714 in
2899 2675 2991 2714 eos
3019 2657 3258 2714 dicitur:
3306 2681 3322 2701 ι
3347 2656 3444 2712 Va
3479 2653 3638 2709 vobis

2038 2753 2132 2825 qui
2162 2751 2369 2807 tulistis
2415 2751 2626 2806 clavem
2669 2748 2943 2804 scientia:
2983 2747 3087 2817 ipsi
3116 2763 3226 2801 non
3259 2737 3550 2810 introistis,
3586 2750 3640 2798 et

2040 2858 2132 2896 eos
2185 2840 2279 2911 qui
2327 2837 2654 2903 introibant,
2688 2834 3052 2906 prohibuistis
3107 2834 3258 2902 (Luc.
3311 2848 3391 2897 χι,
3440 2831 3558 2901 52).
3609 2856 3627 2876 ι

2043 2930 2272 2985 Botrum
2306 2943 2436 2982 vero
2462 2941 2623 2998 quem
2655 2924 2982 2989 retulerunt,
3013 2921 3264 2978 Christus
3294 2927 3394 2977 est.
3429 2919 3556 2975 Ideo
3583 2917 3641 2973 in

2044 3015 2290 3074 Canticis
2342 3015 2686 3071 canticorum
2737 3012 2876 3069 dicit
2928 3010 3174 3068 Ecclesia
3234 3009 3301 3065 de
3361 3008 3581 3066 Christo
3624 3025 3635 3063 :

2055 3131 2073 3152 α
2110 3107 2306 3161 Botrus
2331 3103 2500 3177 Cypri
2540 3104 2814 3160 fraternus
2845 3118 2998 3158 meus
3039 3099 3177 3155 mihi
3219 3099 3274 3154 in
3307 3098 3486 3153 vineis
3516 3097 3640 3153 En-

2042 3195 2202 3268 gaddi
2231 3195 2419 3267 (Cant.
2453 3213 2492 3263 ι,
2543 3193 2654 3263 13).
2689 3219 2707 3241 »
2752 3192 2955 3248 Malum
2997 3189 3256 3262 punicum
3290 3188 3362 3244 ob
3390 3188 3509 3260 ejus
3536 3204 3641 3242 ru-

2038 3286 2226 3341 borem
2275 3283 2496 3356 sanguis
2543 3281 2750 3338 Christi
2811 3289 2912 3337 est.
2967 3279 3118 3336 Unde
3157 3278 3359 3334 Isaias:
3423 3301 3442 3324 ι
3487 3276 3642 3333 Unde

2039 3376 2224 3430 fulvor
2253 3374 2491 3429 vestium
2518 3373 2585 3430 de
2612 3373 2780 3428 Bosra
2805 3373 2946 3440 (Isa.
2987 3386 3144 3436 Lxm,
3182 3369 3234 3438 1)
3259 3368 3321 3423 ἳι
3355 3367 3540 3435 Ficus,
3571 3365 3641 3421 ob

2039 3463 2156 3536 ejus
2177 3463 2528 3529 suavitatem,
2559 3461 2651 3517 lex
2671 3459 2985 3530 evangelica
3011 3476 3022 3514 :
3051 3456 3174 3512 ideo
3199 3479 3217 3500 ι
3239 3455 3433 3526 jugum
3459 3469 3642 3509 meum

2040 3568 2206 3608 suave
2236 3559 2317 3607 est
2349 3552 2564 3622 (Matth.
2599 3567 2676 3617 χι,
2714 3548 2832 3619 30).
2865 3573 2883 3596 ι
2923 3548 3024 3602 Per
3070 3544 3284 3602 Dathan
3314 3550 3368 3598 et
3407 3541 3640 3610 Abiron,

2041 3645 2174 3717 quid
2205 3643 2354 3700 aliud
2385 3659 2548 3717 quam
2574 3642 2671 3716 qui
2701 3641 2936 3697 hareses
2965 3646 3019 3694 et
3047 3637 3348 3694 schismata
3378 3634 3435 3690 in
3457 3633 3645 3690 Eccle-

2041 3733 2178 3790 siam
2211 3733 2593 3801 introducunt,
2637 3729 3069 3804 significantur?
3103 3729 3140 3782 li
3180 3724 3480 3783 sacerdotis
3519 3737 3644 3778 auc-

2041 3825 2262 3880 toritate
2291 3830 2625 3895 contempta,
2663 3821 2731 3878 ab
2761 3839 2825 3877 eo
2853 3828 2908 3875 et
2936 3817 3031 3875 Dei
3080 3815 3332 3874 Ecclesia
3369 3830 3427 3869 se
3471 3828 3648 3885 segre-

2044 3921 2251 3985 gantes,
2281 3912 2416 3967 alias
2458 3911 2736 3977 ecclesias,
2769 3908 2921 3965 aliud
2951 3908 3142 3973 altare,
3185 3905 3323 3961 alios
3354 3918 3552 3968 mores,
3583 3906 3648 3956 ut

2043 4001 2404 4074 Apollinaris,
2421 4001 2779 4065 Novatianus,
2803 4005 2856 4054 et
2877 3996 3110 4063 similes,
3133 3992 3439 4050 somniant:
3466 3999 3521 4045 et
3547 3987 3647 4044 Dei

2044 4091 2394 4148 ordinatione
2461 4089 2660 4162 rejecta
2693 4132 2707 4156 ,
2783 4087 3032 4159 proprias
3082 4091 3354 4139 conantur
3407 4084 3648 4133 statuere

2043 4181 2352 4237 vanitates:
2387 4178 2660 4237 hareticis
2707 4176 2929 4233 tandem
2961 4167 3459 4239 Schismaticisque
3487 4172 3650 4222 terra

2044 4268 2329 4342 deglutitis
2360 4268 2640 4341 voragine,
2672 4269 2857 4320 Aaron
2886 4261 3158 4326 sacerdos,
3183 4257 3242 4314 id
3269 4265 3372 4326 est,
3391 4254 3647 4314 Christus

2043 4359 2316 4416 Dominus
2366 4355 2618 4413 sacerdos
2649 4353 2706 4407 in
2739 4361 3006 4408 aeternum
3045 4347 3348 4406 secundum
3394 4345 3645 4402 ordinem

2043 4444 2446 4504 Melchisedech
2493 4442 2854 4502 constituitur
2925 4440 3142 4496 medius
3187 4437 3257 4494 ad
3312 4435 3642 4509 placandum

2045 4540 2219 4594 Deum
2248 4556 2259 4594 :
2291 4560 2309 4583 ι
2342 4535 2471 4608 quia
2495 4537 2608 4608 ipse
2629 4532 3028 4606 sempiternum
3057 4527 3221 4585 habet
3253 4524 3646 4589 sacerdotium,

2051 4639 2263 4695 semper
2292 4623 2485 4678 vivens
2513 4622 2580 4676 ad
2611 4615 3074 4691 interpellandum
3115 4629 3213 4686 pro
3247 4609 3409 4667 nobis
3451 4608 3648 4680 (Hebr.

2047 4731 2150 4782 vn,
2181 4713 2270 4780 24,
2299 4713 2415 4783 25).
2453 4738 2470 4760 ι»
2512 4710 2684 4766 Arida
2715 4709 2870 4779 virga
2893 4707 3076 4761 Aaron
3120 4718 3240 4775 qua
3272 4707 3457 4772 postea
3487 4696 3654 4752 mira-

2044 4803 2172 4860 culo
2206 4800 2556 4874 germinavit,
2590 4797 2797 4856 Christi
2827 4811 2955 4851 caro
2984 4799 3087 4860 est,
3118 4806 3238 4864 qua
3261 4788 3415 4859 virga
3443 4785 3650 4842 dicitur

2043 4910 2075 4949 a
2125 4891 2391 4965 propheta
2435 4908 2446 4945 :
2508 4911 2528 4934 ι
2575 4885 2904 4959 Egredietur
2952 4881 3107 4953 virga
3152 4878 3219 4935 de
3274 4876 3457 4933 radice
3504 4874 3651 4930 Iesse

2051 4986 2186 5058 (Isa.
2220 5001 2300 5052 χι,
2352 4985 2428 5055 1).
2463 5007 2480 5028 ι
2526 4981 2654 5037 Hac
2699 4977 2851 5034 arida
2879 4973 3088 5042 ﬂoruit,
3132 4971 3261 5045 quia
3310 4977 3527 5027 mortua
3571 4983 3651 5023 re-

2049 5076 2314 5133 surrexit.

2117 5183 2272 5239 ΧἯι³
2289 5179 2519 5244 mansio,
2536 5169 3312 5235 Raucn—rnauas.——Decima
3325 5175 3481 5225 sexta
3502 5179 3655 5244 man:

2048 5234 2608 5341 sio—lie-mon-phares
2643 5263 2970 5337 appellatur.
3006 5259 3268 5333 Sequitur
3296 5258 3478 5314 enim:
3526 5277 3545 5300 ι
3584 5234 3656 5308 Ει

2048 5360 2280 5434 profecti
2337 5375 2407 5414 ex
2438 5357 2694 5423 Rethma,
2735 5351 3104 5411 castrametati
3153 5358 3282 5405 sunt
3311 5349 3366 5402 in
3407 5347 3656 5434 Hemon-

2048 5431 2246 5524 phares
2272 5449 2467 5520 (Num.
2504 5463 2710 5514 χχχιιι,
2764 5444 2877 5516 19).
2925 5447 3016 5505 12
3048 5441 3175 5499 Hac
3201 5444 3284 5494 est
3316 5431 3532 5490 mansio
3561 5449 3658 5490 se-

2045 5546 2228 5606 cunda
2255 5546 2313 5602 in
2343 5544 2557 5602 deserto
2578 5543 2814 5610 Pbaran,
2835 5557 2959 5614 qua
2989 5539 3047 5594 in
3078 5542 3266 5592 nostra
3293 5531 3482 5604 lingua
3510 5531 3656 5590 divi-

2044 5636 2127 5692 sio
2143 5634 2398 5692 sublimis
2421 5633 2850 5704 interpretatur:
2885 5626 3017 5700 quia
3044 5623 3142 5678 ubi
3159 5619 3284 5694 quis
3309 5621 3367 5679 in
3396 5621 3654 5690 Rethma,

2045 5725 2192 5804 quod
2235 5733 2318 5784 est
2370 5740 2432 5780 os
2477 5719 2756 5785 videntis,
2811 5717 3182 5772 commoratus
3238 5718 3358 5780 est,
3420 5711 3528 5771 hoc
3575 5720 3657 5769 est
