4150 6194
482 358 552 417 27
1497 356 1593 412 AD
1633 355 1866 412 OPERA
1907 354 1964 411 S.
2005 352 2341 413 AMBROSII
2380 353 2761 412 APPENDIX.
3713 362 3780 418 28

480 484 777 557 perfectam
824 498 1009 541 rerum
1050 483 1279 557 adeptus
1309 492 1391 541 est
1433 482 1878 555 intelligentiam,
1918 481 2073 539 venit
2105 484 2157 543 A
2184 480 2478 551 signiﬁcat.
2521 480 2693 538 Juxta
2736 480 2914 539 illud:
2985 504 3004 532 ι
3051 481 3220 556 Virga
3259 483 3572 557 aequitatis:
3624 487 3782 561 virga

481 572 549 628 ad
571 571 1023 644 Bemon-phares,
1042 572 1149 629 hoc
1178 582 1280 641 est,
1303 572 1372 630 ad
1389 573 1683 629 sublimem
1714 570 2072 640 divisionem,

481 678 589 735 qua
615 678 647 717 a
674 661 908 718 terrenis
944 663 1204 730 caelestia,
1238 671 1292 719 et
1340 662 1408 719 ab
1436 662 1643 719 inﬁmis
1672 661 1932 718 sublimia
1977 678 2074 717 se-

480 768 671 825 parare
713 760 911 825 potest.
953 753 1068 811 Nec
1110 752 1422 809 immerito:
1455 768 1583 809 nam
1616 752 1863 824 vigorato
1901 752 2076 808 intel-

479 843 648 911 lectu,
679 852 1066 917 crescenteque
1109 861 1293 901 rerum
1323 843 1543 911 notitia,
1574 842 1891 899 infunditur
1912 843 2075 916 judi-

479 930 651 999 cium,
674 948 782 1004 quo
813 949 845 988 a
872 932 1266 1005 temporalibus
1303 940 1528 1000 aeterna,
1558 940 1613 987 et
1639 948 1672 986 a
1707 931 1927 988 caducis
1957 947 2075 1003 per-

479 1034 643 1098 petua
690 1026 1099 1085 discernuntur.
1150 1026 1279 1082 Ideo
1326 1043 1423 1099 per
1463 1026 1789 1097 Prophetam
1829 1026 2070 1083 dicitur:

492 1142 511 1163 ε
539 1116 597 1172 Si
626 1116 884 1173 eduxeris
911 1117 1216 1188 pretiosum
1244 1132 1277 1171 a
1322 1115 1445 1184 vili,
1478 1116 1635 1189 quasi
1664 1132 1725 1172 os
1754 1132 1938 1173 meum
1968 1117 2076 1174 eris

480 1207 696 1277 (Jerem.
730 1223 828 1274 xv,
864 1208 975 1278 l9).
1005 1231 1023 1255 ι

548 1298 732 1353 ΧἮΙ·
762 1297 987 1365 mansio,
1020 1297 1228 1353 Laena.
1259 1329 1330 1339 —
1356 1296 1567 1354 Mansio
1594 1296 1808 1354 decima
1844 1298 2076 1370 septima

479 1386 537 1441 in
566 1386 749 1441 Lebna
779 1386 977 1458 agitur,
1019 1402 1187 1459 quare
1222 1385 1541 1460 subjungit:
1589 1412 1608 1435 ι
1638 1388 1709 1443 Et
1744 1386 1973 1459 profecti
2005 1404 2074 1443 ex

478 1475 946 1548 Remon-phares,
989 1477 1357 1533 castrametati
1396 1486 1525 1534 sunt
1553 1478 1611 1534 in
1661 1477 1844 1535 Lebna
1879 1479 2070 1549 (Num.

477 1583 684 1634 xxxm,
716 1566 832 1638 20).
874 1566 987 1624 Hac
1011 1566 1295 1623 mansione
1336 1568 1569 1640 mystice
1613 1567 1895 1636 docemur,
1925 1568 2073 1641 quod

479 1654 535 1711 in
569 1655 765 1711 itinere
794 1655 961 1728 hujus
990 1656 1119 1713 vita:
1143 1656 1317 1713 abluti
1348 1673 1575 1730 corpore
1611 1664 1665 1712 et
1686 1657 1879 1713 mundi
1911 1657 2074 1713 corde

475 1759 592 1800 esse
620 1744 904 1813 debemus,
938 1752 1001 1801 ut
1039 1746 1337 1817 Apostolus
1369 1745 1435 1803 ad
1454 1746 1724 1804 Hebraeos
1753 1747 1947 1804 scribit
1974 1746 2074 1803 di-

2183 571 2335 641 regui
2372 571 2450 627 tui
2482 570 2655 642 (Psal.
2688 589 2844 641 xuv,
2878 573 2954 641 7).
3003 571 3200 629 Merito
3228 581 3410 629 autem
3443 582 3572 646 post
3617 576 3783 634 Bessa

2183 660 2433 732 sequitur
2478 659 2754 718 Calatha:
2803 661 3065 735 quoniam
3115 661 3212 718 ubi
3262 662 3449 719 anima
3503 662 3563 719 in
3619 665 3783 723 Ressa

2184 748 2515 805 tentationes
2557 751 2857 822 superavit,
2890 751 2967 806 ita
3014 751 3173 807 fortis
3202 751 3389 808 evadit
3434 760 3496 808 ut
3525 756 3783 814 ascendat

2186 834 2450 907 Calatha,
2501 838 2608 896 hoc
2651 847 2755 909 est,
2809 848 2872 895 ut
2917 839 3226 897 dominium
3283 842 3533 916 acquirat
3578 845 3780 903 nedum

2184 924 2512 984 inferiorum
2542 946 2768 985 suarum
2799 928 3089 998 virtutum,
3124 929 3219 985 sed
3250 939 3304 987 et
3350 932 3525 990 totius
3564 934 3777 992 mundi.

2186 1016 2305 1071 Huc
2352 1016 2669 1073 ascenderat
2717 1017 3036 1089 Apostolus,
3075 1020 3295 1091 quando
3342 1020 3524 1080 dixit:
3589 1050 3607 1072 ι
3646 1025 3783 1082 Mihi

2185 1105 2426 1161 mundus
2461 1105 2765 1161 cruciﬁxus
2820 1115 2924 1171 est,
2972 1116 3026 1162 et
3054 1122 3154 1179 ego
3194 1110 3404 1167 mundo
3456 1112 3660 1183 (Galat.
3701 1133 3782 1185 γι,

2189 1196 2300 1265 14).
2329 1220 2346 1243 ι
2411 1197 2873 1254 Castrametemur
2915 1198 3083 1270 igitur
3112 1208 3166 1255 et
3206 1217 3306 1257 nos
3344 1201 3402 1257 in
3450 1203 3590 1261 hanc
3618 1223 3785 1263 man-

2182 1285 2415 1354 sionem,
2469 1294 2525 1341 ut
2573 1303 2794 1343 carnem
2832 1304 2959 1344 cum
3008 1288 3161 1344 vitiis
3210 1297 3266 1345 et
3313 1292 3782 1364 concupiscentiis

2183 1374 2586 1447 cruciﬁgentes,
2632 1385 2687 1433 et
2731 1376 2875 1434 facta
2914 1376 3032 1449 ejus
3064 1378 3483 1446 mortiﬁcantes,
3533 1381 3783 1439 dicamus

2182 1479 2308 1519 cum
2338 1464 2640 1537 Apostolo:
2680 1489 2699 1512 ι
2724 1464 2882 1533 Quod
2911 1474 3094 1522 autem
3126 1467 3258 1523 vivo
3289 1467 3346 1523 in
3374 1485 3559 1539 carne,
3591 1471 3650 1528 in
3676 1471 3784 1529 ﬁde

2182 1552 2315 1608 vivo
2345 1553 2475 1610 Filii
2504 1553 2604 1611 Dei
2634 1555 2837 1625 (Galat.
2871 1573 2932 1625 ιι,
2967 1556 3083 1629 20).
3118 1581 3136 1604 ι

2254 1642 2390 1698 ΧΧι
2432 1643 2660 1711 mansio,
2693 1646 3013 1701 Ausunan.
3045 1675 3117 1687 —
3144 1645 3355 1703 Mansio
3400 1646 3662 1705 vicesima
3701 1660 3785 1709 est

2182 1734 2241 1790 in
2272 1735 2568 1808 Arsaphar.
2601 1735 2729 1792 Ideo
2766 1736 2931 1795 dicit:
2980 1762 2999 1786 ι
3039 1737 3111 1794 Et
3155 1737 3388 1810 profecti
3427 1739 3497 1795 de
3530 1738 3781 1810 Calatha,

475 1851 640 1893 cens:
676 1859 694 1884 ι
725 1833 1068 1892 Accedamus
1096 1852 1221 1894 cum
1271 1852 1404 1893 vero
1430 1836 1594 1893 corde
1638 1836 1697 1892 in
1727 1836 2064 1910 plenitudine

2181 1826 2547 1882 castrametati
2580 1833 2709 1882 sunt
2739 1824 2797 1881 in
2826 1826 3105 1899 Arsaphar
3131 1827 3325 1899 (Num.
3357 1844 3565 1899 χχχιιι,
3602 1829 3718 1901 23).
3748 1855 3768 1879 ι

475 1923 626 1991 ﬁdei,
676 1923 883 1995 aspersi
919 1923 1087 1980 corda
1128 1940 1161 1980 a
1207 1924 1548 1981 conscientia
1593 1925 1755 1994 mala,
1799 1934 1855 1982 et
1894 1925 2070 1983 abluti

476 2026 674 2083 corpus
700 2025 841 2082 aqua
870 2010 1077 2067 munda
1099 2012 1292 2082 (Hebr.
1332 2028 1391 2082 χ,
1420 2013 1535 2084 22).
1569 2038 1587 2060 ι
1626 2013 1688 2070 Id
1710 2013 1890 2085 ipsum
1918 2029 2071 2069 nam-

475 2116 582 2174 que
619 2098 807 2156 Lebna
834 2099 988 2156 vocis
1018 2100 1399 2175 interpretatio
1442 2102 1687 2160 indicat:
1735 2111 1892 2159 sonat
1920 2103 2069 2160 enim

474 2191 669 2248 Latine
696 2190 883 2248 Lebna
910 2191 1059 2249 idem
1105 2192 1254 2266 quod
1295 2192 1590 2251 dealbatio.
1622 2193 1743 2249 Non
1777 2202 1857 2249 est
1886 2201 2070 2250 autem

473 2279 770 2349 dealbatio,
802 2297 911 2355 qua
936 2281 1289 2352 culpabiliter
1316 2283 1524 2341 dicitur
1551 2292 1604 2340 et
1632 2284 1809 2356 paries
1838 2283 2073 2340 dealba-

475 2378 584 2440 tus,
632 2380 684 2428 et
714 2371 965 2444 sepulcra
1011 2371 1265 2429 dealbata
1295 2373 1470 2445 (Orig.
1507 2372 1658 2430 hom.
1691 2374 1757 2430 27
1805 2373 1864 2428 in
1904 2374 2067 2431 Num.

474 2478 544 2518 ex
582 2478 726 2520 vers.
769 2462 962 2535 Rufi);
1012 2463 1107 2521 sed
1136 2480 1300 2539 quam
1347 2463 1619 2537 Propheta
1660 2472 1933 2537 precatur,
1974 2465 2073 2521 di-

472 2567 639 2608 cens:
705 2576 725 2600 ι
768 2552 1007 2610 Lavabis
1051 2570 1137 2610 me
1161 2597 1176 2623 ,
1224 2561 1279 2609 et
1325 2569 1489 2626 super
1543 2554 1729 2611 nivem
1776 2553 2073 2611 dealbabor

470 2641 655 2709 (Psal.
685 2659 736 2710 1.,
766 2642 849 2713 9),
878 2667 896 2689 ι
941 2659 1106 2715 quam
1137 2643 1406 2701 Dominus
1430 2659 1527 2715 per
1550 2642 1871 2716 prophetam
1898 2643 2072 2716 polli-

470 2738 626 2787 cetur
651 2726 873 2788 dicens:
912 2756 929 2778 ι
950 2731 1008 2788 Si
1040 2731 1250 2788 fuerint
1281 2740 1499 2804 peccata
1526 2741 1708 2789 vestra
1735 2732 1879 2789 sicut
1921 2733 2071 2804 phoe-

470 2819 702 2889 nicium,
733 2821 891 2894 quasi
938 2821 1128 2877 nivem
1171 2820 1472 2877 dealbabo:
1505 2831 1559 2878 et
1602 2821 1649 2877 si
1691 2822 1898 2878 fuerint
1928 2823 2072 2877 sicut

469 2909 779 2977 coccinum,
828 2910 983 2967 velut
1027 2910 1208 2966 lanam
1272 2909 1505 2966 candida
1550 2910 1782 2967 efﬁciam
1828 2913 1970 2981 (Isa.
2028 2929 2068 2979 ι,

472 2996 585 3063 18).
630 2997 759 3054 Haec
785 2997 1065 3054 dealbatio
1107 3013 1176 3052 ex
1206 2999 1442 3055 candore
1480 2997 1680 3069 judicii
1710 2999 1777 3054 de
1823 3000 2071 3056 Remen—

469 3084 685 3158 phares,
720 3093 773 3141 et
815 3086 1064 3143 claritate
1094 3085 1373 3143 visionum
1422 3086 1490 3142 de
1523 3086 1776 3154 Rethma,
1820 3087 1915 3144 ubi
1965 3104 2070 3144 ve-

469 3194 563 3234 rus
589 3178 836 3235 Israelita
881 3194 1012 3236 suas
1056 3179 1267 3252 peragit
1313 3179 1647 3250 mansiones,
1679 3188 1931 3255 potenter
1960 3197 2069 3238 εχι-

468 3266 662 3340 surgit.

537 3356 746 3414 ΧνΙΗα
767 3357 996 3426 mansio,
1014 3358 1204 3416 Bassa.
1227 3388 1299 3399 —
1317 3357 1529 3415 Mansio
1556 3358 1771 3416 decima
1787 3368 1980 3417 octava
2004 3362 2063 3419 in

469 3448 635 3506 Ressa
681 3448 979 3522 peragitur.
1027 3448 1183 3506 Unde
1215 3448 1534 3521 subjuugit:
1578 3474 1596 3497 ι
1625 3450 1697 3506 Et
1733 3450 1963 3522 profecti
1992 3468 2064 3509 ex

464 3537 684 3605 Lebna,
723 3538 1093 3595 castrametati
1138 3546 1270 3595 sunt
1324 3538 1382 3593 in
1431 3540 1596 3596 Ressa
1640 3541 2058 3609 (Num.xxxm,

466 3625 582 3697 21).
612 3650 632 3675 ι
677 3626 908 3698 Mystice
939 3626 1042 3684 hac
1072 3626 1356 3683 mansione
1381 3626 1643 3684 docemur
1685 3628 1831 3702 quod
1860 3645 2064 3702 quam-

465 3713 551 3772 vis
578 3713 873 3787 profecisse
921 3716 1044 3790 quis
1076 3716 1377 3788 plurimum
1421 3716 1692 3786 videatur,
1725 3718 2063 3792 grandesque

465 3806 745 3880 profectus
773 3806 943 3864 fuerit
981 3817 1327 3878 consecutus,
1360 3825 1484 3864 eum
1515 3816 1698 3865 tamen
1729 3808 2062 3867 tentationes

466 3912 575 3953 non
609 3895 907 3954 deserunt:
942 3906 1157 3955 tantum
1191 3898 1340 3954 enim
1382 3896 1496 3970 jam
1526 3898 1831 3970 profecerat
1859 3899 2060 3955 Paulus

463 3986 764 4059 apostolus,
812 3995 876 4044 ut
921 3996 975 4044 et
1016 4004 1190 4060 usque
1238 3987 1307 4044 ad
1360 3988 1582 4044 tertium
1628 3989 1826 4045 omium
1873 3998 2061 4060 raptus

462 4078 651 4147 fuerit,
683 4079 1031 4153 audieritque
1060 4095 1261 4136 arcana
1314 4079 1637 4148 ineffabilia,
1692 4079 2061 4137 nihilominus

463 4168 791 4241 prodigiosis
818 4171 1001 4228 adhuc
1029 4168 1428 4227 teutationibus
1463 4169 1645 4242 urgeri
1682 4185 1739 4224 se
1767 4169 2056 4227 sentiebat.

466 4258 619 4315 Unde
647 4260 975 4331 querebatur
1000 4281 1011 4319 :
1060 4287 1077 4310 ι
1105 4263 1277 4318 Datus
1301 4268 1383 4317 est
1420 4259 1558 4316 mihi
1591 4259 1851 4317 stimulus
1880 4260 2060 4316 carnis

463 4349 690 4422 angelus
718 4349 951 4419 Satanae,
982 4360 1044 4408 ut
1072 4369 1158 4409 me
1187 4351 1494 4424 colaphizet
1522 4352 1579 4423 (Ι
1584 4352 1611 4407 Ι
1640 4351 1766 4408 Cor.
1790 4367 1891 4419 χιι,
1926 4351 2003 4422 7).
2026 4376 2045 4398 ι

466 4438 817 4496 Tentationes
844 4449 1020 4497 tamen
1051 4440 1369 4512 hujusmodi
1400 4440 1702 4498 laudabiles
1744 4457 1860 4497 esse
1909 4440 2060 4497 Jaco-

2180 1913 2448 1971 Animosa
2493 1914 2661 1971 statio
2694 1915 2802 1971 ista
2834 1921 2947 1983 est;
2984 1915 3053 1972 ad
3101 1915 3272 1973 ardua
3316 1917 3519 1991 quippe
3548 1934 3649 1975 nos
3686 1919 3787 1976 in—

2180 2004 2341 2073 vitat,
2370 2020 2565 2077 nempe
2592 2004 2662 2062 ad
2687 2004 2852 2074 bella,
2891 2014 2945 2062 et
2974 2004 3120 2062 bella
3156 2007 3476 2080 asperrima,
3506 2016 3563 2065 et
3593 2015 3787 2066 contra

2182 2093 2510 2151 fortissimos
2538 2102 2593 2150 et
2621 2095 2953 2151 saevissimos
2982 2095 3188 2152 hostes.
3220 2097 3297 2152 De
3330 2097 3532 2170 quibus
3556 2098 3780 2157 dicebat

2179 2185 2512 2256 Apostolus:
2561 2208 2579 2232 ι
2606 2186 2726 2241 Non
2756 2193 2837 2241 est
2875 2184 3036 2242 nobis
3062 2186 3211 2243 lucta
3240 2186 3503 2244 adversus
3558 2204 3781 2247 carnem

2180 2282 2235 2331 et
2263 2277 2603 2349 sanguinem,
2636 2276 2731 2333 sed
2773 2277 3034 2335 adversus
3077 2278 3420 2353 principatus
3453 2289 3507 2338 et
3534 2286 3786 2355 potestas

2180 2372 2261 2420 tes
2290 2364 2456 2438 hujus
2485 2366 2701 2436 muudi,
2750 2366 3014 2425 adversus
3051 2369 3402 2427 tenebrarum
3441 2370 3639 2428 harum
3668 2389 3783 2430 rec-

2180 2462 2348 2523 tores,
2377 2463 2483 2513 etc.
2520 2456 2737 2529 (Ephes.
2770 2475 2849 2526 vr,
2883 2459 2997 2531 12).
3032 2482 3051 2505 ι
3092 2461 3141 2515 Α
3171 2459 3373 2533 quibus
3403 2462 3608 2535 urgeri,
3642 2462 3785 2520 vim-

2180 2560 2285 2617 que
2319 2544 2428 2601 sibi
2473 2544 2688 2615 inferri,
2736 2545 2881 2603 idem
2930 2548 3229 2620 Apostolus
3274 2549 3583 2619 sentiebat;
3634 2551 3782 2610 unde

2181 2634 2363 2690 dixit:
2428 2636 2679 2693 «Infelix
2722 2652 2823 2709 ego
2868 2637 3056 2706 homo,
3107 2638 3231 2712 quis
3275 2656 3363 2697 me
3410 2640 3666 2700 liberabit
3712 2642 3781 2700 de

2180 2737 2407 2794 corpore
2440 2725 2634 2781 mortis
2663 2723 2830 2797 hujus
2856 2725 3032 2797 (Rom.
3066 2742 3167 2797 vn,
3200 2726 3293 2799 24)
3328 2728 3356 2785 ?
3383 2752 3401 2776 ι
3445 2730 3776 2799 Hocautem,

2180 2812 2310 2885 quia
2354 2813 2633 2887 Arsaphar
2669 2814 2817 2871 tubas
2860 2816 3102 2888 clangor,
3144 2818 3262 2875 sive
3296 2819 3630 2879 tubicinatio
3675 2829 3777 2892 est,

2181 2901 2329 2976 quod
2378 2911 2460 2960 est
2508 2903 2639 2960 belli
2688 2904 2929 2978 signum.
2973 2908 3084 2963 Nec
3136 2907 3452 2977 immerito;
3516 2911 3778 2984 quoniam

2178 2991 2365 3048 anima
2393 2994 2772 3067 superioribus
2802 2996 3204 3067 mansionibus,
3236 3007 3319 3056 tot
3350 3000 3627 3075 tantisque
3663 3001 3776 3058 vir-

2178 3082 2391 3139 tutibus
2432 3100 2489 3140 se
2519 3100 2749 3142 cernens
2794 3094 3081 3157 armatam,
3111 3088 3386 3146 contineri
3434 3106 3546 3146 non
3575 3098 3775 3163 potest,

2096 3206 2146 3271 C
2178 3174 2314 3246 quin
2343 3173 2601 3245 procedat
2618 3176 2673 3231 in
2706 3177 2970 3245 medium,
2988 3185 3043 3234 et
3064 3194 3121 3235 se
3149 3179 3218 3236 ad
3238 3181 3539 3239 certamina
3569 3180 3777 3238 nedum

2176 3264 2389 3330 offerat,
2433 3264 2528 3320 sed
2558 3275 2802 3336 paratam
2833 3284 2888 3322 se
2919 3270 3201 3339 praeferat:
3246 3272 3380 3343 quin
3425 3281 3479 3329 et
3510 3271 3774 3329 tubarum

2171 3352 2397 3425 clangor
2442 3352 2682 3425 reliquos
2733 3354 2899 3409 etiam
2962 3372 3087 3411 cum
3154 3358 3418 3428 propheta
3462 3367 3763 3429 provocet,

2172 3439 2398 3515 dicens:
2447 3464 2465 3488 ι
2493 3440 2773 3496 Assumite
2823 3457 2993 3509 arma,
3026 3451 3180 3499 acuta
3224 3444 3480 3500 adducite
3507 3444 3566 3500 in
3611 3461 3766 3516 prai-

2173 3529 2333 3598 lium,
2379 3530 2607 3586 sternite
2635 3545 2824 3603 equos,
2867 3529 3144 3587 ascendite
3182 3531 3413 3604 equites,
3456 3531 3627 3604 polite
3656 3533 3774 3590 lano

2171 3637 2293 3676 ceas
2326 3621 2538 3694 (Jerem.
2570 3638 2723 3691 XLVI,
2769 3622 2822 3690 3,
2853 3620 2933 3693 4).
2967 3645 2985 3667 ι
3044 3621 3161 3677 Imo
3190 3638 3316 3677 cum
3347 3621 3458 3678 alio
3500 3623 3778 3696 propheta

2171 3710 2357 3768 dicat:
2418 3737 2436 3761 ι
2484 3712 2780 3770 Praedicate
2826 3712 2932 3768 hoc
2974 3711 3032 3767 in
3089 3711 3382 3783 gentibus,
3433 3712 3776 3773 sanctiﬁcate

2170 3800 2402 3870 bellum,
2433 3804 2691 3861 suscitate
2723 3810 3088 3876 pugnatores;
3122 3800 3382 3871 accedite,
3406 3802 3516 3859 viri
3545 3802 3775 3860 bellato-

2170 3907 2256 3948 res
2287 3892 2424 3964 (Joel
2472 3910 2555 3961 ιιι,
2602 3893 2683 3963 9).
2730 3918 2749 3941 ι
2814 3893 2929 3950 Hoc
2971 3892 3179 3949 bellum
3232 3900 3541 3952 tractarunt
3594 3900 3687 3958 13
3718 3902 3776 3953 et

2169 3992 2422 4049 vicerunt
2470 4002 2672 4065 patres,
2720 4000 2784 4048 ut
2830 3991 2996 4048 refert
3031 3992 3330 4065 Apostolus
3358 3992 3426 4049 ad
3475 3993 3766 4051 Hebraeos:

2184 4106 2203 4131 ι
2235 4068 2647 4139 Obturaverunt
2685 4098 2781 4139 ora
2808 4081 3051 4149 leonum,
3084 4081 3475 4137 exstinxeruut
3502 4082 3768 4155 impetum

2169 4171 2334 4243 ignis,
2381 4172 2761 4243 eﬁ'ugaverunt
2805 4170 2980 4227 aciem
3032 4169 3221 4242 gladii,
3257 4170 3426 4226 fortes
3472 4169 3600 4226 facti
3640 4176 3772 4227 sunt

2172 4260 2229 4317 in
2259 4260 2405 4317 bello
2438 4262 2622 4331 (Hebr.
2646 4277 2726 4328 χι,
2757 4260 2845 4328 33,
2881 4258 2996 4330 34).
3022 4283 3041 4307 ι
3083 4259 3251 4315 Plena
3279 4259 3451 4333 igitur
3471 4258 3687 4315 roboris
3706 4273 3771 4315 ac

2169 4349 2397 4422 spiritus
2436 4349 2555 4406 haec
2583 4349 2796 4405 mansio
2826 4357 2926 4405 est.

2238 4457 2398 4514 ΧΧΙ·
2428 4457 2654 4526 mansio,
2686 4460 2905 4514 Anam.
2935 4487 3007 4500 -—
3035 4456 3312 4514 Vicesima
3351 4455 3530 4527 prima
3553 4457 3768 4515 mansio

464 4529 569 4586 bus
620 4530 898 4603 apostolus
940 4538 1193 4599 testatur,
1242 4529 1468 4586 dicens:
1517 4555 1535 4578 ι
1578 4530 1755 4587 Omne
1796 4528 2057 4603 gaudium

2173 4546 2351 4604 Arada
2376 4554 2495 4614 est;
2524 4545 2648 4603 ideo
2679 4545 2860 4603 dixit:
2912 4568 2931 4593 ι
2958 4545 3032 4601 Et
3076 4542 3308 4615 profecti
3350 4559 3422 4599 ex
3465 4544 3763 4618 Arsaphar,

464 4618 796 4685 existimate,
828 4619 1044 4684 fratres,
1074 4634 1200 4675 cum
1233 4618 1290 4673 in
1323 4618 1501 4673 varias
1546 4618 1876 4675 tentationes
1908 4619 2059 4676 inci-

464 4705 656 4761 deritis
672 4706 871 4775 (Iacob.
899 4708 950 4775 1,
973 4707 1055 4777 2),
1079 4706 1163 4762 hae
1193 4721 1430 4780 namque
1452 4708 1603 4764 velut
1621 4707 1872 4764 custodia
1899 4724 2059 4781 quae—-

462 4793 587 4849 dam
639 4793 854 4851 homini
897 4794 1251 4851 adhibentur.
1287 4795 1438 4852 Sicut
1466 4795 1614 4853 enim
1647 4812 1773 4852 caro
1804 4798 2057 4870 quamvis

462 4882 738 4956 praecipua
764 4884 856 4953 sit,
887 4884 994 4941 nisi
1025 4885 1136 4943 sale
1162 4893 1497 4959 aspergatur,
1536 4887 1944 4959 corrumpitur:
1980 4888 2058 4943 ita

462 4978 517 5028 et
543 4972 747 5040 anima,
776 4975 1135 5047 quantumvis
1158 4975 1416 5048 perfecta,
1440 4976 1547 5031 nisi
1569 4974 1805 5031 assiduis
1830 4976 2057 5033 saliatur

461 5062 877 5132 tentationibus,
910 5066 1189 5121 relaxatur
1215 5065 1389 5138 (Orig.
1424 5064 1577 5121 hom.
1610 5065 1677 5122 27
1705 5065 1763 5121 in
1792 5068 1951 5123 Num.
1986 5085 2055 5123 ex

461 5167 606 5209 vers.
664 5152 844 5224 Ruﬁ).
904 5153 1018 5210 Hoc
1068 5161 1249 5211 autem
1274 5199 1290 5225 ,
1338 5155 1469 5229 quia
1515 5155 1710 5225 Ressa,
1760 5155 2054 5213 laudabilis

459 5241 691 5299 tentatio
719 5241 1128 5314 interpretatur.

530 5348 688 5406 ΧΙΧ·
716 5349 942 5419 amasio,
973 5350 1256 5408 Caurus.
1285 5382 1356 5394 —
1383 5353 1608 5409 Decima
1652 5368 1799 5408 nona
1840 5352 2052 5409 mansio

461 5437 687 5496 Calatha
727 5438 968 5497 dicitur:
1002 5438 1070 5496 ad
1102 5455 1266 5513 quam
1308 5439 1411 5496 ﬁlii
1456 5441 1621 5497 Israel
1657 5442 1821 5499 Ressa
1850 5441 2050 5498 abeun-

459 5533 541 5583 tes
586 5536 971 5599 pervenerunt.
1017 5528 1171 5586 Unde
1217 5530 1500 5605 sequitur:
1565 5556 1582 5578 ι
1610 5531 1682 5588 Et
1714 5530 1945 5604 profecti
1981 5529 2050 5588 de

461 5617 645 5683 Bessa,
688 5617 1057 5676 castrametati
1102 5627 1233 5676 sunt
1263 5617 1322 5674 in
1352 5617 1581 5676 Calatha
1618 5620 1809 5690 (Num.
1840 5637 2044 5690 χχχιιι,

460 5704 574 5775 22).
624 5703 850 5763 Calatha
888 5716 1048 5767 sonat
1093 5708 1287 5767 Latine
1337 5707 1546 5785 virgam
1571 5751 1589 5779 ,
1639 5717 1694 5766 et
1733 5708 2045 5769 dominium

2166 4636 2535 4695 castrametati
2565 4644 2696 4692 sunt
2720 4635 2777 4691 in
2795 4633 2978 4690 Arada
2991 4632 3184 4704 (Num.
3231 4647 3439 4701 χχχιιι,
3461 4632 3609 4705 24).ι
3640 4633 3768 4692 Hac

2167 4743 2383 4799 quoque
2405 4726 2617 4783 mansio
2637 4724 2813 4797 longis
2833 4728 2914 4778 est
2941 4719 3233 4793 praeconiis
3253 4721 3562 4779 recolenda.
3585 4722 3767 4780 Arada

2166 4831 2401 4889 namque
2448 4814 2708 4872 idoneum
2742 4811 2997 4867 effectum
3041 4809 3271 4866 indicat.
3318 4810 3490 4867 Adest
3533 4811 3767 4884 pulcher

2166 4902 2301 4959 ordo
2325 4921 2339 4970 ;
2368 4901 2460 4958 sed
2491 4899 2820 4957 observandi
2850 4908 2980 4955 sunt
3018 4898 3426 4971 proﬁcientium
3457 4899 3677 4971 gradus,
3710 4910 3765 4958 et

2163 4992 2331 5048 series
2360 4990 2706 5062 profectuum
2755 4987 3104 5061 inspicienda
3130 4996 3231 5045 est.
3263 4990 3397 5045 Nam
3435 4988 3531 5045 ubi
3575 4989 3765 5045 anima

2164 5080 2493 5137 tentationes
2522 5079 2825 5152 superavit,
2856 5078 3005 5134 vires
3056 5077 3344 5135 inferiores
3372 5093 3619 5150 premere
3648 5094 3760 5135 au-

2162 5171 2289 5227 det:
2317 5181 2371 5228 et
2401 5170 2496 5228 ubi
2525 5185 2690 5243 super
2716 5168 2794 5226 eis
2820 5168 3114 5242 imperium
3142 5168 3340 5225 habere
3380 5184 3436 5225 se
3465 5168 3758 5242 conspicit,

2162 5259 2489 5317 adversariis
2541 5258 2903 5334 potestatibus
2942 5258 3195 5326 insultat,
3228 5273 3527 5331 earumque
3557 5265 3762 5331 poten-

2160 5350 2265 5406 tias
2304 5348 2505 5406 uedum
2550 5364 2662 5404 non
2708 5347 2885 5416 timet,
2918 5346 3013 5403 sed
3067 5346 3136 5403 ad
3164 5355 3443 5402 certamen
3474 5353 3756 5418 provocat.

2158 5442 2318 5498 Nunc
2354 5449 2535 5498 autem
2578 5439 2647 5496 de
2690 5439 2925 5497 victoria
2967 5454 3160 5495 secura
3186 5435 3436 5493 ascendit
3462 5438 3523 5493 in
3552 5437 3756 5506 Arada,

2158 5529 2217 5589 id
2244 5538 2346 5600 est,
2388 5529 2652 5604 gloriatur
2676 5529 2734 5586 in
2759 5528 2998 5586 Domino
3022 5544 3080 5583 se
3111 5525 3370 5583 idoneam
3402 5525 3672 5596 effectam,
3704 5534 3758 5583 et

2158 5619 2295 5677 dicit
2322 5637 2448 5678 cum
2471 5618 2737 5693 Apostolo
2763 5635 2775 5675 :
2809 5614 3198 5675 «Suﬂicientia
3219 5624 3409 5673 nostra
3434 5631 3505 5672 ex
3522 5618 3637 5673 Deo
3655 5622 3757 5684 est,

2155 5710 2250 5783 qui
2280 5717 2335 5766 et
2363 5708 2589 5767 idoneos
2619 5725 2718 5768 nos
2749 5708 2881 5768 fecit
2922 5704 3207 5764 ministros
3251 5704 3385 5763 novi
3416 5704 3751 5765 Testamenti
