4136 6194
389 318 453 381 29
1295 318 1391 374 DE
1431 315 1580 374 XLII
1617 314 2089 374 MANSIONIBUS
2126 314 2464 375 FILIORUM
2503 317 2775 376 ISRAEL.
3617 329 3686 386 30

394 444 475 515 (II
524 441 646 499 Cor.
694 458 780 511 ιιι,
811 442 868 512 5,
923 443 1005 515 6).
1038 467 1057 492 ι
1099 443 1332 500 Oremus
1362 441 1531 515 igitur
1584 442 1781 510 Deum,
1822 451 1883 499 ut
1935 455 1993 504 et
2018 445 2068 503 A
2098 444 2229 500 Ideo
2258 443 2396 502 dicit
2442 453 2662 503 sanctus
2690 446 2900 504 Lucas:
2950 474 2967 494 ι
3005 451 3076 506 Et
3105 458 3299 523 stupor
3322 451 3690 525 apprehendit

390 550 481 590 nos
529 532 596 589 ad
645 532 827 589 Arada
875 532 1161 607 pervenire
1208 539 1259 589 et
1303 531 1380 588 ibi
1421 531 1713 588 stationem
1770 531 1972 589 habere

388 627 672 684 valeamus.

450 714 629 771 XXII!
676 712 904 782 mando,
960 713 1286 770 Maca-corn.
1335 743 1407 755 —
1451 711 1667 769 Mansio
1709 708 1976 769 vicesima

385 805 617 862 secunda
655 804 864 862 dicitur
891 803 1197 871 Maceloth;
1236 802 1445 860 idcirco
1475 801 1760 873 subjungit
1790 819 1802 856 :
1862 824 1881 847 «
1910 802 1982 857 Et

384 893 603 969 profecti
640 892 709 950 de
759 893 964 961 Arada,
1018 892 1391 949 castrametati
1428 898 1559 946 sunt
1611 891 1670 946 in
1707 889 1978 945 Maceloth

385 987 562 1059 (Num.
592 1002 803 1053 χχχιιι,
824 986 943 1056 25).
972 983 1246 1040 Maceloth
1275 983 1666 1054 interpretatur
1697 981 1765 1038 ab
1791 981 1976 1050 initio,

380 1092 471 1148 per
497 1076 645 1149 quod
674 1074 931 1131 innuitur
956 1071 1105 1145 quod
1135 1071 1228 1144 qui
1259 1070 1436 1127 tendit
1463 1070 1532 1126 ad
1559 1070 1976 1152 perfectionem,

380 1165 465 1220 vel
485 1180 605 1220 eam
634 1163 819 1236 aliquo
850 1160 1010 1218 modo
1038 1152 1345 1217 assecutum
1375 1176 1433 1216 se
1462 1160 1658 1227 sentit,
1689 1158 1758 1216 ad
1786 1176 1972 1216 rerum

380 1252 626 1320 initium,
678 1268 711 1307 a
751 1268 858 1323 quo
904 1250 1162 1306 universa
1199 1248 1530 1321 dependent,
1578 1248 1868 1321 respicere,
1909 1248 1979 1305 ad

379 1343 667 1417 ipsumque
695 1348 895 1399 cuncta
931 1341 1135 1397 referre
1163 1339 1346 1408 debet,
1394 1356 1496 1396 nec
1532 1339 1602 1396 ab
1630 1356 1696 1397 eo
1732 1355 1978 1412 unquam

378 1433 622 1489 recedere
663 1431 837 1504 (Orig.
885 1432 992 1486 loco
1020 1447 1138 1503 sup.
1170 1431 1310 1503 cit.).
1350 1432 1496 1487 Dens
1525 1437 1609 1487 est
1640 1429 1977 1503 principium

376 1531 426 1579 et
449 1522 595 1590 ﬁnis,
626 1520 758 1578 utin
779 1521 1111 1595 Apocalypsi
1140 1521 1435 1578 scribitur:
1476 1544 1495 1568 ι
1523 1522 1640 1594 Ego
1669 1537 1793 1577 sum
1827 1519 1980 1592 prin-

374 1614 575 1688 cipium
604 1621 660 1670 et
696 1613 844 1680 ﬂuis,
874 1613 1013 1670 dicit
1042 1614 1314 1670 Dominus
1344 1616 1489 1671 Deus
1518 1614 1614 1687 qui
1652 1622 1755 1682 est,
1786 1621 1840 1670 et
1884 1611 1979 1686 qui

376 1713 503 1774 erat,
533 1713 588 1761 et
616 1705 711 1779 qui
750 1712 1017 1761 venturus
1036 1712 1120 1760 est
1144 1704 1496 1778 omnipotens
1526 1704 1715 1777 (Apoc.
1749 1720 1789 1771 ι,
1820 1703 1905 1774 8).
1946 1728 1965 1751 ι

2081 550 2273 591 omnes
2323 535 2489 604 (Luc.
2543 553 2600 604 ν,
2649 536 2765 605 26).
2800 561 2818 583 ι
2868 539 2947 595 De
3001 538 3106 595 hoc
3160 556 3324 612 agens
3380 542 3689 601 Hieremias

2083 624 2371 696 propheta,
2406 624 2518 681 ait:
2582 650 2600 673 ι
2629 626 2831 699 Stupor
2863 635 2919 684 et
2965 627 3256 686 horribilia
3285 631 3427 688 facta
3467 642 3598 690 sunt
3627 634 3687 690 in

2084 720 2231 768 terra
2274 713 2491 783 (Jerem.
2524 730 2582 781 v,
2613 713 2727 785 30).
2758 738 2776 762 ι
2838 716 2910 771 Ει
2943 716 3072 789 quia
3100 716 3160 773 in
3204 717 3273 774 iis
3302 719 3689 777 mansionibus

2088 803 2265 857 multa
2282 804 2546 874 praeclara
2575 811 2631 859 et
2646 803 2994 880 admirabilia
3013 805 3160 863 edita
3178 816 3309 865 sunt
3337 824 3521 880 opera,
3552 826 3687 883 quo-

2087 908 2209 947 rum
2239 906 2430 947 causas
2458 908 2569 947 non
2599 900 2778 963 potest
2806 892 3051 950 humana
3078 913 3234 953 mens
3278 898 3493 955 ratione
3523 916 3689 955 com-

2088 980 2442 1053 prehendere,
2469 981 2593 1037 ideo
2628 982 2849 1038 tandem
2883 982 3105 1039 venitur
3130 985 3188 1040 in
3215 986 3410 1058 Thare,
3443 989 3551 1047 hoc
3582 996 3684 1058 est,

2087 1067 2145 1125 in
2172 1078 2431 1143 stupore:
2480 1069 2560 1125 sic
2588 1068 2739 1125 enim
2786 1069 3201 1142 interpretatur.
3236 1074 3391 1130 Unde
3418 1077 3682 1150 scriptum

2085 1169 2200 1218 est:
2247 1186 2265 1208 ι
2295 1159 2603 1231 Stupebant
2630 1166 2815 1214 autem
2860 1176 3054 1216 omnes
3081 1178 3251 1235 super
3276 1170 3553 1239 magnalia
3587 1170 3685 1228 Dei

2090 1251 2243 1321 (Luc.
2269 1268 2348 1318 ιχ,
2378 1251 2495 1323 44).
2528 1275 2548 1299 ι

2159 1342 2343 1398 XXV.
2364 1343 2591 1411 mansio,
2606 1344 2861 1401 Murem.
2882 1345 3178 1405 —Mansio
3206 1347 3468 1405 vicesima
3491 1351 3687 1423 quinta

2090 1432 2270 1503 agitur
2325 1432 2384 1489 in
2422 1432 2687 1501 Metcha;
2754 1434 2876 1491 ideo
2930 1435 3097 1492 dicit:
3172 1463 3189 1484 ι
3220 1439 3289 1494 Et
3332 1440 3564 1511 profecti
3611 1440 3682 1496 de

2088 1522 2284 1591 Thare,
2314 1524 2681 1580 castrametati
2734 1534 2863 1581 sunt
2893 1525 2951 1580 in
2979 1526 3193 1582 Metcha
3235 1528 3421 1597 (Num.
3477 1546 3682 1597 χχχιιι,

2088 1612 2204 1684 28).
2237 1613 2457 1670 Metcha
2506 1613 2701 1670 Latine
2748 1613 2955 1672 dicitur
2994 1631 3139 1671 nova
3169 1632 3335 1673 mors.
3382 1618 3453 1674 Ut
3502 1626 3680 1675 autem

2090 1698 2429 1772 intelligatur
2483 1716 2603 1773 quae
2653 1703 2727 1758 sit
2754 1718 2899 1759 nova
2950 1719 3117 1771 mors,
3151 1713 3233 1761 est
3275 1704 3681 1762 observandum

375 1793 496 1852 Ideo
522 1794 595 1851 ad
610 1796 784 1851 Deum
810 1792 1122 1850 reducenda
1145 1801 1274 1849 sunt
1302 1794 1509 1849 omnia.
1544 1793 1702 1850 Hunc
1729 1800 1792 1849 ut
1817 1791 1975 1865 prin-
2007 1808 2052 1869 Β
2088 1789 2236 1863 quod
2264 1791 2539 1864 triplicem
2581 1798 2815 1849 mortem
2844 1792 3078 1866 legimus
3107 1794 3166 1849 in
3206 1794 3525 1867 Scripturis.
3569 1796 3688 1853 Una

374 1882 577 1955 cipium
606 1881 1031 1954 recognoscebat
1050 1880 1335 1954 propheta,
1358 1881 1490 1939 dum
1507 1880 1653 1937 dixit
1677 1898 1688 1937 :
1736 1904 1755 1928 ι
1780 1882 1973 1938 Nonne

376 1981 462 2028 tua
508 1972 809 2046 principio,
837 1972 1074 2029 Domine
1129 1974 1276 2029 Deus
1323 1989 1478 2057 meus
1506 1979 1715 2057 asangm
1747 1973 1971 2053 (ῌᾳὸιθ.
2008 1989 2027 2037 ζ

375 2078 413 2129 ι,
464 2062 579 2135 12).
615 2086 635 2111 ι
688 2062 849 2118 Hunc
904 2061 1327 2134 recognoscebat
1384 2048 1684 2135 Ᾰξὶοὲιιὸιὶιέ
1746 2048 2033 2143 ιῌεδρξίῐ

385 2174 403 2197 ι
426 2152 613 2209 Flecto
641 2167 816 2225 genua
854 2167 974 2208 mea
1002 2151 1071 2207 ad
1118 2152 1335 2207 Patrem
1362 2149 1593 2207 Domi‘m‘
1621 2138 1809 2208 'nostri
1847 2138 1974 2207 iesu

375 2239 603 2310 Christi,
650 2256 720 2297 ex
749 2256 857 2314 quo
905 2239 1088 2297 omnis
1118 2240 1334 2319 familia
1360 2239 1418 2319 in
1447 2239 1601 2311 ccelis
1627 2247 1708 2319 (ξιΔ
1728 2240 1787 2319 in
1826 2247 1974 2296 terra

374 2331 700 2388 nominatur
734 2330 953 2403 (Ephes.
980 2348 1066 2397 ιιι,
1101 2331 1215 2404 14),
1283 2314 1411 2411 ‘82:
1452 2344 1461 2351 ί
1504 2338 1535 2409 ἐν
1808 2342 1831 2411 ἰ
1900 2330 1941 2407 ,Ξ

439 2420 651 2479 ΧΧΙΙΙι
676 2423 902 2491 mansio,
932 2422 1182 2477 ΤιιΑΑτιι.
1211 2405 1790 2478 -Μὲιῐεὶὄγῐοὲδίῖιῖα
1811 2405 1975 2473 tertia

384 2520 463 2569 est
489 2511 742 2579 Thaatb;
796 2512 919 2569 ideo
966 2512 1246 2585 sequitur:
1286 2535 1302 2559 ι
1333 2512 1405 2568 Et
1431 2512 1665 2585 profecti
1692 2511 1759 2569 de
1787 2513 1973 2569 Mace-

373 2603 515 2673 loth,
566 2602 933 2661 castrametati
979 2610 1111 2659 sunt
1160 2602 1217 2658 in
1271 2602 1482 2659 Thaath
1535 2605 1720 2671 (Num.
1765 2619 1969 2672 χχχιιι,

371 2692 485 2765 26).
517 2693 725 2750 Verum
766 2692 895 2767 quia
923 2692 1135 2748 Thaath
1166 2678 1636 2765 longanimitatem
1675 2709 1771 2749 seu
1821 2693 1972 2749 tole-

375 2782 610 2839 rantiam
634 2782 825 2838 Latine
854 2782 1149 2856 signiﬁcat,
1181 2798 1276 2855 per
1297 2782 1470 2855 ipsam
1501 2781 1779 2839 indicatur
1792 2781 1972 2848 nobis,

370 2872 516 2946 quod
564 2872 655 2947 qui
710 2872 769 2929 in
812 2874 902 2929 via
965 2874 1065 2929 Dei
1095 2873 1380 2945 proﬁcere,
1430 2872 1663 2945 aliisque
1716 2870 1974 2943 prodesse

344 2961 677 3031 ‘coutendit,
726 2963 900 3018 multa
945 2963 1081 3034 pati,
1113 2961 1287 3016 multa
1316 2961 1701 3033 aequanimiter
1739 2959 1979 3032 perferre

372 3066 593 3110 necesse
622 3060 725 3107 est.
754 3051 964 3107 Idcirco
993 3049 1258 3123 apostolis
1289 3049 1498 3105 dicitur
1522 3066 1533 3104 :
1581 3072 1599 3095 ι
1630 3050 1692 3105 In
1715 3048 1980 3121 patientia

372 3149 556 3196 vestra
587 3138 940 3213 possidebitis
968 3140 1180 3194 animas
1207 3145 1416 3194 vestras
1447 3139 1598 3210 (Luc.
1629 3146 1752 3208 xxi,
1792 3138 1904 3211 19).
1943 3164 1961 3187 ι

369 3216 463 3290 Ad
494 3232 841 3290 tolerantiam
864 3248 962 3288 nos
992 3232 1190 3288 invitat
1204 3231 1521 3304 Apostolus,
1544 3232 1971 3304 praecedentium

369 3329 620 3395 patrum,
665 3319 983 3394 Christique
1048 3322 1363 3393 exemplum
1412 3336 1742 3393 proponens.
1788 3322 1977 3395 Inquit

372 3417 561 3473 enim:
611 3441 630 3464 ι
665 3415 900 3489 Ideoque
920 3422 974 3472 et
1001 3430 1103 3470 nos
1128 3422 1337 3470 tantam
1370 3413 1631 3471 habentes
1662 3415 1975 3487 impositam

373 3506 577 3563 nubem
622 3505 876 3574 testium,
923 3504 1259 3578 deponentes
1304 3521 1468 3561 omne
1498 3503 1715 3577 pondus
1755 3512 1832 3571 et,
1856 3505 1979 3562 cir-

373 3605 653 3654 cumstans
693 3602 995 3667 peccatum,
1054 3610 1149 3667 per
1188 3594 1509 3667 patientiam
1571 3611 1857 3652 curramus
1909 3594 1979 3652 ad

374 3685 718 3758 propositum
749 3684 909 3741 nobis
936 3690 1236 3754 certamen,
1253 3684 1580 3757 aspicientes
1608 3683 1668 3740 in
1694 3691 1977 3742 auctorem

377 3776 505 3836 ﬁdei
553 3786 608 3834 et
664 3784 1163 3835 consummatorem
1218 3777 1403 3834 Jesum
1446 3776 1732 3836 Christum
1782 3775 1972 3847 (Hebr.

375 3882 479 3933 χιι,
508 3868 562 3934 1,
601 3866 698 3937 2).
731 3890 749 3914 ι
806 3865 1076 3923 Dominus
1119 3866 1267 3921 enim
1297 3874 1482 3922 noster
1532 3866 1687 3923 Jesus
1724 3865 1979 3925 Christus

378 3958 557 4013 multa
592 3972 717 4029 erga
745 3954 1003 4012 homines
1026 3955 1489 4024 mansuetudinis,
1523 3956 1828 4011 tolerantiae
1854 3971 1980 4010 ma-

378 4044 580 4113 lorum,
624 4053 790 4119 prout
835 4044 1081 4103 dilucide
1109 4051 1466 4102 recensentur
1524 4044 1583 4101 in
1636 4044 1975 4118 Evangeliis,

379 4135 652 4207 exempla,
707 4151 818 4209 quo
845 4133 965 4207 ejus
992 4150 1345 4209 sequeremur
1373 4133 1626 4207 vestigia,
1668 4143 1730 4191 ut
1783 4135 1981 4192 Petrus

379 4226 660 4297 apostolus
683 4225 840 4295 dicit,
875 4225 1036 4282 nobis
1064 4225 1323 4282 exhibuit
1345 4227 1403 4297 (Ι
1426 4227 1573 4283 Petr.
1606 4242 1670 4294 ιι,
1700 4226 1816 4298 21).

448 4317 661 4374 ΧΧΝ·
688 4318 915 4386 mamio,
929 4318 1144 4373 Tuane.
1168 4347 1240 4359 —
1258 4317 1468 4374 Mansio
1490 4317 1758 4374 vicesima
1780 4324 1982 4391 quarta

380 4403 587 4463 dicitur
614 4407 826 4474 Thare;
876 4405 1125 4481 sequitur
1161 4421 1423 4478 namque:
1482 4430 1501 4455 ι
1538 4408 1610 4462 Et
1639 4406 1869 4479 profecti
1913 4406 1982 4463 de

2082 1889 2164 1937 est
2215 1898 2363 1938 mors
2406 1884 2675 1970 corporis,
2735 1900 2843 1958 qua
2900 1885 3179 1942 terrestris
3226 1886 3424 1944 domus
3500 1894 3688 1943 nostra

2039 1994 2055 2001 “
2076 1964 2659 2062 ὺξιῌξδῇριιίδ,
2687 1982 2747 2030 ut
2770 1975 3019 2047 Apostoli
3049 1982 3172 2032 utar
3191 1975 3399 2045 verbis,
3430 1976 3684 2033 dissolvi-

2054 2050 2397 2132 ,εἰη-,Ξέιέδῖ
2416 2050 2677 2136 ἒόιῖρδιὶδ
2727 2064 3082 2120 tabernaculo
3129 2064 3314 2122 anima
3346 2066 3556 2123 recedit
3604 2068 3693 2137 (ΙΙ

2087 2154 2214 2210 Cor.
2246 2169 2304 2239 ν,
2338 2154 2388 2239 1,
2532 2154 2613 2239 De
2645 2158 2739 2223 14
2768 2152 2872 2209 hac
2899 2152 3094 2210 scribit
3125 2154 3454 2226 Apostolus:
3503 2181 3521 2204 ι
3553 2156 3687 2213 Sta-

2070 2230 2383 2338 ,ζιιῐρῖῐιξιέᾷ
2793 2250 2959 2307 semel
2988 2252 3129 2307 mori
3158 2252 3341 2323 (Hebr.
3375 2268 3456 2321 ιχ,
3495 2251 3613 2323 27).
3652 2275 3670 2299 ι

2072 2324 2205 2396 Hac
2223 2324 2503 2397 Abraham
2536 2324 2900 2414 ét'pi'ophetae
2932 2340 3137 2398 mortui
3180 2348 3328 2409 sunt,
3361 2341 3464 2399 hac
3509 2350 3687 2399 morte

2082 2447 2273 2489 omnes
2296 2450 2348 2489 in
2363 2433 2630 2503 oriemur,
2662 2444 2717 2492 et
2736 2434 2879 2491 sicut
2908 2450 3050 2508 aqua
3073 2434 3243 2491 effusa
3269 2450 3433 2506 super
3453 2442 3684 2505 terram,

2082 2542 2193 2583 non
2249 2527 2724 2599 congregabimur.
2766 2528 2920 2584 Alias
2970 2545 3117 2585 mors
3170 2536 3253 2584 est
3304 2528 3524 2597 animae,
3579 2545 3687 2602 qua

2082 2617 2291 2690 peccati
2322 2618 2581 2690 contagio
2625 2618 2809 2673 anima
2837 2618 3088 2675 confecta
3120 2617 3381 2686 moritur,
3415 2635 3525 2675 non
3551 2617 3687 2692 qui-

2083 2712 2205 2769 dem
2258 2714 2318 2768 in
2365 2714 2451 2769 sui
2502 2713 2831 2781 substantia,
2888 2731 3008 2786 quae
3053 2713 3195 2768 mori
3237 2714 3433 2782 nescit,
3488 2713 3584 2769 sed
3625 2714 3683 2769 in

2084 2802 2185 2857 Dei
2256 2800 2619 2857 viviﬁcatrice
2675 2802 2867 2873 gratia.
2941 2803 3077 2858 Nam
3132 2802 3401 2858 demerito
3456 2802 3685 2875 peccati,

2085 2894 2200 2948 Deo
2254 2889 2559 2959 recedente,
2629 2890 2932 2963 spiritalem
2994 2891 3178 2947 anima
3229 2892 3400 2947 vitam
3458 2891 3683 2948 amittit.

2087 2979 2241 3037 Unde
2287 2979 2426 3036 dicit
2470 2980 2796 3051 Apostolus:
2866 3006 2886 3029 ε
2922 2981 3056 3050 Quae
3105 2982 3301 3038 vivens
3344 2989 3561 3039 mortua
3605 2988 3686 3038 est

2088 3070 2146 3141 (Ι
2177 3070 2313 3126 Tim.
2375 3086 2433 3136 ν,
2492 3068 2572 3142 6).
2614 3094 2632 3119 ι
2675 3068 2814 3126 Mori
2869 3079 3051 3127 autem
3082 3080 3215 3128 tunc
3256 3088 3352 3144 per
3400 3081 3684 3145 peccatum

2004 3172 2047 3233 C
2082 3169 2323 3226 dicitur:
2353 3170 2483 3244 quia
2518 3194 2535 3218 ι
2556 3171 2739 3225 anima
2769 3187 2889 3243 quae
2919 3171 3250 3244 peccaverit,
3269 3173 3383 3245 ipsa
3414 3172 3684 3230 morietur

2092 3262 2307 3333 (Ezech.
2354 3277 2518 3328 xvm,
2565 3258 2644 3332 4).
2678 3285 2696 3308 ν
2756 3260 3022 3317 Morietur
3064 3270 3245 3317 autem
3286 3263 3527 3319 Domino
3571 3280 3683 3320 non

2087 3357 2297 3407 naturae
2328 3350 2670 3419 inﬁrmitate,
2727 3351 2821 3407 sed
2869 3350 3138 3407 demerito
3166 3353 3362 3423 culpae,
3416 3368 3536 3424 quae
3572 3370 3685 3409 non

2087 3449 2169 3497 est
2190 3442 2267 3497 ‘ab
2296 3440 2397 3498 hac
2450 3439 2562 3496 vita
2594 3456 2857 3507 recessus,
2912 3440 3006 3496 sed
3036 3441 3219 3513 lapsus
3248 3440 3468 3496 erroris.
3502 3441 3687 3497 Tertio

2087 3538 2169 3587 est
2221 3531 2418 3603 culpae,
2467 3546 2575 3604 qua
2616 3530 2797 3587 carnis
2839 3530 3285 3602 concupiscentia
3326 3529 3580 3599 moritur,
3626 3539 3688 3588 ut

2089 3636 2243 3676 mens
2270 3621 2383 3676 Deo
2412 3620 2603 3687 vivat;
2637 3619 2705 3675 de
2726 3635 2833 3692 qua
2862 3620 3194 3691 Apostolus:
3243 3644 3261 3668 ι
3301 3620 3474 3677 Vetus
3519 3619 3687 3677 homo

2088 3719 2274 3767 noster
2322 3711 2487 3767 simul
2538 3710 2841 3768 cruciﬁxus
2882 3717 2985 3780 est,
3040 3718 3101 3766 ut
3138 3708 3457 3767 destruatur
3484 3728 3686 3785 corpus

2088 3802 2316 3874 peccati,
2344 3810 2408 3858 ut
2441 3803 2586 3858 ultra
2614 3818 2725 3858 non
2772 3802 3076 3858 serviamus
3112 3810 3333 3874 peccato
3395 3803 3573 3874 (Rom.
3605 3819 3685 3871 v1,

2088 3892 2167 3965 6).
2202 3916 2221 3940 ι
2269 3893 2379 3949 Nec
2404 3892 2460 3949 id
2493 3894 2798 3960 immerito;
2838 3909 2963 3948 nam
2994 3893 3139 3949 sicut
3161 3901 3412 3949 mortuus
3433 3894 3547 3949 vita
3575 3909 3686 3949 non

2088 3990 2170 4038 est
2216 3981 2453 4054 amplius
2506 3981 2784 4038 obnoxius
2821 3982 3025 4054 culpae,
3068 3982 3149 4037 sic
3179 3992 3404 4037 renatus
3437 3998 3533 4052 per
3558 3998 3690 4053 gra-

2088 4071 2220 4126 tiam
2271 4086 2385 4127 non
2440 4070 2603 4127 debet
2658 4069 2893 4126 ulterius
2940 4068 3149 4124 servire
3197 4074 3440 4138 peccato.
3473 4067 3551 4121 De
3581 4082 3688 4138 qua

2090 4167 2266 4217 morte
2307 4160 2554 4234 loquitur
2597 4160 2914 4232 Apostolus,
2961 4157 3179 4213 dicens:
3249 4180 3267 4203 ε
3295 4153 3496 4211 Mortui
3539 4154 3685 4212 enim

2090 4250 2242 4319 estis,
2289 4258 2344 4306 et
2373 4250 2489 4305 vita
2518 4257 2698 4304 vestra
2746 4244 3069 4302 abscondita
3100 4252 3182 4301 est
3221 4261 3345 4302 cum
3377 4244 3599 4301 Christo
3629 4244 3687 4301 in

2089 4342 2204 4397 Deo
2250 4341 2487 4411 (Coloss.
2519 4355 2603 4406 ιιι,
2656 4337 2736 4408 3).
2769 4334 3159 4405 Hujuscemodi
3211 4343 3456 4392 mortuos
3492 4334 3689 4392 redar-

2090 4445 2260 4502 guens
2289 4428 2434 4484 idem
2462 4426 2780 4499 Apostolus,
2813 4424 2983 4482 dicit:
3030 4448 3048 4473 ι
3081 4424 3135 4481 Si
3172 4424 3379 4481 mortui
3409 4423 3539 4480 estis
3559 4440 3687 4479 cum

379 4494 618 4565 Thaath,
648 4496 1021 4555 castrametati
1049 4504 1179 4553 sunt
1229 4496 1289 4551 in
1322 4495 1498 4552 Thare
1531 4496 1717 4566 (Nam.
1773 4512 1979 4564 χχχιιι,

2091 4494 2312 4576 Christo
2328 4517 2398 4573 ab
2417 4494 2705 4573 elementis
2734 4514 2949 4582 mundi,
2982 4513 3118 4587 quid
3145 4521 3406 4586 tanquam
3437 4513 3688 4569 viventes

377 4584 494 4659 27).
530 4586 709 4644 Thare
740 4587 932 4643 Latine
953 4587 1347 4660 interpretatur
1380 4596 1593 4658 stupor,
1624 4585 1811 4643 Graece
1837 4590 1984 4649 ἵκτα-

375 4712 486 4767 σις,
520 4704 643 4762 quae
664 4695 746 4745 est
771 4687 1113 4746 vehementis
1140 4688 1425 4760 cujusdam
1454 4689 1839 4747 admirationis
1864 4707 1981 4765 spe-

374 4785 510 4855 cies,
543 4801 612 4841 ex
642 4784 936 4843 arduarum
955 4793 1009 4842 et
1024 4784 1375 4843 insolitarum
1396 4803 1581 4844 rerum
1601 4788 1814 4845 visione
1843 4805 1981 4863 pro—

376 4875 628 4930 veniens.
652 4875 790 4932 Nam
821 4890 945 4931 cum
971 4874 1157 4948 aliqua
1180 4875 1424 4943 insolita,
1462 4885 1671 4934 naturae
1702 4895 1833 4935 vero
1862 4878 1981 4934 im-
2022 4910 2039 4917 -

374 4963 685 5035 possibilia,
710 4962 955 5021 humano
970 4980 1027 5020 se
1051 4965 1288 5021 oﬂ'erunt
1308 4965 1537 5032 obtutu;
1589 4969 1718 5041 quia
1741 4969 1797 5024 in
1828 4968 1978 5025 inve-

376 5052 675 5126 stigatione
695 5052 1018 5126 hujusmodi
1037 5070 1212 5111 causae
1231 5071 1425 5111 sensus
1452 5055 1739 5124 deﬁciunt,
1761 5064 1815 5117 et
1840 5058 1980 5113 ratio

383 5145 723 5214 succumbit,
747 5161 904 5201 mens
924 5152 1125 5217 stupet.
1148 5146 1307 5215 Quod
1327 5145 1523 5202 Daniel
1537 5145 1740 5203 clarius
1761 5161 1979 5219 expres-

377 5235 474 5305 sit,
530 5234 752 5292 dicens:
802 5260 821 5283 ι
856 5233 1153 5307 Stupebam
1200 5236 1601 5304 adversionem,
1639 5242 1692 5291 et
1722 5252 1833 5291 non
1865 5252 1982 5309 erat

380 5324 705 5399 intelligens
736 5327 902 5398 (Dan.
947 5340 1073 5393 vni,
1101 5324 1216 5396 27).
1250 5350 1270 5371 ι
1328 5326 1484 5383 Unde
1534 5342 1663 5382 cum
1704 5326 1980 5399 paralyti-

374 5430 508 5472 cum
556 5415 652 5490 qui
702 5414 1023 5487 portabatur
1064 5429 1095 5469 a
1122 5421 1378 5487 quatuor,
1419 5414 1489 5471 ad
1532 5415 1706 5471 solam
1754 5414 1978 5471 Domini

376 5520 574 5563 vocem
604 5505 932 5574 surrexisse,
980 5505 1187 5564 lectum
1218 5503 1277 5560 in
1332 5521 1442 5578 quo
1465 5504 1702 5577 jacebat,
1759 5506 1975 5575 tulisse,

377 5601 435 5649 et
466 5595 522 5650 in
554 5596 784 5651 domum
834 5611 989 5651 suam
1021 5592 1220 5651 abiisse
1267 5592 1504 5650 intuitus
1530 5605 1670 5652 esset
1707 5596 1976 5669 populus;

377 5680 512 5756 quia
556 5682 663 5740 hoc
690 5698 854 5757 supra
872 5682 1184 5741 facultatem
1217 5689 1335 5741 erat
1362 5682 1626 5753 hominis,
1670 5682 1974 5760 obstupuit.

2090 4608 2148 4664 in
2178 4607 2386 4663 mundo
2401 4605 2765 4664 decernimini
2785 4605 3014 4675 (Coloss.
3047 4620 3112 4671 ιι,
3146 4602 3284 4673 20)?
3314 4627 3333 4650 ι
3381 4602 3689 4674 Unaigitur

2088 4713 2237 4753 mors
2265 4703 2348 4753 est
2400 4695 2690 4760 naturalis,
2738 4693 2846 4749 alia
2902 4691 3155 4765 pcenalis,
3187 4690 3350 4747 tertia
3398 4690 3683 4763 spiritalis.

2090 4788 2242 4844 Hanc
2270 4794 2600 4859 postremam
2631 4782 2883 4856 designat
2923 4781 3156 4847 Metcha,
3190 4797 3310 4854 quae
3358 4796 3503 4836 nova
3541 4796 3688 4837 mors

2088 4876 2294 4933 dicitur
2322 4894 2333 4930 :
2376 4875 2504 4948 quia
2534 4882 2774 4930 veterem
2805 4871 3034 4929 innovat
3063 4870 3378 4938 hominem,
3402 4875 3455 4925 et
3484 4886 3685 4927 novam

2087 4966 2220 5023 facit
2246 4974 2571 5034 creaturam,
2616 4964 2832 5021 dicente
2856 4962 3146 5035 Apostolo:
3228 4986 3245 5009 ι
3275 4961 3474 5017 Vetera
3500 4967 3692 5016 trans—

2090 5056 2293 5124 ierunt,
2348 5072 2471 5112 ecce
2520 5055 2663 5111 facta
2704 5060 2835 5109 sunt
2898 5050 3087 5107 omnia
3132 5066 3275 5106 nova
3318 5050 3406 5123 (ΙΙ
3444 5050 3568 5106 Cor.
3628 5063 3685 5114 v,

2092 5146 2206 5216 17).
2259 5147 2448 5219 Itaque
2494 5151 2549 5201 et
2600 5160 2699 5199 nos
2746 5143 2838 5198 hic
2884 5139 3226 5197 mansionem
3280 5138 3567 5205 faciamus,
3625 5140 3689 5190 ut

2088 5235 2326 5308 peccatis
2357 5234 2585 5302 mortui,
2612 5232 2846 5306 justitias
2876 5240 3138 5304 perpetuo
3165 5230 3441 5287 vivamus.

2161 5325 2372 5382 XXVI'
2427 5324 2653 5389 mansio,
2709 5323 2956 5379 Esmona.
3023 5352 3094 5362 —
3165 5318 3375 5375 Mansio
3426 5312 3688 5370 vicesima

2088 5422 2244 5471 sexta
2273 5415 2513 5470 Esmona
2542 5419 2892 5486 nuncupatur
2919 5429 2933 5479 ;
2979 5427 3103 5468 nam
3134 5408 3308 5465 dicit:
3380 5429 3397 5450 -
3429 5404 3502 5460 Et
3550 5419 3687 5477 pro-

2087 5502 2218 5560 fecti
2285 5519 2357 5559 ex
2426 5501 2665 5571 Metcha,
2721 5499 3089 5559 castrametati
3146 5500 3277 5550 sunt
3332 5492 3390 5548 in
3446 5493 3688 5550 Esmona

2092 5594 2275 5666 (Num.
2326 5610 2533 5663 χχχιιι,
2582 5592 2698 5664 29).
2732 5593 2974 5648 Esmona
3002 5584 3194 5641 Latine
3222 5581 3428 5642 dicitur
3469 5585 3690 5643 accele-

2088 5683 2250 5752 ratio,
2307 5681 2456 5759 quod
2504 5696 2743 5754 congrue
2790 5677 2919 5735 huic
2971 5672 3243 5732 mansioni
3277 5682 3513 5751 aptatur.
3545 5675 3681 5732 Nam
