4136 6194
351 310 415 367 31
1380 303 1478 358 Al)
1519 301 1754 359 OPERA
1792 299 1846 355 S.
1890 298 2223 355 AMBROSII
2262 295 2647 354 APPENDIX.
3605 297 3674 352 32

353 432 450 489 ubi
480 431 670 488 anima
701 435 878 486 morte
906 427 1114 502 peccati
1158 441 1256 500 per
1289 424 1627 498 superiorem
1660 422 1951 480 stationem
2063 423 2318 478 timorem
2347 420 2583 477 habeant
2607 422 2666 492 (I
2699 419 2833 478 Tim.
2871 436 2928 488 ν,
2964 421 3084 490 20).
3118 444 3136 466 ι
3173 421 3483 476 Habeamus
3505 421 3676 493 igitur

353 526 436 581 in?
461 539 662 580 novam
717 519 886 577 evasit
944 527 1274 586 creaturam,
1328 518 1518 574 sistere
1592 515 1778 570 animo
1835 530 1947 570 non

354 621 553 688 potest,
584 629 696 669 non
726 611 841 667 otio
871 619 1118 682 torpere:
1178 607 1272 664 sed
1302 607 1538 664 ulterius
1569 604 1844 677 progredi,
1895 611 1948 659 et

355 705 659 761 accelerare
689 702 794 758 iter
834 699 1138 758 contendit.
1171 697 1492 754 Viatoribus
1520 702 1702 751 autem
1745 692 1950 750 celeri-

353 803 435 850 tas
461 792 745 865 aptissima
782 797 892 848 est:
920 806 982 846 ea
1025 795 1246 862 propter
1276 786 1479 858 populo
1527 792 1744 855 patrum
1784 798 1950 838 man-

355 883 558 940 ducare
585 881 787 954 pascha
815 878 1150 953 praecipitur,
1175 883 1229 930 et
1257 874 1604 930 festinanter.
1637 870 1780 928 Hinc
1807 887 1951 942 apo-

353 971 509 1029 stolis
547 969 867 1027 mandatum
916 973 1034 1021 est:
1100 989 1118 1012 σ
1147 963 1436 1020 Neminem
1489 977 1586 1033 per
1614 960 1762 1015 viam
1792 961 1952 1015 salu—

357 1060 608 1120 taveritis
657 1060 810 1129 (Luc.
843 1072 902 1124 x,
954 1054 1034 1126 4).
1087 1054 1178 1111 Sic
1223 1053 1485 1108 Elisaeum
1532 1053 1592 1106 in
1636 1050 1950 1121 Regnorum

354 1154 498 1210 libro
549 1149 701 1207 Giezi
758 1146 1070 1219 injunxisse
1111 1143 1346 1216 legitur:
1406 1166 1424 1189 ε
1453 1141 1712 1213 Accinge,
1749 1141 1949 1212 inquit,

352 1241 570 1299 lumbos
601 1247 745 1306 tuos,
799 1244 855 1292 et
881 1236 1012 1291 tolle
1042 1233 1299 1289 baculum
1330 1247 1513 1287 meum
1550 1232 1606 1285 in
1640 1247 1807 1286 manu
1836 1238 1950 1299 tua,

352 1340 407 1389 et
429 1329 568 1387 vade
593 1347 604 1385 :
637 1336 692 1384 et
716 1327 762 1384 si
795 1324 1076 1382 inveneris
1105 1321 1367 1394 aliquem,
1397 1337 1510 1378 non
1539 1320 1834 1378 benedicas
1879 1322 1950 1389 ei,

354 1429 409 1478 et
455 1421 501 1477 si
530 1417 880 1475 benedixerit
926 1414 1029 1469 tibi
1061 1412 1354 1486 quispiam,
1386 1427 1495 1466 non
1547 1411 1874 1482 respondeas
1903 1412 1951 1468 ei

358 1512 464 1583 (IV
512 1511 636 1579 Reg.
680 1524 759 1574 IV,
791 1506 924 1576 29):
959 1529 977 1552 ι
1055 1520 1180 1559 nam
1214 1518 1351 1574 opus
1398 1500 1495 1556 Dei
1553 1516 1952 1572 praeproperam

262 1619 267 1624 τ
356 1598 520 1654 etiam
603 1595 1012 1652 festinationem
1060 1590 1252 1661 exigit.
1324 1612 1343 1636 ι
1379 1587 1724 1657 Maledictus,
1773 1587 1954 1660 inquit

357 1687 642 1760 propheta,
701 1684 796 1758 qui
856 1681 991 1738 facit
1036 1697 1175 1752 opus
1223 1677 1321 1734 Dei
1353 1678 1690 1749 negligenter
1737 1677 1951 1748 (Jerem.

357 1794 553 1844 xnvm,
587 1774 700 1847 10).
733 1797 751 1819 ιι
813 1771 942 1828 Ideo
972 1769 1278 1842 discipulus
1305 1768 1420 1835 ille,
1452 1767 1547 1840 qui
1591 1767 1758 1825 citius
1793 1769 1955 1823 Petro

354 1867 423 1923 ad
451 1868 872 1920 monumentum
922 1860 1210 1933 praecurrit
1241 1857 1422 1929 (Joan.
1465 1873 1563 1925 xx,
1619 1856 1700 1928 4),
1747 1857 1956 1913 immo-

356 1959 476 2015 dice
506 1954 946 2014 commendatur.
980 1955 1044 2010 In
1072 1953 1162 2008 via
1185 1950 1284 2008 Dei
1313 1951 1402 2006 vel
1432 1933 1697 2036 festinaui
1715 1945 1957 2036 sepeliet

356 2047 790 2123 progressionem
847 2060 982 2110 esse,
1012 2050 1073 2100 ut
1101 2041 1344 2110 diabolo,
1377 2040 1472 2114 qui
1513 2025 1645 2096 stat:
1661 2025 2055 2112 Mope-15a};

362 2138 592 2208 dextris,
625 2153 734 2212 quo
775 2136 980 2194 sanctis
1025 2134 1364 2201 adversetur,
1413 2139 1664 2214 coeptum
1700 2131 1807 2214 iter
1840 2132 1956 2187 im-

358 2202 612 2302 pediendi
639 2202 900 2299 “spatium
943 2240 1055 2280 non
1086 2202 1452 2297 relinquatur;
1477 2202 1820 2304 ξῇῥεξῖξὶᾐξ
1851 2220 1980 2295 qni-

358 2296 593 2391 peccatis
639 2296 866 2385 mortui,
892 2315 1126 2388 justitiae
1156 2330 1252 2387 per
1298 2296 1813 2379 Méfdha'vivimisi
1840 2296 2036 2377 miri;

357 2424 652 2480 sequamur
700 2407 865 2464 modo
912 2406 981 2463 ad
1018 2405 1263 2478 palmam
1310 2419 1558 2476 supernae
1605 2402 1950 2468 vocationis;

359 2497 454 2554 sed
483 2497 542 2553 in
593 2498 835 2554 Esmona
864 2511 1169 2553 curramus.
1224 2493 1546 2549 festinantes
1575 2491 1645 2548 ad
1695 2491 1960 2564 proposi-

358 2595 475 2643 tum
524 2587 687 2643 nobis
729 2595 1026 2643 certamen.
1062 2583 1408 2640 Festinantes
1437 2597 1674 2654 namque
1719 2589 1959 2654 pastores

360 2683 650 2742 venerunt,
708 2683 763 2732 et
832 2675 1168 2731 invenerunt
1235 2688 1467 2746 puerum
1544 2671 1730 2728 Jesum
1804 2673 1955 2743 (Luc.

364 2783 426 2834 ιι,
462 2765 577 2838 16).

429 2869 665 2927 XXVII'
701 2869 927 2936 mansio,
976 2868 1294 2925 Moseno'm.
1336 2898 1408 2910 —
1433 2867 1645 2925 Mansio
1697 2866 1958 2923 vicesima

358 2959 590 3032 septima
644 2958 950 3028 appellatur
1002 2957 1315 3024 Moseroth;
1390 2957 1528 3012 dicit
1573 2955 1760 3012 enim:
1829 2980 1848 3002 ι
1888 2957 1959 3012 Et

361 3046 592 3123 profecti
622 3062 691 3101 ex
719 3047 979 3112 Esmona,
1013 3046 1386 3102 castrametati
1427 3053 1556 3101 sunt
1585 3045 1643 3100 in
1681 3045 1958 3101 Moseroth

363 3136 550 3207 (Num.
609 3149 814 3200 χχχιιι,
842 3131 958 3202 30).
1015 3131 1267 3203 Congrue
1296 3146 1445 3188 nunc
1471 3131 1748 3188 Moseroth
1778 3148 1959 3189 succe-
1989 3159 2032 3219 ο

362 3224 481 3292 dit;
507 3221 784 3296 significat
807 3221 954 3278 enim
982 3220 1325 3294 disciplinas,
1347 3228 1410 3277 ut
1438 3221 1530 3294 qui
1549 3221 1957 3279 festinationem

362 3315 421 3373 in
458 3315 700 3372 Esmona
739 3313 845 3370 sibi
876 3313 1094 3382 ascivit,
1125 3329 1242 3369 eam
1275 3312 1439 3370 modo
1479 3313 1546 3370 ad
1572 3313 1965 3386 comparandas

361 3404 682 3478 disciplinas
719 3404 993 3477 sapienter
1042 3411 1318 3460 accersat:
1382 3428 1400 3450 ι
1437 3404 1509 3459 Et
1549 3404 1642 3472 sit,
1687 3403 1836 3477 quod
1865 3404 1966 3460 Ja-

361 3493 530 3552 cobus
570 3493 847 3565 apostolus
893 3493 1072 3562 docet,
1104 3493 1286 3549 omnis
1323 3492 1490 3549 homo
1535 3493 1697 3548 velox
1740 3493 1962 3567 quidem
1996 3546 1997 3549 η

363 3581 432 3639 ad
456 3581 792 3638 audiendum
825 3581 964 3653 (Jac.
999 3599 1036 3649 ι,
1073 3581 1184 3653 19).
1215 3606 1232 3628 ι
1277 3584 1422 3638 Deus
1450 3581 1762 3655 disciplina
1793 3582 1964 3656 hujus

365 3679 556 3730 auctor
596 3678 709 3729 est:
761 3669 969 3728 dicitur
1014 3670 1163 3727 enim
1214 3687 1310 3744 per
1360 3670 1720 3744 prophetam:
1770 3697 1789 3722 ι
1831 3673 1965 3740 Quis

364 3760 611 3820 ascendit
639 3759 695 3815 in
740 3759 965 3828 oculum,
1005 3767 1059 3817 et
1103 3761 1313 3833 accepit
1341 3777 1482 3830 eam,
1513 3769 1566 3818 et
1608 3761 1804 3819 eduxit
1844 3778 1963 3818 eam

365 3868 395 3908 e
451 3850 740 3908 nubibus?
775 3849 910 3919 Quis
957 3850 1217 3907 transivit
1267 3860 1416 3908 trans
1445 3868 1615 3920 mare,
1644 3859 1696 3907 et
1745 3852 1966 3908 invenit

366 3957 506 4011 eam,
532 3948 586 3998 et
601 3941 788 3998 afferet
816 3957 934 3996 eam
963 3957 1098 3996 auro
1123 3940 1338 3997 electo?
1366 3941 1486 3997 Non
1517 3950 1597 3997 est
1627 3958 1962 4014 cognoscens

369 4032 512 4090 viam
557 4033 696 4106 ejus,
728 4049 904 4107 neque
943 4033 1036 4106 qui
1066 4031 1375 4089 consideret
1404 4033 1626 4088 semitas
1655 4031 1812 4104 ejus:
1868 4032 1963 4089 sed

368 4122 545 4180 sciens
601 4122 789 4179 omnia
841 4123 1129 4197 cognoscit
1186 4137 1329 4189 eam,
1388 4129 1441 4176 et
1495 4120 1783 4177 adinvenit
1839 4137 1959 4178 eam

369 4209 661 4282 prudentia
716 4227 815 4267 sua
846 4212 1106 4283 (Barach.
1168 4229 1250 4280 ιιι,
1283 4209 1492 4284 29-32).
1543 4210 1672 4267 Ideo
1717 4211 1786 4266 ab
1845 4211 1962 4284 ipso

367 4298 673 4372 expetenda
725 4307 825 4368 est,
874 4299 1090 4357 dicente
1117 4300 1319 4358 Iacobo
1347 4301 1595 4374 apostolo
1626 4320 1637 4357 :
1705 4325 1724 4349 ι
1753 4300 1810 4358 Si
1840 4301 1964 4373 quis

371 4395 614 4445 vestrum
660 4387 871 4461 indiget
915 4388 1204 4461 sapientia,
1238 4391 1478 4461 postulet
1505 4405 1536 4444 a
1581 4391 1695 4445 Deo
1728 4390 1824 4462 qui
1871 4390 1964 4446 dat

2057 513 2350 569 stationem
2406 511 2464 567 in
2511 510 2809 580 Moseroth,
2854 515 2946 573 15
2993 508 3051 566 id
3109 515 3210 577 est,
3263 511 3674 582 eorreptionum

2059 607 2485 664 mortiﬁcatione
2516 607 2575 663 in
2600 607 2896 680 disciplina
2927 607 3026 663 Dei
3074 605 3478 663 contineamur.

2130 697 2392 752 XXVIII“
2413 697 2641 762 mansio,
2664 697 3052 752 BANEJACHAM.
3087 727 3157 736 —
3175 695 3455 752 Vicesima
3483 702 3678 753 octava

2060 784 2272 840 mansio
2299 784 2357 840 in
2383 784 2744 855 Banejacham
2769 784 3070 856 peragitur;
3097 782 3279 856 inquit
3307 783 3455 839 enim
3483 800 3495 839 :
3543 808 3562 831 ι
3598 786 3675 841 Et

2060 872 2289 946 profecti
2333 872 2399 928 de
2429 873 2730 940 Moseroth,
2763 881 3000 929 castram
3016 872 3150 928 etati
3181 879 3310 928 sunt
3341 872 3398 927 in
3437 873 3678 946 Baneja-

2060 962 2220 1019 cham
2265 963 2449 1033 (Num.
2510 979 2717 1027 xxxm,
2750 961 2865 1032 31).
2909 987 2926 1008 ι
2975 962 3082 1029 Qui
3116 961 3174 1016 in
3222 961 3323 1018 Dei
3381 961 3678 1034 disciplina

2062 1052 2357 1107 stationem
2385 1050 2569 1118 habet,
2593 1050 2842 1106 studium
2863 1067 3046 1118 omne,
3070 1067 3156 1105 om
3176 1066 3413 1124 nemque
3429 1068 3676 1123 operam,

2061 1149 2124 1197 ut
2152 1158 2220 1197 ne
2271 1141 2563 1196 minimum
2608 1140 2832 1212 quidem
2863 1157 2932 1195 ex
2985 1140 3098 1212 ipsa
3127 1139 3225 1196 Dei
3260 1140 3375 1210 lege
3407 1141 3676 1199 violatum

2064 1231 2380 1296 intercidat,
2412 1230 2603 1287 sedulo
2633 1230 2959 1303 impendere
2993 1229 3190 1297 debet,
3233 1239 3288 1286 et
3335 1240 3397 1288 ut
3427 1232 3678 1291 Salvator

2063 1320 2164 1389 ait,
2212 1345 2229 1367 ι
2257 1336 2324 1375 ne
2357 1320 2469 1375 iota
2492 1335 2688 1386 unum,
2720 1327 2814 1375 aut
2842 1335 2989 1375 unus
3016 1335 3156 1390 apex
3192 1345 3209 1364 ι·
3244 1320 3428 1392 aLege
3457 1329 3675 1392 praeter-

2063 1416 2150 1465 eat
2207 1410 2432 1480 (Matth.
2499 1426 2554 1476 v,
2611 1408 2723 1476 18).
2781 1407 2952 1464 Debet
3010 1408 3160 1464 enim
3215 1407 3355 1464 illud
3405 1410 3674 1482 evangelii

2063 1508 2246 1555 mente
2291 1506 2555 1572 perpetuo
2586 1498 2845 1565 retinere,
2879 1514 2988 1570 quo
3015 1497 3227 1554 dicitur
3256 1515 3267 1553 :
3336 1523 3354 1544 ι
3381 1498 3519 1555 Dico
3548 1498 3674 1568 tibi,

2067 1605 2178 1645 non
2209 1588 2362 1644 exies
2394 1588 2542 1655 inde,
2570 1587 2748 1644 donec
2790 1589 2957 1643 etiam
2992 1586 3294 1642 minimum
3317 1587 3675 1660 quadrantem

2062 1677 2258 1734 reddas
2287 1678 2502 1749 (Matth.
2533 1694 2591 1745 v,
2623 1677 2715 1748 26)
2753 1676 2781 1732 ?
2813 1677 2953 1732 Nam
2987 1676 3132 1734 sicut
3154 1692 3265 1732 non
3288 1676 3441 1748 prius
3468 1677 3676 1734 fenoris

1990 1795 2034 1855 Β
2064 1767 2311 1824 debitum
2336 1775 2656 1833 evacuatur,
2687 1784 2851 1841 quam
2889 1767 3072 1824 totius
3101 1767 3266 1824 sortis
3284 1767 3354 1824 ad
3381 1768 3674 1826 minimum

2066 1874 2237 1930 usque
2294 1859 2647 1915 nummulum
2733 1873 3073 1930 quocunque
3124 1857 3418 1913 solutionis
3481 1874 3676 1930 genere

1979 1947 2343 2033 E-qqantitas
2381 1947 2963 2033 universa-solvatur;
3019 1946 3098 2002 sic
3127 1962 3230 2002 nec
3258 1947 3465 2018 peccati
3495 1965 3672 2018 paena,

2067 2014 3007 2128 rélijfuarumque
3052 2014 3509 2107 compensatione
3551 2014 3675 2093 vir;

2067 2116 2269 2195 tutum,
2321 2116 2438 2183 'vial'
2466 2116 2696 2184 'stribta:
2721 2125 3100 2182 satisfactione
3151 2124 3496 2184 dissolvitur.
3554 2128 3671 2184 Non

1994 2230 2042 2305 ξε
2066 2216 2608 2305 θιιζίῐειςειιερρθίιιιιοιι),
2648 2215 2863 2305 fratres,
2898 2216 3009 2272 nisi
3043 2217 3221 2289 poenis
3249 2216 3443 2274 tandiu
3472 2218 3676 2292 noxius

2893 2322 2994 2378 sup
3015 2287 3184 2378 plicia
3211 2306 3414 2362 erroris
3458 2287 3674 2380 expen-

2067 2375 2189 2451 dat:
2207 2375 2435 2452 Dicebat
2460 2375 2702 2452 ἆέοοῖἶιιὲ
2726 2375 3043 2466 apostolus}
3109 2418 3127 2442 α
3165 2394 3270 2462 Qui
3301 2403 3470 2451 totam
3503 2375 3672 2468 legem

2066 2483 2388 2552 servaverit,
2412 2483 2653 2540 offendat
2667 2491 2849 2540 autem
2872 2483 2931 2538 in
2961 2500 3094 2551 uno,
3114 2483 3292 2540 factus
3319 2493 3399 2540 est
3423 2487 3671 2542 omnium

2069 2591 2192 2630 reus
2226 2573 2428 2645 (Jacob.
2462 2591 2525 2642 ιι,
2559 2573 2672 2644 10).
2708 2597 2726 2620 ι
2782 2571 3144 2629 Ponderanda
3189 2581 3272 2629 est
3321 2590 3537 2648 quoque
3579 2575 3674 2630 illa

2068 2664 2168 2722 Dei
2199 2661 2491 2731 sententia,
2526 2677 2646 2734 quae
2683 2661 2737 2717 in
2767 2661 2908 2734 Lege
2936 2663 3150 2734 scripta
3177 2670 3259 2718 est
3285 2682 3296 2718 :
3346 2689 3363 2711 ι
3391 2664 3508 2736 Ego
3552 2681 3673 2722 sum

2068 2757 2341 2814 Dominus
2369 2757 2514 2812 Deus
2541 2761 2691 2822 tuus,
2720 2755 2866 2810 Deus
2895 2755 3095 2811 zelotes
3142 2755 3350 2826 (Exod.
3394 2773 3493 2824 xx,
3527 2757 3608 2828 5).
3641 2782 3658 2804 ι

2070 2848 2183 2904 Lex
2218 2846 2386 2919 igitur
2411 2842 2510 2900 Dei
2535 2842 2886 2901 exactissima
2915 2860 3133 2918 quaque
3162 2838 3400 2902 censura
3430 2852 3513 2901 est
3533 2861 3675 2902 exa-

2068 2936 2348 3004 minanda,
2382 2942 2436 2993 et
2467 2934 2617 2990 omni
2646 2951 2754 3008 qua
2781 2941 2961 3006 potest
2982 2933 3179 3006 majori
3212 2933 3520 2990 sedulitate
3549 2951 3674 2990 ser-
3753 2961 3758 2964 ι

2068 3027 2268 3095 vanda,
2301 3042 2368 3081 ne
2407 3024 2475 3080 ab
2502 3041 2563 3081 ea
2594 3024 2734 3080 forte
2760 3023 3112 3080 excidamus.
3148 3024 3264 3081 Hoc
3303 3041 3404 3081 nos
3436 3039 3672 3096 praesens

2070 3118 2283 3174 mansio
2344 3114 2545 3171 docet:
2620 3115 2986 3186 Banejacham
3064 3114 3213 3171 enim
3271 3114 3670 3172 excolationem

2073 3207 2340 3278 designat.
2372 3203 2479 3272 Qui
2507 3210 2690 3259 autem
2723 3203 2896 3275 legem
2927 3203 3028 3258 Dei
3063 3205 3324 3274 percolat,
3357 3221 3425 3260 ne
3445 3203 3678 3261 minima

2073 3296 2295 3372 quidem
2339 3293 2426 3348 vel
2479 3291 2691 3363 syllaba
2720 3293 2807 3346 vel
2852 3307 2992 3363 apex
3039 3292 3376 3364 negligenter
3427 3293 3662 3359 labatur,

2072 3385 2368 3458 diligenter
2396 3380 2669 3438 observat.

2144 3492 2358 3552 ΧΧΙΧ·
2385 3490 2615 3559 mansio,
2645 3489 2898 3547 Ganexn.
2923 3487 3283 3546 —Vicesima
3302 3503 3447 3545 nona
3463 3490 3675 3548 mansio

2073 3584 2306 3642 habetur
2328 3581 2386 3636 in
2425 3586 2612 3635 monte
2641 3577 2896 3651 Gadgad;
2929 3576 3066 3634 dicit
3097 3593 3334 3650 namque
3359 3595 3371 3633 :
3421 3602 3438 3625 ε
3469 3578 3539 3634 Et
3554 3596 3672 3652 pro-

2073 3676 2202 3732 fecti
2248 3673 2314 3730 de
2344 3670 2729 3744 Banejacham,
2785 3668 3156 3728 castrametati
3212 3676 3341 3725 sunt
3396 3669 3455 3726 in
3488 3678 3674 3727 monte

2074 3765 2294 3839 Gadgad
2337 3766 2522 3837 (Nam.
2567 3779 2772 3832 xxxm,
2820 3760 2935 3832 32).
2987 3761 3238 3818 Tentatio
3283 3761 3482 3818 animae
3522 3760 3674 3818 ﬁdeli

2072 3856 2342 3925 custodia,
2373 3854 2640 3911 fortitudo
2672 3863 2726 3910 et
2755 3853 2978 3910 virtutis
3007 3860 3364 3925 augmentum
3401 3859 3514 3922 est;
3548 3869 3674 3910 nam

2072 3948 2256 4003 anima
2292 3945 2449 4018 justi,
2489 3943 2597 3999 nisi
2626 3942 3028 4000 tentationibus
3060 3942 3342 4000 interdum
3391 3958 3450 4000 se
3492 3942 3674 4014 urgeri

2072 4035 2316 4104 sentiret,
2348 4032 2551 4090 nedum
2581 4031 2637 4088 in
2689 4032 2939 4089 custodia
2969 4049 3083 4089 non
3114 4041 3380 4101 maneret,
3413 4033 3549 4106 quin
3581 4048 3674 4105 po-

2072 4128 2183 4184 tius
2209 4135 2472 4198 tanquam
2505 4122 2807 4196 gratiarum
2839 4122 2998 4194 copia
3024 4121 3281 4178 difﬂuens
3309 4123 3672 4179 relaxaretur.

2073 4216 2329 4288 AMoyse
2375 4219 2565 4270 sancto
2619 4211 3012 4268 documentum
3056 4210 3163 4268 hoc
3217 4212 3360 4269 clare
3417 4211 3666 4268 habetur.

2072 4306 2215 4361 Dum
2274 4303 2511 4376 populus
2577 4300 2856 4375 lampades
2910 4309 2966 4358 et
3019 4309 3262 4357 montem
3310 4301 3673 4372 fumigantem

2072 4402 2338 4463 cerneret,
2383 4409 2653 4466 vocesque
2699 4391 2936 4458 audiret,
2985 4399 3042 4447 et
3086 4390 3313 4446 territus
3360 4405 3391 4444 a
3435 4389 3675 4446 Domino

369 4477 628 4535 omnibus
656 4478 1100 4580 adluentel'Uec.
1124 4496 1168 4580 Ιἶ
1196 4479 1324 4580 5)..1
1368 4479 1497 4580 Ιξωξὶ
1511 4480 1710 4547 Deum,
1736 4478 1962 4552 ejusque
1994 4522 2040 4580 D
2073 4488 2303 4559 fugeret,
2333 4485 2481 4542 dixit
2509 4486 2754 4558 Moyses:
2803 4509 2820 4531 ι
2851 4481 3155 4549 Conﬁdite,
3186 4495 3350 4537 causa
3380 4480 3527 4536 enim
3555 4488 3674 4537 ten-

371 4584 536 4640 opera
576 4569 801 4626 revelat.
854 4567 1106 4638 Doctrix,
1153 4568 1336 4641 inquit
1391 4569 1669 4637 Salomon,
1728 4577 1810 4625 est
1863 4569 1963 4626 Dei

371 4657 687 4730 disciplina,
724 4665 778 4713 et
819 4657 1051 4715 electrix
1081 4673 1307 4731 operum
1342 4657 1517 4726 illius,
1566 4657 1686 4730 ejus
1714 4658 1964 4716 custodia

369 4746 524 4819 virga
604 4747 964 4804 correctionis
1043 4755 1171 4804 est.
1257 4747 1535 4820 Scriptum
1617 4759 1700 4806 est
1759 4749 1957 4806 enim:

386 4861 404 4884 ι
442 4835 619 4909 Plagae
657 4844 712 4894 et
763 4837 1137 4909 correptiones
1196 4836 1330 4893 dant
1381 4837 1706 4910 sapientiam
1771 4841 1961 4910 (Prov.

2072 4577 2226 4633 tandi
2281 4593 2380 4632 vos
2409 4577 2564 4631 venit
2610 4576 2758 4630 Deus
2787 4571 2856 4627 ad
2886 4587 3022 4627 vos:
3081 4576 3147 4626 ut
3179 4569 3252 4626 sit
3278 4569 3448 4625 timor
3474 4569 3590 4642 ejus
3616 4571 3673 4626 in

2075 4664 2252 4732 vobis,
2277 4672 2331 4721 et
2359 4680 2470 4719 non
2499 4661 2735 4734 peccetis
2766 4660 2949 4728 (Deut.
2980 4674 3108 4727 xm,
3150 4657 3229 4728 3).
3264 4681 3281 4704 ι
3308 4656 3526 4713 Dicitur
3543 4673 3674 4730 quo-

2074 4770 2180 4827 que
2209 4751 2505 4810 fortitudo:
2538 4765 2666 4805 nam
2697 4748 2882 4804 anima
2911 4764 2941 4805 a
2971 4745 3384 4819 multiplicibus
3417 4761 3473 4802 se
3500 4753 3674 4802 tenta-

2077 4841 2277 4898 mentis
2305 4848 2512 4913 septam
2553 4853 2878 4911 agnoscens,
2927 4835 3145 4895 cautius
3188 4833 3418 4903 incedit,
3466 4841 3519 4891 et
3548 4849 3675 4890 ma-

371 4924 671 4996 xxrx,l5).
703 4949 722 4973 ι
791 4925 1017 4998 Legitur
1062 4925 1120 4981 in
1151 4926 1403 4983 Numeris
1452 4925 1735 4982 hominem
1765 4943 1967 5000 quem—
2069 4933 2248 5007 jorem
2295 4949 2326 4989 a
2376 4930 2616 4989 Domino
2668 4930 2934 4986 virtutem
2991 4927 3254 5001 postulat,
3303 4926 3491 4983 dicens
3546 4941 3674 4982 cum

373 5016 498 5073 dam
542 5016 601 5073 in
655 5016 744 5072 die
774 5015 984 5074 sabbati
1037 5017 1188 5090 ligna
1216 5017 1565 5090 colligentem
1597 5016 1969 5089 comprehen-

373 5123 495 5163 sum
556 5106 749 5176 fuisse,
812 5123 999 5164 coram
1071 5107 1260 5180 Moyse
1333 5114 1387 5162 et
1455 5105 1769 5163 senioribus
1845 5106 1969 5163 sisti

373 5195 714 5265 mandatum,
768 5204 822 5252 et
856 5195 1072 5252 tandem
1117 5201 1277 5269 jussu
1304 5196 1404 5253 Dei
1458 5203 1632 5251 morte
1689 5195 1968 5267 punitum,

376 5284 654 5357 lapidibus
673 5285 934 5342 obrutum
961 5301 972 5339 :
1013 5311 1031 5332 ε
1046 5286 1242 5351 Morte,
1263 5285 1465 5358 inquit,
1486 5284 1754 5341 moriatur
1769 5283 1967 5351 homo;

382 5375 698 5449 lapidabitis
734 5393 860 5433 eum
908 5375 1183 5448 lapidibus
1230 5376 1413 5446 omnis
1437 5375 1787 5447 congregatio
1814 5384 1972 5431 extra

377 5471 554 5520 castra
581 5466 765 5536 (Num.
800 5482 899 5536 xv,
931 5466 1046 5537 35).
1081 5465 1239 5534 Quod
1267 5465 1325 5521 in
1357 5464 1460 5522 hac
1488 5465 1775 5522 mansione
1797 5464 1970 5538 aliqui

380 5553 580 5610 factum
641 5561 856 5626 putant.
899 5555 1042 5612 Hinc
1095 5555 1394 5628 Apostolus
1449 5570 1667 5628 quoque
1715 5553 1967 5611 dicebat:

395 5676 411 5696 ε
447 5651 763 5710 Peccantem
839 5667 1024 5711 coram
1099 5651 1359 5712 omnibus
1431 5667 1616 5725 argue,
1679 5660 1742 5710 ut
1787 5650 1969 5711 caeteri

2078 5023 2385 5096 Propheta:
2455 5046 2473 5070 ε
2504 5023 2763 5078 Miserere
2818 5019 2952 5088 mei,
2989 5021 3157 5090 Deus,
3219 5014 3478 5091 quoniam
3512 5013 3674 5071 multi

2078 5115 2347 5171 bellantes
2374 5111 2667 5169 adversum
2712 5125 2800 5166 me
2843 5110 3019 5181 (Psal.
3047 5125 3137 5178 Lv,
3169 5108 3224 5176 2,
3253 5106 3334 5177 3).
3367 5129 3386 5152 ι
3432 5103 3675 5160 Virtutis

2079 5220 2209 5260 vero
2263 5208 2640 5276 augmentum,
2701 5206 2970 5272 quatenus
3039 5197 3224 5254 anima
3277 5193 3676 5252 tentationibus

2078 5291 2318 5350 exercita
2347 5290 2538 5365 purior
2559 5289 2856 5363 egreditur.
2889 5288 3016 5345 Ideo
3045 5287 3304 5344 Salomon
3344 5285 3402 5340 in
3432 5283 3676 5340 Prover-

2079 5381 2187 5438 biis
2215 5380 2352 5438 dicit
2379 5397 2390 5436 :
2439 5404 2457 5427 ι
2485 5379 2639 5436 Sicut
2667 5378 2929 5452 probatur
2958 5378 3016 5434 in
3046 5373 3270 5434 camino
3305 5381 3598 5446 argentum
3621 5380 3677 5429 et

2079 5487 2295 5539 aurum,
2326 5470 2407 5528 sic
2433 5469 2607 5527 electa
2629 5468 2793 5527 corda
2819 5467 2965 5542 apud
2983 5465 3286 5525 Dominum
3310 5464 3497 5536 (Prov.
3531 5477 3674 5532 xvu,

2079 5562 2160 5635 3).
2192 5585 2211 5610 ι
2259 5560 2680 5617 Tentationibus
2708 5560 2947 5616 animam
2976 5555 3244 5630 proficere
3273 5559 3500 5610 sanctus
3529 5567 3675 5624 quo-

2080 5668 2185 5726 que
2226 5648 2457 5708 Jac-obus
2501 5650 2777 5724 apostolus
2822 5653 3052 5706 testatur
3103 5643 3331 5700 dicens:
3409 5665 3427 5688 ε
3466 5639 3671 5698 Beatus
