4136 6194
401 253 466 310 33
1314 253 1408 310 DE
1449 252 1597 309 XLII
1636 251 2106 309 MANSIONIBUS
2145 252 2479 310 FILIORUM
2521 255 2794 311 ISRAEL.
3633 257 3701 314 3’s

399 383 484 438 vir
500 382 593 455 qui
619 383 810 438 suﬂ'ert
841 382 1198 439 tentationem
1217 425 1234 451 ,
1263 383 1524 455 quoniam
1554 399 1681 438 cum
1723 381 1985 454 probatus
2012 388 2062 445 Α
2101 373 2205 435 tiat
2233 378 2594 448 desiderium,
2615 390 2671 436 et
2699 381 2757 436 in
2789 400 2895 454 quo
2937 392 3200 454 perpetuo
3261 399 3578 456 permanere
3608 384 3701 441 de-

397 480 579 549 fuerit,
611 481 843 553 accipiet
890 497 1148 538 coronam
1201 481 1329 536 vitae
1373 481 1511 552 (Jac.
1547 497 1588 549 ι,
1625 480 1740 551 12).
1777 504 1796 528 ι
1850 481 1989 536 Sunt

396 570 562 643 igitur
606 588 717 628 non
760 571 1034 644 fugiendae
1058 615 1073 640 ,
1113 569 1208 627 sed
1249 569 1571 643 expetendae
1618 570 1983 639 tentationes;

396 663 537 718 unde
565 663 743 719 David
793 663 1059 736 propheta
1099 663 1238 720 dicit
1269 681 1281 718 :
1330 687 1348 709 ι
1380 663 1557 718 Proba
1587 679 1696 732 me,
1730 664 1986 743 Domine,

397 759 447 808 et
477 759 624 810 tenta
653 768 738 808 me
764 755 944 822 (Psal.
976 769 1114 822 xxv,
1137 754 1220 825 2).
1258 779 1276 801 ι
1336 752 1822 823 Progredientibus
1863 769 1990 823 ergo

395 841 452 896 in
481 843 572 898 via
597 842 818 898 Domini
865 851 1206 899 teutamenta
1255 841 1603 914 frequentius
1643 841 1986 913 ingeruntur,

394 940 453 987 ut
476 931 690 988 cautius
721 933 1175 1003 fructuosiusque
1206 930 1484 986 incedant.
1511 930 1626 984 Hoc
1654 929 1812 984 nobis
1840 946 1987 985 man-

392 1019 471 1076 sio
500 1020 617 1077 haec
659 1021 909 1078 insinuat
942 1039 953 1076 :
1011 1037 1140 1076 nam
1188 1017 1407 1090 Gadgad
1446 1025 1843 1074 tentamentum
1889 1020 1986 1074 in-

390 1116 738 1182 terpretatur.
771 1111 851 1166 Ne
877 1110 1044 1181 igitur
1088 1117 1363 1164 tantarum
1392 1108 1550 1178 copia
1580 1107 1851 1164 virtutum
1881 1125 1986 1164 su-

388 1200 671 1273 periorum
698 1199 1045 1254 mansionum
1075 1197 1253 1253 viator
1271 1195 1544 1252 difﬂueret
1573 1197 1658 1252 vel
1687 1196 1981 1267 laberetur,

390 1289 661 1362 superiori
691 1289 796 1345 ista
826 1287 1036 1344 mansio
1066 1286 1329 1343 succedit.

459 1379 647 1434 ΧΧΧ·
686 1379 914 1447 mansio,
943 1379 1324 1434 Jarnaearm.
1355 1408 1426 1420 —
1463 1377 1675 1434 Mansio
1706 1377 1983 1436 tricesima

384 1468 693 1525 celebratur
733 1467 790 1523 in
849 1467 1210 1536 Jethebatha;
1261 1467 1408 1525 unde
1463 1467 1760 1542 sequitur:
1835 1491 1855 1516 ι
1912 1469 1983 1524 Et

385 1557 617 1630 profecti
667 1557 734 1614 de
792 1566 978 1614 monte
1028 1558 1272 1632 Gadgad,
1307 1559 1678 1616 castrametati
1735 1566 1868 1616 sunt
1920 1559 1979 1614 in

383 1647 706 1705 Jethebatha
737 1649 922 1720 (Num.
955 1665 1161 1716 χχχιιι,
1206 1649 1322 1720 33).
1361 1649 1752 1705 Tentationum
1806 1665 1981 1720 expe-

383 1737 619 1794 rimento
665 1738 844 1794 virtus
901 1738 1062 1810 justi,
1110 1746 1172 1794 ut
1218 1739 1278 1794 in
1369 1739 1640 1811 superiori
1697 1739 1980 1796 mansione
2015 1750 2060 1809 Β

383 1826 592 1884 dictum
622 1835 725 1896 est,
767 1827 939 1898 magis
980 1828 1300 1900 conspicua,
1341 1827 1650 1901 clariorque
1695 1829 1975 1887 elucescit.

384 1916 526 1974 Hinc
551 1918 717 1974 etiam
757 1919 952 1974 Petrus
993 1919 1272 1990 apostolus
1307 1936 1317 1974 :
1365 1942 1384 1966 ι
1413 1918 1780 1975 Exsultabitis
1808 1937 1976 1988 nunc,

383 2007 588 2081 inquit,
620 2008 666 2063 si
707 2014 924 2080 oportet
963 2007 1280 2064 contristari
1340 2007 1510 2062 variis
1559 2008 1976 2076 teutationibus,

382 2103 443 2151 ut
476 2096 728 2168 probatio
759 2104 953 2153 vestrae
983 2096 1114 2152 fidei
1143 2097 1318 2152 multo
1346 2095 1640 2168 pretiosior
1667 2098 1980 2170 auro,quod

379 2200 478 2258 per
505 2187 687 2260 ignem
717 2187 998 2260 probatur,
1033 2187 1350 2243 inveniatur
1391 2189 1456 2258 (Ι
1481 2188 1626 2243 Petr.
1672 2204 1711 2256 ι,
1743 2188 1799 2256 6,
1835 2189 1912 2260 7).
1948 2214 1966 2236 ι

377 2279 641 2351 Majorem
671 2281 836 2336 etiam
864 2296 960 2352 per
1005 2278 1147 2335 illud
1189 2277 1427 2351 acquirit
1471 2278 1726 2350 gratiam,
1761 2278 1885 2334 ideo
1919 2279 1978 2334 in

380 2369 529 2424 libro
583 2368 878 2440 Sapientiae
933 2369 1195 2440 scriptum
1244 2375 1369 2423 est:
1433 2391 1451 2414 ι
1501 2367 1738 2424 Probata
1793 2375 1976 2423 autem

380 2457 566 2514 virtus
593 2457 824 2530 corripit
850 2457 1173 2529 insipientes
1208 2457 1360 2529 (Sap.
1396 2474 1436 2524 ι,
1467 2456 1546 2528 3).
1581 2481 1598 2505 ι
1631 2457 1732 2512 Per
1762 2456 1901 2512 illud
1919 2460 1975 2512 in

377 2548 564 2607 medio
592 2550 757 2606 etiam
787 2550 1028 2606 nationis
1056 2566 1237 2622 pravae
1286 2550 1460 2604 latens
1497 2549 1675 2606 exerit
1713 2565 1768 2604 se
1800 2549 1978 2606 virtus

379 2648 432 2696 et
465 2640 646 2709 lucet;
680 2640 802 2698 ideo
850 2641 1129 2713 apostolus
1158 2641 1359 2697 Paulus
1409 2639 1477 2696 ad
1510 2639 1831 2698 Corinthios
1879 2642 1978 2696 in-

378 2732 500 2805 quit
533 2749 546 2787 :
595 2756 613 2780 ι
643 2732 870 2805 Oportet
899 2733 1130 2789 haereses
1157 2747 1294 2800 esse,
1326 2741 1387 2788 ut
1433 2731 1530 2804 qui
1577 2730 1792 2804 probati
1823 2739 1975 2796 sunt,

374 2821 655 2878 manifesti
684 2822 820 2879 ﬁant
847 2823 906 2878 in
937 2822 1096 2878 vobis
1127 2824 1180 2895 (1
1212 2823 1338 2878 Cor.
1373 2837 1454 2890 χι,
1491 2822 1603 2891 19).
1636 2845 1654 2867 ι
1697 2819 1978 2876 Sincerior

375 2908 595 2968 bonitas
625 2927 654 2968 e
688 2913 1085 2970 tentationibus
1125 2913 1331 2985 prodit,
1358 2913 1504 2968 sicut
1545 2911 1739 2984 purius
1785 2925 1976 2980 argen-

313 3047 322 3058 .
372 3003 492 3053 tum
550 3013 578 3053 e
647 2999 866 3055 camino
930 2999 1109 3070 ignis;
1173 2998 1358 3071 inquit
1431 2998 1577 3052 enim
1640 2997 1974 3068 Scriptura:

385 3109 404 3132 ι
435 3085 710 3153 Quoniam
753 3086 808 3140 in
837 3086 964 3158 igne
993 3086 1254 3158 probatur
1283 3091 1590 3156 argentum,
1626 3092 1680 3139 et
1723 3083 1975 3140 homines
2010 3113 2056 3170 ω

371 3176 725 3246 receptibiles
755 3175 811 3230 in
825 3175 1044 3231 camino
1065 3174 1398 3230 humilitatis
1422 3175 1590 3246 (Eccl.
1615 3191 1675 3242 ιι,
1694 3175 1802 3246 5).»
1832 3174 1969 3230 Cum

371 3263 550 3334 igitur
577 3263 768 3335 purior
787 3279 816 3318 e
854 3271 1194 3320 tentamento
1243 3264 1460 3320 bonitas
1489 3263 1661 3319 veluti
1691 3280 1720 3319 e
1751 3264 1970 3320 camino

371 3358 571 3418 exeat;
606 3352 803 3408 merito
828 3368 978 3411 nunc
1013 3353 1360 3424 Jethebatha,
1391 3369 1511 3427 qua:
1539 3352 1759 3410 bonitas
1786 3353 1965 3409 inter-

370 3448 640 3515 pretatur,
672 3441 935 3500 succedit.

443 3529 661 3587 XXXIa
690 3547 916 3600 mansio,
944 3533 1194 3589 Ennona.
1224 3562 1296 3574 —
1321 3532 1531 3590 Mansio
1551 3533 1826 3589 tricesima
1857 3532 1971 3606 pri-

372 3633 463 3674 ma
490 3619 673 3691 agitur
703 3619 760 3676 in
787 3620 1042 3688 Ebrona;
1081 3621 1204 3677 ideo
1235 3620 1376 3679 dicit
1412 3640 1424 3678 :
1473 3646 1491 3670 ι
1521 3624 1593 3678 Et
1641 3622 1970 3695 profecti‘de

371 3708 734 3779 Jethebatha,
779 3713 1147 3768 castrametati
1191 3719 1321 3767 sunt
1385 3712 1445 3768 in
1501 3713 1726 3769 Ebrona
1771 3717 1795 3784 (
1803 3713 1965 3768 Num.

374 3813 579 3868 χχχιιι,
612 3799 728 3872 34).
760 3827 778 3849 ι
817 3801 1007 3857 Justus
1061 3804 1316 3874 quamvis
1343 3803 1402 3858 in
1429 3802 1532 3859 hac
1561 3803 1678 3858 vita
1703 3801 1771 3858 ad
1798 3802 1968 3858 boni-

374 3895 542 3946 tatem
571 3890 736 3946 etiam
761 3891 1056 3962 perfectam
1085 3893 1390 3962 devenerit,
1411 3892 1560 3949 haud
1581 3900 1763 3949 tamen
1782 3908 1968 3948 animo

373 3979 541 4048 sistit,
570 3995 672 4036 nec
719 3983 972 4053 praesenti
1016 3991 1368 4040 contentatur
1407 3992 1585 4051 statu;
1619 3984 1754 4056 quin
1784 3985 1968 4056 potius

374 4077 575 4125 cuncta
609 4071 997 4142 pertransiens,
1048 4071 1299 4144 ﬂagranti
1353 4073 1520 4127 etiam
1550 4071 1824 4128 desiderio
1877 4078 1968 4136 16

375 4167 443 4223 ad
468 4169 700 4224 meliora
722 4169 1027 4225 contendit.
1062 4169 1203 4225 Hinc
1247 4169 1427 4225 David
1474 4169 1744 4242 propheta
1774 4169 1918 4227 dixit
1952 4188 1963 4226 :

391 4280 409 4302 -
439 4257 569 4314 Haec
617 4260 933 4315 recordatus
987 4275 1131 4327 sum,
1179 4267 1234 4316 et
1285 4259 1454 4315 effudi
1499 4260 1559 4315 in
1601 4275 1687 4315 me
1728 4259 1968 4315 animam

377 4360 553 4403 meam
580 4365 594 4413 ;
623 4349 884 4421 quoniam
913 4348 1159 4404 transibo
1203 4348 1262 4402 in
1293 4349 1475 4405 locum
1509 4348 1849 4404 tabernaculi
1877 4347 1967 4403 ad-

380 4435 670 4505 mirabilis,
696 4453 870 4510 usque
915 4437 986 4493 ad
1027 4437 1254 4492 domum
1303 4439 1404 4492 Dei
1441 4437 1615 4508 (Psal.
1657 4454 1774 4505 xu,
1821 4439 1902 4510 5).
1936 4464 1954 4485 ι

377 4523 460 4581 Ibi
491 4542 622 4582 vero
652 4527 918 4600 quiescet,
947 4526 1029 4582 ibi
1059 4525 1381 4598 implebitur
1415 4542 1576 4581 omne
1607 4526 1724 4598 ejus
1753 4526 1967 4582 deside-

377 4614 544 4671 rium.
575 4615 702 4671 ldeo
730 4617 840 4672 alio
866 4617 925 4672 in
948 4617 1070 4673 loco
1100 4615 1246 4672 idem
1277 4615 1542 4688 propheta
1570 4615 1717 4670 dixit
1747 4616 1971 4671 :«Satia-

377 4703 510 4773 bor,
571 4705 844 4775 Domine,
899 4723 1025 4764 cum
1083 4707 1400 4779 apparuerit
1455 4705 1596 4760 mihi
1650 4705 1824 4777 gloria
1879 4713 1972 4761 tua

379 4793 555 4864 (Psal.
589 4811 709 4862 xvr,
741 4796 848 4867 15).
881 4821 900 4845 ι
940 4797 1004 4853 In
1033 4796 1135 4852 hac
1165 4798 1278 4852 vita
1307 4813 1418 4852 non
1449 4796 1624 4868 quies,
1660 4795 1753 4851 sed
1783 4811 1970 4866 peren-

375 4882 463 4937 nis
491 4890 577 4938 est
605 4883 888 4940 transitus.
921 4886 1098 4953 Quare
1138 4901 1374 4958 sponsus
1417 4885 1476 4940 in
1519 4885 1764 4943 Canticis
1801 4883 1972 4940 canti-

375 4991 568 5032 corum
618 4974 689 5030 ob
728 4991 926 5033 cursus
969 4977 1348 5050 pernicitatem
1395 4992 1572 5048 caprae
1628 4975 1972 5047 hinnuloque

375 5079 667 5120 cervorum
715 5063 1052 5120 assimilatur
1097 5067 1282 5137 (Cant.
1327 5082 1388 5134 ιι,
1420 5065 1477 5138 9)
1512 5083 1523 5120 ;
1574 5065 1718 5120 unde
1761 5073 1814 5120 et
1847 5063 1974 5118 salit

375 5170 543 5226 super
570 5163 806 5224 montes,
860 5164 914 5211 et
968 5156 1217 5212 transilit
1267 5172 1430 5227 super
1479 5155 1666 5211 colles.
1711 5155 1826 5209 Hoc
1873 5170 1973 5210 nos

375 5242 540 5301 docet
567 5245 780 5303 mansio
822 5245 949 5313 ista,
980 5245 1241 5318 quoniam
1280 5246 1504 5302 Ebrona
1552 5246 1817 5302 transitus
1868 5252 1969 5313 est,

376 5353 439 5401 ut
468 5346 725 5418 quamvis
753 5346 822 5402 ad
866 5343 1169 5402 bonitatem
1202 5363 1295 5417 per
1334 5345 1671 5419 superiorem
1723 5343 1975 5400 mansio-

377 5450 506 5491 nem
538 5438 876 5509 perveneris,
924 5435 1112 5493 omnia
1155 5442 1336 5490 tamen
1382 5443 1512 5492 sunt
1542 5433 1918 5509 praetereunda
1956 5451 1967 5489 :

378 5534 596 5600 oportet
625 5536 678 5584 te
707 5527 776 5584 ad
815 5526 1044 5584 meliora
1085 5525 1340 5596 transire,
1371 5542 1656 5600 quousque
1685 5525 1876 5582 venias
1905 5523 1974 5581 ad

377 5615 522 5673 illud
549 5616 780 5686 bonum,
811 5617 958 5691 quod
984 5626 1067 5677 est
1089 5631 1390 5687 summum,
1423 5625 1478 5676 et
1505 5617 1656 5690 quod
1685 5631 1849 5676 omne
1877 5630 1976 5673 sa-

2099 466 2228 523 beas
2256 466 2429 539 (Orig.
2465 468 2572 522 loco
2601 468 2740 541 σει).

2172 558 2409 614 XXXIIa
2440 561 2665 628 mansio,
2697 563 3072 618 Asroucaenn.
3091 561 3392 618 —Mansio
3420 560 3702 620 tricesima

2099 645 2340 702 secunda
2369 646 2573 703 dicitur
2600 650 2956 722 Asiongaber,
2989 667 3098 723 quo
3145 649 3252 706 ﬁlii
3302 651 3468 707 Israel
3513 652 3697 724 appli-

2097 743 2368 802 cuerunt;
2404 737 2549 792 unde
2580 741 2828 811 sequitur
2866 758 2877 794 :
2921 764 2940 786 ι
2985 741 3057 796 Et
3088 740 3322 811 profecti
3359 740 3427 796 de
3456 741 3697 809 Ebrona,

2099 826 2470 881 castrametati
2503 837 2632 883 sunt
2661 828 3274 900 inAsiongaber(Num.
3309 846 3516 899 χχχιιι,
3544 831 3686 904 35).»

2099 911 2380 967 Postrema
2407 914 2652 970 ﬁliorum
2702 917 2866 972 Israel
2914 919 2971 972 in
3014 917 3226 974 deserto
3272 918 3486 974 Pharan
3536 919 3700 975 statio

2097 999 2214 1057 haec
2236 1011 2345 1069 est;
2383 1019 2509 1058 nam
2540 1011 2600 1058 ut
2631 1005 2688 1058 in
2719 1007 3097 1076 superioribus
3124 1008 3392 1079 diximus,
3433 1011 3700 1083 plurimas

2093 1089 2344 1147 ambiens
2377 1093 2691 1148 mansiones
2740 1094 2836 1149 illa
2877 1095 3120 1151 solitudo
3159 1095 3440 1171 hucusque
3468 1110 3700 1172 proten-

2093 1178 2247 1235 ditur
2281 1199 2291 1236 :
2328 1180 2724 1254 interpretatur
2747 1200 2879 1239 vero
2906 1183 3144 1240 consilia
3175 1185 3303 1240 viri.
3335 1187 3408 1241 Et
3440 1195 3582 1245 recte
3603 1189 3699 1245 in-

2092 1269 2332 1324 tentioni
2363 1269 2595 1343 quadrat
2628 1289 2639 1326 :
2676 1271 2940 1345 quoniam
2962 1273 3058 1344 qui
3098 1279 3280 1329 tantas
3306 1275 3517 1347 peregit
3549 1293 3702 1332 man-

2092 1357 2294 1426 siones,
2325 1367 2409 1415 tot
2435 1359 2705 1416 virtutum
2737 1362 3047 1434 penetravit
3065 1361 3243 1430 sinus,
3275 1369 3356 1417 tot
3386 1363 3697 1420 charisma-

2093 1453 2210 1502 tum
2263 1447 2566 1519 spiramina
2611 1450 2803 1518 sensit,
2834 1457 2916 1506 tot
2947 1467 3004 1507 se
3048 1450 3248 1507 studiis
3294 1452 3694 1524 perfectionum

2093 1544 2342 1592 exercuit
2429 1535 2543 1609 jam
2603 1537 2769 1595 desiit
2823 1556 2940 1595 esse
2995 1555 3132 1612 puer
3187 1542 3462 1610 sensibus,
3487 1541 3603 1615 jam
3628 1543 3696 1598 ad

2091 1641 2410 1682 mensuram
2443 1629 2618 1684 aetatis
2647 1629 3014 1702 plenitudinis
3044 1630 3252 1688 Christi
3282 1632 3556 1704 pervenit,
3581 1632 3695 1705 jam

2090 1716 2265 1772 crevit
2311 1716 2370 1771 in
2415 1718 2599 1773 virum
2643 1719 2970 1791 perfectum.
3019 1720 3092 1774 Et
3139 1719 3267 1775 ideo
3308 1720 3416 1775 viri
3467 1721 3698 1777 consilia

2095 1805 2325 1878 adeptus
2363 1815 2465 1877 est,
2498 1816 2560 1864 ut
2589 1826 2716 1865 cum
2754 1811 3022 1882 Apostolo
3050 1809 3206 1866 dicat
3240 1827 3251 1864 :
3299 1833 3316 1856 ι
3348 1810 3486 1868 Cum
3515 1820 3696 1867 autem

2090 1894 2270 1952 factus
2300 1914 2421 1954 sum
2453 1898 2560 1966 vir,
2605 1915 2726 1972 qua
2762 1899 2979 1971 parvuli
3007 1907 3187 1968 erant,
3219 1899 3446 1972 deposui
3481 1902 3537 1972 (Ι
3567 1903 3692 1956 Cor.

2090 2002 2210 2054 xm,
2245 1987 2356 2059 11).
2390 2013 2407 2035 ›
2425 1987 2569 2055 Quin
2593 1988 2776 2060 potius
2804 1990 2978 2045 altum
2999 1989 3228 2062 adeptus
3252 1999 3340 2048 est
3366 1991 3686 2058 consilium,

2089 2076 2218 2148 quia
2246 2077 2504 2132 Salomon
2534 2077 2591 2132 in
2623 2078 2936 2134 Proverbiis
2955 2079 3093 2136 dicit
3127 2096 3138 2134 :
3184 2101 3203 2126 ε
3234 2080 3394 2152 Aqua
3424 2081 3697 2152 profunda

2089 2165 2385 2221 consilium
2417 2166 2476 2221 in
2506 2166 2670 2224 corde
2713 2168 2821 2223 viri
2851 2169 3036 2239 (Prov.
3072 2184 3167 2236 xx,
3194 2169 3252 2240 5)
3286 2193 3304 2217 ι
3349 2171 3425 2224 De
3455 2170 3690 2227 consilio

2087 2253 2194 2310 isto
2223 2255 2451 2328 Sapiens
2479 2256 2696 2314 dicebat
2723 2275 2734 2313 :
2787 2281 2806 2304 ι
2835 2257 2964 2314 Sine
2994 2257 3228 2314 consilio
3258 2256 3400 2313 nihil
3431 2258 3620 2328 facias,
3641 2269 3696 2317 et

2089 2343 2146 2400 in
2200 2346 2454 2403 faciendo
2505 2364 2575 2404 ne
2627 2356 2680 2404 te
2739 2349 3004 2422 pceniteat
3037 2349 3236 2420 (Eccli.
3290 2365 3474 2417 χχχιι,
3504 2348 3620 2422 24).
3665 2376 3682 2398 ι

2087 2434 2243 2502 Quod
2273 2454 2385 2493 non
2415 2447 2495 2495 est
2525 2438 2686 2507 illud,
2717 2439 2784 2495 de
2833 2456 2947 2514 quo
2997 2440 3252 2513 queritur
3279 2439 3570 2508 Dominus,
3602 2455 3697 2511 per

2087 2526 2411 2599 prophetam
2467 2529 2656 2585 dicens
2691 2547 2702 2584 :
2750 2553 2767 2576 ι
2803 2531 2896 2586 Va:
2929 2529 3032 2585 ﬁlii
3063 2531 3354 2602 apostatael
3388 2529 3506 2586 haec
3553 2529 3691 2586 dicit

2086 2616 2358 2673 Dominus
2391 2636 2402 2674 :
2439 2619 2671 2675 Fecistis
2699 2620 2997 2676 consilium
3029 2636 3139 2675 non
3192 2636 3288 2692 per
3333 2636 3440 2688 me,
3471 2628 3526 2675 et
3554 2635 3692 2692 pac-

2086 2711 2203 2760 tum
2235 2722 2346 2761 non
2377 2722 2471 2777 per
2517 2709 2784 2779 Spiritum
2836 2724 3022 2763 meum
3060 2711 3195 2779 (Isa.
3229 2725 3366 2776 χχχ,
3402 2709 3479 2780 1).
3522 2733 3541 2756 ι
3587 2708 3695 2764 Sed

2087 2792 2228 2848 illud
2256 2795 2323 2849 de
2345 2812 2453 2867 quo
2482 2796 2710 2866 Sapiens
2739 2813 2750 2850 :
2792 2820 2809 2842 ι
2833 2797 3092 2866 Cognitio
3141 2797 3407 2866 sapientis
3433 2804 3694 2868 tanquam

2088 2881 2384 2938 inundatio
2421 2883 2744 2952 abundabit,
2777 2892 2830 2939 et
2859 2885 3164 2940 consilium
3207 2884 3362 2940 illius
3398 2885 3543 2941 sicut
3570 2888 3695 2944 fons

2088 2986 2258 3043 purus
2289 2973 2436 3042 vitae,
2469 2975 2616 3047 quod
2656 2975 2911 3031 custodit
2938 2991 2968 3030 a
2991 2977 3136 3030 malo
3168 2975 3360 3045 (Eccli.
3391 2991 3510 3043 χχι,
3550 2975 3639 3049 16)

2089 3062 2217 3134 quia
2242 3064 2536 3120 consilium
2565 3064 2772 3121 bonum
2802 3065 3077 3122 custodiet
3106 3072 3178 3133 te,
3210 3064 3471 3138 cogitatio
3496 3073 3678 3122 autem

2091 3161 2278 3210 sancta
2297 3154 2537 3210 servabit
2563 3163 2635 3210 te.
2664 3156 2783 3212 Huc
2811 3172 2938 3228 ergo
2968 3155 3357 3213 incunctanter
3371 3170 3685 3228 pergamus,

2092 3249 2146 3297 et
2175 3252 2362 3298 nostra
2390 3244 2483 3300 hic
2529 3245 2732 3301 alacres
2775 3253 3013 3301 tentoria
3040 3245 3315 3318 erigamus
3347 3264 3358 3301 :
3395 3254 3456 3302 ut
3478 3247 3592 3302 Deo
3628 3245 3686 3300 in

2090 3339 2206 3388 toto
2233 3333 2396 3390 corde
2425 3343 2638 3401 nostro,
2668 3336 2812 3391 sicut
2840 3334 3018 3391 David
3049 3336 3108 3391 iu
3137 3335 3377 3392 concilio
3402 3333 3686 3405 justorum

2089 3428 2144 3476 et
2195 3423 2612 3495 congregatione
2672 3425 2845 3496 (Psal.
2905 3440 2974 3480 cx
2999 3466 3015 3493 ,
3068 3425 3147 3496 1),
3203 3423 3459 3481 conﬁteri
3508 3423 3688 3481 valea-

2093 3527 2236 3569 mus.

2163 3620 2428 3677 ΧΧΧΙΙΙι
2456 3621 2686 3691 mansio,
2715 3621 2832 3678 δικ.
2871 3651 2943 3663 -
2980 3621 3194 3678 Mansio
3216 3621 3496 3678 tricesima
3524 3621 3687 3678 tertia

2094 3716 2175 3764 est
2205 3712 2262 3764 in
2291 3709 2507 3766 deserto
2553 3711 2683 3778 Sin;
2717 3726 2884 3784 quare
2913 3709 3199 3784 subjungit
3233 3729 3245 3766 :
3292 3734 3310 3758 ‹
3341 3713 3412 3766 Et
3453 3710 3683 3783 profecti

2093 3799 2159 3855 de
2213 3800 2574 3872 Asiongaber,
2632 3801 2998 3858 castrametati
3047 3812 3180 3858 sunt
3233 3801 3291 3857 in
3347 3801 3563 3858 deserto
3588 3801 3684 3857 Sin

2093 3890 2277 3962 (Num.
2308 3909 2516 3963 χχχιιι,
2547 3892 2663 3966 36).
2715 3916 2733 3940 ν
2776 3891 2995 3948 Octava
3027 3891 3240 3947 mansio
3287 3907 3452 3962 supra
3493 3891 3683 3946 eodem

2093 3999 2309 4057 quoque
2337 3983 2561 4039 nomine
2588 3990 2956 4055 nuncupatur;
2988 3980 3171 4055 inquit
3194 3979 3343 4034 enim
3375 3999 3386 4035 :
3432 4002 3450 4025 ι
3482 3980 3551 4032 Et
3561 3995 3683 4050 pro-

2095 4073 2224 4129 fecti
2269 4090 2302 4129 a
2346 4073 2486 4128 mari
2529 4073 2738 4140 Rubro,
2783 4072 3153 4128 castrametati
3181 4076 3314 4124 sunt
3363 4069 3423 4122 in
3460 4066 3675 4123 deserto

2092 4162 2208 4218 Sin.
2243 4188 2261 4213 ι
2291 4162 2397 4219 Sed
2425 4162 2819 4220 attendendum
2845 4160 2993 4234 quod
3021 4158 3113 4214 hic
3134 4157 3286 4212 locus
3314 4153 3458 4210 alius
3487 4155 3556 4211 ab
3584 4156 3684 4212 illo

2088 4262 2200 4320 est;
2234 4250 2358 4308 ideo
2386 4252 2530 4308 infra
2560 4250 2917 4323 subjungitur
2951 4266 2962 4304 :
3011 4269 3030 4295 ι
3060 4249 3139 4302 De
3167 4245 3384 4300 deserto
3418 4245 3536 4314 Sin,
3567 4245 3684 4302 haec

2091 4356 2172 4405 est
2197 4347 2371 4406 Gades
2400 4349 2585 4420 (Num.
2619 4362 2717 4414 xx,
2750 4345 2828 4413 1).
2863 4369 2881 4391 ι
2921 4343 2994 4398 Et
3021 4340 3175 4411 alibi,
3206 4339 3339 4397 dum
3370 4341 3606 4414 populus
3625 4341 3684 4396 in

2092 4439 2194 4496 hac
2236 4445 2541 4495 moraretur
2583 4434 2899 4503 mansione,
2943 4433 3170 4489 mittens
3210 4433 3438 4488 nuntios
3468 4432 3686 4504 Moyses

2081 4531 2149 4586 ad
2183 4547 2361 4602 regem
2404 4530 2581 4585 Edom
2616 4545 2628 4582 :
2672 4550 2690 4574 ι
2730 4527 2802 4582 Et
2835 4541 2986 4582 nunc
3021 4540 3236 4593 sumus,
3269 4548 3288 4574 ι
3333 4522 3539 4596 inquit,
3577 4548 3596 4570 ι
3625 4523 3683 4580 in

2081 4619 2252 4676 Cades
2280 4619 2522 4680 civitate,
2546 4633 2616 4672 ex
2646 4623 2797 4687 parte
2826 4614 3022 4669 ﬁnium
3055 4623 3276 4670 tuorum
3301 4613 3488 4685 (Ibid.,
3518 4614 3633 4684 16).
3653 4638 3670 4660 ι

2081 4709 2236 4764 Hanc
2267 4707 2520 4763 meminit
2547 4703 2729 4762 David
2760 4703 3046 4776 propheta,
3082 4702 3275 4758 dicens
3308 4720 3320 4758 :
3371 4725 3390 4750 ι
3420 4703 3492 4758 Et
3522 4718 3684 4758 com-

2082 4798 2329 4854 movebit
2378 4795 2648 4852 Dominus
2691 4795 2969 4849 desertum
3016 4791 3188 4848 Cades
3242 4792 3416 4864 (Psal.
3475 4807 3680 4859 xxvm,

2081 4887 2162 4960 8).
2197 4912 2215 4936 ι
2256 4887 2359 4943 Hic
2385 4885 2554 4942 Maria
2584 4883 2758 4955 Moysi
2777 4899 2932 4937 soror
2960 4880 3106 4937 diem
3122 4897 3284 4936 suum
3313 4879 3517 4946 obivit,
3540 4895 3680 4936 mor-

2082 4984 2176 5034 tua
2205 4985 2256 5034 et
2286 4976 2499 5050 sepulta
2527 4981 2632 5042 est,
2666 4979 2726 5028 ut
2772 4987 2936 5043 supra
2967 4972 3188 5042 legitur.
3222 4969 3384 5038 Quod
3409 4970 3682 5042 Iosephus

2081 5082 2297 5142 quoque
2353 5064 2617 5122 describit
2666 5061 2903 5118 dicens:
2953 5085 2970 5107 ι
3001 5059 3158 5116 Tunc
3196 5059 3381 5133 itaque
3436 5073 3678 5117 sororem

2081 5156 2202 5229 ejus
2228 5155 2455 5212 Mariam
2485 5153 2614 5210 ﬁnis
2634 5151 2762 5208 vitae
2782 5149 3013 5220 accepit,
3043 5165 3172 5204 cum
3201 5148 3679 5221 quadragesimum

2081 5246 2407 5318 complesset
2435 5258 2667 5312 annum,
2689 5259 2759 5298 ex
2775 5257 2886 5315 quo
2905 5240 3211 5313 {Egyptum
3239 5237 3574 5310 dereliquit:
3599 5248 3678 5289 se-

2083 5338 2465 5410 pelieruntque
2493 5350 2610 5390 eam
2637 5333 2862 5406 'publice
2905 5331 3073 5387 nimis
3117 5328 3407 5402 splendide
3453 5323 3576 5397 (lib.
3621 5341 3678 5380 ιν

2082 5430 2303 5500 Antiqq.
2336 5444 2460 5501 cap.
2490 5426 2571 5499 4).
2606 5451 2624 5475 ι
2666 5425 2769 5481 Hic
2808 5423 3047 5495 denique
3092 5419 3321 5493 penuria
3351 5431 3504 5488 aquai
3531 5414 3678 5472 labo-

2082 5527 2167 5576 rat
2198 5518 2464 5592 populus;
2499 5531 2666 5590 quare
2695 5515 2870 5571 iratus
2899 5512 3271 5568 tumultuatur
3297 5505 3357 5559 in
3399 5504 3626 5578 Moysen
3661 5524 3673 5563 :

2081 5629 2113 5669 a
2141 5629 2251 5687 quo
2279 5620 2429 5686 petra
2451 5610 2610 5682 jussu
2637 5608 2735 5667 Dei
2767 5603 3009 5664 mirabili
3041 5600 3195 5670 virga
3224 5612 3498 5670 percussa,
3537 5613 3679 5672 aqua
