4136 6194
515 226 585 284 35
1533 236 1630 291 AD
1670 235 1905 293 OPERA
1947 236 2001 295 S.
2044 236 2385 295 AMBROSII
2422 240 2804 299 APPENDIX.
3757 252 3823 307 36

514 356 761 413 manavit
787 357 1030 429 copiosa,
1061 358 1207 425 unde
1233 358 1556 418 bibentibus
1596 362 1809 421 cunctis
1838 361 2113 435 cupiditas
2141 368 2190 427 A
2219 379 2320 435 pro
2350 365 2545 421 mundi
2574 366 2750 423 salute
2777 367 2837 423 in
2866 383 3029 426 cruce
3056 369 3415 442 pendentum,
3446 372 3707 446 quoniam
3725 391 3813 432 sa-

513 440 639 498 sitis
666 442 847 501 ablata
877 450 979 502 est.

585 571 853 630 ΧΧΧΝι
874 576 1103 645 mansio,
1136 578 1268 634 Hor.
1298 609 1368 619 —
1394 578 1605 634 Mansio
1636 575 1912 633 tricesima
1939 593 2113 650 quar-

512 665 668 716 taest
698 661 755 716 in
802 673 989 719 monte
1023 666 1172 733 Hor;
1207 667 1342 723 dicit
1376 668 1523 722 enim
1558 686 1568 722 :
1617 691 1633 712 -
1664 666 1737 722 Et
1765 665 1997 738 profecti
2043 665 2111 721 de

510 747 723 805 deserto
770 751 890 820 Sin,
922 752 1039 809 haec
1087 764 1170 811 est
1213 756 1404 824 Cades,
1452 754 1821 811 castrametati
1868 762 1998 810 sunt
2047 755 2104 809 in

513 836 626 892 Hor
684 847 873 896 monte
928 858 1095 914 prope
1149 850 1346 898 terram
1404 844 1582 898 Edoni
1643 845 1827 917 (Nam.
1883 859 2105 912 xxxru,

511 924 626 999 37).
662 953 680 976 ι
723 927 1024 985 Stationem
1057 932 1200 1001 apud
1232 932 1475 988 Cadesin
1505 935 1719 989 deserto
1747 934 1844 989 Sin
1876 933 2006 989 ﬁliis
2036 936 2109 990 ls-

511 1014 621 1068 rael
670 1018 979 1085 agentibus,
1028 1018 1245 1089 Moyses
1286 1019 1355 1083 ad
1402 1021 1774 1078 Idumaeorum
1804 1038 2005 1094 regem,
2048 1030 2109 1078 ut

510 1119 606 1175 per
633 1105 782 1160 illius
811 1105 953 1163 ﬁnes
975 1107 1122 1165 viam
1153 1110 1261 1166 sibi
1287 1128 1403 1168 una
1429 1129 1555 1168 cum
1586 1130 1685 1169 suo
1722 1115 1926 1186 populo
1966 1131 2109 1169 con-

507 1193 742 1263 cederet,
776 1196 984 1267 legatos
1013 1197 1198 1267 misit;
1230 1201 1521 1257 certiorem
1553 1210 1735 1258 tamen
1765 1218 1890 1258 eum
1918 1203 2106 1259 factu-

506 1297 616 1351 ros,
638 1290 699 1337 ut
720 1300 821 1340 nec
861 1301 1057 1358 aquam
1088 1288 1206 1344 sine
1236 1290 1412 1360 pretio
1428 1290 1535 1346 sibi
1553 1290 1809 1347 exhiberi
1837 1299 2102 1364 posceret.

505 1370 605 1426 Ille
635 1386 767 1427 vero
798 1374 1051 1444 petitioni
1101 1392 1212 1432 non
1261 1381 1630 1447 consentiens,
1664 1395 1765 1435 nec
1808 1381 2105 1436 transitum

512 1457 1023 1532 cedens,respondit
1056 1482 1067 1519 :
1115 1490 1132 1511 ι
1163 1467 1283 1522 Non
1316 1468 1578 1524 transibis
1609 1485 1702 1540 per
1722 1485 1830 1537 me,
1856 1470 2103 1543 alioquin

505 1547 652 1603 bello
684 1548 750 1603 in-
773 1566 1061 1607 occursum
1094 1554 1195 1610 tibi
1217 1556 1383 1611 exibo
1408 1558 1593 1629 (Num.
1622 1573 1721 1625 xx,
1752 1557 1892 1630 18).:
1927 1559 2104 1626 Quare

504 1636 740 1707 populus
770 1638 1030 1695 mandato
1069 1642 1190 1710 Dei,
1223 1644 1357 1699 utin
1386 1644 1818 1702 Deuteronomio
1847 1646 2099 1717 habetur,

2223 453 2418 511 lutaris
2445 463 2545 512 est.

2293 561 2556 618 XXXVIa
2579 564 2804 631 mansio,
2825 565 3349 624 Pinnem—Mando
3363 567 3642 626 tricesima
3661 581 3815 630 sexta

2218 649 2436 706 Phinon
2484 663 2865 726 nuncupatur;
2906 655 3044 712 dicit
3095 672 3334 730 namque
3368 676 3379 715 :
3429 681 3449 705 ε
3488 660 3562 716 Et
3588 661 3811 732 profecti

2219 739 2286 795 de
2315 740 2593 812 Salmona,
2642 747 3009 802 castrametati
3061 756 3190 804 sunt
3247 748 3306 804 in
3357 748 3580 806 Phinon
3626 752 3809 824 (Num.

2217 844 2424 896 χχχιιι,
2462 831 2579 901 42).
2613 858 2631 881 ι
2672 834 2898 907 Linguae
2946 835 3383 895 moderationem
3430 838 3577 895 inter
3605 856 3669 897 ea
3694 858 3811 915 quae

2218 914 2434 973 homini
2462 935 2574 975 non
2618 921 2804 979 minus
2849 926 3152 982 necessaria
3181 942 3347 1000 quam
3374 926 3629 986 difﬁcilia
3665 914 3808 999 sunt,

2216 1013 2437 1062 sanctus
2464 1008 2697 1066 Iacobus
2745 1014 3027 1083 apostolus
3056 1015 3180 1071 fuso
3228 1027 3515 1075 enumerat
3542 1034 3809 1086 sermone,

2216 1092 2444 1151 dicens:
2487 1120 2507 1143 ι
2536 1096 2594 1153 Si
2616 1098 2740 1171 quis
2766 1100 2823 1155 in
2855 1101 3024 1158 verbo
3046 1119 3159 1158 non
3202 1103 3454 1175 offendit,
3488 1105 3581 1165 hic
3626 1108 3809 1180 perfe-

2215 1192 2336 1241 ctus
2367 1192 2449 1242 est
2471 1187 2576 1257 vir,
2601 1198 2794 1261 potens
2814 1191 2970 1249 freno
2999 1193 3415 1252 circumducere
3444 1197 3611 1254 etiam
3636 1206 3807 1255 totum

2215 1290 2414 1347 corpus
2444 1276 2652 1346 (Jacob.
2684 1296 2767 1348 ιιι,
2791 1281 2870 1352 2).
2906 1306 2924 1329 ι
2967 1282 3110 1339 Ecce
3135 1284 3293 1354 equis
3309 1284 3465 1341 frena
3485 1285 3542 1342 in
3565 1303 3664 1343 ora
3693 1288 3807 1342 mit-

2212 1362 2407 1436 timus,
2433 1365 2503 1422 ad
2531 1369 2989 1426 consentiendum
3016 1371 3196 1443 nobis,
3233 1380 3286 1430 et
3323 1391 3488 1432 omne
3516 1392 3722 1451 corpus
3748 1377 3808 1432 il-

2214 1450 2394 1509 lorum
2423 1454 2886 1515 circumferimus.
2920 1462 3064 1518 Ecce
3097 1469 3151 1518 et
3181 1478 3370 1533 naves,
3402 1480 3529 1522 cum
3554 1450 3677 1524 tam
3705 1483 3808 1523 ma-

2214 1561 2331 1618 gnae
2353 1547 2545 1616 sint,et
2565 1566 2597 1604 a
2613 1552 2794 1608 ventis
2815 1552 3016 1611 validis
3038 1556 3811 1624 minentur,circumferuntur

2211 1651 2244 1691 a
2264 1636 2482 1694 modico
2503 1638 2893 1710 gubernaculo,
2913 1658 3242 1717 quocunque
3264 1644 3503 1718 impetus
3522 1646 3811 1721 dirigentis

504 1724 571 1780 ab
601 1740 666 1780 eo
695 1724 1029 1795 declinavit;
1066 1738 1119 1785 et
1148 1730 1216 1786 de
1247 1732 1419 1788 Cades
1449 1748 1693 1805 egressus
1720 1734 1789 1789 ad
1818 1736 1934 1792 Hor
1948 1753 2089 1792 mon-

2213 1725 2476 1783 voluerit.
2510 1729 2591 1785 Ita
2618 1737 2671 1785 et
2704 1730 2896 1803 lingua
2933 1731 3214 1789 modicum
3263 1735 3574 1792 membrum
3624 1744 3725 1806 est,
3759 1746 3811 1794 et

498 1822 612 1869 tem
642 1815 895 1885 pervenit
920 1815 1100 1886 (lbid.,
1132 1819 1250 1891 27),
1282 1828 1335 1876 et
1367 1822 1508 1879 hanc
1537 1840 1701 1896 quam
1736 1825 2098 1897 legimus,ha-

502 1901 625 1957 buit
651 1902 1017 1961 mansionem.
1054 1905 1156 1961 Ubi
1187 1906 1347 1979 juxta
1378 1912 1601 1966 Domini
1632 1922 1963 1986 praeceptum
1996 1918 2098 1972 Aa-

503 2007 605 2046 ron
637 2007 761 2047 cum
791 1993 979 2065 Moyse
1020 1994 1187 2051 fratre
1216 2005 1269 2053 et
1297 1999 1522 2056 Eleazar
1548 2000 1667 2057 ﬁlio
1699 2002 1758 2057 in
1788 2003 1902 2059 Hor
1930 2020 2097 2061 mon-

502 2088 615 2135 tem
645 2081 895 2138 ascendit
927 2101 940 2139 :
986 2085 1082 2141 ubi
1112 2087 1327 2159 Moyses
1358 2090 1524 2146 verbo
1554 2091 1653 2147 Dei
1684 2093 2098 2165 pontiﬁcalibus

501 2172 685 2226 Aaron
717 2170 1056 2229 indumentis
1086 2176 1292 2232 nudato
1315 2178 1539 2235 Eleazar
1560 2178 1766 2250 ﬁlium,
1796 2184 1888 2239 cui
1919 2200 2098 2256 prop-

501 2264 586 2314 ter
614 2264 829 2314 aatatem
850 2261 1203 2331 pontiﬁcatus
1221 2265 1569 2337 obveniebat,
1594 2269 1856 2327 universo
1885 2274 1971 2327 vel
1996 2275 2095 2330 mi-

502 2355 657 2403 rante
685 2350 911 2420 populo,
943 2352 1037 2424 qui
1067 2368 1137 2408 ex
1183 2354 1412 2412 adverso
1458 2358 1656 2428 stabat,
1707 2359 1961 2432 protinus
1990 2378 2097 2418 ve-

500 2435 675 2493 stivit.
706 2437 900 2511 Ibique
942 2443 1126 2498 Aaron
1173 2443 1289 2500 vita
1337 2445 1551 2515 functo,
1599 2448 1669 2504 ad
1705 2456 1794 2512 17
1824 2465 2096 2524 suumque

502 2537 767 2607 populum
796 2540 1067 2611 apposito,
1088 2542 1313 2598 Eleazar
1342 2543 1491 2601 ﬁlius
1516 2547 1768 2603 sacerdos
1788 2566 1889 2622 pro
1910 2550 2094 2606 Aaron

480 2633 655 2701 \patre
683 2645 784 2685 suo
813 2630 1118 2688 declaratus
1147 2641 1246 2690 est.
1268 2635 1649 2697 Memorabilis
1676 2644 1759 2697 eat
1786 2639 1959 2713 igitur
1988 2640 2095 2697 ista

501 2732 732 2776 mansro.

568 2865 810 2925 XXXVI
855 2869 1082 2938 mansio,
1126 2872 1408 2929 SALMONA.
1453 2902 1525 2916 --
1559 2875 1769 2932 Mansio
1816 2875 2094 2933 tricesima

508 2955 703 3027 quinta
744 2956 976 3012 habetur
1017 2958 1075 3012 in
1123 2958 1410 3026 Salmona;
1458 2977 1585 3016 nam
1618 2965 1914 3036 sequitur:
1973 2989 1990 3012 ι
2020 2967 2093 3022 Et

502 3042 731 3113 profecti
767 3059 836 3099 ex
871 3046 983 3099 Hor
1009 3054 1214 3114 monte,
1244 3050 1615 3105 castrametati
1641 3062 1771 3108 sunt
1798 3052 1858 3108 in
1884 3054 2089 3110 Salmo-

500 3147 572 3186 na
593 3133 776 3204 (Num.
808 3150 1014 3202 χχχιιι,
1045 3135 1159 3209 38).
1190 3162 1208 3186 ι
1244 3139 1510 3210 Egressus
1536 3155 1606 3195 ex
1636 3142 1749 3196 Hor
1772 3151 1958 3198 monte
1986 3160 2095 3216 po-

498 3223 681 3296 pulus,
714 3240 825 3279 non
879 3234 1083 3282 rectam
1132 3244 1296 3301 quam
1346 3240 1604 3305 cmperat,
1653 3244 1978 3306 prosecutus
2012 3246 2094 3294 est

498 3311 648 3366 viam
678 3329 692 3380 ;
727 3313 819 3368 sed
849 3313 1026 3370 Edom
1049 3325 1250 3374 terram
1281 3319 1632 3392 circumiens,
1664 3340 1814 3380 mare
1842 3326 2086 3383 Rubrum

498 3416 691 3458 versus
718 3403 824 3459 iter
849 3405 1106 3477 arripuit,
1140 3417 1200 3465 ut
1237 3409 1400 3481 juxta
1446 3411 1675 3469 verbum
1705 3415 1954 3486 Domini,
1985 3416 2090 3473 fra-

498 3499 610 3548 tres
637 3511 764 3550 suos
791 3496 937 3551 bello
966 3513 1080 3553 non
1109 3498 1423 3573 incesseret,
1446 3518 1548 3561 nec
1578 3522 1801 3578 prorsus
1827 3508 2047 3565 laederet
2073 3528 2085 3567 :

497 3581 679 3655 inquit
708 3582 855 3638 enim
895 3603 907 3641 :
971 3609 989 3632 ι
1016 3587 1094 3643 Ne
1143 3591 1412 3647 moveatis
1465 3602 1656 3651 contra
1684 3596 1833 3669 ipsos
1876 3596 2086 3655 bellum

500 3673 679 3745 (Deut.
711 3691 776 3743 ιι,
805 3676 888 3749 5).
921 3702 941 3726 ι
978 3678 1081 3734 Tot
1109 3680 1280 3753 igitur
1300 3684 1515 3742 viarum
1541 3688 1805 3761 fatigatus
1833 3692 2086 3750 anfracti-

490 3765 617 3832 bus,
676 3783 878 3824 manna
914 3779 1194 3842 pertaesus,
1244 3776 1463 3835 locutus
1507 3791 1608 3851 est,
1655 3781 1859 3857 inquit,
1890 3794 2085 3845 contra

491 3859 667 3915 Deum
698 3868 752 3921 et
776 3862 1024 3935 Moysen.
1065 3866 1242 3934 Quare
1270 3868 1444 3927 iratus
1472 3872 1745 3931 Dominus
1778 3875 2085 3936 virulentos

492 3947 893 4043 jethiferosque
937 3966 1237 4029 serpentes,
1284 3961 1380 4035 qui
1422 3980 1609 4022 morsu
1647 3967 2081 4043 internecabant,

492 4037 552 4093 in
576 4039 841 4112 populum
879 4040 1131 4114 immisit,
1183 4047 1329 4103 unde
1379 4050 1542 4121 periit
1598 4056 1833 4126 populus
1876 4037 2085 4116 multus

490 4126 677 4185 nimis.
708 4131 786 4187 De
814 4131 1017 4205 quibus
1045 4136 1300 4194 meminit
1323 4139 1491 4195 etiam
1517 4141 1838 4213 Apostolus,
1870 4144 2078 4201 dicens:

502 4238 522 4261 ιι
551 4217 737 4289 Neque
764 4226 1041 4280 tentemus
1091 4224 1398 4297 Christum,
1428 4228 1572 4287 sicut
1616 4231 1840 4304 quidam
1891 4250 2081 4291 eorum

490 4312 864 4379 tentaverunt,
913 4319 966 4370 et
1009 4330 1043 4370 a
1087 4319 1431 4390 serpentibus
1458 4320 1740 4393 perierunt
1790 4324 1846 4395 (Ι
1868 4324 1991 4381 Cor.
2024 4344 2078 4395 κ,

2214 1829 2409 1885 magna
2427 1814 2617 1887 jactat.
2651 1842 2669 1865 α
2692 1820 2833 1876 Ecce
2852 1837 3053 1891 parvus
3072 1821 3217 1894 ignis
3245 1838 3411 1895 quam
3443 1840 3701 1896 magnam
3719 1826 3809 1884 sil-

2212 1917 2335 1957 vam
2367 1903 2635 1963 incendit.
2658 1908 2728 1963 Et
2750 1908 2939 1981 lingua
2959 1911 3102 1983 ignis
3118 1920 3221 1978 est,
3244 1912 3576 1969 universitas
3604 1915 3810 1989 iniqui-

2210 1994 2339 2050 tatis
2371 1996 2533 2067 (lbid.
2546 1997 2623 2065 ,5,
2653 1997 2733 2069 6);
2758 2006 2812 2054 et
2826 2007 3021 2056 caetera
3036 2016 3157 2073 quae
3177 2002 3275 2058 tibi
3298 2010 3518 2059 sanctus
3533 2006 3811 2076 apostolus

2209 2081 2429 2140 disserit
2459 2085 2530 2141 ad
2549 2091 2893 2158 propositum
2923 2089 3208 2148 facientia.
3239 2090 3296 2146 Si
3317 2098 3400 2147 tot
3429 2093 3575 2148 mala
3592 2092 3808 2149 homini

2208 2194 2239 2234 e
2277 2178 2464 2251 lingua
2493 2181 2841 2253 immineant,
2873 2185 2997 2257 quis
3045 2186 3199 2242 illam
3256 2187 3643 2247 moderatione
3697 2206 3805 2247 non

2209 2267 2478 2341 indigere,
2509 2269 2691 2327 dicere
2720 2272 2991 2330 audebit?
3023 2275 3153 2333 Ideo
3192 2275 3423 2348 Sapiens
3450 2278 3506 2335 id
3538 2281 3807 2352 pracipit,

2207 2356 2339 2413 dum
2369 2358 2507 2416 dicit
2536 2377 2548 2415 :
2595 2384 2614 2408 ‹
2643 2360 3018 2420 Circumvalla
3072 2367 3474 2438 possessionem
3503 2379 3660 2427 tuam
3687 2370 3811 2443 spi-

2207 2449 2315 2517 nis,
2345 2458 2400 2506 et
2427 2452 2510 2507 ori
2542 2460 2638 2508 tuo
2671 2453 2759 2509 fac
2776 2453 2975 2526 januas
3001 2466 3057 2514 et
3093 2475 3276 2515 seras:
3326 2470 3615 2533 argentum
3649 2469 3806 2519 tuum

2206 2546 2260 2593 et
2290 2553 2485 2594 aurum
2509 2547 2666 2596 tuum
2697 2544 2895 2613 conﬂa,
2923 2552 2978 2600 et
3006 2547 3275 2604 sermonis
3296 2549 3378 2604 tui
3408 2550 3495 2606 fac
3522 2558 3806 2620 stateram,

2206 2634 2260 2683 et
2287 2627 2370 2683 ori
2400 2637 2496 2684 tuo
2529 2629 2615 2687 fac
2660 2641 2875 2702 portam
2925 2643 2979 2690 et
3022 2651 3200 2692 seram
3247 2638 3441 2710 (Eccii.
3476 2656 3688 2707 xxvm,
3716 2638 3805 2707 28,

2205 2717 2322 2790 29).
2354 2743 2374 2767 ›
2413 2718 2619 2776 Verum
2647 2738 2773 2789 cum
2802 2730 3025 2794 statera,
3055 2734 3216 2798 porta
3241 2735 3294 2785 et
3323 2744 3443 2785 sera
3485 2746 3584 2803 pro
3616 2733 3809 2804 lingua

2204 2826 2315 2897 non
2377 2812 2537 2872 facile
2599 2816 2650 2872 ei
2706 2830 3039 2887 occurreret,
3093 2821 3309 2880 dicebat
3355 2823 3503 2881 idem
3532 2826 3802 2899 Sapiens:

2218 2925 2237 2949 ι
2271 2903 2405 2971 Quis
2431 2903 2585 2961 dabit
2614 2906 2755 2963 mihi
2783 2924 2948 2981 super
2976 2927 3042 2967 os
3071 2928 3253 2969 meum
3283 2915 3615 2981 custodiam,
3644 2922 3702 2971 et
3717 2929 3805 2969 sn-

2203 3009 2298 3066 per
2327 2994 2471 3052 labia
2499 3012 2618 3052 mea
2652 2998 2999 3071 signaculum
3034 3003 3226 3073 (Eccli.
3260 3020 3402 3073 xxn,
3433 3003 3525 3075 33)
3547 3004 3574 3060 ?
3612 3030 3632 3054 ι
3683 3004 3805 3059 Da-

2124 3097 2166 3156 C
2202 3081 2298 3137 vid
2344 3100 2475 3139 vero
2505 3086 2770 3159 propheta
2810 3106 2842 3145 a
2885 3091 3125 3151 Domino
3185 3092 3304 3150 hac
3358 3094 3503 3150 dona
3554 3091 3805 3166 praestari

2201 3186 2516 3241 agnoscens,
2549 3177 2850 3235 Dominum
2886 3179 2976 3236 his
3005 3181 3329 3253 precabatur
3357 3174 3582 3239 verbis:
3630 3206 3650 3228 ι
3686 3180 3807 3237 Ρο-

2202 3275 2291 3327 ne,
2322 3262 2577 3331 Domine,
2609 3267 2915 3322 custodiam
2945 3271 3030 3324 ori
3064 3287 3184 3326 meo
3211 3279 3268 3326 et
3315 3273 3521 3329 ostium
3551 3273 3805 3330 circum-

2200 3348 2423 3404 stantiae
2442 3350 2652 3407 circum
2690 3353 2847 3415 labia
2873 3371 2993 3411 mea
3021 3358 3203 3426 (Psal.
3240 3374 3364 3425 CXL,
3393 3360 3474 3430 3).
3506 3385 3525 3409 ι
3571 3362 3802 3431 Linguae

2198 3438 2501 3497 moderatio
2529 3442 2589 3498 in
2618 3442 2719 3500 hac
2740 3446 3027 3502 mansione
3056 3463 3210 3504 suam
3243 3447 3409 3505 habet
3442 3449 3801 3511 sedem.Nam

2197 3526 2415 3585 Phinon
2469 3529 2585 3585 oris
2654 3532 2998 3604 parcimonia
3051 3535 3463 3608 interpretatur.
3529 3539 3805 3599 Curemus

2196 3616 2368 3689 igitur
2404 3626 2459 3677 et
2499 3635 2603 3677 nos
2641 3629 2894 3679 nostram
2939 3624 3034 3681 hic
3088 3626 3383 3685 stationem
3441 3629 3681 3700 habere;
3738 3637 3801 3686 ut

2196 3724 2337 3782 quae,
2369 3708 2610 3782 quando,
2648 3713 2925 3787 quomodo
2944 3722 3000 3772 et
3027 3717 3231 3790 quibus
3250 3718 3402 3792 loqui
3430 3718 3640 3791 deceat,
3656 3720 3800 3779 scire

2195 3799 2475 3857 valeamus
2511 3819 2522 3857 :
2556 3809 2610 3859 et
2637 3819 2698 3859 os
2732 3814 2986 3862 nostrum
3034 3808 3334 3865 meditetur
3363 3811 3723 3883 sapientiam,»
3744 3818 3800 3867 et

2194 3887 2383 3960 lingua
2412 3900 2600 3947 nostra
2621 3891 2900 3965 judicium
2930 3896 3192 3971 loquatur
3223 3898 3397 3970 (Psal.
3442 3916 3641 3970 xxxvr,
3675 3901 3792 3974 30).

2266 3976 2559 4039 ΧΧΧἮΙ·
2588 3982 2818 4051 mansio,
2847 3985 3348 4043 Oso'ru.——Mansio
3374 3987 3658 4044 tricesima
3674 4001 3794 4058 sep-

2193 4064 2330 4122 tima
2355 4064 2563 4124 dicitur
2590 4068 2798 4139 Oboth,
2829 4088 2939 4146 quo
2954 4072 3177 4132 demum
3198 4074 3303 4131 ﬁlii
3333 4075 3499 4140 Israel
3515 4076 3794 4149 applicue-

2191 4163 2343 4224 runt,
2373 4158 2622 4230 sequitur
2649 4170 2778 4233 ergo
2811 4179 2823 4217 :
2870 4186 2889 4211 ι
2918 4164 2992 4218 Et
3019 4164 3252 4235 profecti
3298 4163 3365 4220 de
3394 4164 3632 4234 Phinon,
3664 4180 3794 4222 cas-

2190 4246 2466 4302 trametati
2493 4255 2623 4304 sunt
2652 4249 2709 4304 in
2733 4249 2915 4307 Oboth
2951 4253 3136 4323 (Num.
3161 4270 3367 4322 χχχιιι,
3390 4253 3505 4327 43).
3539 4280 3559 4305 ι
3587 4257 3666 4311 De
3688 4253 3793 4309 hac

2191 4334 2475 4392 mansione
2504 4338 2637 4394 alibi
2668 4340 2898 4411 legitur:
2946 4364 2965 4388 ι
2983 4342 3058 4398 Et
3076 4342 3310 4415 profecti
3332 4342 3436 4400 ﬁlii
3465 4343 3655 4411 Israel,
3677 4359 3794 4399 cas-

488 4395 569 4469 9)·
600 4422 619 4446 ’
661 4397 815 4456 ΤυΠο
842 4402 1022 4457 oranti
1050 4404 1229 4478 Moysi
1262 4425 1361 4480 pro
1389 4421 1705 4483 serpentum
1747 4414 2082 4472 exstinctio—
2109 4464 2157 4522 D
2188 4424 2465 4480 trametati
2493 4435 2623 4483 sunt
2650 4395 2931 4485 ingOboth
3374 4429 3488 4502 10).
3517 4454 3535 4478 ι
3580 4395 3789 4489 verum

489 4509 558 4522 ..η
612 4497 894 4522 ---ηελλ
923 4501 1064 4522 πη,
1103 4519 1112 4522 _
1211 4504 1251 4522 η
1719 4520 1725 4522 _
2225 4519 2258 4522 __
2354 4511 2371 4522 .
2464 4513 2480 4522 .
2742 4516 2758 4522 _
2907 4517 2917 4522 _
3211 4518 3221 4522 _
3265 4519 3276 4522 _
3351 4517 3362 4522 ,

488 4509 579 4564 ne,
611 4497 896 4569 respondit
921 4501 1069 4558 Deus
1100 4519 1113 4558 :
1160 4526 1179 4550 ι
1209 4504 1316 4562 Fac
1362 4506 1469 4563 tibi
1513 4520 1821 4582 serpentem
1865 4529 2077 4570 aeneum

466 4592 541 4639 -et
566 4600 708 4656 pone
737 4586 896 4643 illum
929 4605 1028 4661 pro
1049 4590 1205 4663 signo
1230 4611 1242 4649 :
1272 4601 1326 4650 et
1354 4597 1537 4654 omnis
1566 4615 1782 4657 morsus
1807 4601 2001 4660 videns
2016 4603 2079 4659 il-

487 4671 626 4742 lum,
654 4674 806 4731 vivet
838 4677 1023 4749 (Num.
1052 4697 1174 4750 χιιι,
1188 4682 1269 4755 8).
1291 4710 1310 4733 ι
1342 4685 1494 4743 Fecit
1519 4688 1734 4761 Moyses
1746 4689 1908 4762 juxta
1931 4708 2077 4749 man-

487 4762 676 4820 datum
708 4767 956 4839 Domini,
977 4780 1031 4828 et
1059 4773 1295 4846 populus
1319 4792 1351 4831 a
1377 4777 1536 4850 plaga
1564 4779 1826 4839 liberatus
1853 4791 1952 4839 est.
1974 4784 2074 4841 Ve-

483 4868 606 4910 rum
680 4858 809 4930 quia
845 4859 1102 4919 Salmona
1152 4864 1541 4939 interpretatur
1587 4871 1809 4941 umbra,
1868 4873 2073 4930 factum

483 4942 632 4999 istud
661 4948 935 5005 mansioni
965 4960 1110 5009 recte
1139 4962 1375 5026 aptatur.
1404 4957 1637 5030 Serpens
1662 4976 1897 5034 namque
1926 4962 2075 5035 ligno

481 5048 796 5106 suspensus,
828 5046 995 5112 typus
1035 5049 1090 5097 et
1140 5044 1335 5101 umbra
1365 5045 1572 5104 Christi
1618 5050 1726 5105 fuit
1772 5067 1871 5122 pro
1899 5053 2074 5110 salute

482 5130 673 5180 nostra
719 5125 778 5181 in
821 5143 983 5185 cruce
1017 5132 1340 5203 pendentis,
1395 5136 1539 5192 sicut
1579 5137 1694 5210 ipse
1740 5142 1971 5213 exponit
2011 5142 2071 5199 in

477 5212 803 5287 Evangelia,
835 5217 1055 5275 dicens:
1093 5244 1112 5267 ι
1133 5220 1287 5278 Sicut
1316 5224 1531 5297 Moyses
1560 5228 1825 5285 exaltavit
1853 5245 2073 5303 serpen-

480 5312 590 5362 tem
634 5306 692 5361 in
722 5305 960 5378 deserto,
982 5310 1060 5366 ita
1087 5313 1317 5369 exaltari
1339 5323 1553 5386 oportet
1583 5317 1759 5374 ﬁlium
1789 5319 2066 5391 hominis;

477 5400 540 5449 ut
567 5396 749 5452 omnis
776 5397 873 5470 qui
902 5398 1079 5456 credit
1106 5400 1165 5457 in
1188 5418 1335 5472 eum,
1363 5420 1475 5460 non
1505 5414 1723 5478 pereat;
1757 5408 1852 5465 sed
1876 5410 2071 5469 habeat

476 5482 648 5573 vitam
687 5493 945 5544 aeternam
981 5488 1161 5562 (Joan.
1198 5508 1282 5561 ιιι,
1316 5491 1402 5562 iis,
1442 5494 1554 5567 15).
1579 5518 1597 5545 ι
1640 5496 2069 5573 Frequentemus

475 5565 647 5645 igitur
670 5589 770 5634 nos
797 5578 1087 5638 stationem
1120 5580 1306 5652 istam,
1335 5591 1397 5640 ut
1427 5565 2067 5658 aspiciamus-Christum

2186 4511 2583 4571 attendendum
2613 4516 2763 4589 quod
2811 4517 3021 4589 majora
3068 4517 3571 4592 perniciosioraque
3612 4527 3788 4579 tenta-

2188 4610 2394 4672 menta,
2416 4605 2619 4677 quibus
2655 4606 2842 4664 anima
2866 4607 2925 4663 in
2966 4607 3073 4664 hac
3113 4607 3231 4664 vita
3273 4607 3652 4682 impugnatnr,
3681 4610 3788 4666 (ιω-

2187 4706 2414 4747 monum
2457 4694 2762 4764 illusiones,
2794 4711 3191 4770 magorumque
3226 4713 3294 4755 ac
3310 4699 3631 4770 pythonum
3650 4714 3785 4773 prae-

2185 4781 2348 4853 stigia
2378 4783 2625 4839 omnium
2654 4799 2929 4841 consensu
2959 4786 3323 4846 aestimantur.
3338 4787 3387 4844 Ii
3416 4803 3654 4862 namque
3672 4802 3785 4845 ma-

2185 4869 2379 4927 leﬁciis
2409 4872 2742 4947 magicisque
2771 4874 3004 4945 artibus,
3054 4883 3118 4932 ut
3158 4875 3469 4934 divinitatis
3508 4878 3783 4935 culturam

2182 4959 2252 5016 ab
2278 4959 2569 5018 hominum
2600 4964 2859 5022 cordibus
2901 4964 3214 5034 eliminent,
3246 4983 3309 5023 ea
3349 4966 3563 5025 efﬁcere
3588 4974 3784 5040 prote-

2183 5060 2419 5125 stantur,
2458 5071 2581 5129 quae
2608 5056 2814 5114 divina:
2834 5065 3053 5115 tantum
3083 5068 3294 5116 natura:
3313 5068 3443 5116 sunt
3470 5058 3779 5131 possibilia.

2183 5143 2337 5201 Unde
2365 5144 2484 5217 ejus
2513 5148 2769 5218 potestati
2800 5158 3065 5221 perpetuo
3114 5149 3373 5205 resistere
3419 5150 3644 5207 audent.
3676 5143 3782 5207 Sed

2180 5234 2400 5291 tandem
2431 5236 2772 5292 vanitatibus
2800 5253 2993 5295 eorum
3023 5238 3274 5308 detectis,
3306 5237 3630 5312 artibusque
3660 5252 3780 5313 pro-

2178 5325 2401 5398 ﬂigatis,
2434 5326 2612 5383 virtus
2647 5343 2866 5401 semper
2895 5329 3091 5386 divina
3117 5328 3511 5402 supereminet.
3532 5330 3677 5403 Magi
3692 5342 3777 5385 co-

2177 5431 2293 5472 ram
2342 5415 2625 5473 Pharaone
2666 5418 2843 5492 Moysi
2890 5420 3144 5477 resistere
3186 5419 3499 5489 audebant,
3546 5428 3779 5492 suasquﬂ

2176 5503 2359 5578 virgas
2413 5505 2536 5564 ﬁeri
2590 5507 2858 5566 dracones
2900 5508 3330 5567 contendebant.
3390 5509 3497 5567 Sed
3553 5509 3774 5567 tandem

2170 5593 2346 5669 Msysi
2373 5595 2530 5672 virga
2549 5598 2650 5658 Dei
2697 5598 3050 5675 providentia
3075 5606 3130 5656 et
3158 5598 3366 5657 virtute
3395 5598 3456 5656 in
3482 5598 3774 5667 colubrum
