4136 6194
403 271 471 329 37
724 302 730 307 -
1293 265 1387 323 DE
1441 263 1591 321 XLII
1647 256 2117 320 MANSIONIBUS
2151 254 2489 315 FILIORUM
2525 254 2799 313 ISBAEL.
3648 252 3718 311 38

400 412 579 465 versa,
600 395 660 451 in
696 409 984 466 magorum
1022 391 1290 448 dracones
1308 388 1583 457 insiliens,
1608 403 1702 444 eos
1727 385 1879 442 illico
1903 384 2003 440 de-
2025 385 2077 445 A
2110 379 2430 461 excidemus
2468 396 2499 435 a
2538 378 2762 452 propria
2814 376 3075 432 ﬁrmitate
3107 376 3193 447 (Ii
3223 376 3369 431 Patr.
3404 393 3488 445 ιιι,
3524 377 3642 448 17).
3685 403 3702 423 ο

406 484 628 542 voravit
658 483 864 555 (Exod.
895 500 998 551 vn,
1031 481 1256 552 10-12).
1279 480 1415 536 Nam
1445 496 1477 534 a
1502 479 1692 550 Moyse
1718 492 1829 533 non
1859 490 2005 531 erro-

408 591 488 643 re,
518 590 632 629 non
664 570 976 645 praestigiis,
1031 569 1124 626 sed
1171 569 1403 625 veritate
1446 568 1550 624 ista
1592 565 1833 633 ﬁebant;
1881 564 2005 620 ideo

409 662 655 719 mirabili
688 661 933 734 potentia
958 659 1348 716 subsistebant.
1370 658 1594 730 Legitur
1612 657 1779 713 etiam
1815 655 1873 710 in
1903 655 2008 710 Ac-

416 751 564 808 tibus
579 751 973 823 apostolorum,
1001 754 1092 813 18
1112 747 1260 822 quod
1288 747 1421 804 dum
1457 746 1780 819 praedicaret
1808 744 2010 799 Paulus

406 849 688 921 apostolus
715 863 899 904 coram
929 846 1120 919 Sergio
1149 844 1503 918 proconsule,
1526 842 1624 914 qui
1653 841 1881 897 verbum
1910 838 2009 894 Dei

408 937 597 994 audire
641 935 919 1008 cupiebat,
974 959 992 982 σ
1039 933 1352 1000 resistebat,
1392 956 1412 980 ι
1468 931 1667 1003 inquit,
1725 953 1743 976 ι
1782 930 2010 1000 Elymas

408 1040 617 1097 magus,
648 1039 903 1096 quaerens
932 1029 1180 1077 avertere
1210 1018 1590 1091 proconsulem
1625 1033 1656 1072 a
1704 1015 1811 1072 ﬁde
1862 1015 2004 1085 (Act.

406 1129 531 1181 xm,
549 1113 632 1186 8).
675 1137 694 1160 ι
722 1111 973 1182 Denique
1002 1109 1133 1164 dum
1162 1107 1230 1164 ab
1258 1107 1523 1179 Apostolo
1543 1113 1881 1178 argueretur,
1904 1119 2005 1159 cae-

409 1218 507 1259 cus
531 1200 757 1257 eﬁ‘ectus
784 1206 886 1267 est,
918 1197 995 1253 ita
1025 1206 1086 1253 ut
1116 1196 1469 1264 circumiens,
1505 1196 1707 1268 inquit,
1740 1207 2011 1269 quaereret

412 1289 509 1364 qui
542 1290 593 1346 ei
623 1289 774 1345 daret
811 1302 1005 1343 manus
1036 1285 1226 1358 (Ibid,
1257 1286 1371 1359 11).
1405 1284 1536 1341 Ideo
1568 1285 1628 1341 in
1674 1286 1794 1358 lege
1816 1303 2007 1344 eorum

410 1380 801 1440 commercium
831 1379 1013 1437 caveri
1042 1378 1318 1451 praecipue
1327 1376 1589 1450 jubetur;
1622 1378 1806 1451 inquit
1820 1378 1968 1435 enim
1993 1397 2004 1433 :

420 1494 440 1519 ι
476 1471 681 1527 Anima
711 1486 833 1543 qua;
858 1476 1046 1526 secuta
1075 1468 1247 1525 fuerit
1275 1469 1679 1540 ventriloquos,
1705 1469 1790 1525 vel
1822 1470 2008 1528 incan-

403 1568 635 1628 tatores,
662 1567 727 1615 ut
766 1559 1072 1615 fornicetur
1117 1565 1242 1631 post
1285 1573 1411 1625 eos;
1461 1556 1767 1615 obﬁrmabo
1814 1558 2009 1617 faciem

409 1665 585 1707 meam
615 1656 805 1706 contra
838 1648 1080 1705 animam
1103 1648 1280 1717 illam,
1302 1656 1356 1705 et
1386 1648 1609 1720 perdam
1638 1648 1793 1704 iilam
1824 1648 1891 1705 de
1916 1666 2009 1722 po-

2178 486 2455 544 -ΧΧΧΙΧι
2474 487 2700 553 mansio,
2723 487 3032 542 Dmoxcan.
3085 515 3157 527 —
3193 482 3406 541 Mansio
3434 481 3716 539 tricesima

2114 591 2262 632 nona
2288 576 2522 631 habetur
2542 576 2598 647 in
2626 573 2947 646 Dibongad;
2981 574 3062 631 sic
3096 572 3245 629 enim
3290 571 3493 645 legitur
3527 587 3540 625 :
3588 594 3606 617 ι
3647 572 3719 628 Et

2115 665 2353 738 profecti
2382 682 2453 720 ex
2480 663 2773 732 Jeabarim,
2795 662 3163 719 castrametati
3189 667 3319 716 sunt
3339 659 3397 715 in
3426 659 3719 733 Dibongad

2120 755 2309 826 (Num.
2340 771 2547 821 χχχιιι,
2578 754 2694 825 45).
2727 778 2745 801 ι
2790 752 2994 808 Verum
3027 750 3096 807 de
3128 750 3232 807 hac
3258 750 3720 822 mansionelonge

2119 844 2400 900 diversum
2435 845 2493 899 in
2526 844 2636 899 alio
2666 844 2786 900 loco
2813 843 2919 915 legi
2962 842 3186 898 videtur
3220 859 3231 898 :
3268 857 3393 898 nam
3446 840 3716 913 scriptum

2118 941 2199 988 est
2230 951 2241 989 :
2288 956 2305 978 ι
2354 934 2425 986 Et
2468 931 2813 987 discedentes
2852 947 2923 985 ex
2951 930 3157 998 Obotb,
3189 931 3561 987 castrametati
3591 938 3720 986 sunt

2119 1021 2176 1075 in
2194 1019 2487 1088 Jeabarim,
2506 1019 2564 1074 in
2593 1019 2813 1074 deserto
2842 1018 2991 1092 quod
3020 1025 3103 1073 est
3136 1019 3193 1075 in
3222 1026 3518 1091 conspectu
3536 1017 3718 1086 Moab,

2117 1109 2186 1166 ad
2215 1110 2483 1165 orientem
2513 1107 2665 1163 solis.
2699 1107 2831 1163 Inde
2860 1106 3263 1174 discesserunt,
3294 1114 3349 1162 et
3378 1115 3721 1163 castrameta-

2116 1199 2161 1255 ti
2193 1206 2321 1255 sunt
2351 1198 2408 1254 in
2437 1197 2579 1253 valle
2606 1223 2624 1245 ι
2657 1196 2849 1264 Zared,
2881 1194 3001 1251 haec
3030 1193 3108 1249 ibi
3142 1197 3327 1267 (Num.
3352 1212 3473 1265 χχι,
3498 1198 3586 1265 11,
3605 1196 3718 1269 12).

2117 1287 2175 1344 Si
2196 1304 2324 1359 ergo
2357 1286 2603 1358 (Origen.
2639 1286 2759 1340 loco
2788 1284 2915 1355 cit.)
2949 1284 3008 1338 in
3038 1284 3188 1339 valle
3216 1283 3391 1339 Zared
3415 1294 3722 1341 castrame-

2118 1377 2219 1433 tati
2250 1386 2399 1446 sunt,
2431 1376 2582 1433 dices
2615 1391 2626 1429 :
2686 1372 2976 1442 Quomodo
3030 1372 3090 1429 in
3146 1372 3484 1447 Dibongad?
3513 1374 3722 1431 Verum

2119 1467 2196 1523 ibi
2230 1468 2384 1523 locus
2412 1465 2744 1533 communis,
2776 1464 2869 1521 hic
2898 1480 3030 1520 vero
3061 1464 3319 1536 proprius
3360 1464 3717 1537 exprimitur.

2119 1557 2218 1614 Est
2244 1557 2392 1612 enim
2422 1555 2714 1627 Dibongad
2743 1554 2891 1611 circa
2920 1554 3122 1610 vallem
3152 1553 3344 1622 Zared,
3376 1569 3497 1627 qua)
3527 1562 3612 1611 est
3640 1553 3721 1611 in-

2116 1653 2202 1701 ter
2254 1643 2394 1699 ﬁnes
2455 1641 2911 1698 Amorrhaeorum
2965 1647 3020 1696 et
3075 1639 3465 1697 Moabitarum.
3492 1641 3724 1713 Mystice

409 1741 541 1815 pulo
568 1756 671 1798 suo
702 1741 894 1813 (Leuit.
928 1755 1025 1808 xx,
1058 1738 1139 1811 6).
1176 1764 1197 1788 ν
1238 1740 1366 1796 Haec
1394 1738 1559 1795 statio
1586 1738 1656 1795 ad
1683 1756 1869 1813 magos
1896 1756 2014 1812 per.
2042 1742 2089 1802 Β
2119 1746 2250 1787 vero
2271 1730 2561 1802 Dibongad
2582 1728 2859 1802 apiarium
2896 1727 3267 1785 tentationum
3290 1727 3580 1801 signiﬁcat.
3604 1729 3725 1796 Quo

409 1828 620 1886 dendos
643 1830 846 1887 colitur
871 1847 883 1886 :
905 1845 1035 1885 nam
1068 1826 1253 1885 Obotb
1286 1826 1343 1883 in
1378 1843 1564 1899 magos
1592 1828 2010 1901 interpretatur.

412 1919 689 1977 Adeamus
716 1919 888 1992 igitur
915 1925 970 1975 et
993 1934 1096 1974 nos
1127 1917 1195 1974 ad
1227 1916 1432 1985 Obotb,
1488 1917 1762 1990 erigamus
1804 1919 1883 1976 ibi
1920 1928 2014 1976 ta-

411 2008 704 2065 bernacula
733 2016 954 2076 nostra;
1002 2014 1065 2063 ut
1109 2008 1169 2063 in
1208 2008 1548 2079 protectione
1578 2008 1678 2063 Dei
1706 2006 1831 2064 cceli
1862 2024 2013 2065 com-

413 2107 712 2168 morantes,
741 2113 855 2154 non
884 2098 1179 2153 timeamus
1221 2120 1239 2144 ι
1279 2112 1310 2153 a
1338 2098 1539 2153 timore
1578 2105 1873 2168 nocturno,
1898 2115 2013 2154 non

416 2203 450 2245 a
481 2189 677 2261 sagitta
704 2188 925 2243 volante
954 2187 1014 2243 in
1040 2185 1152 2254 die,
1175 2202 1289 2242 non
1304 2201 1334 2242 a
1355 2187 1576 2259 negotio
1595 2187 2012 2261 perambulante

415 2278 474 2334 in
504 2276 764 2347 tenebris,
796 2292 898 2334 nec
926 2275 995 2333 ab
1031 2274 1259 2333 incursu
1291 2282 1345 2332 et
1382 2275 1657 2332 daemonio
1706 2276 2013 2334 meridiano

418 2367 592 2438 (Psal.
625 2383 717 2435 xc,
746 2366 802 2434 5,
833 2366 913 2439 6).
947 2390 966 2415 ι

485 2455 803 2512 XXXVIIIa
833 2454 1060 2524 mansio,
1091 2454 1476 2512 Junanm.—
1494 2454 1708 2512 Mansio
1736 2456 2015 2514 tricesima

416 2554 609 2603 octava
638 2552 867 2602 vocatur
894 2544 1198 2611 Jeabarim;
1229 2543 1308 2601 sic
1338 2544 1487 2601 enim
1528 2544 1761 2602 habetur
1793 2564 1805 2601 :
1876 2570 1895 2594 ι
1943 2548 2014 2604 Et

415 2635 646 2709 profecti
690 2651 762 2691 ex
807 2634 1011 2704 Obotb,
1045 2635 1413 2691 castrametati
1456 2645 1587 2693 sunt
1618 2636 1677 2692 in
1716 2637 2012 2706 Jeabarim,

418 2725 477 2781 in
518 2741 597 2782 eeo
651 2724 799 2799 quod
838 2726 1004 2794 ultra,
1053 2725 1113 2781 in
1160 2724 1365 2782 ﬁnibus
1421 2726 1581 2782 Moab
1622 2726 1806 2795 (Num.
1842 2744 2011 2796 xxm,

420 2814 535 2889 44).
568 2841 587 2866 ι
630 2817 709 2873 De
730 2815 843 2873 hac
868 2815 1153 2872 mansione
1184 2816 1241 2872 in
1271 2816 1380 2873 alio
1410 2817 1531 2874 loco
1560 2819 1765 2874 clarius
1792 2819 2011 2890 legitur:

426 2928 445 2953 ι
482 2906 556 2961 Et
582 2904 945 2973 discedentes,
987 2930 1007 2954 ›

412 2994 525 3051 tati'
541 3004 674 3051 sunt
724 2994 782 3050 in
828 2995 1125 3061 Jeabarim,
1167 2993 1226 3048 in
1254 2992 1471 3049 deserto
1499 2992 1648 3065 quod
1676 3001 1758 3048 est
1788 2993 1845 3047 in
1875 3008 2021 3049 con-

2121 1820 2384 1876 docemur
2412 1818 2560 1892 quod
2589 1819 2844 1892 quamvis
2866 1817 3051 1890 justus
3078 1816 3435 1890 perfectionis
3460 1817 3549 1873 vel
3578 1833 3724 1874 sum-

2122 1925 2224 1965 ma:
2271 1909 2559 1981 proximus
2599 1908 2847 1976 exsistat,
2883 1908 3031 1964 haud
3070 1917 3255 1964 tamen
3296 1907 3349 1963 ei
3394 1907 3727 1966 tentatioues

2121 1998 2341 2055 desunt.
2374 1997 2533 2065 Quod
2584 2005 2670 2054 est
2719 1996 2926 2053 divinat
2981 1998 3195 2053 cautela
3233 1994 3618 2069 providentiae,
3650 2012 3720 2052 ne

2123 2104 2154 2143 a
2182 2095 2332 2145 recto
2359 2087 2687 2145 deﬂectendi
2740 2086 2904 2143 bonis
2956 2087 3301 2145 successibus
3343 2103 3532 2145 ansam
3571 2086 3724 2142 arri—

2123 2179 2358 2251 piamus.
2393 2177 2537 2233 Hinc
2586 2176 2689 2233 Job
2737 2176 2995 2233 dicebat:
3068 2202 3086 2224 ι
3139 2177 3337 2233 Beatus
3364 2177 3533 2233 homo
3561 2192 3724 2250 quem

2123 2268 2395 2340 corripuit
2423 2266 2694 2324 Dominus
2727 2285 2739 2323 :
2774 2266 3205 2339 increpationem
3232 2266 3630 2339 omnipotentis
3657 2283 3727 2322 ne

2125 2373 2325 2415 renuas
2354 2358 2475 2430 (Job
2501 2375 2557 2427 v,
2590 2359 2703 2431 17).
2748 2383 2768 2407 ι
2826 2356 2985 2426 Quod
3016 2364 3072 2413 et
3100 2357 3146 2413 si
3177 2356 3309 2413 dum
3341 2357 3399 2413 in
3428 2371 3593 2413 carne
3620 2373 3726 2413 su-

2124 2464 2266 2517 mus,
2299 2448 2631 2505 tentationes
2658 2446 2821 2504 nobis
2853 2464 3052 2504 amarae
3074 2446 3354 2515 videntur,
3375 2444 3609 2502 miriﬁce
3640 2446 3723 2502 ni-

2124 2536 2431 2593 hilominus
2463 2536 2533 2593 ad
2557 2537 2799 2592 futuram
2829 2535 2990 2593 nobis
3010 2537 3182 2592 vitam
3206 2535 3524 2608 proﬁciunt,
3540 2535 3727 2591 dicen-

2124 2635 2176 2684 te
2205 2628 2502 2701 Apostolo:
2536 2651 2555 2674 ι
2584 2625 2778 2684 Omnis
2802 2626 3024 2698 quidem
3057 2625 3353 2697 disciplina
3379 2626 3438 2681 in
3469 2625 3725 2697 praesenti

2123 2718 2347 2774 videtur
2374 2734 2487 2773 non
2517 2733 2633 2773 esse
2664 2716 2869 2788 gaudii,
2888 2715 2983 2771 sed
3014 2715 3265 2770 nioeroris
3289 2731 3301 2768 :
3327 2722 3517 2786 postea
3538 2723 3725 2772 autem

2127 2807 2377 2861 fructum
2439 2805 2851 2876 pacatissimum
2886 2802 3201 2858 exercitatis
3246 2818 3341 2874 per
3380 2818 3501 2858 eam
3532 2802 3725 2859 reddet

1051 2904 1255 2977 inquit,
1307 2928 1325 2950 ε
1364 2921 1435 2960 ex
1472 2905 1678 2973 Obotb,
1711 2911 2020 2960 castrame-
2121 2894 2356 2965 justitiae
2389 2892 2572 2963 (Hebr.
2591 2908 2695 2960 χιι,
2715 2890 2829 2963 11).
2863 2916 2881 2939 ι
2915 2890 3257 2946 Accedamus
3285 2906 3415 2963 ergo
3442 2906 3560 2959 nos,
3584 2899 3639 2947 et
3664 2891 3723 2947 in

2130 2983 2272 3039 hanc
2302 2984 2640 3038 mansionem
2670 2980 2882 3054 ingredi
2913 2979 3236 3036 festinemus
3268 2997 3281 3035 :
3313 2980 3547 3037 scientes
3576 2981 3722 3054 quod

413 3091 605 3156 spectu
630 3082 811 3150 Moab,
844 3083 912 3138 ad
958 3082 1227 3138 orientem
1295 3081 1429 3136 solis
1461 3082 1645 3152 (Num.
1676 3097 1798 3149 χχι,
1832 3082 1946 3153 11).
1989 3108 2007 3131 ι

2126 3088 2157 3127 a
2186 3071 2426 3126 Domino
2455 3069 2736 3126 interdum
2753 3068 3107 3141 corripimur,
3132 3084 3201 3125 ne
3227 3085 3354 3125 cum
3384 3069 3491 3126 hoc
3519 3069 3728 3125 mundo

410 3173 647 3244 Propter
674 3170 823 3243 quod
852 3170 1172 3226 meminisse
1201 3175 1415 3242 oportet
1470 3168 1616 3241 quod
1670 3170 1920 3239 Idumaei,
1956 3180 2016 3228 ut

418 3264 479 3319 in
510 3262 890 3334 superioribus
918 3260 1184 3329 diximus,
1222 3278 1318 3334 per
1344 3275 1535 3317 eorum
1582 3268 1756 3318 terras
1801 3262 2015 3319 transi-

411 3359 532 3408 tum
565 3351 698 3407 ﬁliis
717 3352 882 3408 Israel
911 3359 1167 3423 prmstare
1187 3350 1466 3407 hostiliter
1480 3360 1825 3408 recusarunt.
1861 3351 2015 3408 Unde

415 3439 754 3497 divertentes
808 3439 877 3496 ab
931 3441 1047 3509 eis,
1101 3438 1467 3496 Moabitarum
1523 3440 1662 3497 ﬁnes
1715 3440 2014 3497 circumire

412 3531 589 3588 coacti
637 3529 881 3587 fuerunt.
933 3530 1077 3587 Hinc
1117 3529 1323 3588 dicitur
1347 3528 1491 3604 quod
1521 3529 1582 3584 in
1618 3528 1828 3586 ﬁnibus
1856 3529 2015 3586 Moab

415 3619 483 3676 ad
511 3620 781 3676 orientem
810 3628 1103 3677 venerunt.
1134 3618 1410 3676 Jeabarim
1438 3635 1572 3675 vero
1595 3634 1854 3676 acervum
1876 3619 2013 3692 lapi-

416 3710 545 3768 dum
577 3710 982 3767 transeuntium
1011 3720 1191 3780 sonat,
1224 3709 1374 3784 quod
1399 3719 1482 3768 est
1526 3710 1778 3767 Ecclesia
1821 3708 2017 3782 justo-

416 3815 557 3857 rum.
588 3799 821 3872 Lapides
848 3800 997 3856 enim
1028 3807 1376 3856 transeuntes
1405 3798 1545 3871 justi
1576 3807 1725 3855 sunt.
1759 3800 1805 3854 Ii
1848 3815 2019 3854 nam-

416 3905 521 3962 que
548 3896 770 3962 propter
799 3905 991 3946 eorum
1021 3888 1342 3945 ﬁrmitatem
1382 3886 1591 3960 lapides
1641 3887 2012 3961 appellantur,

416 3978 484 4035 de
507 3978 712 4052 quibus
738 3980 932 4036 Petrus
959 3978 1240 4051 apostolus
1268 3977 1462 4034 scribit
1491 3977 1684 4034 dicens
1709 3993 1721 4031 :
1761 3999 1779 4023 ι
1804 3977 1879 4034 Et
1907 3975 2015 4048 ipsi

414 4072 673 4140 tanquam
707 4066 917 4141 lapides
944 4066 1064 4123 vivi
1087 4065 1610 4140 superaediﬁcamini
1659 4064 1859 4122 domus
1890 4065 2016 4138 spi-

418 4157 595 4216 ritalis
625 4159 683 4231 (Ι
708 4160 858 4217 Patr.
890 4175 953 4228 ιι,
984 4158 1067 4231 5).
1125 4182 1144 4208 ι
1183 4156 1357 4215 Justis
1411 4173 1544 4214 vero
1602 4154 1837 4214 ﬁrmitas
1868 4164 2018 4213 recte

417 4244 768 4318 adscribitur,
798 4263 863 4304 eo
886 4247 1035 4322 quod
1062 4246 1169 4320 ipsi
1198 4262 1301 4304 nec
1330 4246 1618 4315 ﬂuctuent,
1652 4262 1755 4303 nec
1783 4246 2017 4305 circum-

420 4334 670 4394 ferantur
698 4339 852 4395 omni
884 4346 1052 4394 vento
1080 4337 1369 4407 doctrinae,
1401 4338 1550 4394 unde
1600 4338 1659 4393 in
1717 4338 2020 4412 Evangelio

415 4422 605 4482 domui
658 4443 824 4501 supra
875 4425 1092 4483 ﬁrmam
1138 4434 1347 4500 petram
1406 4427 1670 4496 fundatae,
1734 4427 1793 4483 in
1849 4443 2017 4500 quam

430 4540 449 4563 ι
510 4517 793 4577 descendit
840 4518 1052 4592 pluvia,
1110 4526 1383 4575 venerunt
1432 4517 1685 4587 ﬂumina,
1743 4517 2019 4575 ﬁaverunt

416 4608 590 4678 venti,
612 4617 668 4666 et
691 4626 805 4666 non
829 4609 1049 4678 cecidit,
1082 4635 1102 4660 ι
1141 4617 1529 4682 comparantur
1560 4607 1878 4680 (Matth.vu,
1900 4607 2017 4679 25).

417 4699 780 4756 Transeuntes
809 4700 974 4757 etiam
1003 4699 1302 4768 dicuntur;
1353 4698 1483 4773 quia
1525 4695 1830 4754 secundum
1859 4699 2021 4770 Apo-

418 4791 645 4859 stolum,
678 4790 1013 4847 conﬁtentur
1041 4789 1191 4864 quod
1230 4814 1249 4838 ι
1276 4790 1521 4863 hospites
1550 4797 1605 4846 et
1633 4788 1857 4845 advenae
1887 4797 2017 4844 sunt

419 4894 583 4953 super
611 4887 814 4935 terram
846 4878 1026 4951 (Hebr.
1055 4894 1140 4948 χι,
1184 4880 1234 4948 1,
1285 4879 1399 4951 13).
1453 4905 1471 4929 ι
1513 4879 1764 4952 Denique
1818 4879 2019 4935 merito

416 4968 665 5026 Ecclesia
680 4968 889 5026 dicitur
907 4985 1138 5026 acervus
1166 4969 1413 5042 lapidum
1437 4987 1450 5036 ;
1488 4969 1616 5042 quia
1650 4994 1667 5016 ι
1685 4970 1803 5042 ipsa
1821 4979 1903 5027 est
1930 4987 2017 5027 co-

418 5057 609 5116 lumna
638 5066 694 5116 et
722 5058 1134 5116 ﬁrmamentum
1172 5061 1423 5118 veritatis
1454 5060 1511 5132 (Ι
1545 5060 1681 5116 Tim.
1716 5076 1801 5128 ιιι,
1834 5060 1949 5133 15).
1987 5086 2007 5111 ι

417 5147 731 5206 Habeamus
761 5148 933 5222 igitur
960 5157 1016 5206 et
1062 5165 1163 5206 nos
1201 5151 1496 5208 stationem
1540 5148 1597 5205 in
1625 5148 1919 5217 Jeabarim,
1955 5156 2020 5206 ut

415 5237 719 5295 secundum
754 5239 1064 5312 apostolum
1094 5239 1347 5309 Paulum,
1394 5264 1412 5288 ι
1442 5236 2020 5313 ιθιιθειιιιιιέριοροεί-

419 5334 530 5385 tam
559 5344 735 5401 spem,
766 5328 910 5387 sicut
938 5327 1236 5385 anchoram
1267 5331 1464 5387 animae
1492 5336 1667 5386 tutam
1693 5346 1755 5387 ac
1778 5329 2017 5399 ﬁrmam,

417 5426 473 5474 et
503 5417 853 5475 incedentem
881 5434 1056 5493 usque
1088 5418 1159 5475 ad
1204 5418 1469 5476 interiora
1499 5419 1793 5477 velaminis
1827 5420 2013 5491 (Hebr.

418 5525 499 5581 xi,
523 5508 638 5582 19),
670 5535 690 5561 ι
732 5520 795 5568 ut
807 5509 974 5584 juxta
991 5511 1297 5585 apostolum
1322 5527 1540 5584 quoque
1569 5511 1795 5568 Petrum
1829 5534 1847 5558 ι
1866 5526 2020 5585 ιιι-ω-

416 5600 650 5657 scientes
677 5615 989 5672 caveamus,
1019 5618 1087 5659 ne
1132 5616 1317 5659 errore
1372 5600 1713 5661 nefariorum
1769 5599 2018 5672 abducti,

2124 3163 2453 3219 damnemur
2503 3163 2559 3233 (Ι
2608 3163 2733 3219 Cor.
2786 3178 2867 3230 χι,
2917 3162 3034 3235 32).
3068 3161 3284 3219 Certam
3319 3176 3539 3235 quoque
3573 3176 3725 3234 spem

2124 3253 2447 3322 habeamus,
2478 3252 2625 3327 quod
2667 3276 2687 3299 ι
2726 3269 2838 3309 ιιοιι
2868 3251 3107 3325 patietur
3134 3268 3235 3307 nos
3281 3254 3429 3309 Deus
3475 3268 3641 3325 supra
3670 3253 3726 3310 id

2129 3344 2278 3417 quod
2309 3360 2621 3417 possumus,
2652 3344 2851 3399 tentari
2888 3360 2901 3399 :
2948 3342 3043 3399 sed
3071 3341 3236 3398 faciet
3269 3357 3398 3397 cum
3426 3343 3729 3398 tentatione

2129 3441 2484 3506 proventum,
2524 3440 2586 3489 ut
2614 3434 2888 3504 possimus
2916 3432 3187 3487 sustinere
3211 3432 3269 3503 (Ι
3292 3430 3418 3487 Cor.
3459 3447 3519 3493 χ,
3552 3430 3663 3503 13).
3698 3457 3716 3478 ι

2201 3522 2322 3577 χι·
2351 3522 2580 3589 mansio,
2609 3522 2810 3577 ELMON
2837 3537 3217 3576 casurum.
3246 3550 3318 3561 —
3345 3518 3558 3575 Mansio
3582 3535 3729 3592 qua-

2129 3610 2444 3685 dragesima
2466 3612 2527 3667 in
2553 3611 2756 3667 Elmon
2787 3609 3125 3666 deblathaim
3155 3626 3187 3665 a
3214 3609 3348 3665 ﬁliis
3388 3609 3553 3666 Israel
3595 3623 3730 3682 per—

2125 3700 2335 3773 agitur;
2366 3702 2447 3758 sic
2473 3702 2621 3757 enim
2652 3700 2918 3757 scribitur
2952 3716 2964 3755 :
3020 3725 3039 3748 ι
3067 3701 3140 3756 Et
3170 3700 3401 3772 profecti
3429 3715 3500 3755 ex
3526 3698 3731 3756 Dibon-

2127 3790 2251 3863 gad,
2282 3790 2656 3847 castrametati
2684 3799 2819 3846 sunt
2854 3791 2911 3845 in
2946 3790 3150 3845 Elmon
3179 3788 3515 3846 deblathaim
3546 3788 3728 3860 (Num.

2127 3894 2333 3947 χχχιιι,
2365 3878 2485 3952 46).
2514 3878 2641 3936 Vox
2670 3877 2787 3936 haec
2813 3879 3017 3934 Elmon
3064 3877 3402 3935 deblatbaim
3460 3877 3604 3934 sicut
3650 3885 3732 3933 est

2128 3967 2358 4039 duplex,
2412 3967 2491 4024 ita
2544 3974 2599 4023 et
2647 3967 2759 4023 duo
2811 3967 3040 4036 indicat,
3096 3983 3292 4040 nempe
3352 3973 3729 4036 contemptum

2127 4054 2357 4126 ﬁcuum,
2391 4056 2497 4113 hoc
2545 4065 2648 4125 est,
2694 4064 3075 4129 contemptum
3131 4064 3360 4111 terrenae
3416 4050 3728 4107 dulcedinis

2127 4146 2286 4216 ﬁcus,
2316 4163 2554 4221 namque
2582 4146 2932 4204 dulcedinem
2983 4144 3301 4201 ostendunt.
3354 4140 3509 4197 Unde
3565 4141 3728 4197 Jere-

2129 4240 2268 4297 mias
2298 4240 2564 4313 propheta
2590 4239 2734 4295 vidit
2756 4238 2895 4295 ﬁcus
2922 4238 3112 4304 bonas,
3136 4235 3309 4292 bonas
3323 4234 3484 4291 valde
3505 4234 3726 4306 (larem.

2126 4346 2288 4398 xxxv,
2314 4330 2393 4402 3).
2418 4332 2491 4385 Et
2517 4330 2769 4385 Salvator
2798 4335 2986 4382 noster
3010 4332 3100 4390 19
3119 4325 3387 4394 esuriens,
3409 4325 3729 4382 Scribarum

2046 4466 2096 4527 D
2131 4428 2644 4500 Pharisaeorumque
2706 4424 3103 4482 amaritudines
3171 4423 3446 4492 deserens,
3503 4421 3732 4479 accessit

2129 4520 2199 4576 ad
2223 4520 2475 4575 arborem
2504 4517 2618 4587 ﬁci,
2648 4523 2711 4573 ut
2737 4518 2930 4573 saltem
2962 4516 3018 4572 in
3047 4515 3205 4588 plebe
3231 4516 3474 4589 aliquam
3497 4512 3732 4570 inveni-

2129 4617 2213 4666 ret
2240 4608 2589 4666 dulcedinem
2624 4625 2635 4663 :
2687 4615 2743 4664 et
2780 4623 2908 4664 cum
2938 4622 3050 4662 non
3083 4605 3386 4662 invenisset
3431 4604 3542 4660 nisi
3598 4602 3732 4658 folia

2126 4698 2674 4768 tantum,maledixit
2698 4698 2769 4766 ei,
2792 4697 3013 4754 dicens:
3051 4721 3069 4743 ι
3101 4697 3393 4769 Nunquam
3423 4711 3493 4750 ex
3524 4701 3575 4750 te
3602 4694 3735 4750 fru-

2128 4797 2250 4846 ctus
2283 4796 2540 4845 nascatur
2573 4789 2787 4860 (Matth.
2818 4806 2943 4857 χχι,
2988 4787 3098 4860 19).
3154 4812 3173 4835 ι
3216 4784 3578 4856 Contemptus
3604 4800 3734 4856 ergo

2130 4889 2473 4937 terrenarum
2533 4879 2962 4936 delectationum
3020 4876 3089 4933 ad
3149 4877 3349 4933 coelum
3409 4873 3727 4948 properanti

2129 4970 2376 5043 apprime
2432 4969 2776 5027 necessarius
2836 4974 2936 5024 est.
3000 4968 3135 5024 Nam
3193 4965 3301 5022 nisi
3376 4965 3727 5037 voluptatum

2132 5059 2439 5129 illecebras,
2472 5070 2525 5117 et
2552 5076 2615 5117 ea
2644 5076 2765 5134 quas
2806 5058 2864 5113 in
2920 5057 3081 5114 terris
3126 5054 3398 5112 delectare
3444 5053 3727 5118 videntur,

2129 5150 2558 5223 neglexerimus,
2595 5150 2665 5206 ad
2716 5148 2960 5206 coelestia
3003 5163 3105 5202 nos
3160 5145 3308 5217 ipsos
3361 5144 3568 5215 erigere
3619 5154 3731 5193 non

2129 5255 2443 5313 possumus.
2478 5239 2605 5295 Ideo
2633 5237 2932 5311 Apostolus
2961 5236 3241 5304 admonet,
3274 5233 3497 5290 dicens:
3540 5250 3560 5275 ι
3596 5223 3728 5291 Quae

2131 5346 2351 5388 sursum
2381 5338 2512 5386 sunt
2539 5329 2735 5401 sapite,
2767 5343 2881 5384 non
2911 5342 3032 5399 qua:
3058 5340 3224 5397 super
3252 5331 3453 5378 terram
3496 5314 3726 5388 (Coloss.

2133 5438 2217 5488 ιιι,
2251 5419 2335 5493 2).
2368 5446 2386 5468 ι
2427 5420 2544 5475 Imo
2573 5433 2762 5492 sapere
2799 5424 3040 5481 terrena,
3070 5410 3325 5470 confusio
3354 5411 3450 5461 est.
3490 5403 3572 5459 Ita
3594 5404 3728 5461 scri-

2129 5510 2213 5567 bit
2240 5508 2538 5582 Apostolus
2570 5524 2582 5563 :
2650 5532 2669 5557 ι
2719 5506 2908 5566 Gloria
2944 5505 3003 5562 in
3033 5496 3306 5576 pudendis
3333 5495 3602 5568 ipsorum,
3634 5494 3732 5568 qui

2129 5607 2345 5659 terrena
2402 5600 2628 5673 sapiunt
2680 5595 2944 5670 (Philipp.
2977 5609 3061 5659 ιιι,
3097 5588 3211 5661 19).
3266 5611 3286 5635 ι
3327 5584 3535 5643 Verum
3598 5585 3732 5659 quia
