4150 6194
523 225 590 280 39

1557 220 1651 274 AD
1691 215 1925 275 OPEBA
1965 217 2019 273 S.
2064 215 2397 274 AMBROSII
2435 215 2814 274 APPENDIX.

3788 215 3865 273 40

535 380 552 402 ε
584 361 771 410 nostra
797 349 1142 410 conversatio
1166 349 1225 404 in
1254 348 1407 405 ccelis
1435 354 1538 416 est,
1590 347 1684 420 qui
1731 362 1858 403 cum
1889 345 2109 402 Christo
2139 351 2189 410 Α
2213 346 2378 418 juxta
2405 344 2624 402 Iericho
2643 389 2658 413 ,
2703 345 2891 417 ibique
2922 346 3294 402 castrametati
3337 356 3469 403 sunt
3512 348 3679 420 apud
3713 351 3861 405 Ior-

523 443 868 502 surreximus
892 439 1121 512 (Colon.
1154 457 1236 507 ιιι,
1267 437 1384 511 29),
1417 463 1436 486 ι
1478 437 1630 493 omni
1661 434 1843 493 cordis
1865 435 2114 492 alacrita-

523 542 576 590 te
602 531 826 589 calcatis
855 529 1049 586 mundi
1068 527 1363 595 illecebris,
1386 527 1441 583 in
1463 526 1580 599 ejus
1609 525 1911 581 mansionis
1940 524 2114 582 taber-

524 621 719 677 nacula
750 617 1142 691 ingrediamur,
1182 639 1200 663 ι
1231 631 1352 688 quae
1381 630 1598 670 sursum
1628 621 1758 669 sunt
1787 620 2112 686 quaerentes,

523 710 619 767 ubi
651 709 907 766 Christus
935 714 1016 763 est
1047 707 1104 762 in
1137 705 1362 762 dextera
1398 704 1497 759 Dei
1535 702 1727 760 sedens
1769 703 1998 774 (Coloss.
2031 721 2113 772 xxx,

525 801 580 874 1)
618 817 630 854 :
665 825 684 849 ι
725 796 1250 867 contendamusque,
1284 793 1402 850 sive
1431 793 1702 860 absentes,
1735 791 1850 848 sive
1880 808 2110 865 praesen-

521 898 624 958 tes,
663 889 872 962 placere
901 885 1138 943 Domino
1167 886 1280 939 Deo
1318 890 1526 938 nostro.

593 977 742 1034 XLII
787 976 1011 1042 mansio,
1059 975 1303 1029 Assam.
1335 1002 1407 1014 —
1442 971 1654 1027 Mansio
1701 969 2116 1042 quadragesima

523 1069 700 1143 prima
737 1068 799 1123 ﬁt
835 1084 866 1123 a
897 1065 1028 1122 ﬁliis
1065 1065 1230 1121 Israel
1271 1065 1330 1120 in
1368 1065 1650 1120 montibus
1687 1063 1948 1131 Abarim;
1989 1080 2114 1120 nam

523 1161 771 1233 sequitur
799 1177 810 1214 :
856 1182 874 1205 ι
907 1158 978 1214 Et
1008 1155 1239 1229 profecti
1271 1172 1340 1210 ex
1377 1156 1579 1211 Elmon
1609 1154 1946 1212 deblathaim
1967 1197 1981 1222 ,
2015 1171 2118 1210 ca-

522 1247 828 1306 strametati
872 1253 1001 1302 sunt
1048 1261 1210 1318 super
1239 1252 1454 1300 montes
1484 1243 1708 1300 Abarim
1748 1251 1937 1300 contra
1967 1243 2116 1300 Nebo

526 1339 711 1411 (Num.
735 1353 940 1404 xxxxxx,
971 1335 1087 1407 47).
1127 1361 1144 1384 ι
1189 1335 1396 1391 Verum
1431 1335 1591 1407 longe
1620 1335 1863 1391 alienum
1896 1333 2118 1390 videtur

523 1428 675 1496 huic,
717 1426 863 1499 quod
909 1426 1018 1482 alio
1055 1425 1113 1481 in
1156 1425 1276 1482 loco
1303 1426 1370 1480 de
1415 1425 1520 1482 hac
1561 1425 1845 1482 mansione
1892 1425 2112 1498 legitur.

521 1517 658 1574 Nam
704 1516 930 1589 inquit:
981 1539 999 1562 ε
1041 1513 1423 1572 Castrametati
1463 1522 1593 1570 sunt
1627 1515 1683 1570 in
1715 1515 1857 1570 valle
1902 1514 2110 1581 Zared;

523 1605 652 1663 inde
679 1605 1091 1674 descendentes,
1135 1605 1507 1663 castrametati
1553 1611 1683 1660 sunt
1728 1612 1880 1660 trans
1922 1605 2114 1661 Arnon

2221 433 2419 490 danem
2452 433 2597 490 inter
2625 433 2982 503 Bethsimon,
3014 451 3188 508 usque
3216 434 3543 505 Belsachin,
3583 437 3648 493 in
3684 441 3862 496 occi-

2223 525 2386 581 dente
2415 525 2573 581 Moab
2605 527 2789 598 (Num.
2819 543 3019 594 xxxxxx,
3047 525 3160 598 48).
3195 552 3213 574 ι
3256 526 3384 582 Alio
3415 527 3470 583 in
3501 529 3638 585 loco
3672 546 3858 587 man-

2223 613 2434 669 sionem
2475 613 2721 670 eamdem
2763 615 3019 672 meminit
3063 614 3383 688 Scriptura,
3421 615 3623 675 dicens
3656 637 3669 674 :
3723 643 3743 666 ι
3779 621 3858 676 Et

2224 704 2566 762 discedentes
2596 705 2700 761 ﬁlii
2729 707 2935 773 Israel,
2967 707 3338 764 castrametati
3383 717 3514 766 sunt
3558 708 3634 766 ad
3684 712 3858 769 occi-

2225 791 2442 849 dentem
2502 794 2661 850 Moab
2692 837 2707 862 ,
2776 794 2922 867 apud
2976 795 3270 852 Iordanem
3301 839 3316 865 ,
3379 796 3549 868 juxta
3612 799 3855 858 Iericho

2229 884 2414 956 (Num.
2435 899 2578 951 xxxx,
2600 883 2677 954 I).
2712 908 2731 932 ι
2775 884 3022 956 Denique
3056 895 3334 955 postrema
3363 885 3531 959 hujus
3567 887 3852 946 laboriosi

2225 973 2587 1046 diuturnique
2634 973 2881 1028 ﬁliorum
2928 974 3093 1028 Israel
3149 974 3366 1031 itineris
3412 992 3444 1032 a
3490 977 3695 1050 Moyse
3750 995 3856 1050 per

2225 1063 2457 1120 verbum
2486 1063 2585 1119 Dei
2615 1063 2890 1136 descripta
2921 1063 3134 1119 mansio
3165 1062 3282 1120 haec
3314 1073 3414 1122 est.
3463 1067 3526 1122 In
3560 1083 3678 1140 qua
3713 1067 3852 1125 licet

2224 1153 2464 1226 plurima
2491 1153 2640 1209 dicta
2669 1163 2924 1226 gestaque
2955 1153 3068 1210 sint
3099 1163 3405 1210 memoratu
3437 1154 3634 1227 digna,
3664 1173 3852 1229 pauca

2223 1249 2408 1299 tamen
2433 1241 2550 1300 haec
2571 1242 2972 1300 enarrabimus.
3000 1243 3247 1300 Primum
3270 1243 3433 1300 Balac
3453 1245 3849 1315 Moabitarum

2224 1348 2323 1389 rex
2352 1347 2582 1389 cernens
2611 1331 2756 1390 ﬁlios
2783 1333 2948 1389 Israel
2977 1341 3133 1390 tanto
3163 1333 3425 1406 proﬁcere
3455 1335 3846 1407 incremento,

2223 1429 2445 1495 tamque
2470 1423 2729 1480 secundis
2758 1439 2948 1479 eorum
2988 1439 3074 1479 res
3119 1424 3425 1496 prosperari
3455 1427 3845 1496 successibus,

2224 1528 2478 1583 magnam
2525 1528 2707 1568 rerum
2757 1528 2979 1568 suarum
3028 1512 3383 1568 formidinem
3429 1515 3730 1588 concepit,
3782 1525 3848 1573 ut

2223 1601 2283 1658 in
2337 1602 2407 1658 iis
2459 1618 2580 1676 quas
2630 1601 2699 1658 ad
2748 1603 3014 1674 populum
3069 1601 3287 1658 Madian
3341 1603 3690 1675 praelocutus
3733 1613 3846 1674 est,

524 1697 582 1752 in
611 1695 846 1761 deserto,
894 1693 1040 1768 quod
1085 1694 1291 1750 eminet
1339 1711 1370 1749 a
1415 1694 1621 1750 ﬁnibus
1663 1693 2112 1750 Amorrhaeorum
2145 1709 2189 1768 Β
2225 1699 2468 1764 apparet.
2521 1693 2711 1764 Inquit
2757 1691 2944 1748 enim:
2992 1715 3012 1738 ι
3050 1692 3207 1748 Nunc
3254 1692 3426 1764 linget
3469 1695 3846 1767 congregatio

525 1786 708 1858 (Num.
737 1801 858 1852 xxx,
884 1784 968 1851 l2,
996 1783 1108 1856 M).
1133 1810 1151 1832 ι
1187 1785 1274 1839 Ex
1295 1786 1496 1856 quibus
1516 1785 1700 1841 verbis
1728 1783 1949 1840 videtur
1969 1784 2116 1857 quod

523 1874 627 1930 ﬁlii
656 1874 819 1930 Israel
849 1889 960 1929 non
991 1873 1048 1928 in
1082 1874 1367 1930 montibus
1395 1873 1654 1942 Abarim,
1686 1873 1779 1930 sed
1810 1873 1867 1928 in
1901 1872 2116 1928 deserto

523 1972 674 2020 trans
693 1965 884 2019 Arnon
917 1963 1255 2019 mansionem
1283 1972 1406 2035 post
1433 1963 1634 2018 Elmon
1665 1962 1978 2019 habuerint.
2011 1964 2114 2020 Sed

523 2054 676 2110 nulla
719 2061 802 2109 est
847 2052 1173 2121 diversitas,
1221 2051 1483 2125 quoniam
1529 2050 1755 2106 Abarim
1800 2050 1858 2106 in
1901 2051 2116 2108 deserto

523 2152 603 2200 est
631 2151 781 2199 trans
809 2142 1021 2197 Arnon.
1050 2140 1209 2209 Quod
1240 2158 1366 2212 ergo
1395 2140 1528 2196 alibi
1557 2140 1658 2197 sub
1688 2140 1992 2209 communi,
2026 2139 2118 2197 hic

523 2233 626 2290 sub
654 2233 877 2305 proprio
908 2230 1132 2286 nomine
1171 2230 1452 2301 Scriptura
1481 2230 1768 2302 expressit.
1804 2230 1956 2285 Unde
1991 2230 2118 2286 sub-

517 2321 738 2394 jungit:
773 2322 871 2377 Est
897 2321 1044 2376 enim
1075 2323 1266 2375 Arnon
1295 2319 1362 2375 ad
1394 2319 1531 2375 ﬁnes
1563 2319 1720 2375 Moab
1752 2319 1896 2374 inter
1923 2321 2117 2374 Amor-

528 2412 728 2480 rhaaos,
758 2419 812 2467 et
849 2411 927 2466 ibi
959 2409 1190 2466 habetur
1221 2425 1378 2465 mons
1407 2409 1657 2478 Abarim,
1685 2409 1752 2465 ad
1782 2409 1942 2482 cujus
1976 2408 2117 2464 radi-

523 2518 614 2560 ces
635 2500 799 2574 juxta
827 2500 1179 2557 Amorrhaeos
1208 2501 1418 2556 Armon
1451 2500 1654 2555 labitur
1671 2501 1872 2556 amnis.
1903 2499 2118 2555 Dicitur

523 2608 656 2648 vero
686 2608 843 2648 mons
873 2589 1103 2647 Abarim
1133 2598 1285 2647 trans
1323 2593 1534 2657 Arnon,
1577 2606 1685 2645 non
1716 2589 1781 2645 ad
1822 2591 2115 2646 transitum

527 2682 884 2739 Hebraeorum
910 2726 924 2750 ,
983 2679 1076 2736 sed
1126 2680 1192 2736 ad
1248 2681 1415 2737 situm
1473 2689 1630 2736 terra:
1687 2687 1916 2749 sanctas,
1975 2680 2119 2735 sicut

525 2789 648 2830 mos
675 2783 757 2830 est
789 2772 966 2845 Moysi
1015 2772 1071 2826 in
1116 2769 1218 2828 hac
1256 2771 1658 2843 descriptione;
1709 2787 1836 2826 nam
1882 2769 1938 2824 in
1975 2769 2118 2825 libro

525 2862 938 2920 Deuteronomii
987 2862 1230 2933 legitur:
1278 2883 1296 2907 σ
1348 2861 1474 2916 Haec
1520 2861 1686 2916 verba
1733 2877 1852 2932 quae
1901 2860 2118 2916 locutus

525 2962 606 3009 est
646 2955 862 3024 Moyses
891 2951 1044 3006 omni
1085 2951 1247 3006 Israel
1285 2959 1436 3006 trans
1473 2950 1764 3005 Iordanem
1808 2950 1866 3004 in
1903 2949 2118 3005 deserto

525 3040 594 3098 ad
623 3040 961 3097 occidentem
997 3039 1176 3108 (Deut.
1211 3055 1249 3106 x,
1285 3038 1362 3110 1).
1400 3065 1418 3087 ι
1447 3039 1662 3110 Moyses
1689 3045 1893 3106 tamen,
1917 3038 2118 3094 Iorda-

524 3145 650 3187 nem
683 3129 998 3185 nullatenus
1027 3127 1285 3182 transivit
1317 3144 1328 3182 :
1380 3133 1496 3182 erat
1538 3141 1666 3198 ergo
1706 3125 1843 3182 citra
1884 3125 1952 3181 ad
1999 3127 2116 3181 He-

524 3218 796 3276 brmorum
836 3218 1004 3286 viam,
1045 3224 1201 3273 trans
1229 3231 1360 3271 vero
1388 3216 1457 3272 ad
1489 3224 1648 3272 terrae
1691 3225 1892 3272 sanctae
1921 3216 2110 3272 situm.

524 3307 638 3364 Sub
671 3307 774 3364 hac
820 3307 1104 3364 mansione
1132 3305 1201 3362 ad
1248 3306 1389 3363 Seon
1432 3305 1883 3362 Amorrhaeorum
1933 3322 2113 3377 regem

525 3401 730 3474 legatos
774 3399 990 3472 Moyses
1027 3397 1346 3465 destinavit,
1394 3404 1455 3452 ut
1501 3397 1550 3452 ei
1598 3412 1724 3454 cum
1770 3395 1973 3468 populo
2019 3412 2116 3468 per

523 3505 649 3547 suas
700 3497 872 3546 terras
925 3497 1291 3545 commeatum
1345 3485 1612 3560 praeberet
1634 3529 1648 3552 ,
1706 3484 1908 3558 absque
1960 3485 2113 3541 omni

522 3593 749 3637 suorum
775 3593 998 3650 prorsus
1027 3577 1248 3632 laesione
1273 3595 1284 3632 :
1329 3599 1349 3622 α
1374 3575 1783 3644 Transibimus,
1818 3574 2109 3648 inquiunt,

522 3681 621 3740 per
638 3673 838 3722 terram
864 3674 1035 3734 tuam,
1061 3681 1174 3721 non
1194 3663 1595 3722 declinabimus
1615 3681 1790 3738 neque
1811 3665 1878 3720 ad
1899 3681 2110 3738 agrum,

523 3769 700 3828 neque
739 3753 991 3811 bibemus
1019 3770 1216 3828 aquam
1255 3753 1322 3810 de
1351 3763 1536 3826 puteo,
1582 3754 1674 3812 via
1715 3755 1863 3828 regia
1906 3754 2114 3812 transi-

520 3845 706 3903 bimus
736 3846 921 3917 (Num.
951 3862 1072 3916 xxx,
1103 3847 1218 3912 22).
1251 3869 1272 3896 ι
1317 3846 1459 3903 Seon
1489 3862 1618 3903 vero
1661 3846 1718 3903 id
1760 3848 1988 3904 omnino
2018 3863 2114 3903 re-

520 3950 720 3992 cusans
740 3934 878 3992 dura
903 3935 1185 4006 respondit
1209 3954 1220 3992 :
1255 3935 1370 3992 imo
1391 3935 1576 3992 valido
1603 3937 1848 3995 exercitu
1878 3945 2108 4006 armato,

521 4023 589 4082 ad
634 4023 867 4082 ﬂuvium
897 4028 1126 4092 Arnon,
1166 4041 1271 4098 qua
1301 4025 1464 4082 Israel
1507 4028 1842 4084 transiturus
1869 4037 2018 4097 erat,
2051 4036 2113 4085 ut

521 4115 669 4170 viam
698 4113 1012 4186 impediret,
1043 4115 1490 4189 oppugnantique
1520 4117 1795 4173 resisteret
1814 4159 1828 4183 ,
1861 4118 2113 4188 protinus

521 4202 823 4261 descendit.
874 4205 978 4260 Sed
1018 4204 1211 4261 divina
1259 4205 1465 4262 factum
1512 4215 1594 4263 est
1624 4206 1848 4276 virtute,
1884 4216 1946 4264 ut
1989 4223 2111 4282 rege

523 4291 582 4346 in
603 4289 791 4362 praelia
807 4292 1104 4360 exstincto,
1129 4292 1342 4350 Hebraei
1364 4294 1813 4352 Amorrhaeorum
1844 4295 2110 4369 populum

520 4380 580 4436 in
627 4380 901 4436 occisione
951 4381 1118 4453 gladii
1165 4386 1550 4456 percusserint,
1599 4403 1899 4459 eorumque
1940 4396 2112 4444 terras

521 4478 796 4527 vastantes
838 4470 1242 4544 depopularint.
1295 4475 1522 4531 Interim
1557 4476 1637 4547 Og
1681 4493 1779 4532 rex
1810 4477 2006 4547 Basan,
2049 4488 2112 4536 ut

520 4559 792 4615 auxilium
822 4560 1147 4618 Amorrhaeo
1180 4563 1445 4634 praeberet
1485 4563 1698 4630 amico,
1732 4567 1979 4638 ingentes
2008 4585 2112 4626 co-

523 4647 638 4721 pias
674 4655 880 4717 armat,
929 4647 1130 4721 quibus
1171 4651 1334 4706 Israel
1375 4649 1651 4708 hostiliter
1690 4653 2110 4727 impugnaturus

519 4737 855 4811 aggreditur.
916 4739 1022 4795 Sed
1076 4741 1242 4797 Israel
1299 4759 1534 4814 superna
1583 4742 1854 4802 dimicans
1899 4763 2020 4818 ope,
2056 4755 2109 4802 et

520 4829 699 4900 ipsum
731 4828 787 4882 in
835 4827 982 4884 bello
1014 4845 1192 4901 regem
1240 4833 1491 4905 peremit,
1539 4835 1841 4892 exercitum
1883 4853 2107 4894 omnem

520 4917 815 4985 exstinxit,
838 4919 1150 4975 universam
1175 4921 1410 4995 denique
1437 4933 1636 4980 terram
1659 4942 1847 4981 eorum
1871 4925 2105 4998 subegit,

519 5005 666 5063 unde
691 5022 817 5062 cum
844 5006 1044 5079 insigni
1069 5008 1304 5064 victoria
1329 5011 1558 5080 grandes
1577 5013 1900 5071 divitiarum
1923 5016 2108 5087 copias

519 5097 839 5168 reportavit.
872 5097 1004 5164 Quae
1033 5101 1220 5154 omnia
1249 5100 1518 5174 Iosephus
1547 5104 1670 5160 fuso
1697 5122 1946 5164 sermone
1981 5123 2104 5179 per-

514 5186 736 5258 scripsit
767 5186 908 5258 (Lib.
940 5204 996 5242 xv
1030 5189 1292 5259 Antiquit.
1325 5207 1444 5263 cap.
1477 5192 1556 5264 4).

588 5275 763 5332 ΧιΠ·
788 5276 1015 5345 mansio,
1046 5279 1191 5348 apud
1213 5279 1526 5338 JORDANEM.
1549 5314 1620 5325 —
1638 5285 1849 5342 Mansio
1877 5287 2105 5360 quadra-

517 5365 721 5437 gesima
744 5363 983 5422 secunda
1013 5364 1248 5422 habetur
1266 5368 1322 5423 in
1351 5373 1750 5442 campestribus
1777 5376 1934 5431 Moab
1959 5377 2104 5448 apud

516 5451 841 5524 Iordanem;
877 5454 1001 5512 ideo
1030 5454 1167 5513 dicit
1194 5475 1206 5513 :
1243 5482 1262 5505 ι
1291 5458 1364 5514 Et
1393 5458 1622 5532 profecti
1647 5462 1714 5519 de
1739 5463 1941 5521 ﬁnibus
1962 5465 2104 5522 Aba-

517 5540 647 5615 rim,
669 5553 939 5604 venerunt
965 5545 1035 5606 ad
1054 5546 1394 5608 occidentem
1424 5549 1605 5622 Moab,
1627 5567 1792 5625 supra
1809 5553 2102 5612 Iordanem

2225 1784 2344 1842 haec
2373 1800 2598 1850 omnes,
2628 1783 2722 1857 qui
2755 1783 2812 1839 in
2843 1783 3080 1840 circuitu
3109 1791 3296 1840 nostro
3333 1793 3481 1853 sunt,
3520 1786 3678 1843 sicut
3725 1787 3842 1842 lin-

2227 1875 2305 1948 git
2351 1874 2565 1930 vitulus
2611 1873 2847 1929 virentia
2891 1889 2959 1928 ex
3004 1890 3198 1944 campo
3239 1874 3428 1943 (Ibid.,
3468 1874 3553 1946 4).
3588 1900 3608 1922 ι
3653 1875 3846 1942 Quare

2225 1965 2397 2022 armis
2427 1963 2574 2020 haud
2605 1979 2696 2020 eos
2728 1965 2907 2036 palam
2951 1963 3212 2020 invadere
3250 1980 3436 2032 ausus,
3469 1964 3840 2034 deliberavit,

2227 2070 2294 2110 ne
2359 2053 2551 2109 saltem
2619 2053 2954 2124 potentiores
3013 2051 3398 2118 efﬁcerentur,
3454 2051 3525 2108 ad
3586 2053 3844 2108 occultas

2226 2151 2372 2199 artes
2396 2143 2712 2214 confugere.
2743 2141 2895 2198 Unde
2924 2142 3142 2197 Balaam
3177 2158 3395 2213 magum
3442 2141 3514 2198 ad
3563 2158 3624 2199 se
3655 2159 3841 2201 accer-

2227 2235 2396 2289 situm
2449 2231 2696 2304 rogavit,
2748 2241 2808 2288 ut
2865 2230 3386 2304 imprecationibus,
3447 2232 3842 2305 maleﬁcisque

2225 2321 2356 2394 ejus.
2400 2321 2612 2377 artibus
2670 2321 2935 2394 populum
2990 2320 3377 2389 malediceret,
3437 2321 3835 2394 perderetque.

2226 2418 2384 2485 Quod
2415 2419 2482 2474 ab
2509 2418 2608 2474 illo
2650 2435 2752 2474 nec
2792 2418 3161 2486 suasionibus,
3204 2415 3298 2473 20
3337 2435 3438 2475 nec
3476 2420 3836 2490 muneribus,

2225 2509 2417 2566 divina
2469 2509 2771 2566 obsistente
2832 2509 3218 2582 providentia,
3270 2510 3520 2567 obtinere
3579 2527 3834 2585 unquam

2225 2600 2426 2672 potuit,
2471 2598 2726 2670 quinimo
2765 2598 2880 2670 ipse
2919 2615 3141 2670 magus,
3175 2599 3414 2656 Domino
3443 2616 3505 2655 os
3533 2599 3665 2671 ejus
3695 2615 3838 2671 ape-

2227 2690 2426 2757 riente,
2446 2689 2592 2744 bona
2612 2695 2864 2758 precatus
2885 2696 2966 2744 est
2989 2688 3212 2760 populo,
3241 2688 3538 2762 felicesque
3564 2689 3838 2762 praedixit

2227 2795 2555 2836 successus:
2603 2803 2620 2824 ιι
2649 2778 2824 2846 Quam
2872 2778 3139 2850 pulchra),
3190 2779 3394 2851 inquit,
3443 2786 3556 2836 tum
3601 2779 3834 2848 domus,

2226 2869 2433 2926 Iacob!
2490 2869 2842 2925 tabernacula
2889 2876 3018 2935 tua,
3069 2868 3254 2924 Israel.
3313 2867 3600 2940 Tanquam
3657 2868 3837 2924 valles

2228 2959 2642 3028 obumbrantes,
2673 2966 2934 3032 tanquam
2969 2958 3116 3014 horti
3145 2973 3308 3030 super
3331 2957 3594 3026 ﬂuvium,
3627 2967 3687 3014 et
3727 2974 3838 3014 ve-

2151 3071 2194 3131 α
2230 3050 2311 3106 lut
2344 3049 2700 3107 tabernacula
2732 3065 2852 3121 quae
2883 3047 3009 3104 ﬁxit
3050 3049 3318 3104 Dominus
3350 3048 3537 3119 (Num.
3573 3064 3744 3118 xxxv,
3777 3050 3832 3118 5,

2223 3139 2303 3211 6).
2338 3165 2356 3187 ι
2395 3141 2467 3196 Et
2498 3139 2643 3194 infra
2672 3158 2683 3195 :
2731 3164 2750 3185 ι
2782 3139 3175 3196 Benedicentes
3203 3147 3255 3194 te
3286 3136 3564 3195 benedicti
3594 3138 3749 3209 sint,
3780 3149 3836 3196 et

2225 3227 2611 3284 maledicentes
2656 3235 2711 3284 te
2741 3228 3019 3285 maledicti
3065 3228 3179 3284 sint
3220 3229 3372 3284 item.
3407 3227 3638 3285 Orietur
3668 3229 3833 3285 stella

2223 3334 2292 3374 ex
2320 3316 2507 3383 Iacob,
2546 3324 2600 3371 et
2629 3323 2884 3388 exsurget
2922 3316 3089 3372 homo
3117 3334 3186 3373 ex
3216 3318 3379 3373 Israel
3413 3317 3610 3388 (11ήάυ
3646 3319 3763 3390 I7).
3798 3340 3816 3365 ι

2223 3407 2431 3464 Deinde
2461 3407 2589 3480 quia
2627 3405 3051 3463 Madianitarum
3084 3422 3269 3462 amore
3299 3405 3601 3462 mulierum
3641 3422 3831 3478 popu-

2224 3497 2330 3563 lus,
2363 3495 2577 3552 deserto
2609 3510 2741 3550 vero
2767 3495 2912 3561 Deo,
2943 3494 3012 3550 ad
3041 3494 3189 3551 idola
3216 3494 3518 3551 diverterat
3537 3538 3553 3564 ,
3588 3495 3830 3551 Phinees

2222 3587 2448 3642 Eleazar
2493 3585 2664 3655 ﬁlius,
2714 3586 3009 3658 Aaronque
3061 3601 3249 3658 nepos,
3299 3586 3416 3642 zelo
3462 3587 3680 3642 zelatus
3727 3601 3828 3659 pro

2222 3675 2460 3732 Domino
2489 3675 2857 3745 exercituum,
2904 3682 3198 3749 antequam
3246 3691 3344 3748 per
3371 3675 3662 3731 licentiam
3702 3674 3827 3730 for—

2225 3766 2333 3823 tius
2363 3775 2699 3839 grassaretur
2736 3765 3023 3840 iniquitas,
3072 3766 3362 3823 Hebraaum
3390 3773 3445 3822 et
3490 3763 3828 3822 Madianiti-

2221 3855 2345 3913 dem
2394 3857 2657 3914 feminam
2715 3856 2773 3913 in
2826 3856 3193 3914 fornicatione
3247 3853 3717 3929 comprehensos,
3771 3862 3827 3912 et

2221 3965 2406 4006 coram
2452 3949 2641 4021 Moyse
2671 3947 2940 4004 adductos
2984 3947 3202 4020 publice
3240 3947 3531 4020 evaginato
3581 3947 3825 4020 pugione

2222 4037 2455 4110 peremit
2483 4037 2644 4110 cujus
2682 4039 2936 4109 exemplo
2981 4037 3262 4109 provocati
3293 4036 3543 4109 plerique
3585 4037 3822 4109 arreptis

2221 4129 2277 4185 in
2318 4126 2646 4184 fornicarios
2675 4127 2843 4182 armis
2886 4126 3330 4194 insurrexerunt,
3361 4134 3414 4180 et
3455 4125 3524 4180 ad
3558 4127 3820 4182 interne-

2220 4219 2434 4276 cionem
2464 4234 2602 4274 caesa
2629 4223 2758 4273 sunt
2786 4215 2875 4271 die
2903 4217 3001 4272 illa
3029 4215 3226 4288 viginti
3256 4223 3492 4288 quatuor
3520 4215 3816 4272 hominum

2222 4309 2415 4367 millia.
2467 4306 2645 4375 Quare
2693 4308 2990 4380 peremptis
3032 4307 3376 4374 fornicariis,
3425 4306 3818 4363 reconciliatus

2141 4430 2188 4490 D
2223 4405 2457 4490 estcuxn
2487 4397 2884 4490 popuqueus.
2934 4420 2953 4444 ε
3098 4395 3350 4490 cessavit,
3402 4394 3815 4490 inqu_it,__plaga

2223 4503 2254 4541 a
2279 4486 2411 4541 ﬁliis
2435 4485 2598 4542 Israel
2632 4485 2818 4558 (Num.
2847 4501 2983 4552 xxv,
3015 4485 3095 4554 8).
3131 4510 3149 4531 ι
3191 4485 3418 4554 Insuper
3443 4483 3574 4556 quia
3601 4483 3812 4542 Chana-

2221 4590 2464 4631 naaorum
2497 4583 2662 4643 terra,
2714 4573 2782 4630 ad
2831 4589 2994 4645 quam
3049 4571 3153 4627 ﬁlii
3201 4571 3365 4626 Israel
3422 4572 3810 4645 possidendam

2220 4680 2315 4736 per
2344 4665 2572 4720 verbum
2605 4665 2702 4720 Dei
2733 4662 3051 4730 tendebant,
3095 4677 3124 4717 e
3154 4661 3341 4718 vicino
3377 4659 3490 4732 jam
3534 4662 3810 4735 promine-

2216 4753 2330 4819 bat,
2362 4754 2574 4826 ipsique
2608 4761 2763 4808 terrae
2789 4759 2989 4808 sanctaa
3019 4767 3114 4824 per
3140 4750 3500 4824 quadraginta
3533 4759 3589 4808 et
3625 4753 3808 4824 plures

2217 4857 2390 4897 annos
2420 4841 2682 4912 fugientis
2727 4841 2838 4896 fere
2863 4839 2977 4911 jam
3014 4857 3136 4896 oras
3167 4841 3536 4913 prendebant;
3583 4850 3637 4896 et
3679 4840 3806 4913 quia

2216 4945 2327 4984 non
2359 4929 2466 4984 nisi
2495 4937 2707 4985 armata
2753 4946 2941 4998 manu,
2977 4929 3297 5003 viribusque
3336 4930 3606 4997 infractis,
3653 4931 3803 4984 illam

2216 5035 2406 5092 capere
2452 5020 2584 5092 ipsis
2623 5019 3002 5092 praestabatur,
3049 5019 3256 5078 idcirco
3296 5021 3521 5076 Eleazar
3551 5017 3804 5076 sacerdos

2215 5125 2416 5164 novam
2482 5111 2670 5181 populi
2745 5109 2814 5165 ad
2886 5109 3092 5165 bellum
3158 5110 3271 5182 apti
3338 5109 3799 5182 computationem

2215 5197 2391 5253 facere
2456 5199 2556 5253 Dei
2631 5197 2889 5254 mandato
2951 5197 3234 5267 decrevit,
3297 5199 3355 5253 in
3430 5213 3537 5270 qua
3609 5203 3800 5269 preter

2213 5286 2418 5343 tribum
2452 5288 2604 5356 Levi,
2638 5287 2706 5344 ad
2739 5289 3027 5361 specialem
3068 5289 3166 5345 Dei
3196 5289 3406 5345 cultum
3438 5287 3793 5352 destinatam,

2214 5382 2267 5431 et
2316 5375 2596 5443 mulieres,
2653 5388 2912 5434 sexcenta
2943 5377 3120 5434 millia
3165 5385 3220 5433 et
3269 5376 3422 5431 mille
3471 5372 3792 5448 septingenti

2212 5466 2442 5539 triginta
2470 5468 2597 5538 viri,
2629 5485 2661 5524 a
2699 5469 2899 5542 viginti
2930 5469 3090 5526 annis
3117 5475 3171 5523 et
3211 5483 3395 5538 supra,
3426 5465 3492 5522 ad
3523 5466 3665 5522 bella
3693 5480 3794 5536 pa-

2213 5557 2340 5629 rati,
2371 5566 2434 5617 ut
2462 5558 2764 5634 Scriptura,
2796 5561 3000 5635 inquit,
3031 5559 3305 5617 numerati
3335 5566 3486 5615 sunt.
3519 5555 3641 5613 Alia
3668 5567 3792 5609 vero
