4136 6194
287 261 348 317 41
1728 250 2144 308 ΑΒΜΟΝΙΤΙΟ.
3524 247 3594 305 42

287 401 450 456 quam
491 386 729 457 plurima
767 383 830 438 ad
874 383 1195 455 religionem
1243 382 1452 456 Deique
1497 380 1731 447 cultum,
1778 395 1880 434 nec
1909 382 1954 439 A
1995 376 2176 447 (Deut.
2227 390 2427 441 xxxrv,
2476 373 2556 445 4).
2608 375 2678 430 Et
2724 374 3016 430 confestim
3069 389 3166 446 per
3213 372 3444 429 verbum
3491 376 3590 442 Dei

288 491 396 530 non
429 474 496 529 ad
531 490 645 530 rem
673 473 952 545 publicam
1003 472 1151 528 bello
1202 486 1440 544 paceque
1488 468 1878 526 moderandam

285 563 608 635 spectantia,
640 563 857 634 Moyses
877 562 1206 634 Eleazarque
1234 560 1487 618 sacerdos
1514 559 1571 614 in
1603 559 1706 615 hac
1730 575 1879 615 man-

285 652 442 708 sione
475 652 531 706 in
563 651 814 708 ordinem
848 652 1171 723 redegerunt
1195 652 1380 721 (Num.
1415 667 1575 717 xxvr,
1605 647 1699 718 5?)
1725 665 1734 700 :
1763 664 1884 719 quae

284 759 354 798 ne
378 743 436 796 in
464 742 632 798 nimis
654 742 876 814 longum
898 749 1140 798 nostram
1164 740 1548 813 protraherent
1568 737 1883 803 lectionem,

284 833 374 887 vel
403 831 532 906 quia
561 832 761 904 saepius
792 832 918 887 aliis
959 832 1016 886 in
1053 831 1188 887 locis
1235 847 1297 885 ea
1339 826 1688 900 digessimus,
1737 840 1885 880 nunc

282 924 592 980 omittenda
619 939 934 979 censemus.
967 922 1206 977 Silentio
1235 928 1418 975 tamen
1447 915 1882 990 praetereundum

280 1030 392 1070 non
429 1014 718 1082 duximus,
749 1013 899 1085 quod
929 1013 1145 1083 Moyses
1172 1019 1480 1066 extremum
1511 1007 1614 1063 sibi
1665 1006 1881 1062 tandem

280 1121 379 1175 per
406 1105 644 1160 verbum
675 1104 778 1158 Dei
813 1103 1014 1157 instare
1061 1101 1205 1156 diem
1252 1116 1568 1172 agnoscens,
1609 1098 1884 1154 declarato

278 1194 391 1251 sibi
424 1209 758 1260 successore,
791 1192 1087 1264 populique
1116 1190 1272 1258 duce,
1307 1190 1564 1245 mandato
1589 1189 1709 1256 Dei,
1758 1189 1886 1244 Jesu

281 1285 461 1351 Nave,
519 1283 957 1356 praescriptisque
1003 1281 1486 1336 benedictionibus
1537 1297 1596 1336 ac
1660 1279 1883 1335 maledi-

274 1373 603 1441 ctionibus,
663 1372 863 1444 quibus
921 1370 1299 1426 observatores
1370 1370 1886 1441 przevaricatoresve

275 1461 491 1518 divinae
537 1461 672 1533 legis
701 1461 1068 1528 incurrerent,
1097 1476 1314 1516 necnon
1346 1459 1732 1531 praenuntiatis
1761 1458 1887 1512 sin—

275 1552 426 1625 gulis
446 1551 710 1607 tribubus
741 1567 860 1624 quae
892 1551 949 1606 in
978 1550 1107 1606 illos
1137 1549 1462 1622 singillatim
1490 1554 1888 1620 superventura

276 1643 483 1712 forent,
560 1659 726 1715 super
800 1649 1044 1697 montem
1117 1641 1268 1696 Nebo
1325 1639 1647 1696 conscendit
1706 1639 1882 1710 (Deut.

1992 472 2245 519 mortuus
2292 473 2392 531 est,
2439 473 2490 519 et
2535 464 2779 536 sepultus
2830 465 2888 519 in
2939 463 3124 530 valle;
3185 471 3238 519 et
3277 462 3588 534 sepulcrum

1990 556 2109 627 ejus
2157 572 2320 611 nemo
2360 553 2518 609 novit
2563 571 2734 628 usque
2784 555 2842 610 in
2892 553 3223 609 hodiernum
3271 553 3438 608 diem.
3491 553 3595 624 Hic

1993 645 2121 701 ﬁnis
2168 645 2381 716 Moysi,
2437 644 2892 717 mansionumque
2937 643 3126 716 populi
3173 643 3333 713 jussu
3384 643 3484 700 Dei
3536 643 3594 698 in

1997 733 2248 788 ordinem
2287 733 2701 789 recensitarum.
2747 733 3013 790 Cazterum
3061 733 3329 788 nonnulla
3361 733 3595 805 mystica

2000 837 2149 876 nunc
2174 822 2504 892 explicanda
2551 823 2752 889 forent,
2803 822 2910 876 nisi
2958 823 3153 877 borum
3202 823 3460 894 pleraque
3499 839 3596 894 per

2000 919 2290 965 tractatum
2321 920 2643 981 praesentem
2666 911 3076 980 sparsissemus,
3098 911 3204 965 alia
3225 927 3355 966 vero
3383 912 3438 966 in
3471 911 3595 967 aliis

1997 997 2133 1053 locis
2180 997 2630 1069 explicassemus.
2693 997 2837 1052 Illud
2901 997 3138 1070 denique
3191 999 3593 1056 observandum

1996 1103 2172 1159 operae
2231 1086 2478 1159 pretium
2535 1085 2933 1157 judicavimus,
2989 1085 3136 1157 quod
3184 1087 3459 1143 universis
3503 1088 3596 1146 hic

1996 1174 2263 1232 transitus
2295 1173 2419 1230 ideo
2452 1182 2939 1241 commemoratur,
2972 1180 3368 1246 proptereaque
3416 1176 3598 1232 omnis

1996 1267 2089 1324 hic
2119 1284 2315 1324 cursus
2339 1265 2809 1323 consummandns
2840 1265 3208 1337 proponitur;
3261 1274 3322 1321 ut
3367 1266 3434 1322 ad
3465 1269 3597 1323 Jor—

1996 1356 2194 1412 danem
2234 1357 2334 1411 Dei
2387 1355 2618 1410 ﬂuvium
2671 1355 2891 1410 demum
2942 1355 3340 1426 pervenientes,
3389 1356 3595 1412 divinae

1996 1446 2164 1501 undis
2197 1445 2480 1518 sapientiae
2511 1445 2832 1516 irrigemur;
2867 1451 2928 1498 ut
2956 1461 3050 1516 per
3081 1444 3267 1498 omnia
3295 1445 3592 1515 puriﬁcati,

1999 1537 2382 1608 promissionis
2411 1545 2634 1604 terram,
2664 1538 2776 1591 Deo
2806 1534 3030 1590 tandem
3082 1536 3395 1603 miserante,
3427 1536 3594 1592 intra-

1998 1643 2078 1694 re,
2123 1635 2177 1683 et
2226 1644 2352 1684 cum
2404 1627 2670 1698 Apostolo
2716 1624 2897 1681 dicere
2943 1625 3271 1680 valeamus:
3317 1650 3333 1672 ι
3378 1625 3594 1682 Bonum

275 1750 484 1802 xxxrv,
537 1733 616 1805 1),
667 1733 904 1806 indeque
946 1731 1183 1803 amplam
1233 1731 1607 1804 optimamque
1661 1728 1889 1785 Chana-
1919 1745 1962 1804 ρ
1999 1729 2273 1776 certamen
2300 1716 2528 1785 certavi,
2566 1733 2788 1773 cursum
2819 1716 3223 1784 consummavi,
3273 1715 3438 1773 ﬁdem
3489 1733 3598 1774 ser-

278 1841 530 1880 neorum
591 1823 896 1895 regionem,
954 1831 1158 1879 terram
1210 1822 1402 1894 utique
1457 1821 1597 1876 lacte
1637 1826 1691 1873 et
1724 1822 1886 1877 melle

279 1923 623 1982 manantem,
653 1912 903 1985 patribus
947 1913 1194 1986 repetitis
1223 1911 1388 1968 etiam
1421 1911 1658 1967 oraculis
1688 1928 1883 1983 repro-

281 2007 534 2075 missam,
565 2007 739 2063 monti
771 2004 922 2061 Nebo
961 2021 1030 2060 ex
1074 2004 1306 2060 adverso
1339 2004 1595 2076 positam,
1625 2012 1678 2058 et
1707 2001 1885 2058 oculis

278 2099 660 2171 perlustravit,
694 2107 748 2155 et
776 2097 963 2154 animo
991 2096 1385 2163 consideravit,
1423 2102 1476 2150 et
1523 2099 1585 2148 ut
1631 2092 1884 2163 Apostoli

279 2191 470 2246 verbis
502 2191 686 2262 (Hebr.
729 2208 811 2260 x1,
864 2190 953 2262 13)
987 2198 1130 2256 utar,
1181 2203 1210 2243 e
1252 2189 1408 2258 longe
1451 2185 1732 2242 salutavit.
1764 2183 1885 2251 Quo

1996 1808 2143 1876 vavi,
2168 1815 2221 1863 et
2241 1807 2475 1878 justitiae
2497 1821 2698 1862 corona
2727 1821 2890 1880 quam
2919 1807 3190 1861 Dominus
3214 1804 3398 1877 justus
3421 1805 3595 1878 judex

1992 1897 2186 1954 reddet
2217 1897 2274 1951 in
2308 1897 2406 1952 illa
2435 1896 2524 1952 die
2579 1896 2648 1950 iis
2694 1896 2788 1968 qui
2835 1895 3077 1966 diligunt
3122 1895 3424 1951 adventum
3476 1895 3596 1967 ejus

1997 1989 2085 2060 (ΙΙ
2117 1987 2252 2043 Tim.
2284 2004 2361 2054 1v,
2395 1987 2446 2054 7,
2477 1985 2560 2059 8),
2587 1994 2882 2057 reponatur
2911 1985 3072 2040 nobis
3098 2001 3194 2056 per
3221 1985 3405 2040 Jesum
3437 1983 3592 2041 Chri-

1994 2086 2139 2133 stum
2170 2077 2470 2132 Dominum
2502 2084 2776 2144 nostrum,
2804 2076 2892 2132 cui
2926 2092 3050 2132 cum
3083 2075 3240 2131 Patre
3284 2081 3337 2129 et
3383 2075 3595 2146 Spiritu

1994 2177 2182 2224 sancto
2211 2166 2393 2223 omnis
2440 2174 2523 2221 est
2564 2165 2763 2233 honor,
2817 2165 3009 2237 gloria,
3055 2172 3108 2220 et
3157 2164 3492 2238 perpetuitas
3537 2164 3593 2220 in

1993 2259 2190 2316 szecula
2220 2258 2567 2315 saeculorum.
2601 2258 2798 2313 Amen.
2832 2281 2849 2304 ι

278 2279 523 2352 denique
551 2290 791 2353 peracto,
825 2279 972 2336 dixit
1001 2279 1085 2334 illi
1115 2276 1387 2334 Dominus
1421 2294 1432 2332 :
1472 2301 1490 2325 ι
1523 2275 1752 2332 Ostendi
1782 2283 1884 2331 ter-

281 2387 405 2427 ram
450 2372 594 2428 hanc
640 2372 816 2428 oculis
860 2372 991 2440 tuis,
1043 2370 1139 2426 sed
1187 2369 1338 2426 illius
1401 2385 1512 2425 non
1557 2366 1885 2440 ingredieris

924 2601 1030 2671 IN
1073 2598 1720 2679 SUBSEQUENTIA
1773 2593 2387 2666 COMMENTARIA
2434 2593 2945 2662 ADMONITIO.

364 2835 645 2904 Quantum
675 2835 808 2892 olim
848 2835 1042 2890 multis
1071 2833 1284 2890 saeculis
1314 2831 1688 2904 conspiratum
1719 2839 1822 2896 est,
1849 2837 1912 2886 ut
1933 2844 2165 2902 sequens
2185 2826 2336 2898 Opus
2357 2835 2544 2881 sancto
2559 2825 2853 2881 Ambrosio
2883 2824 3223 2880 tribueretur
3248 2842 3261 2891 ;
3286 2833 3434 2880 tanta
3463 2839 3590 2878 con-

279 2925 542 2981 sensione
572 2930 846 2999 quotquot
878 2940 1030 2978 nunc
1060 2922 1168 2976 viri
1203 2921 1408 2977 eruditi
1443 2919 1699 2986 audiunt,
1744 2917 1881 2972 illud
1929 2918 2106 2973 eidem
2155 2918 2353 2972 volunt
2399 2915 2797 2987 adjudicatum.
2832 2917 3053 2972 Etenim
3079 2915 3193 2988 jam
3227 2916 3356 2974 inde
3383 2934 3414 2972 a
3443 2933 3590 2974 nono

276 3017 489 3072 saeculo
519 3014 1088 3085 Hincmarus-(Tract.
1122 3013 1181 3066 de
1212 3012 1455 3066 Divortio
1486 3008 1747 3074 Lotharii,
1780 3009 1938 3076 θεέ),
1969 3005 2215 3061 Ecclesia
2260 3003 2646 3075 Lugdunensis
2694 3005 2852 3074 (tom.
2887 3005 2963 3062 IV
2993 3006 3136 3060 Bibl.
3177 3007 3290 3061 PP.
3325 3014 3465 3078 part.
3498 3009 3586 3078 ιι),

271 3105 584 3161 concilium
616 3104 1057 3175 Aquisgranense
1087 3101 1310 3155 tertium
1342 3099 1510 3170 (Ann.
1541 3097 1666 3163 862,
1695 3111 1812 3166 cap.
1846 3094 1925 3165 8),
1953 3094 2286 3161 Amalarius,
2317 3094 2672 3162 Prudentius,
2687 3096 2900 3167 Haymo
2921 3104 2975 3150 et
3005 3097 3188 3167 plures
3216 3096 3312 3152 alii
3342 3097 3586 3169 ejusdem

273 3197 553 3269 temporis
581 3203 832 3251 auctores
864 3195 1037 3249 multa
1065 3207 1133 3247 ex
1182 3191 1268 3246 his
1319 3190 1452 3262 ipsis
1500 3183 1926 3244 Commentariis
1972 3183 2072 3238 sub
2116 3183 2397 3238 Ambrosii
2447 3185 2672 3240 nomine
2707 3187 3076 3256 protulerunt.
3109 3186 3389 3253 Rabanus,
3424 3189 3586 3244 l-linc-

274 3285 422 3342 mari
456 3284 826 3358 synchronus,
859 3282 915 3337 in
944 3281 1307 3353 Expositione
1338 3279 1693 3334 Paulinarum
1725 3273 2083 3347 epistolarum
2115 3289 2184 3328 ex
2214 3274 2467 3330 Patribus
2497 3275 2728 3330 collecta
2768 3275 3038 3346 plurimos
3072 3277 3221 3331 locos
3255 3278 3313 3331 in
3343 3279 3586 3349 quinque

275 3375 491 3449 priores
520 3374 778 3446 epistolas
804 3372 1030 3429 adducit
1058 3379 1318 3442 tanquam
1350 3383 1478 3423 vere
1518 3365 1934 3431 Ambrosianos,
1967 3364 2061 3436 qui
2094 3380 2153 3418 re
2199 3380 2326 3419 vera
2366 3373 2586 3420 exstant
2638 3364 2696 3418 in
2745 3364 2834 3420 his
2887 3365 3090 3420 nostris
3139 3366 3584 3423 Commentariis.

274 3466 412 3522 Inde
443 3480 660 3537 quoque
689 3462 956 3518 nonnulla
983 3461 1038 3516 in
1064 3459 1309 3531 priorum
1359 3456 1603 3528 ejusdem
1643 3455 1799 3511 Pauli
1830 3452 2185 3524 epistolarum
2231 3454 2658 3525 explicationem
2689 3454 2974 3510 transtulit
2999 3454 3274 3523 Sedulius,
3305 3456 3586 3512 Ambrosii

275 3554 508 3609 nomine
538 3553 703 3610 semel
735 3551 990 3622 ascripto.
1025 3548 1364 3604 Lanfrancus
1394 3546 1560 3601 etiam
1588 3545 1645 3599 in
1685 3560 1783 3599 sua
1808 3543 2212 3616 Compilatione
2240 3553 2430 3600 sancto
2459 3545 2675 3602 doctori
2705 3543 2961 3600 attribuit
3001 3561 3062 3599 ea
3091 3545 3417 3617 fragmenta,
3465 3563 3586 3618 quae

277 3661 350 3699 ex
379 3645 483 3700 hoc
511 3644 685 3715 Opere
719 3648 997 3697 mutuatus
1027 3646 1128 3695 est.
1162 3638 1414 3709 Denique
1443 3635 1547 3690 hoc
1576 3634 1726 3706 Opus
1755 3650 1852 3705 pro
1883 3634 2250 3690 Ambrosiano
2297 3635 2600 3691 admissum
2646 3634 2756 3690 fuit
2782 3650 2813 3688 a
2841 3635 3124 3702 Gratiano,
3157 3636 3218 3692 P.
3248 3635 3580 3706 Lombardo,

273 3735 448 3789 Ivone
470 3729 817 3798 Carnutensi,
842 3729 1074 3802 aliisque
1105 3725 1431 3784 innumeris.
1457 3723 1857 3780 Verumtamen
1883 3739 2009 3780 cum
2040 3731 2153 3778 tam
2175 3723 2506 3780 universalis
2535 3725 2724 3796 opinio
2754 3725 3004 3792 Erasmo,
3027 3725 3318 3794 'l‘urriano,
3351 3725 3584 3798 aliisque

279 3839 394 3879 non
423 3839 594 3895 usque
622 3820 756 3877 adeo
790 3828 939 3877 certa
968 3820 1086 3874 visa
1115 3826 1274 3886 esset,
1307 3816 1460 3871 illam
1491 3814 1752 3883 deinceps
1786 3829 1845 3867 re
1874 3811 2116 3884 penitius
2155 3814 2490 3880 examinata,
2536 3829 2650 3868 uno
2690 3813 2904 3870 calculo
2951 3829 3142 3870 omnes
3191 3814 3578 3886 proscripsere.

353 3913 718 3980 Quamobrem
749 3918 931 3983 actum
964 3925 1118 3982 agere
1146 3906 1307 3964 nobis
1345 3904 1682 3969 videremur,
1712 3901 1758 3956 si
1808 3901 2026 3973 longius
2077 3901 2136 3956 in
2184 3902 2465 3974 probanda
2503 3919 2562 3958 re
2603 3920 2730 3960 sane
2769 3920 2932 3977 quam
2976 3905 3419 3977 exploratissima
3466 3905 3582 3960 im-

279 4019 639 4059 moraremur.
673 4001 793 4057 Non
824 3998 1112 4055 silebimus
1141 4005 1326 4052 tamen
1355 3994 1561 4065 stylum
1595 3989 1790 4062 Operis
1835 3996 2120 4059 tantopere
2159 3987 2456 4044 abhorrere
2499 3990 2568 4046 ab
2607 3992 2997 4061 Ambrosiano,
3049 4000 3112 4046 ut
3158 3994 3318 4062 plane
3373 3992 3579 4046 mirum

279 4093 353 4148 sit
389 4100 498 4149 tam
531 4091 682 4148 tarde
713 4090 1107 4162 deprehensam
1137 4103 1252 4143 esse
1279 4086 1433 4140 illam
1463 4081 1865 4138 diversitatem.
1921 4077 2025 4134 Sed
2074 4093 2176 4133 nec
2221 4079 2401 4134 levius
2449 4080 2593 4136 inter
2645 4082 2937 4154 utriusque
2988 4083 3228 4137 auctoris
3266 4079 3577 4137 doctrinam

278 4178 570 4236 dissidium
619 4186 736 4245 est;
787 4179 988 4250 quippe
1031 4178 1090 4232 in
1137 4173 1545 4231 Ambrosiastro
1576 4186 1686 4226 non
1717 4169 1898 4224 solum
1930 4177 2226 4224 occurrunt
2261 4169 2510 4241 quaedam
2542 4171 2744 4243 placita
2773 4171 3230 4239 extraordinaria,
3263 4180 3316 4227 et
3363 4187 3396 4227 a
3434 4173 3580 4229 veris

280 4270 557 4325 Ambrosii
585 4267 943 4341 Opinionibus
974 4267 1212 4321 immane
1262 4271 1527 4337 quantum
1575 4257 1982 4330 discrepantia;
2035 4273 2227 4312 verum
2271 4259 2436 4313 etiam
2488 4259 2546 4313 in
2596 4259 2906 4315 asserendis
2945 4257 3293 4331 dogmatibus
3337 4261 3578 4318 maxime

277 4359 566 4416 catholicis
595 4360 740 4414 inter
765 4366 1064 4428 utrumque
1095 4370 1206 4410 non
1236 4353 1368 4408 satis
1393 4350 1673 4417 convenit,
1724 4357 1778 4404 et
1830 4349 1898 4404 iis
1954 4349 2270 4406 refellendis
2330 4367 2450 4423 quae
2508 4351 2701 4407 Ariani
2749 4349 2986 4423 objicere
3034 4352 3302 4422 solebant,
3359 4353 3427 4409 ab
3477 4355 3576 4411 illo

274 4448 611 4504 adhibentur
669 4465 732 4504 ea
785 4461 1064 4518 responsa,
1115 4442 1317 4516 quibus
1368 4439 1649 4513 neglectis,
1699 4437 1928 4493 omnino
1973 4436 2192 4494 diversa
2237 4438 2498 4511 proponit
2541 4449 2762 4497 sanctus
2809 4440 3023 4499 doctor.
3076 4441 3164 4498 Ad
3211 4442 3329 4499 haec
3376 4443 3574 4500 inutile

274 4537 446 4592 fuerit
474 4537 553 4605 id,
582 4537 728 4609 quod
758 4535 967 4590 nemini
1000 4550 1109 4590 non
1141 4541 1220 4588 est
1250 4531 1501 4597 obvium,
1539 4527 1848 4591 observare,
1878 4525 2143 4581 nimirum
2174 4526 2232 4580 in
2254 4544 2428 4598 graica
2448 4528 2638 4602 lingua
2667 4546 2891 4602 prorsus
2922 4531 3276 4602 peregrinum
3297 4531 3575 4588 exstitisse

275 4626 436 4683 illum
469 4627 815 4696 scriptorem.
849 4622 995 4691 Quid
1033 4639 1164 4679 vero
1192 4621 1237 4678 si
1280 4618 1678 4691 subjungamus
1715 4629 1827 4670 non
1873 4621 2037 4671 tanta:
2078 4618 2483 4688 perspicuitatis
2525 4637 2660 4689 esse,
2705 4638 2838 4678 num
2872 4621 3116 4678 omnino
3168 4622 3576 4680 Commentaria

277 4717 339 4770 in
367 4715 597 4770 Paulum
629 4714 822 4770 fecerit
852 4713 1216 4768 Ambrosius?
1263 4712 1470 4769 Verum
1519 4715 1580 4764 ut
1627 4706 1867 4763 maxime
1907 4705 2229 4779 bujusmodi
2268 4711 2670 4782 expositionem
2709 4713 2798 4769 vir
2835 4721 3056 4770 sanctus
3093 4713 3348 4783 ediderit,
3380 4715 3573 4771 saltem

272 4804 569 4860 admodum
604 4801 867 4859 credibile
896 4811 978 4858 est
1001 4818 1118 4857 eam
1151 4799 1461 4858 Cassiodori
1491 4796 1833 4871 temporibus
1855 4795 1966 4867 jam
2003 4796 2267 4869 periisse;
2319 4798 2425 4855 hoc
2475 4803 2622 4856 enim
2676 4802 2876 4873 conjici
2924 4810 3101 4874 potest
3148 4819 3176 4860 e
3219 4805 3576 4877 sequentibus

270 4890 518 4963 ejusdem
548 4889 734 4946 verbis
772 4906 783 4943 :
845 4889 1058 4945 Dicitur
1095 4890 1270 4958 etiam,
1306 4889 1510 4962 inquit,
1541 4888 1744 4942 beatum
1782 4886 2123 4942 Ambrosium
2154 4889 2490 4946 subnotatum
2519 4892 2742 4947 codicem
2771 4893 3116 4964 epistolarum
3145 4895 3380 4949 omnium
3405 4895 3575 4950 sancti

269 4983 437 5039 Pauli
464 4981 761 5052 reliquisse,
791 4980 1104 5035 suavissima
1130 4979 1454 5052 expositione
1479 4979 1807 5050 completum,
1839 4994 1990 5048 quem
2021 4985 2192 5034 tamen
2219 4979 2392 5036 adhuc
2419 4980 2658 5037 invenire
2688 4998 2793 5036 non
2816 4982 2989 5053 potui,
3022 4989 3126 5039 etc.
3164 4982 3288 5054 (lib.
3320 4983 3398 5039 De
3445 4984 3568 5038 inst.

267 5070 438 5126 divin.
477 5071 635 5125 litter.
667 5085 786 5140 cap.
817 5065 899 5139 8).

344 5163 405 5218 In
435 5177 500 5218 eo
523 5178 650 5234 ergo
679 5169 794 5216 tota
822 5158 1117 5216 difﬁcultas
1161 5169 1259 5229 est,
1287 5168 1349 5216 ut
1373 5177 1536 5216 verus
1569 5175 1764 5231 parens
1803 5158 1969 5230 hujus
2023 5161 2206 5233 operis
2253 5161 2635 5235 investigetur.
2690 5162 2904 5218 Placuit
2970 5163 3258 5222 nonnullis
3294 5163 3573 5235 compila-

268 5258 448 5306 torem
477 5248 648 5306 fuisse
673 5248 831 5305 illum
862 5250 978 5322 qui,
1011 5247 1193 5304 scissis
1221 5265 1289 5303 ex
1334 5250 1730 5322 Chrysostomo
1769 5257 1823 5307 et
1874 5249 2217 5324 Hieronymo
2258 5252 2497 5322 laciniis,
2528 5260 2818 5310 centonem
2848 5251 2977 5309 inde
3007 5255 3328 5312 confecerit.
3359 5253 3572 5309 Volunt

266 5339 366 5396 alii
425 5342 680 5413 prologos
723 5340 957 5412 singulis
998 5337 1435 5411 expositionibus
1479 5339 1734 5412 praeﬁxos
1791 5340 1963 5411 inepti
2016 5341 2476 5398 consarcinatoris
2523 5359 2660 5411 esse,
2709 5342 3058 5415 potissimum
3109 5361 3177 5400 ex
3229 5345 3569 5410 Hieronymo

266 5428 506 5486 frustula
549 5431 725 5486 multa
770 5427 1044 5485 suﬁ'urati.
1096 5430 1352 5484 Attamen
1398 5429 1457 5485 in
1510 5430 1748 5502 Operum
1793 5430 2112 5487 eorumdem
2160 5431 2388 5487 Patrum
2416 5433 2711 5489 collatione
2738 5431 2842 5489 hoc
2871 5448 3214 5507 nequaquam
3250 5427 3570 5500 deprehen-

268 5517 476 5575 dimus.
505 5521 710 5578 Contra
748 5536 878 5576 vero
916 5518 1047 5576 satis
1086 5518 1400 5593 frequenter
1433 5519 1928 5576 animadvertimus
1969 5520 2037 5575 ab
2067 5521 2298 5576 illorum
2329 5521 2686 5595 opinionibus
2714 5523 2866 5579 hunc
2891 5522 3178 5585 dissidere,
3214 5517 3350 5573 alias
3378 5519 3590 5592 expli-x

267 5609 516 5668 cationes
543 5611 756 5680 all'erre,
787 5609 1067 5666 interdum
1092 5626 1203 5667 non
1232 5608 1422 5668 eodem
1452 5607 1638 5677 modo,
1666 5626 1774 5683 quo
1803 5609 1889 5665 illi
1918 5609 2116 5679 solent,
2147 5613 2507 5684 apostolicum
2551 5620 2766 5669 textum
2797 5614 2990 5679 citare,
3032 5624 3096 5664 ac
3119 5606 3339 5665 tandem
3382 5610 3565 5669 sicubi

631 5711 875 5769 PATROL.
917 5710 1093 5770 XVII.
3110 5758 3124 5766 ,
3177 5707 3211 5764 2
