4150 6194
588 288 655 343 43
1622 286 1715 339 AD
1756 284 1988 339 OPERA
2027 282 2083 338 S.
2124 281 2459 338 AMBROSII
2499 280 2881 336 APPENDIX.
3813 276 3883 331 44

587 433 712 474 cum
738 415 870 488 ipsis
907 415 1222 483 conveniat,
1248 414 1307 470 id
1336 415 1466 469 inde
1497 416 1723 480 factum,
1756 413 1902 484 quod
1948 428 2040 467 eos
2084 412 2179 484 qui
2227 410 2621 472 commentaria
2664 408 2957 466 lucubrant
2996 408 3053 463 in
3096 409 3351 465 eumdem
3403 408 3634 477 librum,
3678 408 3883 483 ubique

587 503 895 574 discrepare
939 501 1280 573 impossibile
1328 501 1419 558 sit.
1465 502 1649 574 Neque
1690 510 1872 557 tamen
1911 499 2151 556 ibimus:
2186 500 2401 557 inﬁcias
2433 508 2712 558 auctorem
2756 508 3006 556 nostrum
3052 498 3121 556 ab
3168 499 3513 572 Hieronymo
3564 507 3882 556 mutuatum

587 591 836 665 quaedam
869 590 1067 659 videri,
1099 591 1194 648 sed
1222 608 1345 647 eum
1378 598 1661 664 propterea
1685 589 2120 660 compilatorem,
2152 605 2260 662 quo
2289 589 2511 662 quidem
2544 606 2706 645 sensu
2738 588 2821 644 illi
2872 587 3213 660 intelligunt,
3249 587 3563 644 habendum
3602 604 3719 644 esse
3775 604 3888 644 non

586 681 939 738 arbitramur.
974 682 1054 736 Ex
1082 682 1207 737 aliis
1234 692 1413 737 autem
1450 697 1541 752 qui
1573 679 1769 734 horum
1807 679 2337 736 Cozmnentariorum
2373 687 2648 734 auctorem
2684 696 2876 736 eruere
2904 681 3085 735 conati
3119 686 3269 742 sunt,
3293 678 3388 751 qui
3417 678 3605 734 eadem
3638 678 3889 751 Remigio

586 773 977 838 attribuerunt,
1011 772 1075 826 fr.
1101 788 1208 828 sira
1251 771 1419 825 fuere.
1458 770 1674 825 Etenim
1706 786 1832 825 cum
1860 770 1914 824 in
1963 769 2283 825 Bibliotheca
2322 770 2567 835 Patrum,
2602 776 2718 822 tum
2761 769 2817 822 in
2874 768 3263 839 manuscriptis
3312 785 3419 823 non
3453 768 3658 840 paucis,
3693 769 3893 825 Remi-

587 865 743 934 giana
776 870 992 917 exstant
1030 860 1096 916 ab
1128 861 1214 914 his
1238 860 1439 915 nostris
1470 859 1629 929 plane
1656 857 1893 914 di\ersa.
1927 858 2044 913 Non
2074 858 2369 913 defuerunt
2399 858 2561 912 etiam
2597 863 2691 929 qui
2726 859 2867 913 hanc
2905 858 3429 914 commentationem
3464 859 3548 912 vel
3572 858 3775 913 Juliani
3798 858 3890 915 vel

587 954 814 1009 alterius
836 951 1139 1024 cujuspiam
1172 949 1446 1019 Pelagiani
1479 965 1593 1003 esse
1621 950 2035 1004 contenderent.
2070 948 2172 1003 Sed
2222 950 2347 1003 inve
2374 949 2434 1003 uti
2484 958 2613 1003 sunt
2643 949 2901 1004 similiter
2930 949 3247 1019 scriptores,
3284 951 3486 1024 quibus
3516 951 3666 1007 illius
3697 959 3893 1009 auctor

587 1044 867 1099 videretur
898 1040 1213 1096 liberandus
1236 1038 1304 1093 ab
1335 1039 1438 1094 ista
1469 1047 1619 1105 nota,
1653 1047 1705 1094 et
1740 1040 1782 1094 si
1817 1039 1949 1111 quid
1978 1040 2118 1094 forte
2143 1038 2288 1111 quod
2322 1039 2434 1093 illis
2464 1038 2737 1093 h2ereticis
2768 1038 2951 1094 favere
2984 1047 3186 1110 posset,
3225 1040 3340 1096 illic
3378 1049 3647 1109 occurrat,
3691 1041 3796 1096 hoc
3824 1056 3893 1096 eo

586 1130 953 1196 referendum,
986 1129 1132 1200 quod
1163 1145 1286 1183 cum
1320 1135 1444 1182 ante
1474 1137 1721 1183 exortam
1752 1128 2068 1185 eorumdem
2103 1129 2353 1184 haeresim
2389 1129 2481 1183 ille
2510 1128 2790 1195 scriberet,
2826 1128 3010 1184 minus
3054 1137 3211 1185 caute
3258 1129 3712 1203 considerateque
3751 1136 3895 1186 esset

586 1222 819 1276 locutus.
854 1219 1060 1274 Ultima
1082 1217 1321 1283 tandem,
1358 1234 1476 1289 quae
1508 1225 1562 1273 et
1590 1219 1959 1285 communior,
1992 1236 2181 1275 eorum
2220 1218 2410 1289 opinio
2434 1228 2533 1286 est,
2563 1221 2653 1291 qui
2686 1219 2957 1275 Hilarium
2988 1222 3247 1277 Romanae
3276 1221 3535 1277 Ecclesiae
3568 1221 3893 1289 diaconum,

585 1309 681 1383 qui
708 1325 831 1366 cum
865 1307 1216 1365 Luciferiano
1240 1305 1522 1362 schismati
1551 1306 1889 1375 aillizesiSset,
1912 1307 1979 1363 ab
2005 1308 2339 1381 Hieronymo
2364 1316 2474 1364 tam
2502 1324 2693 1380 aspero
2722 1311 2870 1382 stylo
2897 1321 3157 1382 exceptus
3188 1310 3294 1367 fuit
3316 1310 3491 1382 (Dial.
3514 1312 3638 1366 adv.
3657 1310 3892 1381 Lucifer.

585 1406 707 1472 post
747 1398 945 1467 med.),
977 1413 1167 1453 verum
1199 1394 1427 1468 hujusce
1456 1395 1650 1466 Operis
1678 1404 1958 1452 auctorem
1989 1397 2212 1455 dicunt:
2235 1399 2309 1453 At
2336 1414 2462 1454 cum
2489 1398 2601 1454 sint
2626 1414 2843 1471 quoque
2880 1416 2913 1456 a
2936 1400 3139 1473 quibus
3168 1399 3300 1457 huic
3342 1399 3628 1456 sententiae
3659 1407 3897 1457 contra-

585 1488 822 1557 dicatur,
854 1486 995 1543 illud
1026 1487 1337 1544 accuratius
1371 1485 1817 1559 perpendendum
1847 1493 1949 1542 est.

658 1576 1087 1634 Observabimus
1116 1576 1173 1632 in
1206 1576 1399 1648 primis
1425 1576 1524 1631 vix
1549 1575 1726 1631 ullum
1756 1575 1875 1632 veri
1897 1573 2175 1631 Ambrosii
2197 1591 2335 1647 opus
2364 1592 2500 1644 esse,
2532 1575 2693 1649 cujus
2731 1576 2890 1649 plura
2919 1577 3258 1650 exemplaria
3286 1579 3538 1637 omnium
3566 1585 3794 1637 aetatum
3821 1578 3897 1636 ab

586 1665 917 1738 octingentis
947 1664 1109 1722 annis
1140 1664 1506 1736 reperiantur,
1538 1681 1701 1737 quam
1734 1664 1903 1738 hujus
1935 1662 2330 1721 Ambrosiastri
2366 1681 2377 1718 :
2434 1666 2529 1722 sed
2573 1683 2763 1724 eorum
2818 1669 3086 1724 nonnulla
3129 1668 3197 1725 ab
3244 1669 3371 1725 aliis
3420 1668 3690 1727 dissidere
3732 1670 3884 1727 haud

586 1756 958 1814 mediocriter.
991 1755 1294 1814 Enimvero
1321 1756 1380 1812 in
1410 1754 1751 1813 bibliotheca
1780 1755 2098 1813 Corbeiensi
2127 1771 2301 1810 unum
2342 1754 2575 1813 habetur
2603 1757 2770 1815 tomis
2799 1756 3014 1817 duobus
3034 1759 3514 1832 comprehensum,
3539 1776 3649 1834 quo
3674 1761 3895 1816 nullum

586 1847 761 1914 aliud,
792 1846 911 1903 sive
940 1844 1347 1918 antiquitatem,
1383 1844 1502 1902 sive
1531 1844 1910 1903 characterum
1945 1843 2270 1917 elegantiam
2298 1852 2527 1917 spectes,
2560 1847 3128 1919 praestantius-videre
3158 1848 3318 1905 nobis
3350 1848 3525 1906 licuit.
3574 1848 3649 1904 At
3674 1865 3801 1905 cum
3830 1849 3896 1904 in

588 1953 652 1993 eo
672 1935 1083 1994 Commentaria
1112 1935 1172 1991 in
1201 1951 1390 1991 omnes
1421 1935 1576 1991 Pauli
1608 1934 1890 2008 epistolas,
1934 1935 2033 1991 illa
2059 1944 2287 2008 excepta
2316 1952 2436 2009 quae
2467 1935 2536 1992 ad
2567 1936 2825 1995 Hebraeos
2851 1938 3197 2007 inscribitur,
3229 1938 3333 1996 sub
3359 1939 3585 1996 nomine
3613 1939 3899 1997 Ambrosii

588 2026 997 2094 contineantur,
1028 2042 1153 2083 cum
1191 2025 1316 2083 aliis
1344 2024 1630 2082 codicibus
1656 2024 1876 2097 scriptis
1902 2034 2066 2100 atque
2093 2024 2258 2082 editis
2277 2027 2663 2084 tantummodo
2696 2028 2752 2084 in
2776 2028 2985 2101 priores
3011 2037 3120 2086 tres
3152 2029 3412 2102 epistolas
3440 2030 3735 2097 consentit,
3767 2030 3899 2086 dis-

588 2123 772 2188 crepat
800 2130 932 2172 vero
966 2114 1022 2171 in
1054 2122 1294 2173 caeteras.
1327 2114 1583 2173 Rabanus
1612 2116 1837 2172 Maurus
1861 2114 1919 2171 in
1951 2116 2361 2175 Commentario
2390 2131 2491 2172 suo
2520 2131 2589 2172 ex
2618 2116 2873 2173 Patribus
2902 2119 3133 2175 collecto
3164 2118 3398 2174 ulterius
3448 2134 3781 2191 progressus,
3829 2133 3899 2173 ea

589 2203 777 2261 omnia
801 2202 1025 2261 nomine
1056 2204 1338 2261 Ambrosii
1367 2203 1556 2275 donat,
1586 2222 1706 2279 quae
1754 2221 1821 2261 ex
1873 2205 2283 2264 Ambrosiastro
2325 2205 2382 2260 in
2436 2204 2695 2278 epistolas
2748 2207 2993 2280 quinque
3038 2208 3248 2281 priores
3294 2207 3463 2280 petita
3493 2208 3661 2273 citat;
3709 2206 3804 2263 sed
3832 2206 3899 2263 in

588 2290 829 2366 reliquas
857 2292 1127 2367 quidquid
1158 2292 1351 2349 inserit
1379 2293 1481 2349 sub
1511 2293 1675 2349 titulo
1707 2293 1884 2349 sancti
1922 2293 2183 2365 doctoris,
2225 2312 2288 2352 ea
2330 2295 2389 2351 in
2435 2298 2553 2354 solo
2598 2298 2913 2356 Corbeiensi
2963 2299 3153 2357 codice
3200 2298 3439 2372 reperire
3486 2307 3587 2355 est.
3633 2298 3898 2355 Citantur

590 2398 806 2457 quoque
835 2384 903 2438 ab
930 2383 1100 2439 Ivone
1125 2382 1450 2441 Carnutensi
1482 2383 1711 2455 (Decret.
1741 2391 1885 2455 part.
1925 2400 2039 2444 χιιι,
2065 2403 2184 2458 cap.
2217 2385 2310 2459 84)
2357 2404 2425 2445 ex
2460 2389 2687 2459 prologo
2714 2388 3080 2461 expositionis
3109 2389 3356 2462 epistolae
3399 2387 3467 2445 ad
3515 2387 3899 2445 Philemonem

588 2470 757 2527 verba
788 2472 1076 2541 nonnulla,
1109 2488 1230 2545 quas
1261 2488 1372 2528 non
1403 2470 1511 2528 nisi
1543 2471 1688 2544 apud
1716 2472 1999 2530 Rabanum
2029 2482 2083 2529 et
2112 2474 2170 2530 in
2199 2474 2516 2534 Corbeiensi
2547 2479 2738 2536 codice
2767 2479 3029 2553 reperias.

659 2559 855 2617 Isthmc
900 2561 1087 2617 omnia
1117 2560 1368 2635 quisquis
1396 2568 1604 2617 attente
1632 2562 2025 2632 consideravit,
2048 2561 2162 2634 jam
2203 2564 2393 2622 mirari
2420 2566 2632 2624 desinet
2660 2570 2833 2625 multa
2861 2568 2920 2623 in
2948 2577 3170 2626 auctore
3203 2575 3394 2624 nostro
3418 2564 3740 2634 desiderari,
3770 2581 3899 2638 quae

587 2664 621 2704 a
651 2647 956 2706 Lanfranco
988 2656 1248 2722 tanquam
1277 2664 1347 2705 ex
1375 2647 1757 2705 Ambrosianis
1805 2649 2230 2709 Commentariis
2259 2652 2317 2710 in
2346 2655 2675 2728 Apostolum
2723 2657 3080 2730 proferuntur
3112 2675 3124 2714 :
3182 2656 3450 2730 facileque
3496 2656 3904 2713 animadvertet

587 2736 760 2792 variis
789 2737 1145 2794 Paulinarum
1176 2738 1534 2810 epistolarum
1564 2738 2005 2797 enarrationibus
2034 2740 2313 2797 Ambrosii
2342 2760 2543 2801 nomen
2573 2746 2642 2802 ab
2687 2746 3018 2820 antiquariis
3052 2745 3294 2802 inditum
3325 2760 3461 2801 esse.
3491 2745 3637 2801 Illud
3667 2744 3899 2815 insuper

588 2824 963 2897 adjiciendum
993 2834 1096 2895 est,
1127 2825 1346 2882 eosdem
1383 2825 1640 2882 librarios
1667 2843 1865 2899 magna
1892 2828 2116 2885 licentia
2144 2831 2337 2886 saltem
2370 2831 2427 2887 in
2453 2839 2564 2889 tres
2593 2835 2803 2907 priores
2831 2836 3090 2908 epistolas
3118 2836 3315 2892 abusos
3344 2850 3460 2892 esse
3484 2854 3497 2903 ;
3530 2833 3897 2908 quandoqui-

588 2913 713 2970 dem
739 2914 807 2972 ab
834 2914 912 2972 eis
941 2931 1051 2971 non
1080 2932 1204 2971 raro
1236 2916 1397 2987 longa
1426 2915 1731 2987 fragmenta
1761 2915 1967 2972 ibidem
2015 2919 2220 2974 inserta
2266 2918 2435 2975 fuisse
2488 2922 2771 2994 probabile
2813 2932 2916 2994 est,
2968 2941 3089 2998 quae
3136 2924 3196 2979 in
3235 2923 3634 2979 vetustioribus
3682 2937 3896 2977 manu-

590 3003 812 3075 scriptis
840 3020 954 3060 non
983 3003 1371 3071 inveniuntur,
1397 3012 1459 3059 ut
1488 3004 1545 3058 in
1578 3004 1746 3059 variis
1775 3005 2107 3062 lectionibus
2151 3009 2524 3067 annotabitur.
2578 3014 2818 3088 Indeque
2861 3014 2990 3072 duci
3040 3020 3217 3086 potest
3252 3012 3548 3069 vehemens
3575 3011 3900 3084 conjectura

591 3098 786 3147 contra
814 3091 984 3164 hujus
1016 3092 1209 3164 Operis
1239 3092 1610 3165 integritatem
1639 3109 1702 3150 ac
1729 3093 2103 3152 sinceritatem
2127 3113 2141 3164 ;
2172 3112 2273 3153 nec
2303 3100 2547 3171 expediti
2571 3101 2778 3174 judicii
2808 3120 2923 3161 rem
2953 3120 3068 3161 esse
3106 3102 3476 3178 cognoscitur,
3507 3109 3697 3159 utrum
3726 3102 3899 3158 unius

591 3195 661 3236 an
681 3180 926 3253 plurium
957 3190 1243 3238 auctorum
1268 3182 1579 3238 lucubratio
1601 3182 1693 3251 sit,
1720 3183 2009 3241 aﬂirmare.

664 3270 935 3329 Caeterum
974 3271 1019 3327 si
1067 3270 1391 3343 negabimus
1439 3271 1681 3343 plurium
1726 3288 1861 3341 esse,
1917 3272 2084 3329 simul
2134 3275 2299 3331 etiam
2347 3277 2631 3336 fatendum
2677 3282 2961 3338 videbitur
3006 3284 3221 3356 antiqui
3266 3300 3381 3341 esse
3418 3282 3895 3340 commentatoris.

592 3357 754 3429 Quod
785 3359 931 3416 enim
965 3360 1042 3416 ait
1071 3361 1164 3432 (In
1190 3359 1368 3431 Epist.
1400 3361 1433 3415 Ι
1457 3360 1529 3415 ad
1565 3362 1787 3417 Timoth.
1819 3378 1936 3434 cap.
1974 3364 2059 3434 ιιι)
2089 3362 2156 3419 de
2182 3365 2447 3436 Ecclesia,
2479 3369 2631 3437 cuius
2657 3370 2809 3426 hodie
2834 3378 3007 3427 rector
3029 3379 3103 3428 est
3130 3374 3418 3441 Damasus,
3459 3380 3555 3429 aut
3584 3373 3895 3445 interpola—

590 3451 698 3507 tori
727 3451 900 3507 tribui
928 3451 1090 3508 debet
1123 3451 1200 3523 (et
1223 3465 1351 3505 sane
1381 3448 1606 3505 illorum
1639 3458 1945 3523 temporum
1967 3468 2129 3508 usum
2158 3469 2269 3509 non
2302 3457 2463 3527 sapit,
2503 3472 2679 3530 neque
2717 3461 2901 3515 sensui
2939 3461 3305 3518 necessarium
3352 3464 3482 3535 est),
3530 3469 3624 3520 aut
3668 3462 3895 3534 planum

590 3538 686 3595 ﬁet
719 3539 973 3595 eumdem
1015 3548 1295 3594 auctorem
1347 3545 1473 3594 ante
1520 3554 1727 3594 annum
1786 3538 1911 3607 381i,
1970 3556 2078 3611 quo
2124 3541 2271 3597 idem
2310 3559 2450 3616 papa
2498 3546 2686 3604 vivere
2733 3549 2919 3620 desiit,
2967 3552 3376 3609 Commentaria
3425 3569 3523 3609 sua
3577 3552 3892 3625 scripsisse.

590 3629 733 3686 Hinc
762 3628 927 3684 etiam
959 3636 1144 3700 potest
1173 3628 1229 3683 id
1267 3628 1605 3696 conﬁrmari,
1634 3627 1782 3700 quod
1820 3629 2199 3686 Marcionistas
2227 3631 2407 3689 adhuc
2431 3650 2711 3718 superesse
2759 3639 2878 3697 illic
2916 3649 3176 3708 testatur;
3210 3640 3473 3712 quamvis,
3508 3640 3693 3714 inquit
3724 3641 3894 3712 (Ibid.

590 3735 712 3791 cap.
745 3718 827 3789 4),
863 3736 994 3790 pene
1044 3718 1343 3788 defecerint.
1402 3720 1624 3777 Certum
1682 3719 1905 3792 quidem
1960 3728 2043 3777 est
2105 3739 2174 3778 ex
2223 3722 2537 3795 Epiphanio
2583 3728 2800 3798 (haeres.
2834 3729 2928 3802 42)
2960 3748 3023 3788 ac
3078 3730 3422 3787 Theodoreto
3469 3729 3595 3800 (lib.
3633 3747 3652 3785 1
3691 3731 3893 3787 Haeres.

590 3810 763 3881 fabul.
802 3827 921 3883 cap.
959 3810 1051 3881 24)
1085 3811 1238 3867 tarde
1267 3810 1564 3867 admodum
1619 3812 1924 3868 exstinctos
1977 3828 2092 3869 esse
2142 3812 2243 3868 hos
2293 3812 2579 3871 haereticos
2614 3835 2626 3873 :
2670 3819 2764 3875 sed
2822 3828 3035 3877 ronstat
3083 3822 3248 3876 etiam
3282 3819 3534 3891 pluribus
3568 3819 3705 3874 locis
3741 3818 3895 3875 haud

591 3920 731 3977 aegre
762 3903 890 3960 illos
923 3904 981 3959 in
1012 3902 1461 3972 Manichaeorum,
1489 3905 1584 3975 qui
1618 3905 1959 3977 frequentius
1991 3903 2081 3960 hic
2128 3911 2521 3973 memorantur,
2554 3917 2732 3976 partes
2781 3911 3057 3966 transisse.
3095 3910 3288 3967 Obiter
3333 3924 3554 3982 quoque
3601 3908 3900 3965 observan-

591 3993 724 4049 dum
758 3993 981 4049 videtur
1017 3993 1076 4050 in
1124 3993 1229 4050 hoc
1277 4010 1439 4066 opere
1488 3998 1825 4050 mentionem
1876 3995 1994 4049 ﬁeri
2029 3995 2119 4066 (1η
2147 3994 2321 4064 Epist.
2356 3994 2417 4049 11
2444 3996 2515 4048 ad
2555 3997 2775 4054 Timoth.
2809 4017 2928 4073 cap.
2974 4008 3060 4072 III)
3113 4001 3246 4073 legis
3298 3998 3584 4070 cujusdam
3633 3998 3902 4054 adversus

592 4099 684 4139 eos
714 4100 744 4140 a
793 4082 1112 4140 Domitiano
1159 4084 1535 4157 promulgatae,
1594 4101 1757 4157 quam
1817 4085 1874 4139 in
1928 4084 2045 4139 sola
2103 4083 2413 4138 Collectione
2466 4085 2632 4155 legum
2682 4088 3045 4144 Mosaicarum
3101 4096 3148 4144 et
3208 4091 3570 4144 Romanarum
3618 4085 3896 4141 invenias.

590 4174 737 4232 Illud
765 4176 946 4233 adhuc
975 4176 1217 4233 auctoris
1250 4176 1633 4248 antiquitatem
1670 4176 1841 4247 magis
1871 4176 2139 4245 desngnat,
2190 4173 2336 4246 quod
2386 4175 2716 4244 patricianos
2763 4181 2849 4248 (In
2892 4179 3068 4249 Epist.
3100 4179 3134 4233 Ι
3157 4178 3228 4232 ad
3283 4176 3417 4232 Tim.
3450 4191 3570 4248 cap.
3606 4180 3713 4245 IV),
3745 4192 3901 4249 quo-

589 4280 713 4319 rum
743 4264 1068 4322 Philastrius
1095 4268 1220 4340 (lib.
1255 4268 1331 4323 De
1362 4267 1678 4333 hwresibus)
1711 4267 2163 4338 Augustinusque
2201 4262 2559 4332 superstitum
2602 4265 2901 4322 meminere
2926 4284 2939 4334 ;
2964 4258 3097 4321 non
3133 4262 3534 4336 praetermittit,
3566 4280 3693 4318 cum
3751 4264 3903 4319 ultra

592 4354 853 4410 saeculum
886 4355 1143 4426 quintum
1184 4359 1503 4429 neutiquam
1532 4356 1902 4427 pervenerint.
1937 4355 2228 4425 Propterea
2265 4362 2588 4407 cancrorum
2622 4351 3027 4423 haereticorum,
3058 4371 3196 4429 quos
3222 4351 3545 4425 aggreditur
3574 4352 3735 4423 longe
3763 4353 3903 4423 plu—

590 4443 783 4510 rimos,
814 4443 1002 4497 nullus
1023 4444 1260 4499 refertur
1290 4447 1452 4514 paulo
1483 4444 1775 4499 recentior.
1809 4444 2057 4513 Cumque
2104 4442 2160 4496 in
2206 4442 2528 4511 Donatistis,
2577 4443 2919 4515 Novatianis,
2974 4445 3199 4502 Arianis
3236 4453 3289 4498 et
3337 4439 3691 4497 Photinianis
3738 4443 3901 4499 refel-

591 4530 773 4588 lendis
801 4531 1049 4588 crebrius
1076 4541 1240 4603 atque
1272 4531 1555 4604 operosius
1586 4548 1750 4604 quam
1800 4548 1856 4585 in
1903 4530 2029 4586 aliis
2067 4531 2369 4599 incumbat,
2409 4531 2465 4587 id
2497 4533 2641 4589 haud
2675 4534 2841 4590 dubie
2874 4535 3083 4591 indicio
3112 4539 3195 4588 est
3223 4528 3555 4603 posteriores
3586 4531 3900 4605 haereticos,

591 4628 725 4694 puta
752 4620 1105 4677 Nestorianos
1136 4628 1192 4677 et
1221 4620 1463 4694 reliquos
1492 4622 1841 4694 sequentium
1872 4630 2181 4694 temporum
2214 4623 2448 4679 necdum
2483 4624 2786 4693 emersisse,
2833 4626 2926 4681 sed
2969 4639 3183 4691 eorum,
3235 4638 3371 4694 quos
3418 4620 3585 4678 modo
3632 4625 3905 4679 nomina-

589 4710 805 4775 bamus,
841 4712 1072 4768 hereses
1099 4719 1233 4768 tunc
1263 4711 1524 4783 viguisse.
1559 4712 1679 4767 Huc
1706 4711 1844 4768 adde
1873 4711 1942 4768 ab
1970 4728 2033 4767 eo
2063 4712 2330 4783 scriptore
2362 4721 2571 4768 textum
2603 4714 2850 4784 Apostoli
2878 4713 3115 4770 subinde
3145 4711 3307 4768 citari
3354 4726 3424 4766 ex
3469 4711 3578 4766 alia
3620 4714 3898 4783 versione,

590 4815 752 4873 quam
786 4815 893 4871 qua
922 4816 1070 4856 nunc
1098 4801 1309 4857 utimur
1343 4819 1354 4857 :
1388 4810 1444 4861 et
1482 4800 1699 4859 Veteris
1747 4803 2081 4858 Testamenti
2130 4801 2448 4857 testimonia
2488 4818 2558 4856 ex
2597 4802 2849 4857 versione
2896 4803 3046 4858 LXX
3096 4800 3298 4857 Senum
3348 4799 3517 4872 petita
3566 4815 3704 4857 esse.
3750 4802 3905 4861 Illud

590 4888 755 4943 etiam
785 4887 976 4945 eodem
1016 4897 1241 4961 spectat,
1272 4891 1418 4963 quod
1447 4908 1517 4947 ex
1545 4891 1865 4948 auctoribus
1895 4890 2284 4949 ecclesiasticis
2315 4907 2424 4944 non
2474 4889 2580 4946 nisi
2629 4891 2982 4956 Tertulliani,
3014 4890 3302 4963 Cypriani,
3339 4906 3401 4946 ac
3433 4888 3711 4946 Victorini
3746 4892 3905 4949 locos

590 4979 836 5047 adhibet,
866 4996 1100 5052 quorum
1131 4982 1364 5038 ultimus
1396 4984 1690 5039 Damasum
1722 4984 1962 5055 aequavit
1989 4981 2337 5054 antiquitate.
2372 4979 2455 5035 Ad
2479 4988 2813 5052 postremum
2847 4982 2975 5037 inde
3006 4980 3263 5036 similiter
3292 4977 3466 5034 asturi
3496 4986 3673 5051 potest
3699 4981 3897 5038 eadem

591 5076 742 5137 setas,
775 5071 922 5142 quod
956 5070 1015 5126 in
1046 5079 1431 5145 aegrotantium
1461 5074 1810 5145 baptismate,
1842 5073 2075 5144 aliisque
2115 5070 2389 5143 capitibus
2435 5086 2547 5126 non
2593 5071 2799 5144 paucis,
2835 5070 3264 5129 ecclesiasticam
3307 5069 3534 5125 illorum
3580 5076 3901 5142 temporum

591 5162 943 5234 disciplinam
979 5165 1209 5236 pulchre
1241 5174 1610 5239 repraesentet.

662 5252 862 5308 Omnia
887 5267 919 5307 a
946 5252 1107 5308 nobis
1137 5254 1228 5311 hic
1277 5264 1575 5312 memorata
1627 5254 1889 5311 videntur
1941 5248 2225 5321 suffragari
2274 5263 2464 5304 eorum
2513 5247 2823 5316 sententiae,
2870 5248 2967 5321 qui
2999 5247 3116 5304 haec
3144 5246 3556 5305 Commentaria
3583 5245 3653 5302 ab
3683 5246 3902 5305 Hilario

592 5342 741 5402 edita
773 5344 971 5400 volunt
1004 5360 1016 5398 :
1070 5344 1129 5399 in
1162 5362 1325 5418 quam
1356 5345 1675 5419 Opinionem
1705 5344 1929 5402 adducti
1961 5344 2112 5398 fuere
2143 5338 2444 5412 Augustini
2494 5338 2830 5408 testimonio,
2870 5351 3062 5397 contra
3111 5337 3432 5409 Pelagianos
3479 5338 3560 5392 ita
3605 5338 3905 5396 scribentis

594 5433 720 5505 (lib.
745 5450 805 5491 iv
831 5439 967 5490 cont.
994 5433 1129 5490 duas
1156 5436 1330 5505 Epist.
1359 5437 1538 5507 Pelag.
1570 5451 1690 5507 cap.
1724 5435 1781 5508 4)
1817 5452 1829 5490 ;
1892 5434 2028 5490 Nam
2078 5438 2127 5486 et
2171 5431 2247 5485 sic
2292 5436 2503 5484 sanctus
2547 5429 2797 5485 Hilarius
2843 5429 3109 5487 intellexit
3154 5427 3297 5498 quod
3350 5427 3609 5499 scriptum
3660 5433 3779 5485 est:
3830 5429 3905 5485 In

593 5540 695 5596 quo
723 5542 899 5582 omnes
922 5529 1286 5599 peccaverunt,
1317 5524 1397 5581 ait
1423 5524 1562 5580 enim
1588 5541 1606 5581 :
1640 5526 1707 5582 In
1730 5541 1855 5596 quo,
1883 5522 1941 5578 id
1965 5528 2055 5590 est,
2086 5521 2143 5575 in
2178 5521 2379 5589 Adam,
2411 5529 2466 5578 et
2494 5528 2695 5578 caetera
2745 5537 2866 5595 quae
2908 5519 2978 5577 ad
3020 5518 3204 5592 apices
3252 5517 3311 5573 in
3359 5516 3465 5573 hoc
3508 5532 3673 5589 opere
3723 5518 3905 5590 legere

594 5612 743 5671 licet.
775 5616 947 5690 Atqui
1000 5613 1212 5684 isthzec,
1262 5612 1545 5688 inquiunt,
1602 5612 1868 5687 quadrare
1927 5618 2209 5686 nequeunt
2260 5609 2368 5667 nisi
2432 5608 2491 5666 in
2549 5609 2829 5666 Hilarium
2882 5609 3205 5675 diaconum,
3247 5604 3343 5679 qui
3373 5620 3428 5661 se
3457 5604 3693 5660 Damaso
3731 5602 3906 5661 fuisse
3986 5602 3995 5617 '

593 5718 840 5762 coaevum
868 5705 983 5779 ipse
1010 5704 1304 5780 signiﬁcat.
1346 5704 1465 5764 Illis
1511 5702 1736 5778 quidem
1776 5701 2054 5775 objectum
2102 5701 2210 5760 fuit
2268 5699 2670 5774 rebaptizantes
2717 5699 2936 5757 acriter
2965 5693 3153 5769 urgeri
3206 5693 3275 5752 ab
3323 5692 3429 5749 hoc
3468 5698 3715 5759 auctore,
3762 5704 3905 5748 cum
