4136 6194
276 290 346 348 45
1722 296 1909 355 ADMC

1945 298 2133 356 ἿΙΤΙΟ.
3508 304 3578 362 46

284 421 480 479 eodem
532 426 767 482 crimine
818 427 1066 486 Hilarius
1118 420 1355 486 infectus
1410 438 1586 486 esset:
1643 444 1708 486 ac
1761 438 2023 501 praeterea
2054 444 2335 502 nunquam
2367 430 2739 501 Augustinum
2793 431 3192 488 attributnrum
3240 432 3409 488 fuisse
3446 432 3579 489 huic

276 516 493 572 Hilario
550 518 779 576 titulum
828 523 1027 592 sancti,
1058 539 1243 597 quem,
1279 523 1425 581 facto
1453 522 1769 591 schismate,
1800 523 1868 579 ab
1899 523 2147 579 Ecclesia
2203 524 2486 580 recessisse
2540 541 2654 591 non
2700 524 3004 597 ignorabat.
3063 523 3170 581 Sed
3214 524 3578 599 respondetur

275 620 400 660 eum
432 622 546 662 non
600 625 793 665 omnes
853 610 1146 668 haereticos
1188 612 1605 686 rebaptizandos
1648 611 1973 668 arbitratum
2011 628 2148 680 esse,
2179 620 2236 668 at
2289 613 2436 669 solos
2485 614 2741 682 Arianos,
2789 630 2959 687 eaque
3004 613 3362 671 distinctione
3396 614 3576 687 ipsum

276 693 550 753 indicasse
605 698 664 753 in
712 715 829 755 eam
877 701 1198 773 opinionem
1240 720 1352 759 non
1405 703 1514 759 alia
1568 717 1627 758 re
1666 717 1783 758 esse
1815 699 2135 769 adductum,
2174 717 2337 774 quam
2379 701 2510 774 quia
2547 701 2713 758 iidem
2743 701 2986 760 haeretici
3034 702 3101 758 de
3154 703 3424 760 Trinitate
3467 720 3580 761 non

274 793 423 841 recte
452 787 775 857 sentientes,
800 789 980 847 forma
1010 792 1176 849 etiam
1224 808 1336 848 non
1382 792 1630 863 legitima
1680 790 1738 845 in
1766 789 2093 861 baptismate
2122 797 2411 847 uterentur
2444 809 2459 861 ;
2499 798 2662 863 atque
2709 792 2843 849 adeo
2873 794 3014 850 nihil
3048 795 3307 861 vetuisse,
3341 794 3576 867 quomi-

275 897 382 938 nus
433 882 742 953 haereticos,
780 886 875 959 qui
906 887 1210 944 catholicos
1258 886 1689 959 rebaptizahant,
1745 886 1792 941 is
1822 871 2128 956 impeieret.
2162 880 2428 937 Secundae
2479 880 2778 952 objectioni
2819 884 3128 940 satisfacere
3157 885 3263 940 sibi
3294 884 3579 953 videntur,

275 972 323 1028 si
352 983 715 1031 memoratum
768 976 1001 1034 honoris
1034 979 1264 1034 titulum
1307 985 1629 1049 argumento
1656 992 1771 1033 esse
1809 973 2135 1047 negaverint
2172 980 2422 1029 sanctum
2454 972 2829 1044 Augustinum
2851 974 2918 1030 de
2965 975 3175 1031 Hilario
3216 976 3567 1033 Luciferiano

277 1062 704 1135 accipiendum:
743 1066 841 1123 sed
874 1066 1061 1138 potius
1103 1065 1348 1121 indidem
1401 1064 1808 1136 conjiciendum
1852 1079 1967 1120 esse
2017 1070 2113 1119 aut
2137 1064 2438 1120 diaconum
2481 1063 2644 1118 illum
2673 1060 3035 1118 secessionem
3066 1079 3346 1136 nunquam
3374 1064 3569 1122 fecisse

274 1152 344 1209 ab
381 1153 644 1209 universa
699 1154 951 1211 Ecclesia
1001 1162 1215 1210 servata
1246 1153 1511 1209 nimirum
1565 1170 1690 1210 cum
1741 1152 1984 1224 ejusdem
2043 1155 2220 1227 capite
2260 1154 2421 1211 beato
2458 1157 2692 1209 Damaso
2748 1168 2881 1226 pace
2928 1162 2982 1209 et
3016 1154 3447 1210 communione:
3490 1164 3583 1212 aut

275 1244 460 1317 ipsum
508 1246 731 1303 tandem
789 1246 1104 1317 priusquam
1136 1260 1166 1300 e
1194 1244 1342 1300 vivis
1369 1243 1679 1313 excederet,
1714 1245 1774 1300 in
1818 1244 2045 1317 gratiam
2091 1244 2318 1302 rediisse
2363 1261 2489 1302 cum
2518 1243 2828 1302 catholicis.
2868 1243 3076 1319 Verum
3141 1244 3459 1317 hujusmodi
3490 1263 3587 1303 re-

281 1349 495 1406 sponso
530 1336 688 1407 plane
716 1333 1025 1390 contrarius
1050 1342 1133 1389 est
1166 1332 1538 1406 Hieronymus
1566 1352 1580 1401 ;
1622 1333 1825 1407 quippe
1856 1335 1949 1407 qui
1994 1334 2062 1391 de
2113 1336 2326 1393 Hilario
2369 1351 2481 1392 non
2509 1344 2771 1409 tanquam
2814 1334 2881 1391 ab
2911 1333 3181 1408 episcopis
3222 1335 3453 1409 aliquot,
3489 1346 3586 1392 aut

284 1431 511 1480 tantum
558 1424 624 1481 ad
672 1431 908 1495 tempus,
954 1421 1048 1479 sed
1078 1423 1147 1478 ab
1176 1422 1330 1478 omni
1358 1422 1633 1480 catholica
1663 1424 1943 1494 societate,
1976 1442 2039 1483 ac
2085 1443 2183 1499 per
2212 1426 2537 1484 universum
2561 1426 2691 1482 vitae
2737 1426 3075 1482 curriculum
3106 1433 3351 1498 separato
3382 1427 3584 1500 loqua-

288 1521 382 1569 tur
411 1514 649 1585 (Dialog.
680 1513 805 1570 adv.
856 1513 1118 1581 Luci/en,
1150 1520 1274 1586 post
1322 1512 1518 1585 med.).
1575 1513 1779 1571 Contra
1817 1514 1960 1572 hanc
2007 1516 2329 1589 opinionem
2381 1516 2438 1572 id
2479 1517 2646 1572 etiam
2695 1514 2846 1583 fAcit,
2889 1514 3035 1587 quod
3083 1515 3346 1584 Hilarius,
3395 1522 3585 1588 utpote

274 1604 535 1661 Romanae
566 1604 822 1661 Fcclesim
870 1603 1158 1672 diaconus,
1200 1603 1268 1660 de
1316 1603 1507 1660 eadem
1555 1621 1666 1661 non
1696 1606 1853 1679 quasi
1887 1606 2208 1677 peregrinus
2242 1613 2338 1661 aut
2384 1605 2599 1661 alienus
2632 1604 2850 1660 locutus
2877 1611 3037 1660 esset.
3069 1602 3190 1671 Quo
3239 1604 3388 1660 enim
3429 1612 3586 1678 pacto

274 1697 344 1755 de
389 1715 489 1755 sua
534 1698 780 1755 Ecclesia
812 1695 1080 1770 potuisset
1116 1697 1395 1755 scribere:
1457 1699 1610 1754 Nunc
1660 1705 1851 1770 septem
1896 1696 2146 1753 diaconos
2185 1713 2292 1751 esse
2320 1700 2545 1767 oportet,
2576 1700 2623 1749 et
2669 1694 2975 1765 aliquautos
3007 1694 3360 1765 presbyteros,
3392 1704 3451 1751 ut
3478 1696 3588 1751 bini

275 1788 383 1843 sint
418 1805 518 1859 per
551 1788 816 1844 Ecclesias
852 1788 942 1857 (In
971 1786 1145 1857 Epist.
1195 1786 1228 1841 Ι
1255 1787 1328 1841 ad
1364 1786 1589 1844 Timoth.
1637 1804 1756 1860 cap.
1792 1788 1878 1859 ιιι)
1906 1788 1936 1845 ἳ
1982 1787 2204 1844 Etenim
2234 1802 2384 1855 cum,
2418 1786 2724 1858 imperante
2748 1783 3091 1841 Diocletiano
3122 1784 3330 1858 (Optat.
3363 1785 3461 1843 lib.
3495 1787 3584 1857 ιι).

272 1877 385 1951 jam
417 1877 661 1935 basilicae
700 1877 1065 1950 quadraginta
1114 1883 1297 1933 essent
1335 1876 1393 1932 in
1427 1876 1623 1947 Urbe,‘
1650 1893 1763 1933 non
1800 1878 2106 1948 aliquantos
2149 1876 2499 1949 presbyteros,
2550 1874 2645 1933 sed
2703 1884 2765 1934 ut
2806 1874 3101 1934 minimum
3149 1874 3428 1948 octoginta
3470 1875 3589 1932 illic

279 1966 525 2024 ordinari
557 1982 777 2024 necesse
805 1975 946 2023 erat.

350 2056 461 2114 Nec
500 2056 731 2113 dubium
772 2064 853 2113 est
887 2054 1022 2129 quin
1077 2054 1163 2111 has
1219 2053 1350 2127 ipsa:
1397 2071 1573 2112 causa;
1628 2055 1853 2113 Petavio
1882 2056 1940 2112 in
1972 2063 2213 2112 mentem
2244 2054 2590 2124 induxerint,
2623 2061 2685 2111 ut
2723 2053 2907 2111 eadem
2942 2053 3347 2113 Commentaria
3377 2054 3588 2111 Hilario

278 2146 500 2221 quidem
530 2154 828 2220 arrogaret,
858 2145 953 2203 sed
983 2144 1079 2202 alii
1108 2161 1141 2201 a
1171 2145 1542 2215 Luciferiano,
1575 2146 1827 2220 quisquis
1854 2145 2077 2202 demum
2111 2145 2205 2201 ille
2234 2146 2423 2203 fuerit.
2456 2146 2528 2201 Et
2555 2160 2683 2201 sane
2716 2143 3024 2217 (Ughellus,
3060 2144 3188 2200 Ital.
3212 2160 3351 2201 sacr.
3379 2152 3516 2201 tom.
3540 2145 3586 2210 Ι,

278 2245 421 2311 part.
471 2254 534 2306 ιι,
567 2253 688 2310 pag.
721 2237 779 2305 6)
810 2243 872 2293 ut
918 2234 1191 2291 Hilarium
1235 2235 1338 2291 sub
1382 2236 1616 2291 Damaso
1672 2252 1784 2292 non
1840 2236 2166 2293 haberemus
2222 2237 2542 2311 Papiensem
2592 2237 2930 2310 episcopum,
2970 2236 3258 2294 sanctitate
3303 2243 3357 2292 et
3383 2232 3501 2294 zelo
3530 2238 3588 2293 in

279 2328 517 2385 Arianos
545 2330 779 2397 clarum,
809 2328 898 2386 cui
940 2328 1082 2384 forte
1114 2327 1209 2384 illa
1239 2335 1469 2399 possunt
1500 2328 1721 2397 ascribi,
1755 2334 2051 2402 supersunt
2089 2326 2271 2384 adhuc
2312 2327 2501 2384 multa:
2531 2325 2880 2398 scriptiones,
2914 2340 3151 2399 quorum
3181 2333 3429 2383 auctores
3457 2333 3589 2382 tan-

279 2424 400 2473 tum
455 2426 864 2492 cognoscuntur
914 2417 1140 2473 nomine
1193 2426 1378 2485 tenus,
1416 2433 1663 2491 quosque
1711 2416 1933 2490 penitus
1965 2417 2364 2491 ignoraremus,
2424 2416 2533 2472 nisi
2572 2415 2792 2472 eosdem
2848 2414 2917 2471 ab
2968 2415 3078 2471 alio
3115 2416 3280 2473 semel
3311 2416 3589 2472 nominari

278 2526 411 2567 casu
439 2510 778 2581 contigisset.
829 2509 1068 2575 Verum,
1103 2510 1231 2566 licet
1276 2510 1581 2566 universim
1618 2511 1803 2583 negari
1844 2511 1948 2566 ista
2000 2516 2295 2581 nequeant,
2332 2515 2557 2579 possunt
2606 2514 2792 2561 tamen
2841 2505 2955 2560 illis
2984 2504 3188 2577 opponi
3218 2505 3589 2577 Augustinum

280 2608 475 2658 contra
503 2599 824 2671 Pelagianos
866 2599 1132 2657 acerrime
1169 2598 1455 2671 originalis
1494 2601 1669 2671 culpae
1708 2599 2018 2657 doctrinam
2068 2600 2457 2671 impugnantes
2496 2614 2608 2653 non
2649 2612 2877 2652 usurum
2931 2596 3097 2651 fuisse
3128 2597 3446 2653 testimonio
3473 2597 3592 2669 ejus

278 2693 544 2758 auctoris,
573 2690 667 2761 qui
697 2689 874 2746 sicubi
929 2707 1049 2747 eam
1105 2690 1326 2746 videtur
1354 2707 1666 2763 agnoscere,
1700 2691 1997 2764 aliquando
2026 2698 2209 2746 tamen
2240 2687 2571 2746 contrariam
2610 2702 2721 2758 prae
2756 2701 2809 2740 se
2840 2685 2981 2740 fert:
3016 2684 3221 2756 quique
3272 2696 3456 2758 aperte
3485 2688 3593 2741 Pe-
3677 2727 3685 2735 .

282 2778 516 2850 lagianis
544 2778 728 2834 favere
784 2795 815 2834 a
862 2778 1201 2847 gravissimis
1228 2787 1283 2835 et
1313 2780 1716 2851 probatissimis
1770 2781 2043 2853 theologis
2084 2780 2456 2845 existimatur,
2488 2785 2539 2831 et
2574 2792 2686 2829 uno
2717 2776 2907 2830 saltem
2940 2775 3061 2829 loco
3092 2776 3377 2831 manifeste
3407 2776 3593 2831 Semi-

289 2868 609 2940 pelagianus
638 2868 1029 2939 pronuntiatur
1055 2886 1087 2924 a
1113 2868 1428 2926 Justiniano
1465 2887 1494 2926 e
1524 2874 1782 2926 societate
1819 2871 1947 2925 Jesu
1984 2870 2108 2924 viro
2137 2867 2459 2923 doctissimo
2493 2865 2808 2931 (Comment.
2850 2863 2904 2916 in
2942 2863 3113 2933 Epist.
3143 2865 3175 2919 Ι
3200 2865 3271 2918 ad
3304 2865 3429 2920 Cor.
3471 2881 3591 2939 cap.

285 2960 435 3028 xxv).
472 2956 615 3024 Quid
665 2957 713 3013 si
765 2956 875 3013 huc
924 2957 1288 3028 adjecerimus
1322 2970 1374 3014 et
1426 2960 1564 3014 aliOs
1595 2975 1807 3015 errores
1837 2957 1932 3029 qui
1989 2971 2190 3026 passim
2232 2953 2428 3008 iisdem
2470 2952 2526 3007 in
2568 2950 2991 3009 Commentariis
3039 2951 3531 3023 deprehenduntur
3561 2953 3590 3009 τ

282 3045 446 3103 Certe
474 3046 695 3102 defendi
722 3063 834 3102 non
880 3054 1059 3120 potest
1087 3064 1277 3103 eorum
1310 3057 1521 3115 auctor,
1553 3049 1687 3120 quin
1731 3063 1855 3104 cum
1889 3045 2124 3116 Origene
2155 3051 2385 3100 senserit
2412 3043 2519 3112 (Ex
2552 3042 2691 3099 Estii
2730 3041 3014 3096 Comment.
3048 3041 3106 3094 in
3138 3042 3314 3111 Epist.
3337 3042 3409 3097 ad
3442 3043 3586 3113 Eph.

276 3151 404 3208 cap.
441 3139 550 3207 ιιι),
586 3137 642 3191 in
685 3137 974 3191 voluntate
1030 3136 1345 3192 daemonum
1395 3153 1510 3193 esse
1538 3137 1604 3192 ab
1657 3154 1840 3192 errore
1870 3154 1899 3190 r
1926 3138 2097 3194 sitire.
2132 3138 2495 3210 Exploratum
2528 3151 2745 3209 quoque
2786 3136 2941 3191 ulcus
2969 3145 3071 3203 est,
3100 3137 3246 3208 quod
3280 3139 3475 3193 marito
3514 3137 3596 3196 fas

277 3240 459 3298 usque
489 3241 607 3281 esse
630 3225 917 3280 contendit
964 3225 1055 3295 (In
1100 3226 1276 3296 Epist.
1332 3227 1365 3282 Ι
1397 3228 1469 3282 ad
1504 3227 1628 3283 Cor.
1658 3243 1779 3298 cap.
1813 3228 1942 3299 vii),
1972 3245 2145 3284 uxore
2184 3233 2407 3300 propter
2436 3226 2770 3282 adulterium
2802 3225 3104 3297 repudiata,
3141 3228 3304 3282 aliam
3344 3226 3543 3285 ducere
3577 3249 3589 3286 :

279 3314 454 3371 uxori
487 3322 669 3370 autem
693 3313 761 3369 ab
799 3313 1048 3369 adultero
1078 3313 1309 3387 conjuge
1339 3323 1597 3387 separatae
1628 3333 1754 3373 cum
1798 3316 1907 3372 alio
1936 3318 2080 3374 inire
2111 3317 2431 3390 conjugium
2466 3316 2629 3373 licere
2659 3323 2839 3388 negat.
2873 3316 2979 3372 Sed
3010 3331 3110 3371 nec
3143 3316 3231 3371 illa
3253 3317 3421 3371 etiam
3459 3317 3592 3373 satis

279 3420 413 3462 sana
432 3412 584 3472 sunt,
610 3402 752 3476 quod
782 3403 979 3461 factam
1006 3405 1096 3473 (In
1126 3405 1299 3475 Epist.
1329 3407 1361 3462 Ι
1376 3408 1448 3461 ad
1481 3407 1606 3463 Cor.
1639 3423 1757 3480 cap.
1791 3424 1848 3463 γι
1877 3416 1931 3465 et
1966 3426 2085 3478 xxv,
2113 3418 2165 3465 et
2192 3408 2248 3463 in
2271 3407 2447 3479 Dpist.
2472 3409 2545 3463 ad
2578 3406 2779 3462 Coloss.
2812 3405 2932 3478 cap'.
2966 3407 3052 3477 ιιι)
3085 3406 3153 3462 ad
3174 3406 3471 3478 imaginem
3493 3408 3593 3480 Dei

280 3496 570 3552 mulierem
604 3510 751 3564 esse;
785 3494 1069 3567 episcopos
1096 3495 1433 3568 superiorem
1465 3494 1799 3569 presbyteris
1828 3497 2057 3568 gradum
2089 3498 2340 3555 obtinere
2371 3499 2463 3569 (In
2492 3497 2668 3569 Epist.
2693 3497 2765 3552 ad
2793 3496 2935 3567 Eph.
2969 3510 3089 3566 cap.
3123 3496 3230 3567 iv),
3261 3505 3356 3552 aut
3375 3495 3593 3574 diversa

280 3585 501 3642 institui
524 3584 872 3642 ordinatione
889 3584 1206 3652 inﬁciatur;
1240 3594 1295 3642 et
1314 3586 1563 3659 quaedam
1586 3585 1694 3641 alia
1710 3588 1992 3643 communi
2016 3587 2417 3645 catholicorum
2446 3586 2630 3643 sensui
2663 3585 2847 3641 minus
2867 3600 3110 3657 congrua
3135 3584 3370 3642 subinde
3399 3585 3589 3643 trahit.

353 3675 641 3743 Praeterea,
677 3674 892 3732 etiamsi
953 3676 1127 3732 multa
1173 3675 1287 3731 sint
1341 3691 1463 3748 quae
1510 3675 1579 3732 ad
1626 3674 2019 3734 vindicandam
2074 3676 2207 3733 huic
2250 3675 2403 3749 operi
2444 3675 2694 3732 eamdem
2744 3691 2871 3731 cum
2918 3675 3154 3731 Damaso
3202 3675 3587 3749 antiquitatem

282 3766 465 3823 favere
494 3766 810 3835 videantur,
841 3766 898 3821 in
948 3782 1013 3822 eo
1044 3782 1260 3840 quoque
1311 3775 1612 3823 occurrunt
1666 3768 1795 3836 alia,
1836 3783 1908 3824 ex
1935 3766 2138 3840 quibus
2195 3768 2254 3822 in
2298 3773 2514 3823 aetatem
2567 3766 2745 3822 multo
2798 3766 3159 3839 posteriorem
3202 3766 3357 3839 rejici
3395 3768 3587 3840 possit.
3646 3762 3651 3765 ’

281 3853 352 3910 Ut
391 3853 537 3910 enim
569 3854 662 3910 hic
708 3854 1031 3911 omittamus
1078 3856 1296 3911 nullum
1346 3854 1671 3911 Latinorum
1725 3855 1785 3911 in
1830 3855 1987 3911 Pauli
2028 3855 2316 3929 Epistolas
2361 3864 2722 3928 praeterquam
2776 3854 3053 3911 Victorini
3121 3853 3592 3912 Commentarium

282 3944 504 4017 agnosci
533 3944 600 4000 ab
630 3944 970 4018 Hieronymo
998 3945 1057 4000 in
1099 3944 1426 4002 Auctoribus
1463 3945 1869 4015 Ecclesiasticis,
1901 3946 2133 4003 minime
2162 3945 2425 4002 abhorret
2455 3962 2488 4002 a
2536 3945 2832 4002 verisimili
2859 3945 3100 4019 plurima
3138 3945 3198 4001 in
3227 3946 3391 4003 hosce
3421 3945 3593 4001 libros

283 4049 352 4090 ex
389 4034 719 4106 Augustino,
748 4034 1146 4107 Chrysostomo
1175 4042 1229 4091 et
1272 4034 1612 4107 Hieronymo
1649 4036 1912 4091 translata
1970 4052 2121 4105 esse;
2168 4036 2282 4093 imo
2309 4036 2500 4104 etiam,
2545 4035 2695 4110 quod
2737 4035 3031 4092 observata
3076 4050 3205 4091 sane
3231 4033 3460 4105 dignum
3486 4041 3588 4099 est,

281 4138 350 4178 ex
381 4121 479 4179 illo
506 4124 626 4196 ipso
676 4132 1110 4182 commentatore
1157 4122 1317 4195 cujus
1373 4124 1710 4192 lucubratio,
1759 4124 1827 4180 ad
1877 4126 2083 4182 calcem
2140 4142 2372 4199 operum
2407 4125 2734 4200 Hieronymi
2764 4125 2934 4194 edita,
2967 4123 3173 4194 Pelagii
3198 4136 3313 4177 esse
3344 4120 3592 4178 amultis

280 4212 618 4284 perhibetur.
653 4214 875 4271 Etenim
912 4231 1037 4271 cum
1068 4214 1179 4270 sint
1221 4213 1328 4271 loci
1360 4229 1472 4269 non
1499 4214 1658 4286 pauci
1706 4214 1802 4287 qui
1833 4216 2065 4273 totidem
2095 4217 2281 4274 verbis
2328 4218 2581 4290 legantur
2618 4218 2678 4273 in
2713 4225 2951 4288 utroque
2980 4211 3397 4279 commentario,
3430 4219 3592 4286 atque

282 4301 418 4357 adeo
449 4302 683 4359 alterum
713 4304 781 4359 ab
809 4304 983 4359 altero
1008 4310 1202 4360 mutuo
1228 4303 1524 4375 sumpsisse
1552 4319 1665 4358 non
1701 4305 1773 4359 sit
1803 4304 2056 4376 dubium,
2090 4310 2275 4365 minus
2308 4309 2590 4381 probabile
2618 4307 3003 4363 existimamus
3032 4304 3587 4378 Hieronymiastrum,

282 4390 379 4462 qui
428 4400 541 4448 tam
592 4392 777 4449 brevis
810 4408 875 4450 ac
921 4393 1176 4450 concisus
1229 4401 1333 4462 est,
1363 4410 1433 4449 ex
1463 4393 1871 4450 Ambrosiastro
1898 4396 2146 4469 quaedam
2180 4397 2462 4470 petivisse,
2491 4412 2655 4471 quam
2676 4411 2705 4450 e
2733 4410 3021 4452 converso.
3073 4395 3160 4452 Ad
3221 4395 3337 4453 haec
3365 4394 3591 4467 insuper

281 4479 476 4537 licebit
506 4481 801 4555 adjnngere
831 4484 898 4539 ab
928 4483 1035 4539 hoc
1062 4489 1289 4539 auctore
1316 4498 1429 4538 non
1458 4483 1671 4539 minore
1716 4483 1902 4540 studio
1950 4485 2169 4558 probari
2210 4486 2496 4545 Christum
2539 4485 2839 4543 Dominum
2870 4484 3164 4559 adoptione
3203 4499 3316 4542 non
3344 4499 3460 4540 esse
3486 4480 3591 4540 Dei

282 4572 511 4641 Filium,
544 4589 708 4647 quam
735 4574 781 4630 si
807 4582 930 4647 post
966 4591 1178 4631 errores
1206 4573 1405 4630 Felicis
1435 4582 1598 4648 atque
1628 4576 1887 4648 Elipandi
1916 4575 2223 4648 scripsisset
2246 4578 2265 4649 (
2274 4578 2337 4633 In
2358 4577 2535 4649 Epist.
2568 4577 2641 4633 ad
2670 4576 2933 4648 Philipp,
2965 4592 3084 4649 cap.
3119 4589 3209 4648 ιι).

351 4663 474 4719 Illis
504 4671 815 4738 temporum
844 4666 1175 4722 differentiis
1222 4668 1268 4722 si
1315 4665 1594 4723 addideris
1642 4668 1970 4724 nonnullam
2002 4667 2058 4727 in
2089 4668 2432 4725 diversarum
2463 4668 2821 4741 epistolarum
2852 4667 3300 4740 expositionibus
3319 4667 3584 4728 dictionis

280 4768 344 4812 ac
371 4755 659 4813 sententiae
690 4772 851 4828 super
880 4759 1069 4816 eadem
1123 4758 1351 4816 materia
1399 4758 1851 4833 discrepantiam,
1886 4774 2101 4817 necnon
2158 4758 2465 4815 disserendi
2512 4758 2678 4816 modo
2726 4758 3025 4819 fusissime.
3059 4756 3223 4814 modo
3251 4760 3587 4818 contractis-

281 4843 419 4900 sime
447 4844 899 4919 inaequalitatem,
931 4848 1036 4905 erit
1064 4848 1298 4906 forsitan
1325 4850 1420 4923 qui
1449 4850 1697 4923 ejusdem
1727 4866 1922 4907 manus
1951 4849 2139 4906 omnia
2201 4848 2319 4904 haec
2363 4848 2760 4905 commentaria
2787 4863 2901 4903 esse
2931 4846 3238 4919 dissentiat,
3269 4859 3363 4907 aut
3390 4852 3583 4909 saltem

277 4932 347 4988 ad
377 4949 710 5006 quempuam
742 4935 1058 5009 hujusmodi
1088 4940 1501 5012 compilatorem
1532 4941 1817 4997 referenda
1844 4946 2112 5006 autumet,
2140 4937 2234 5012 qui
2282 4937 2341 4992 in
2364 4936 2825 5014 metendisvariis
2844 4936 3120 5008 operibus,
3144 4954 3377 5012 quorum
3412 4940 3586 4999 multa

278 5020 688 5090 interciderint,
719 5026 930 5100 aliquas
958 5029 1222 5100 temporis
1268 5029 1612 5102 singulorum
1642 5039 1802 5088 notas
1855 5030 1931 5086 ita
1967 5029 2279 5097 retinuerit,
2324 5036 2386 5084 ut
2438 5027 2522 5084 sui
2579 5029 2782 5100 pariter
2820 5027 2924 5083 aevi
2974 5029 3272 5085 nonnullas
3299 5028 3579 5103 adjecerit.

278 5110 488 5169 Verum
546 5115 838 5187 quantavis
894 5116 1189 5174 difﬁcultas
1240 5120 1313 5176 sit
1360 5120 1417 5175 in
1462 5120 1794 5192 assignanda
1821 5121 1940 5176 sive
1969 5119 2230 5188 auctoris,
2263 5118 2381 5175 sive
2418 5118 2599 5190 operis
2629 5117 2979 5190 antiquitate,
3012 5133 3179 5173 manu
3207 5129 3448 5188 exarata,
3479 5135 3585 5174 eo-

281 5203 534 5260 rumdem
565 5204 1097 5264 Commentariorum
1146 5210 1451 5279 volumina,
1499 5211 1643 5267 sicut
1690 5219 1741 5267 et
1772 5210 2072 5283 scriptores
2100 5226 2128 5266 a
2158 5209 2361 5284 quibus
2396 5209 2564 5266 citata
2610 5206 2921 5280 expilatave
2951 5208 3321 5280 reperiuntur,
3352 5211 3578 5283 planum

279 5292 492 5349 faciunt
520 5294 725 5353 eisdem
757 5306 974 5371 tempus
1002 5299 1202 5355 saeculo
1230 5311 1424 5358 octavo
1454 5302 1729 5375 posterius
1755 5300 2065 5374 adjudicari
2094 5300 2413 5373 neutiquam
2444 5314 2620 5371 posse.

345 5383 472 5440 Non
494 5384 728 5444 deerunt
756 5387 1005 5458 fortasse,
1039 5388 1134 5462 qui
1160 5386 1489 5448 sententiam
1512 5400 1755 5449 nostram
1786 5392 1927 5449 scire
1955 5398 2154 5448 aveant
2181 5390 2249 5446 de
2276 5398 2498 5446 auctore
2530 5387 2888 5457 Quwstionum
2915 5386 3055 5446 Novi
3082 5394 3130 5445 et
3168 5387 3359 5447 Veteris
3394 5385 3580 5442 Testa—-

276 5474 464 5542 menti,
490 5491 654 5549 quem
676 5493 804 5533 cum
835 5478 1243 5535 Ambrosiastro
1271 5480 1523 5537 eumdem
1566 5494 1683 5537 esse
1733 5479 1894 5536 multi
1939 5486 2062 5552 post
2110 5478 2399 5552 theologos
2441 5477 2835 5544 Lovanienses,
2865 5493 2899 5534 a
2926 5477 3130 5551 quibus
3159 5478 3328 5534 iidem
3359 5474 3489 5529 libri
3520 5472 3578 5530 in

277 5566 640 5641 appendicem
679 5585 906 5643 operum
938 5569 1113 5630 sancti
1139 5570 1438 5645 Augustini
1470 5572 1630 5643 (tom.
1657 5572 1753 5641 III,
1785 5579 1927 5645 part.
1961 5571 2004 5644 ι)
2033 5570 2223 5645 rejecti
2252 5570 2428 5639 fuere,
2454 5571 2707 5630 arbitrati
2742 5578 2890 5630 sunt.
2924 5572 3132 5629 Verum
3161 5584 3282 5641 quae
3312 5566 3578 5627 hactenus

276 5657 711 5733 disputavimus,
741 5663 874 5720 satis
901 5661 1201 5721 ostendunt
1236 5661 1305 5720 de
1358 5661 1462 5719 hac
1508 5676 1567 5719 re
1603 5670 1841 5720 statuere
1882 5677 1996 5719 non
2043 5678 2161 5720 esse
2207 5662 2469 5736 proclivis
2498 5662 2727 5736 negotii.
2767 5661 3133 5719 Proferuntur
3159 5654 3385 5730 quidem
3414 5658 3575 5733 longe

278 5749 544 5821 plurima,
574 5767 700 5825 qua
731 5751 789 5808 in
817 5759 1051 5826 utroque
1080 5767 1243 5826 opere
1291 5749 1489 5808 iisdem
1518 5750 1726 5822 verbis,
1755 5751 2063 5827 iisdemque
2088 5752 2274 5810 citatis
2300 5751 2597 5823 Scripturae
2638 5751 2775 5808 locis
2800 5750 2861 5805 in
2895 5748 3086 5805 oculos
3114 5746 3401 5807 incurrant
3436 5766 3449 5806 :
3482 5747 3577 5807 sed
