4150 6194
581 307 650 364 47
1597 303 1691 358 AD
1731 300 1965 358 OPERA
2003 299 2058 353 S.
2100 296 2435 354 AMBROSII
2471 294 2852 351 APPENDIX.
3804 290 3877 347 48

576 432 718 489 nihil
743 431 874 488 inde
904 430 1092 503 colligi
1121 437 1322 503 potest,
1360 428 1471 484 nisi
1509 427 1626 484 haec
1652 427 1771 497 ipsa
1799 440 1867 480 ex
1905 422 2016 480 alio
2062 422 2122 479 in
2170 420 2322 477 aliud
2375 420 2698 492 transcripta
2753 435 2889 475 esse.
2940 417 3200 473 Attamen
3247 415 3422 488 magis
3464 414 3752 486 probabile
3790 426 3875 474 est

573 528 853 579 auctorem
887 521 1263 589 Qtuestionum,
1298 518 1345 575 si
1375 525 1559 574 tamen
1590 531 1778 573 earum
1804 521 1996 570 auctor
2020 530 2164 574 unus
2189 526 2293 587 est,
2322 530 2450 573 cum
2479 514 2553 570 sit
2583 514 2640 569 in
2673 511 2958 570 tractando
2988 512 3165 568 multo
3200 510 3399 580 fusior,
3426 518 3484 567 et
3512 510 3875 569 Ambrosias-

572 609 649 665 tri
679 608 959 665 erroribus
989 608 1173 680 plures
1198 605 1263 662 ad
1265 605 1462 679 jecerit
1490 604 1596 662 sibi
1625 604 1896 677 proprios,
1930 606 2097 678 hujus
2126 624 2242 664 esse
2270 609 2711 679 compilatorem.

646 697 939 765 Caeterum,
969 714 1096 753 cum
1126 696 1309 768 negari
1342 702 1575 768 nequeat
1618 693 1749 749 huic
1791 696 1941 766 operi
1990 695 2291 753 utilitatem
2337 698 2515 753 inesse
2558 713 2734 765 suam,
2765 710 3001 768 cumque
3044 693 3112 750 ad
3156 693 3300 749 hanc
3350 708 3526 766 usque
3571 692 3875 750 editionem

575 789 759 847 locum
792 789 935 845 inter
963 787 1243 845 Ambrosii
1272 784 1765 843 commentationes
1795 784 2121 855 obtinuerit,
2150 804 2367 843 necnon
2398 787 2628 844 citatum
2659 787 2779 859 ejus
2807 785 3031 842 nomine
3059 785 3258 857 passim
3291 793 3575 850 occurrat;
3635 783 3693 839 in
3733 784 3881 840 hanc

575 877 953 949 Appendicem
982 894 1047 933 eo
1080 875 1362 931 lubentius
1396 872 1536 928 illud
1565 871 1912 940 admisimus,
1945 889 2054 945 quo
2092 874 2276 946 plures
2316 894 2446 934 mss.
2494 888 2651 934 erant
2695 877 2765 933 ad
2820 894 3067 944 manum,
3115 893 3351 950 quorum
3401 875 3651 933 subsidio
3696 876 3880 932 exiret

576 967 755 1022 multo
810 966 1128 1023 correctius.
1167 965 1316 1019 Inter
1352 963 1488 1018 alias
1514 969 1698 1017 autem
1728 962 2141 1020 emendationes
2167 966 2571 1037 amplissimum
2602 966 2969 1038 fragmentum
3002 966 3059 1021 in
3092 965 3200 1021 fine
3236 966 3616 1023 Commentarii
3644 967 3883 1038 epistolae

574 1057 765 1127 prima!
786 1055 859 1112 ad
886 1052 1209 1119 Corinthios,
1240 1060 1295 1107 et
1324 1051 1383 1105 in
1413 1051 1692 1123 sequentis
1715 1049 1879 1107 initio
1908 1053 2273 1123 restituimus,
2305 1056 2463 1129 cujus
2485 1055 2759 1128 jacturam
2789 1072 2818 1111 e
2848 1055 3051 1112 lacinia
3081 1054 3478 1113 Commentarii
3512 1055 3882 1115 Pseudo-Hie-

576 1162 700 1203 ron.
732 1150 1026 1201 resarserat
1053 1142 1291 1214 scriptor
1313 1140 1607 1213 quispiam.

645 1216 1076 1291 Admonendum
1115 1228 1282 1286 modo
1310 1238 1575 1302 superest,
1612 1230 2059 1288 Commentarium
2084 1235 2146 1297 in
2171 1236 2471 1307 Epistolam
2497 1234 2570 1290 ad
2594 1235 2837 1290 Hebreeos
2866 1251 2897 1290 a
2917 1233 3079 1290 nobis
3107 1250 3223 1290 esse
3252 1234 3699 1307 praetermissum.
3731 1235 3883 1293 Illud

575 1323 918 1395 antiquiores
947 1337 1077 1376 mss.
1110 1336 1223 1376 non
1262 1330 1604 1391 agnoverunt
1631 1336 1810 1395 neque
1839 1322 2241 1379 Amerhachius
2270 1339 2448 1395 neque
2476 1324 2757 1379 Erasmus.
2791 1323 2929 1380 Cum
2960 1339 3092 1377 vero
3121 1322 3189 1377 ab
3219 1321 3289 1378 iis
3327 1322 3420 1395 qui
3464 1330 3652 1394 postea
3686 1339 3883 1381 curam

575 1412 958 1471 Ambrosianaa
986 1409 1121 1467 edit.
1153 1426 1460 1482 suscepere,
1492 1410 1794 1469 admissum
1825 1420 1985 1483 esset,
2017 1411 2153 1469 adeo
2191 1429 2300 1469 non
2354 1412 2552 1470 fefellit
2596 1412 2748 1469 viros
2785 1411 2987 1484 judicii
3035 1410 3375 1479 eruditioris,
3424 1420 3487 1467 ut
3533 1427 3602 1468 ne
3655 1412 3883 1485 quidem

576 1501 824 1575 ejusdem
853 1500 1116 1569 auctoris,
1146 1500 1237 1556 cui
1266 1498 1597 1557 tribuuntur
1627 1501 1927 1573 superiora,
1959 1518 2074 1559 esse
2107 1500 2444 1566 crederetur,
2474 1500 2652 1557 multo
2679 1500 2851 1573 igitur
2879 1500 3064 1556 minus
3091 1498 3336 1556 doctoris
3363 1499 3561 1556 nostri.
3590 1500 3663 1556 Et
3691 1516 3888 1558 revera

577 1587 723 1646 nihil
752 1587 903 1645 aliud
932 1595 1034 1656 est,
1066 1603 1229 1661 quam
1261 1603 1455 1660 parum
1480 1585 1694 1659 digesta
1720 1588 1941 1645 Patrum
1989 1589 2201 1662 aliquot
2247 1590 2588 1663 compilatio,
2636 1608 2756 1664 quae
2800 1608 2926 1648 cum
2971 1589 3208 1663 amplior
3253 1590 3399 1646 inter
3449 1606 3615 1663 opera
3668 1590 3885 1648 Rabani

575 1679 753 1752 Mauri
783 1678 1007 1750 vulgata
1033 1676 1223 1745 fuerit,
1254 1675 1442 1749 ibique
1479 1676 1824 1749 singulorum
1872 1678 2302 1751 fragmentorum
2332 1689 2582 1738 auctores
2620 1697 2649 1737 e
2683 1680 2907 1754 regione
2936 1681 3113 1754 legere
3157 1678 3342 1750 liceat,
3377 1679 3524 1737 nihil
3556 1695 3674 1737 esse
3700 1696 3885 1738 causae

576 1768 739 1827 nobis
766 1769 951 1826 visum
984 1775 1066 1824 est
1096 1782 1197 1823 cur
1223 1781 1287 1822 ea
1314 1766 1375 1822 in
1403 1765 1701 1843 editionem
1731 1776 1976 1825 nostram
2006 1768 2364 1844 reciperetur.

1356 2040 3085 2228 COMMENTARIA

792 2328 962 2478 IN
1074 2327 1333 2478 XII
1452 2327 2374 2484 EPISTOLAS
2485 2326 2991 2476 ΒΕΑΤΙ
3111 2326 3677 2479 PAULI.

1211 2710 1349 2796 IN
1437 2710 2203 2799 EPISTOLAM
2290 2712 2455 2796 AD
2547 2713 3253 2801 ROMANOS.

1165 2996 1549 3057 PROLOGUS.

671 3090 767 3151 25
796 3092 868 3151 Ut
897 3109 1081 3150 rerum
1106 3094 1308 3151 notitia
1335 3093 1603 3153 habeatur
1630 3096 1865 3169 plenior,
1911 3096 2186 3169 principia

589 3200 779 3241 earum
818 3182 1145 3257 requirenda
1187 3192 1316 3241 sunt
1370 3184 1555 3256 prius;
1614 3192 1750 3243 tunc
1802 3184 1951 3242 enim
2009 3194 2186 3259 potest

588 3272 810 3331 facilius
837 3289 1015 3329 causa)
1044 3273 1187 3329 ratio
1232 3272 1521 3343 declarari,
1558 3274 1604 3329 si
1644 3273 1763 3346 ejus
1813 3275 1967 3347 origo
2013 3275 2184 3331 disca-

587 3373 680 3422 tur
713 3364 794 3438 (1)
835 3381 846 3419 :
899 3379 1024 3420 cum
1055 3362 1203 3420 enim
1233 3363 1477 3436 epistolae
1508 3362 1648 3419 datze
1678 3362 1902 3419 modum
1934 3371 1989 3420 et
2020 3364 2185 3421 ratio-

588 3471 715 3512 nem
746 3454 1169 3523 ostenderimus,
1214 3461 1394 3526 potest
1441 3469 1633 3510 verum
1681 3453 1882 3519 videri,
1913 3454 2061 3529 quod
2090 3455 2187 3511 di—

589 3545 787 3602 cimus.
845 3543 1073 3601 Constat
1148 3542 1333 3616 itaque
1404 3544 1745 3617 temporibus
1811 3546 2186 3618 apostolorum

589 3631 828 3701 Judwos,
859 3641 1145 3704 propterea
1172 3632 1319 3704 quod
1344 3633 1447 3689 sub
1477 3649 1644 3707 regno
1674 3635 1921 3691 Romano
1944 3641 2184 3707 agerent,

591 3722 779 3778 Romae
832 3720 1153 3778 habitasse:
1210 3736 1280 3777 ex
1323 3722 1525 3795 quibus
1568 3722 1628 3777 hi
1674 3723 1769 3797 qui
1817 3723 2186 3793 crediderant,

591 3809 941 3869 tradiderunt
975 3810 1236 3868 Romanis
1283 3818 1346 3867 ut
1400 3810 1682 3868 Christum
1733 3813 2071 3885 profitentes,
2114 3814 2187 3869 le-

593 3918 712 3975 gem
742 3908 1024 3958 servarent
1057 3917 1068 3955 :
1102 3900 1335 3958 Romani
1366 3910 1569 3971 autem,
1605 3902 1793 3958 audita
1824 3903 1969 3959 fama
1998 3903 2188 3959 virtu—

591 3998 711 4048 tum
770 3990 1003 4059 Christi,
1060 3989 1250 4047 faciles
1303 3990 1372 4048 ad
1428 3991 1764 4049 credendum
1822 3993 2049 4049 fuerunt
2080 3993 2185 4064 (2),

591 4088 782 4154 utpote
846 4080 1145 4154 prudentes
1189 4096 1201 4135 :
1249 4096 1350 4137 nec
1396 4080 1673 4138 immerito
1721 4081 2038 4154 prudentes,
2092 4082 2187 4154 qui

591 4172 733 4228 male
764 4170 981 4227 inducti
1007 4169 1194 4227 statim
1227 4171 1459 4228 correcti
1489 4179 1642 4241 sunt,
1673 4179 1728 4228 et
1769 4178 2189 4244 permanserunt

591 4267 652 4323 in
681 4282 764 4324 eo.

2209 3002 2261 3062 Α
2288 3001 2631 3075 spiritualem
2675 3004 2772 3061 Dei
2820 3004 3049 3078 gratiam
3106 3009 3446 3073 consecutos,
3502 3020 3566 3063 ac
3621 3020 3720 3078 per
3775 3004 3886 3063 hoc

2293 3091 2769 3149 confirmationem
2802 3095 2881 3151 eis
2908 3094 3112 3152 deesse.
3148 3095 3215 3149 Hi
3254 3101 3386 3151 sunt
3431 3094 3525 3167 qui
3575 3104 3632 3152 et
3672 3095 3897 3155 Galatas

2294 3180 2698 3250 subverterant,
2727 3193 2846 3240 uta
2888 3184 3187 3242 traditione
3237 3183 3611 3258 apostolorum
3659 3186 3898 3244 recede—

2296 3278 2423 3326 rent
2452 3270 2535 3341 (3)
2573 3288 2585 3325 :
2632 3272 2834 3344 quibus
2881 3272 3007 3329 ideo
3066 3274 3323 3331 irascitur
3386 3275 3705 3347 Apostolus,
3757 3275 3895 3347 quia

2296 3357 2445 3415 docti
2476 3359 2636 3428 bene,
2670 3360 2830 3417 facile
2857 3361 3167 3417 transducti
3198 3362 3435 3418 fuerant.
3476 3363 3735 3419 Romanis
3780 3380 3896 3419 au—

2295 3456 2406 3505 tem
2442 3448 2601 3505 irasci
2635 3464 2747 3504 non
2780 3448 2992 3517 debuit,
3031 3449 3126 3505 sed
3164 3457 3218 3505 et
3266 3450 3489 3507 laudare
3540 3451 3703 3508 ﬁdem
3753 3451 3900 3507 illo-

2296 3554 2419 3593 rum
2451 3554 2462 3591 :
2501 3537 2649 3609 quia,
2703 3538 2858 3593 nulla
2912 3538 3151 3611 insignia
3197 3539 3468 3596 virtutum
3499 3540 3769 3609 videntes,
3794 3556 3902 3599 nec

2297 3625 2534 3699 aliquem
2566 3627 2962 3699 apostolorum,
2989 3636 3341 3700 susceperant
3356 3628 3519 3684 ﬁdem
3552 3628 3758 3686 Christi
3784 3630 3902 3686 ritu

2297 3715 2427 3773 licet
2455 3715 2702 3784 Judaico,
2733 3714 2791 3771 in
2820 3715 3019 3795 verbis
3033 3718 3217 3789 potius
3244 3734 3407 3791 quam
3438 3718 3497 3774 in
3527 3734 3728 3787 sensu;
3784 3736 3901 3777 non

2297 3806 2445 3861 enim
2494 3806 2808 3877 expositum
2858 3805 2973 3861 illis
3012 3806 3192 3863 fuerat
3232 3807 3559 3879 mysterium
3593 3808 3675 3881 (4)
3717 3809 3905 3867 crucis

2297 3896 2525 3953 Christi.
2584 3898 2875 3969 Propterea
2926 3896 3254 3970 quibusdam
3308 3897 3757 3968 advenientibus,
3803 3899 3903 3972 qui

2296 3994 2443 4041 recte
2473 3985 2823 4041 crediderant
2846 3987 3033 4059 (5),de
3054 3987 3267 4043 edenda
3287 4003 3448 4043 carne
3476 3996 3528 4044 et
3558 4004 3668 4044 non
3690 3988 3907 4046 edenda

2299 4077 2629 4149 quaestiones
2647 4076 2870 4143 fiebant;
2896 4085 2949 4133 et
2970 4068 3288 4135 utrumnam
3310 4094 3432 4151 spes
3454 4095 3574 4153 quae
3595 4079 3653 4135 in
3677 4079 3902 4138 Christo

2298 4177 2399 4236 est,
2433 4169 2729 4237 sufﬁceret,
2760 4177 2855 4225 aut
2884 4177 2937 4224 et
2967 4170 3057 4225 lex
3086 4169 3359 4227 servanda
3386 4179 3547 4227 esset.

2370 4261 2616 4328 Quatuor
2665 4260 2834 4333 igitur
2879 4261 3059 4319 modis
3105 4262 3302 4320 scribit
3334 4265 3619 4335 Romanis,
3666 4283 3905 4339 arguens

664 4357 732 4411 Hi
764 4372 895 4428 ergo
922 4371 993 4411 ex
1021 4357 1246 4424 Judaeis,
1289 4363 1350 4412 ut
1397 4356 1560 4413 datur
1606 4356 1864 4429 intelligi,
1906 4354 2189 4413 credentes
2218 4365 2265 4426 Β
2300 4351 2367 4407 ab
2397 4351 2561 4407 initio
2590 4368 2761 4424 genus
2790 4351 3081 4409 hominum
3113 4353 3343 4426 physica
3374 4355 3623 4420 ratione;
3663 4356 3721 4412 hi
3751 4358 3905 4415 enim

593 4447 836 4515 Christo,
878 4462 990 4501 non
1042 4448 1383 4519 accipiebant
1432 4451 1609 4505 Deum
1657 4465 1773 4505 esse
1801 4449 1868 4505 de
1899 4451 2033 4516 Deo,
2076 4464 2189 4520 pu-
2296 4452 2459 4516 caput
2505 4451 2635 4499 sunt
2699 4443 2950 4500 omnium
3005 4446 3274 4517 gentium,
3322 4453 3384 4501 ut
3436 4446 3495 4500 in
3553 4445 3640 4503 his
3690 4449 3909 4507 discant

592 4546 772 4596 tantes
800 4537 899 4595 uni
926 4539 1041 4594 Deo
1067 4538 1398 4606 adversum;
1441 4541 1794 4612 quamobrem
1853 4548 2013 4613 negat
2065 4540 2190 4597 illos

668 4690 751 4761 (1)
782 4690 941 4746 Rom.
975 4690 1132 4765 edit.,
1164 4689 1383 4765 facilius
1409 4696 1659 4761 poterunt
1697 4694 1907 4749 demum
1943 4694 2187 4765 intelligi,

595 4778 713 4833 cum
740 4779 924 4816 earum
960 4762 1191 4833 origines
1242 4762 1518 4817 discantur
1556 4781 1568 4819 :
1604 4765 1725 4820 alia:
1781 4782 1913 4821 vero
1967 4773 2022 4822 et
2060 4762 2189 4822 mss.

595 4832 728 4910 satis
752 4833 896 4910 inter
924 4850 981 4889 se
1009 4833 1403 4910 consentiunt;
1455 4834 1563 4910 nisi
1603 4837 1751 4910 quod
1796 4839 1969 4905 Flor.,
2003 4838 2189 4910 AVind.

597 4912 652 4960 et
680 4903 855 4982 Ccrb_._
871 4920 1015 4960 unus
1043 4904 1102 4960 in
1132 4903 1663 4982 verborumordiné,
1689 4918 1743 4965 et
1770 4925 1910 4982 saepe
1940 4903 2103 4964 etiam
2136 4910 2195 4982 in

597 4975 887 5053 sententiis
916 4992 947 5031 a
987 4977 1199 5053 caeteris
1229 4976 1351 5053 cod.
1384 4976 1713 5053 discrepant,
1747 4975 1884 5053 quos
1912 4990 2095 5053 tamen
2125 4980 2195 5036 ob

599 5046 883 5129 scriptura:
913 5047 1300 5122 antiquitatem
1330 5048 1389 5103 in
1434 5048 1542 5106 hoc
1567 5046 1816 5124 "prologo
1846 5052 2196 5124 potissimum

599 5125 773 5174 secuti
804 5135 1015 5175 sumus.

674 5189 757 5262 (2)
788 5189 939 5265 Edit.
971 5190 1105 5265 Gill.
1134 5190 1191 5265 in
1222 5208 1393 5265 marg.
1426 5198 1481 5247 et
1531 5192 1692 5265 Rom.
1751 5192 1811 5248 in
1852 5208 2028 5265 corp.,
2068 5193 2199 5264 fue-

598 5267 773 5317 runt:
807 5261 895 5316 sed
945 5263 1085 5334 male
1140 5261 1366 5334 inducti,
1414 5263 1595 5320 statim
1646 5281 1699 5318 se
1750 5261 2114 5334 correxerunt,
2152 5272 2200 5321 et

599 5338 911 5407 manserunt
958 5333 1016 5387 in
1048 5333 1349 5407 _co,_z.tpote
1373 5337 1676 5407 prudentes.
1728 5338 1801 5391 At
1847 5336 2007 5392 Rom.
2062 5333 2195 5393 edit.

600 5404 713 5462 duo
741 5411 1017 5464 postrema
1043 5403 1410 5463 incisa—etiam
1450 5406 1697 5464 invertit.

676 5475 760 5559 (εἰ)
791 5475 1039 5559 Edita}:
1065 5491 1195 5559 mss:
1228 5492 1341 5532 non
1360 5478 1552 5559 pauci,
1572 5477 1874 5559 [σιξ-ἱρέων
1908 5496 1973 5559 ex
1999 5479 2201 5534 Judwis

602 5547 883 5621 credentes,
906 5553 971 5621 et
996 5547 1231 5621 improbe
1259 5547 1532 5621 sentientes
1552 5548 1615 5603 de
1646 5547 1879 5621 Christo,
1912 5552 2066 5621 legem
2093 5567 2198 5606 ser-

602 5617 831 5675 vandam
882 5617 1141 5688 dicebant,
1180 5619 1338 5691 quasi
1380 5636 1488 5675 non
1545 5625 1674 5676 esset
1722 5620 1782 5676 in
1814 5617 2025 5679 Christo
2052 5623 2201 5679 salus

2297 4534 2481 4592 caeteri
2511 4532 2868 4606 universique
2899 4535 3128 4607 gentiles
3161 4534 3265 4606 (6).
3301 4533 3521 4591 Primus
3569 4537 3765 4595 modus
3794 4547 3906 4611 est,

2294 4697 2613 4770 plena.Ideo
2641 4704 2794 4765 negat
2824 4698 2943 4752 illos
2972 4696 3305 4770 spiritualem
3325 4700 3556 4770 gratiam
3576 4709 3901 4761 consecutos.

2301 4769 2373 4824 Hi
2400 4775 2521 4822 sunt
2545 4770 2639 4838 qui
2667 4776 2714 4821 et
2746 4770 2967 4823 Galatas
2995 4768 3380 4837 subuerterant,
3425 4778 3483 4826 ut
3527 4791 3559 4827 a
3621 4772 3909 4831 traditione

2302 4840 2546 4910 Apostoli
2574 4839 2863 4893 recedentes
2883 4839 3252 4908 judaizarent.

2379 4909 2460 4981 (4)
2496 4910 2666 4985 Iidem
2698 4927 2841 4985 inss._
2859 4920 2912 4985 et
2943 4911 3099 4975 edit.,
3131 4912 3358 4985 videntes
3414 4915 3664 4985 insignia,
3719 4934 3909 4973 susce-

2302 4988 2495 5057 perant
2523 4983 2677 5057 fidem
2712 4982 2931 5057 Christi,
2964 4984 3204 5057 quamvis
3259 4982 3535 5057 corruplo'
3561 5004 3747 5053 sensu;
3800 5005 3911 5045 non

2308 5053 2444 5134 enim
2473 5054 2787 5121 audierant;
2834 5055 2990 5111 Rom.
3030 5055 3190 5125 edit.,
3229 5058 3386 5127 plane
3415 5053 3709 5114 audierant
3756 5077 3913 5132 mys—

2309 5132 2519 5194 terium,
2549 5134 2653 5181 etc.

2383 5197 2463 5268 (5)
2498 5196 2665 5253 Citati
2698 5214 2826 5253 mss.
2861 5205 2914 5253 et
2943 5198 3101 5268 edit.,
3149 5200 3211 5255 de
3257 5201 3443 5256 Iudaea
3492 5209 3552 5257 ut
3593 5201 3770 5258 urbem
3804 5204 3910 5260 Ro-

2306 5285 2447 5323 mam
2473 5269 2886 5345 atlvenicntibus,
2923 5272 3057 5325 sicut
3089 5272 3416 5345 etiPriscilla
3458 5279 3510 5345 et
3561 5274 3785 5344 Aquila,
3817 5276 3915 5345 qui

2308 5346 2442 5395 recte
2471 5340 2767 5406 sentirent;
2795 5340 2928 5398 edit.
2962 5359 3088 5398 cum
3120 5344 3292 5409 Flor.,
3327 5343 3495 5400 Vind.
3530 5351 3584 5401 et
3613 5340 3778 5402 Colb.
3804 5340 3913 5402 soli

2311 5410 2577 5487 exhibent
2605 5413 2909 5486 sequentia,
2939 5421 2988 5469 et
3016 5420 3325 5470 utrumnam
3351 5433 3579 5487 spes.....
3613 5422 3661 5471 et
3687 5418 3773 5473 lex
3800 5434 3913 5473 ser-

2309 5482 2487 5537 uanda
2510 5489 2655 5539 esset.

2383 5554 2464 5625 (6)
2494 5554 2645 5632 Edit.
2695 5557 2908 5632 Rom.,_
2927 5558 2984 5613 hi
3007 5558 3146 5613 enim
3175 5564 3333 5632 caput
3363 5564 3488 5614 sunt
3518 5559 3917 5632 omniumgen-

2311 5624 2461 5695 tium,
2492 5633 2551 5682 ut
2604 5627 2664 5684 in
2716 5629 2798 5685 his
2851 5629 3057 5687 discant
3113 5624 3307 5700 elateri,
3363 5647 3592 5703 arguens
3644 5632 3711 5689 ab
3755 5624 3914 5689 initio
