4136 6194
280 379 351 436 49
1388 380 1757 438 COMMENT.
1806 382 1879 438 IN
1917 382 2135 439 EPIST.
2179 383 2272 439 AD
2313 384 2480 441 ROM.
3523 383 3597 444 50

282 520 392 578 quo
437 518 495 559 se
540 502 781 561 ostendit
818 502 954 578 quid
983 503 1074 573 sit,
1123 512 1178 560 et
1225 503 1359 579 quid
1395 504 1582 573 fuerit,
1632 514 1686 561 et
1722 505 1885 578 cujus
1911 508 1964 569 A
2063 508 2296 565 Servum
2344 517 2525 565 autem
2573 508 2780 568 Christi
2811 510 2938 567 Iesu
2986 526 3042 567 se
3082 511 3369 584 proﬁtens,
3401 528 3434 569 a
3476 511 3594 585 lege

281 595 375 664 sit,
406 612 516 670 quo
567 602 621 653 et
676 595 910 654 haereses
946 595 1203 667 percutit.
1235 595 1521 653 Secundus
1548 598 1747 655 modus
1772 607 1875 670 est,

280 702 390 760 quo
417 687 598 759 arguit
639 687 789 761 quod
820 694 1026 745 naturae
1082 686 1295 744 ratione
1328 703 1440 744 non
1460 704 1517 744 se
1546 688 1882 760 subjecerint

281 777 380 833 uni
418 779 555 847 Deo,
587 785 641 833 et
669 794 786 851 quae
811 777 1131 849 inhonesta
1178 786 1232 834 et
1285 778 1469 852 turpia
1497 780 1711 853 egerint
1739 780 1883 836 invi-

280 882 424 934 cem,
453 867 693 940 despecti
732 868 801 924 ob
830 868 936 925 hoc
962 885 994 924 a
1025 871 1163 937 Deo,
1193 877 1256 926 ut
1284 872 1633 942 gratulentur
1661 872 1883 928 creden-

282 964 383 1013 tes.
420 958 636 1013 Tertius
666 958 864 1014 modus
893 966 999 1027 est,
1030 959 1181 1031 quod
1209 960 1387 1031 legem
1417 971 1744 1033 spreverunt
1771 962 1879 1018 da-

279 1054 418 1115 tam,
463 1047 609 1103 unde
658 1048 947 1119 anteponit
977 1047 1182 1103 Graecis
1218 1048 1452 1105 Iudaeos.
1486 1050 1722 1118 Quartus
1749 1066 1880 1107 mo-

279 1135 385 1192 dus
433 1144 534 1205 est,
605 1152 716 1208 quo
772 1135 933 1191 docet
984 1136 1200 1192 Iudaeos
1254 1138 1590 1195 exorbitasse
1620 1156 1651 1195 a
1680 1140 1796 1212 lege
1824 1149 1880 1197 et

277 1226 649 1298 promissione
703 1226 804 1281 Dei
860 1225 917 1282 in
975 1242 1136 1282 causa
1186 1225 1391 1284 Christi
1432 1230 1536 1301 (7),
1597 1230 1878 1306 factosque

276 1315 494 1372 similes
549 1314 892 1386 gentilibus;
944 1324 1004 1372 ut
1060 1317 1281 1389 utrique
1338 1319 1620 1393 indigeant
1650 1323 1877 1378 miseri-

274 1404 465 1462 cordia
509 1403 631 1471 Dei,
689 1420 799 1459 non
845 1421 940 1477 per
971 1405 1165 1478 Legem
1197 1407 1428 1465 salutem
1460 1411 1749 1482 sperando,
1781 1411 1877 1470 sed

276 1511 375 1568 per
396 1493 561 1550 ﬁdem
594 1492 799 1550 Christi
836 1495 983 1550 Iesu.

349 1586 491 1643 Hinc
518 1595 601 1644 est
632 1587 776 1643 unde
802 1588 954 1644 omni
994 1588 1270 1647 industria
1298 1590 1355 1647 id
1385 1591 1518 1664 agit,
1568 1601 1629 1649 ut
1678 1610 1709 1651 a
1759 1596 1877 1670 lege

277 1692 371 1733 eos
406 1676 562 1732 tollat
590 1694 605 1743 ;
666 1676 798 1749 quia
854 1678 945 1733 lex
1001 1686 1056 1734 et
1084 1680 1363 1752 prophetae
1396 1698 1567 1755 usque
1605 1684 1672 1740 ad
1701 1684 1877 1742 Ioan-

277 1781 405 1822 nem
438 1765 590 1840 (Luc.
626 1782 742 1833 xvr,
769 1766 895 1838 16):
929 1767 1055 1823 etin
1083 1769 1197 1825 sola
1227 1770 1354 1826 illos
1384 1771 1491 1827 ﬁde
1519 1772 1721 1831 Christi
1749 1792 1875 1833 con-

1994 612 2052 653 se
2099 604 2332 653 exutum
2389 598 2647 655 ostendit.
2685 600 2758 656 Et
2804 599 2929 656 ideo
2961 608 3260 674 utrumque
3297 602 3502 675 posuit,
3532 600 3592 658 id

1994 696 2096 757 est,
2123 689 2252 745 Iesu
2296 688 2542 747 Christi:
2584 699 2645 746 ut
2699 699 2753 747 et
2788 692 2888 749 Dei
2926 700 2981 749 et
3011 692 3255 750 hominis
3300 708 3589 767 personam

1995 778 2271 851 signaret:
2325 781 2458 854 quia
2499 783 2556 837 in
2602 791 2833 857 utroque
2878 790 2958 840 est
3012 784 3306 854 Dominus,
3346 785 3491 842 sicut
3535 791 3593 842 et

1995 868 2187 925 Petrus
2218 871 2498 942 apostolus
2527 880 2756 928 testatur
2785 873 3009 930 dicens:
3060 899 3079 922 ι
3118 874 3221 932 Hic
3248 884 3352 945 est,
3385 875 3588 949 inquit,

1993 959 2243 1014 omnium
2294 960 2564 1016 Dominus
2630 962 2771 1034 (Act.
2824 979 2883 1029 x,
2942 963 3056 1033 36).
3107 989 3126 1012 ι
3168 964 3310 1032 Quia
3361 982 3491 1038 ergo
3535 971 3591 1021 et

1991 1047 2281 1116 Dominus,
2339 1055 2394 1103 et
2453 1050 2600 1105 Deus
2654 1060 2757 1117 est,
2812 1050 3032 1108 dicente
3098 1052 3313 1110 David:
3376 1078 3396 1102 ι
3445 1054 3591 1121 Quia

1990 1136 2260 1192 Dominus
2314 1136 2430 1210 ipse
2485 1145 2567 1194 est
2624 1140 2772 1195 Deus
2829 1140 3006 1208 (Psal.
3039 1156 3194 1209 xcrx,
3226 1140 3310 1213 3).
3367 1166 3388 1192 ι
3430 1143 3590 1210 Quod

1990 1228 2221 1284 haereses
2269 1238 2487 1301 negant.
2529 1231 2795 1287 Marcioni
2824 1229 2974 1288 enim
3025 1233 3248 1289 videtur
3274 1234 3404 1290 odio
3430 1235 3589 1308 Legis

1989 1316 2272 1373 Christum
2322 1325 2375 1373 et
2421 1335 2620 1391 corpus
2649 1318 2768 1392 ejus
2806 1337 3023 1393 negare,
3077 1322 3259 1379 Iesum
3292 1324 3541 1397 proﬁteri
3571 1343 3587 1383 :

1989 1409 2193 1465 Iudaeis
2260 1418 2442 1467 autem
2498 1420 2551 1467 et
2602 1411 2841 1468 Photino
2888 1419 3111 1485 propter
3164 1414 3342 1471 zelum
3406 1415 3586 1487 Legis,

1988 1499 2172 1555 Iesum
2194 1516 2388 1572 negare
2410 1500 2553 1572 quod
2572 1503 2716 1557 Deus
2733 1501 2821 1556 sit.
2847 1501 2982 1558 Nam
3007 1502 3441 1579 quotiescunque
3464 1503 3583 1576 (14)

1988 1599 2083 1646 aut
2129 1589 2312 1645 Iesum
2358 1589 2495 1647 dicit
2546 1599 2643 1647 aut
2681 1591 3003 1659 Christum;
3052 1592 3349 1665 aliquando
3384 1596 3584 1665 Deum,

1988 1679 2287 1752 aliquando
2316 1679 2596 1735 hominem
2638 1680 2935 1754 signiﬁcat,
2984 1681 3129 1738 sicut
3157 1681 3263 1738 hoc
3290 1682 3412 1739 loco
3442 1682 3589 1739 inter

1987 1783 2217 1830 caetera:
2265 1774 2396 1829 «Et
2452 1790 2616 1843 unus,
2681 1774 2881 1848 inquit,
2942 1774 3213 1831 Dominus
3266 1776 3442 1843 Iesus,
3491 1792 3589 1850 per

276 1855 489 1924 stituat,
531 1864 585 1912 et
611 1855 764 1928 quasi
803 1864 997 1913 contra
1023 1859 1218 1930 legem,
1269 1860 1634 1933 Evangelium
1672 1865 1869 1922 vindi-
1898 1866 1944 1925 B
1978 1880 2142 1938 quem
2190 1862 2378 1918 omnia
2408 1863 2464 1935 (Ι
2496 1864 2622 1921 Cor.
2658 1881 2783 1933 VIII,
2815 1864 2896 1936 6),
2929 1890 2947 1912 ι
2990 1862 3137 1938 quod
3169 1865 3361 1939 Illique
3388 1865 3457 1921 ad
3485 1865 3586 1923 Dei

277 1953 364 2001 cat
414 1946 519 2018 (8),
568 1963 680 2003 non
729 1947 1017 2004 destruens
1047 1951 1242 2023 legem,
1274 1952 1367 2007 sed
1397 1953 1690 2024 praeferens
1719 1956 1879 2013 chri-

277 2036 648 2093 stianismum.
681 2037 892 2094 Asserit
921 2039 1067 2096 enim
1100 2040 1181 2097 sic
1208 2040 1487 2098 Christum
1521 2045 1874 2116 promissum,

276 2133 339 2181 ut
395 2127 691 2197 praedicato
738 2144 803 2183 eo
834 2137 1070 2185 cessaret
1110 2129 1200 2187 lex
1232 2132 1314 2201 (9)
1368 2149 1381 2187 :
1442 2149 1550 2188 non
1581 2141 1714 2202 tota,
1748 2138 1878 2208 quia

276 2215 619 2273 abbreviatio
675 2218 816 2275 facta
853 2218 989 2292 legis
1016 2229 1118 2288 est,
1167 2237 1288 2294 quae
1342 2224 1672 2295 compendio
1723 2226 1876 2283 daret

274 2306 549 2375 salutem;
611 2308 786 2364 multa
832 2309 978 2364 enim
1021 2315 1115 2374 26
1154 2312 1435 2368 veteribus
1483 2314 1687 2371 tradita
1746 2326 1876 2375 sunt

274 2413 500 2477 propter
551 2404 814 2462 duritiam
869 2408 1053 2466 cordis
1098 2409 1347 2479 illorum,
1385 2420 1446 2467 ut
1498 2413 1653 2469 oneri
1710 2419 1871 2484 esset,

276 2508 400 2566 quae
430 2495 809 2553 misericordia
837 2499 937 2554 Dei
964 2498 1324 2567 abbreviarit,
1337 2517 1431 2573 per
1448 2502 1727 2559 Christum
1749 2503 1876 2561 data

275 2585 681 2658 praeteritorum
717 2588 1058 2646 remissione.
1105 2591 1354 2663 Ingratus
1382 2598 1463 2647 est
1492 2608 1620 2664 ergo
1650 2593 1874 2650 miseri-

273 2674 478 2732 cordiae
516 2675 637 2747 Dei,
671 2676 764 2751 qui
796 2680 918 2735 vult
966 2693 1081 2736 esse
1136 2679 1238 2736 sub
1286 2681 1439 2753 lege;
1483 2698 1610 2738 nam
1659 2683 1876 2741 dixerat

273 2763 494 2837 Moyses
548 2784 561 2822 :
620 2766 711 2824 Sic
764 2768 1022 2825 timentes
1077 2770 1290 2827 facietis
1355 2770 1501 2828 ﬁlios
1555 2773 1719 2828 Israel
1753 2773 1871 2845 (10)

278 2855 468 2927 (Leuit.
511 2873 609 2926 xv,
635 2857 751 2932 31),
793 2858 855 2915 ut
885 2876 1229 2933 quacumque
1274 2877 1331 2916 se
1369 2868 1666 2931 verterent,
1701 2863 1873 2934 legem

273 2947 561 3018 haberent,
612 2958 673 3007 ut
714 2951 834 3007 sine
858 2952 1234 3008 sollicitudine
1265 2952 1495 3010 omnino
1525 2971 1637 3009 non
1671 2962 1871 3010 essent.

274 3037 451 3110 Igitur
483 3046 543 3095 ut
572 3039 632 3095 in
662 3038 884 3097 Christo
936 3040 1057 3095 sine
1085 3041 1202 3112 lege
1232 3057 1384 3112 spem
1414 3040 1543 3097 vitae
1573 3042 1877 3116 salutisque

271 3128 584 3201 ponendam
616 3129 817 3197 tradat,
850 3138 906 3185 et
929 3129 1226 3185 Dominum
1260 3131 1441 3201 ipsum
1473 3146 1589 3186 esse
1620 3131 1870 3186 omnium

271 3215 492 3287 doceat,
524 3217 605 3273 sic
627 3216 826 3289 incipit
855 3234 867 3271 :

799 3305 1028 3364 CAPUT
1065 3307 1357 3365 PRIMUM.

347 3395 533 3469 (Vers.
569 3395 648 3467 1.)
694 3419 713 3441 ι
756 3396 960 3451 Paulus
992 3413 1182 3453 servus
1208 3396 1414 3455 Christi
1443 3398 1597 3454 Iesu.
1649 3424 1668 3448 ι
1711 3400 1874 3471 Apud

272 3492 488 3542 veteres
500 3493 720 3541 nostros
740 3485 951 3542 ratione
970 3486 1199 3543 nomina
1223 3487 1701 3560 componebantur
1730 3492 1749 3561 (
1758 3491 1871 3559 11),

274 3578 338 3627 ut
360 3573 509 3629 Isaac
539 3581 763 3646 propter
792 3574 986 3644 risum,
1018 3585 1073 3632 et
1097 3575 1263 3632 Iacob
1280 3584 1503 3649 propter
1518 3579 1832 3634 calcaneum
1856 3597 1869 3645 ;

278 3659 355 3716 ita
382 3668 434 3716 et
459 3661 559 3718 iste
586 3671 809 3734 propter
838 3662 1279 3737 inquietudinem
1308 3666 1507 3722 Saulus
1537 3676 1618 3724 est
1647 3682 1874 3724 nuncu—

275 3759 469 3823 patus:
518 3764 804 3826 postquam
833 3765 1014 3812 autem
1039 3754 1296 3825 credidit,
1326 3772 1397 3812 ex
1435 3758 1601 3813 Saulo
1640 3758 1871 3814 Paulum

273 3859 331 3900 se
360 3843 521 3912 dicit,
552 3844 656 3901 hoc
679 3853 780 3913 est,
814 3845 1169 3903 immutatum
1203 3846 1347 3917 (I2).
1411 3848 1485 3903 Et
1513 3846 1644 3919 quia
1675 3848 1872 3903 Saulus

274 3930 578 3989 secundum
618 3933 1005 4005 supradictum
1074 3951 1316 4003 sensum,
1392 3935 1724 4009 inquietudo
1774 3954 1869 3993 seu

276 4021 507 4078 tentatio
538 4022 949 4096 intrepretatur,
990 4024 1083 4082 hic
1110 4042 1235 4081 cum
1259 4024 1328 4081 ad
1358 4024 1521 4082 ﬁdem
1552 4024 1759 4083 Christi
1787 4041 1869 4082 ac-

276 4111 456 4177 cessit,
502 4111 737 4168 Paulum
789 4129 846 4170 se
871 4112 1029 4181 dicit,
1087 4113 1145 4169 id
1188 4123 1288 4182 est,
1322 4114 1479 4187 quasi
1501 4132 1571 4171 ex
1601 4122 1870 4173 tentatore

275 4198 481 4257 factum
510 4200 778 4273 quietum,
811 4202 1212 4276 humilemque,
1252 4204 1339 4258 vel
1373 4205 1704 4275 parvulum;
1743 4205 1873 4277 quia

275 4306 384 4362 pax
408 4297 491 4346 est
519 4289 656 4346 ﬁdes
681 4300 886 4348 nostra.
920 4291 1055 4348 Cum
1085 4290 1239 4364 prius
1267 4291 1414 4347 enim
1444 4292 1777 4349 tentationes
1801 4310 1873 4349 ex

276 4378 661 4452 inquietudine
690 4380 957 4437 Iudaismi
978 4380 1096 4452 (13)
1129 4380 1230 4436 Dei
1257 4382 1430 4437 servis
1465 4382 1710 4451 inferret,
1749 4390 1873 4455 post

276 4466 392 4539 ipse
418 4469 749 4526 tentationes
778 4486 967 4542 passus
992 4477 1073 4526 est
1101 4477 1325 4541 propter
1353 4484 1526 4540 spem,
1560 4487 1725 4543 quam
1742 4480 1870 4529 ante

272 4571 462 4612 amore
497 4558 762 4616 Iudaismi
791 4567 1032 4632 negarat.

271 4671 433 4740 genus
485 4657 756 4713 hominum
790 4658 995 4740 parting
1045 4657 1263 4740 physifa
1284 4658 1517 4740 ratione,
1547 4658 1747 4740 partiri}
1774 4676 1873 4740 per

276 4729 433 4802 legem
466 4746 477 4783 :
525 4746 654 4785 mss.
704 4728 834 4785 vero
864 4728 1423 4802 nobiscumﬂfaciunt,
1454 4728 1561 4785 nisi
1594 4730 1743 4802 quod
1772 4728 1872 4787 alii

274 4799 515 4872 retinent
533 4802 739 4872 partim
753 4818 853 4872 per
882 4802 1083 4872 Legem,
1123 4800 1218 4855 alii
1250 4799 1697 4872 praetermittunt.

348 4870 430 4946 (7)
463 4870 551 4946 Ita
572 4871 734 4928 Carn.
753 4870 822 4928 'et
841 4872 933 4928 alii
956 4870 1202 4946 quatuor
1227 4870 1395 4946 mss._;
1424 4873 1627 4946 reliqui
1659 4890 1789 4930 vero
1818 4881 1872 4930 et

275 4940 434 5016 edit.,
464 4960 501 5016 ᾳ
531 4945 634 5016 lege
664 4951 713 4999 et
732 4940 1001 5016 prophetis
1025 4943 1082 4997 in
1108 4960 1269 4998 causa
1302 4944 1520 5016 Christi.

349 5013 431 5086 (8)
464 5013 600 5071 Cod'.
629 5013 774 5072 Prat.
807 5013 859 5071 et
880 5016 1061 5080 Gem.,
1091 5015 1439 5086 Evangelium
1467 5015 1658 5070 vincat.

350 5085 432 5156 (9)
467 5086 669 5143 Omnes
717 5087 876 5154 edit.,
935 5086 1234 5143 Ostendit...

277 5171 566 5231 mssnvero
595 5159 800 5231 plures,
838 5167 899 5213 ut
931 5157 987 5231 in
1016 5164 1190 5231 textu.

351 5228 467 5299 (10)
500 5228 664 5285 Corb.
692 5230 890 5297 codex,
921 5228 1126 5298 facietis
1145 5228 1247 5298 ﬁlii
1265 5230 1456 5285 Israel.

350 5300 469 5370 (11)
502 5302 659 5358 Rom.
709 5301 867 5369 edit.,
897 5300 1163 5355 occasione
1201 5301 1415 5355 nomina
1442 5300 1865 5371 imponebantur.

350 5371 468 5439 (12)
499 5371 703 5428 Eadem
735 5372 896 5439 edit.,
927 5388 993 5425 ea:
1040 5371 1204 5426 Saulo
1231 5371 1459 5425 Paulum
1486 5378 1867 5440 nuncupatum,

274 5443 370 5496 hoc
414 5451 491 5498 est
532 5444 865 5498 immutatum
888 5460 907 5507 ;
958 5443 1079 5497 alia:
1123 5439 1256 5496 edit.
1307 5457 1368 5496 ac
1417 5459 1543 5497 mss.
1578 5439 1866 5498 nobiscum

273 5512 523 5597 faciunt,
544 5516 651 5571 nisi
682 5515 835 5597 quod
870 5531 968 5586 pro
996 5515 1350 5597 imm‘utatum,
1392 5512 1513 5567 cod.
1545 5514 1711 5569 Mich.
1736 5514 1868 5586 legit

275 5586 613 5641 imminutum
640 5605 652 5653 ;
678 5586 789 5642 non
822 5586 1190 5643 incommode.

351 5657 469 5729 (13)
513 5658 663 5714 Edit.
696 5658 828 5713 Gill.
878 5657 935 5712 in
964 5674 1134 5729 marg.
1156 5663 1217 5729 et
1256 5657 1412 5729 Rom.
1445 5656 1501 5710 in
1524 5664 1710 5729 textu,
1739 5673 1866 5713 cum

276 5744 408 5786 mss.
444 5729 797 5806 quibusdam,
826 5747 892 5786 ea:
928 5728 1260 5785 minutatione
1309 5728 1433 5800 tegis
1452 5743 1474 5793 ;
1516 5728 1609 5783 hoc
1635 5735 1728 5797 est,
1775 5728 1867 5783 in-

1284 5094 1343 5141 ut
1378 5086 1474 5141 illo
1518 5087 1824 5142 adveniente
1850 5106 1870 5152 ;

1987 1956 2191 2012 Filium
2223 1954 2481 2027 pertinet,
2503 1952 2666 2026 juxta
2702 1953 2849 2027 quod
2877 1954 3024 2010 Deus
3050 1961 3153 2010 est.
3180 1954 3252 2009 Et
3279 1954 3390 2010 alio
3420 1954 3545 2013 loco
3568 1973 3582 2012 :

2000 2069 2018 2092 ‹
2048 2046 2204 2102 Iesus
2233 2052 2438 2113 autem,
2470 2044 2674 2117 inquit,
2707 2043 3030 2115 proﬁciebat
3048 2050 3206 2099 aetate
3233 2051 3287 2099 et
3313 2044 3586 2116 sapientia

1988 2139 2141 2211 (Luc.
2174 2155 2236 2207 ιι,
2277 2137 2396 2210 52),
2439 2163 2457 2184 ι
2495 2137 2643 2210 quod
2672 2137 2863 2210 utique
2901 2135 3116 2193 homini
3156 2137 3439 2210 competit.

2070 2251 2089 2275 ‹
2129 2228 2371 2285 Vocatus
2404 2227 2700 2300 apostolus.
2743 2251 2761 2273 ι
2807 2226 3035 2298 Propter
3081 2225 3228 2300 quod
3274 2227 3449 2283 Deum
3480 2243 3585 2284 co-

1986 2318 2177 2392 gnovit
2207 2326 2262 2373 et
2292 2318 2517 2387 fatetur,
2549 2317 2724 2375 factus
2765 2316 2998 2374 idoneus
3021 2333 3234 2387 servus,
3270 2326 3586 2391 promotum

1986 2425 2041 2465 se
2064 2407 2306 2464 ostendit
2337 2406 2456 2478 (15)
2486 2406 2677 2463 dicens
2702 2424 2714 2462 :
2762 2430 2781 2454 ι
2812 2406 3054 2463 Vocatus
3081 2408 3384 2480 apostolus,
3418 2406 3587 2465 rhoc

1984 2505 2087 2565 est,
2142 2513 2173 2552 a
2230 2495 2469 2552 Domino
2513 2495 2715 2552 missus
2753 2495 2821 2552 ad
2876 2512 2961 2552 res
3007 2493 3126 2569 ejus
3171 2495 3427 2570 agendas.
3484 2496 3589 2552 Per

1983 2587 2133 2662 quod
2197 2587 2440 2645 ostendit
2496 2587 2646 2643 hunc
2706 2588 2964 2643 meritum
3023 2587 3224 2644 habere
3270 2588 3388 2660 (16)
3439 2586 3587 2660 apud

1981 2682 2178 2748 Deum,
2211 2680 2308 2753 qui
2360 2679 2533 2735 servit
2570 2696 2684 2735 non
2716 2679 2843 2750 legi,
2890 2678 2985 2734 sed
3018 2678 3281 2743 Christo;
3312 2677 3586 2734 Dominus

1983 2778 2065 2827 est
2082 2770 2227 2825 enim
2252 2770 2428 2826 Filius
2443 2768 2691 2824 hominis
2711 2768 2873 2823 etiam
2892 2766 3115 2822 Sabhati
3136 2766 3350 2836 (Matth.
3372 2782 3476 2832 κη,
3494 2764 3576 2836 8).

2071 2886 2088 2906 ι
2132 2860 2453 2930 Segregatus
2500 2858 2557 2911 in
2608 2856 2970 2928 Evangelium
3000 2856 3126 2912 Dei.
3157 2881 3176 2904 ι
3217 2857 3584 2930 Evangelium

1984 2949 2086 3006 Dei
2141 2957 2224 3005 est
2276 2948 2484 3003 bonum
2540 2947 2801 3004 nuntium
2841 2948 2962 3018 Dei,
3015 2965 3124 3021 quo
3161 2958 3472 3022 peccatores
3518 2950 3589 3007 ad

1989 3038 2388 3111 indulgentiam
2420 3045 2835 3106 convocantur;
2877 3039 3174 3111 Apostolus
3199 3048 3407 3109 autem,
3439 3056 3589 3115 quo-

1984 3128 2133 3185 niam
2166 3128 2225 3184 in
2255 3126 2540 3185 Iudaismo
2584 3128 2769 3184 locum
2822 3127 3065 3185 doctoris
3094 3127 3350 3198 habebat,
3396 3136 3590 3202 quote

1909 3228 1950 3285 Ο
1985 3217 2309 3291 pharisaeus,
2359 3218 2484 3275 ideo
2514 3234 2546 3273 a
2572 3216 2843 3273 Iudaismi
2890 3216 3285 3290 praedicatione
3330 3232 3590 3292 segrega-

1984 3315 2101 3363 tum
2133 3324 2190 3363 se
2209 3307 2347 3364 dicit
2377 3307 2434 3362 in
2464 3306 2828 3379 Evangelium
2868 3307 2989 3376 Dei,
3012 3315 3075 3363 ut
3103 3324 3134 3363 a
3162 3307 3280 3380 lege
3314 3307 3590 3365 dissimu-

1986 3399 2124 3467 lans,
2158 3398 2441 3456 Christum
2471 3397 2815 3470 praedicaret,
2836 3397 2931 3470 qui
2961 3396 3110 3470 quod
3139 3397 3229 3452 lex
3249 3413 3361 3453 non
3382 3397 3584 3469 potuit,

1986 3493 2084 3551 27
2112 3487 2398 3545 credentes
2442 3487 2496 3542 in
2544 3504 2603 3543 se
2626 3485 2958 3559 justiﬁcaret
2990 3487 3132 3559 (17).
3166 3485 3272 3543 Sed
3300 3503 3412 3544 non
3442 3504 3587 3545 con-

1985 3593 2072 3642 tra
2100 3587 2295 3660 legem,
2322 3585 2416 3642 sed
2447 3602 2546 3658 pro
2575 3585 2691 3658 lege
2716 3593 2827 3642 est:
2863 3583 2979 3658 ipsa
3007 3584 3155 3641 enim
3184 3585 3291 3643 hoc
3318 3585 3457 3643 dicit
3486 3586 3589 3642 fu-

1983 3684 2196 3745 turum,
2241 3675 2459 3733 dicente
2516 3677 2656 3732 Isaia
2701 3675 3003 3749 propheta:
3051 3701 3070 3723 ι
3099 3675 3300 3733 Veniet
3327 3692 3398 3732 ex
3426 3676 3583 3746 Sion,

1986 3768 2081 3841 qui
2107 3767 2307 3840 eripiat
2336 3774 2391 3822 et
2418 3774 2630 3823 avertat
2657 3767 3035 3839 captivitatem
3062 3766 3130 3822 ab
3158 3766 3324 3823 Iacob
3348 3784 3362 3834 ;
3393 3775 3447 3824 et
3480 3767 3588 3824 hoc

1985 3859 2099 3914 illis
2153 3875 2184 3913 a
2240 3873 2328 3913 me
2388 3864 2801 3922 testamentum,
2857 3874 2983 3913 cum
3037 3855 3314 3913 abstulero
3365 3863 3588 3929 peccata

1983 3965 2172 4004 eorum
2206 3948 2343 4019 (Isa.
2375 3963 2490 4014 er,
2522 3946 2636 4017 20).
2672 3971 2690 3994 -

2054 4037 2230 4108 Igitur
2257 4036 2305 4092 si
2348 4037 2439 4091 lex
2468 4035 2562 4092 Dei
2596 4035 2723 4092 data
2751 4042 2834 4092 est
2862 4050 2960 4108 per
3007 4034 3256 4106 Moysen,
3290 4040 3346 4087 et
3376 4029 3587 4101 praedi-

1982 4124 2125 4181 catio
2153 4141 2311 4181 novae
2341 4124 2476 4198 legis
2508 4124 2609 4181 Dei
2647 4132 2764 4193 est;
2815 4123 2951 4197 quid
2981 4130 3062 4177 est
3094 4119 3242 4191 quod
3272 4118 3478 4185 differt,
3523 4125 3586 4173 ut

1983 4231 2015 4270 a
2053 4216 2170 4287 lege
2207 4229 2371 4287 quam
2420 4216 2567 4270 Deus
2617 4212 2791 4279 dedit,
2839 4209 3168 4267 translatum
3221 4221 3277 4261 se
3332 4205 3479 4262 dicat
3524 4204 3585 4261 in

1982 4305 2346 4378 Evangelium
2387 4303 2537 4359 Dei?
2570 4302 2660 4357 Sic
2699 4308 2781 4356 est
2828 4299 2957 4364 hoc,
3004 4295 3282 4368 quomodo
3309 4294 3403 4369 qui
3444 4311 3474 4351 a
3502 4311 3581 4351 se-

1981 4400 2163 4457 cundo
2219 4396 2393 4470 gradu
2452 4392 2684 4470 accedit
2716 4392 2784 4449 ad
2822 4389 3199 4470 _primum,.et
3239 4405 3271 4445 a
3315 4389 3462 4470 bono
3514 4387 3583 4444 ad

1982 4471 2198 4526 melius.
2219 4460 2366 4525 “Lex
2412 4467 2562 4522 enim
2593 4481 2624 4521 a
2650 4466 2763 4521 Deo
2807 4460 2937 4519 data
2961 4469 3043 4518 est
3070 4460 3139 4518 ad
3181 4460 3582 4518 correctionem

1901 4582 1949 4639 ι)
1980 4560 2324 4633 disciplinae;
2374 4557 2738 4630 Evangelium
2785 4563 2969 4611 autem
3010 4552 3110 4610 Dei
3156 4560 3261 4618 est,
3310 4566 3406 4623 per
3434 4549 3582 4623 quod

1981 4659 2299 4731 quietadine,
2332 4666 2438 4731 etc.
2533 4730 2539 4731 γ
2678 4726 2694 4731 _
2878 4726 2920 4731 _
3449 4721 3506 4731 η.

2054 4730 2172 4801 (llr)
2204 4721 2296 4786 Ita
2322 4730 2457 4785 edit.
2511 4726 2735 4801 Amerb:
2775 4733 2830 4782 et
2875 4726 3032 4801 Eras.
3068 4738 3196 4780 cum
3227 4737 3359 4801 mss.
3381 4739 3408 4801 .;
3440 4721 3576 4801 Gill.

1980 4793 2163 4858 autem
2190 4808 2243 4856 et
2286 4802 2444 4855 Rom.
2486 4800 2643 4867 edit.,
2676 4798 2815 4853 Nam
2843 4797 3247 4867 quotiescunque
3273 4793 3575 4867 scriptura.

1980 4874 2086 4931 Sed
2148 4872 2207 4929 in
2271 4870 2396 4926 aliis
2462 4863 2639 4927 recte’
2681 4863 3120 4939 subintelligitur
3154 4863 3422 4935 _Paulus,
3490 4863 3578 4919 vel

1978 4945 2282 5002 Apostolus.

2024 4963 2331 5085 ﬂagitiis}.
2376 5009 2654 5085 nonnulli,
2687 5026 2869 5085 servus
2892 5009 3072 5080 primo
3097 5013 3218 5085 turn
3242 5021 3298 5063 se
3331 5007 3576 5063 ostendit.

2052 5079 2168 5160 (16)
2202 5086 2365 5144 Corb.
2396 5081 2592 5160 codex,
2624 5083 2717 5137 hoc
2734 5079 2981 5136 meritam
3014 5097 3066 5135 se
3091 5079 3299 5160 habere.

2052 5148 2168 5230 (17)
2204 5160 2363 5230 Rom.
2408 5154 2542 5212 edit.
2577 5148 2713 5209 cum
2765 5169 2895 5230 mss.
2919 5148 3218 5230 nonnullis
3247 5148 3579 5230 quidquidna

1978 5222 2161 5285 verbo'
2184 5227 2506 5297 justiﬁcaret
2549 5240 2722 5294 usque
2746 5223 2815 5279 ad
2847 5223 3020 5297 Igitur
3053 5222 3100 5297 si
3128 5224 3213 5279 lex
3237 5222 3338 5279 Dei
3365 5222 3575 5297 iuterji-

1978 5302 2143 5373 citur,
2169 5294 2543 5373 jugul'averat,
2564 5311 2709 5373 quos
2737 5311 2839 5351 nos
2867 5294 2897 5349 ε
2925 5294 3181 5373 pluribus
3209 5309 3338 5373 mss.
3371 5297 3452 5373 et‘
3455 5296 3570 5343 ant.

1978 5361 2940 5439 editfrestvituimus,’ltursusqvero
2987 5365 3175 5439 eadem
3224 5362 3357 5439 edit.
3413 5361 3570 5439 Rom.

1977 5451 2154 5514 totum
2203 5440 2349 5514 illud
2389 5438 2535 5514 quod
2581 5436 2901 5514 ab_eisdem_
2941 5437 3175 5514 vocibus
3204 5434 3382 5503 [gitur
3409 5429 3456 5509 si

1977 5515 2075 5588 Dei
2105 5504 2550 5588 incipiensfaliis
2579 5509 2700 5565 istis
2742 5508 3093 5588 terminatur,
3127 5511 3178 5588 ξι
3202 5504 3575 5588 ᾳαεζιξεζζῑίδίξιὶ

1977 5585 2154 5640 Jesum
2222 5570 2514 5650 Christum,
2569 5598 2640 5637 ex
2689 5581 2859 5636 variis
2918 5570 3442 5650 lecti_o'nibus_Gill.
3513 5570 3571 5628 in

1977 5639 2190 5712 textum
2219 5639 2480 5726 restituit,
2498 5639 2661 5726 iquod
2690 5668 2791 5726 nos
2832 5646 3148 5726 earumdem
3181 5639 3481 5701 lectionum
3510 5661 3575 5702 ac
3680 5686 3697 5695 -

1978 5744 2080 5784 ms.
2110 5725 2274 5785 Corb.
2306 5719 2634 5785 auctoritate
2672 5719 3025 5779 retinuimus.
