4136 6194
495 333 562 391 51
1502 331 1599 387 ΑΙ)
1639 330 1873 388 ΟΡΕΒΑ
1910 330 1964 386 S.
2006 332 2104 388 AM

2212 330 2339 388 OSII
2376 331 2759 389 APPENDIX.
3734 336 3806 394 52

496 458 823 532 mysterium
862 459 962 515 Dei
1000 458 1385 515 manifestatur
1424 457 1572 532 quod
1615 457 1777 514 latuit
1808 474 1840 514 a
1867 458 2089 517 saeculis
2118 460 2169 519 A
2196 457 2497 516 secundum
2539 475 2758 516 carnem
2802 475 2875 516 ex
2913 475 3036 531 rege
3070 470 3253 516 ortum
3304 460 3518 532 regium
3562 473 3805 545 caperet,

498 550 556 607 in
585 552 735 607 Deo:
769 549 917 623 quod
945 558 1028 606 est
1054 549 1326 609 Christus.
1359 550 1446 607 Ad
1474 549 1620 622 quod
1648 565 1838 605 omnes
1870 548 2092 606 invitati

497 640 833 715 apophoreta
857 639 1103 712 duplicia
1129 649 1579 714 consequuntur;
1630 640 1912 696 remissam
1944 641 2091 695 enim

497 740 845 806 peccatorum
899 731 1196 803 accipiunt,
1247 740 1302 787 et
1353 730 1455 786 ﬁlii
1510 729 1610 786 Dei
1661 729 1848 796 ﬁunt;
1894 739 1956 785 ut
1979 729 2093 801 jam

496 821 641 878 mori
687 837 798 877 non
844 821 1054 892 possint
1102 820 1341 878 secunda
1402 828 1594 875 morte.
1646 819 1791 876 Hinc
1840 827 1922 875 est
1950 819 2097 891 quod

497 910 766 967 Dominus
806 908 865 964 in
914 909 1234 980 Evangelio.
1293 933 1311 955 ι
1359 908 1487 963 Ilaec
1542 915 1645 975 est,
1707 906 1915 977 inquit,
1985 906 2101 962 vita

498 1008 722 1069 aeterna,
774 1006 834 1054 ut
886 1005 1219 1068 cognoscant
1248 1004 1303 1053 te
1333 998 1512 1053 solum
1563 1012 1755 1052 verum
1788 998 1987 1065 Deum,
2047 1004 2132 1053 et.

498 1105 657 1163 quem
682 1087 881 1143 misisti
911 1087 1095 1142 Jesum
1127 1086 1408 1144 Christum
1436 1088 1616 1142 (Joan.
1649 1102 1791 1154 xvu,
1823 1086 1903 1155 3).
1938 1111 1957 1133 ι

570 1179 754 1251 (Vers.
787 1177 867 1249 2.)
912 1202 930 1224 ε
960 1176 1117 1244 Quod
1172 1184 1298 1232 ante
1344 1175 1689 1246 promiserat.
1740 1203 1759 1226 ›
1803 1176 1873 1232 Ut
1910 1174 2104 1248 probet

498 1278 669 1328 ratam
701 1278 754 1326 et
782 1269 1050 1340 integram
1097 1267 1223 1323 ﬁdei
1277 1283 1426 1339 spem
1476 1283 1592 1323 esse
1621 1269 1640 1339 (
1650 1267 1737 1338 18)
1771 1266 1826 1322 in
1857 1266 2099 1325 Christo:

491 1359 607 1432 jam
639 1358 790 1431 prius
820 1357 1181 1428 Evangelium
1212 1355 1329 1428 ejus
1358 1356 1495 1412 dicit
1524 1374 1554 1412 a
1586 1358 1699 1413 Deo
1732 1357 2058 1429 promissum
2088 1376 2100 1414 :

498 1457 552 1505 et
591 1457 651 1503 ut
681 1464 750 1502 ex
779 1463 846 1502 eo
877 1446 1137 1503 idoneum
1163 1446 1321 1502 illum
1346 1463 1660 1517 sponsorem
1696 1447 1826 1502 vitas
1861 1447 2104 1518 doceret,

498 1537 821 1612 priusquam
866 1537 1099 1605 veniret,
1134 1535 1519 1592 testimonium
1548 1536 1596 1590 ei
1620 1535 1808 1591 datum
1838 1538 2102 1604 ostendit,

498 1628 651 1700 paria
702 1634 994 1684 attestante
1022 1628 1184 1683 Petro
1214 1627 1497 1697 apostolo:
1545 1651 1563 1675 ι
1602 1626 1713 1683 Nec
1759 1627 1904 1683 enim
1950 1628 2102 1684 aliud

498 1715 688 1773 datum
723 1725 822 1784 est,
852 1715 1057 1787 inquit,
1087 1729 1293 1770 nomen
1316 1715 1419 1771 sub
1447 1716 1607 1785 coelo,
1640 1716 1700 1772 in
1723 1731 1833 1789 quo
1856 1726 2107 1789 oporteat

500 1826 600 1865 nos
629 1810 811 1865 salvos
848 1806 968 1863 ﬁeri
1000 1806 1141 1877 (Act.
1176 1824 1251 1875 IV,
1283 1807 1395 1878 12).
1428 1831 1447 1855 ι

584 1920 601 1944 ι
636 1897 740 1953 Per
758 1896 1052 1969 prophetas
1081 1912 1229 1953 suos.
1268 1920 1287 1944 ι
1334 1897 1402 1953 Ut
1437 1896 1785 1955 manifestius
1806 1899 2098 1956 salutarem

499 2004 614 2047 esse
643 1986 940 2044 adventum
969 1984 1182 2044 Christi
1229 1984 1585 2060 signiﬁcaret,
1615 1987 1782 2044 etiam
1818 2005 2099 2063 personas,

499 2097 596 2155 per
637 2096 771 2153 quas
822 2077 1247 2152 promissionem
1299 2078 1624 2149 signaverit,
1657 2080 2095 2138 demonstravit:

500 2179 562 2228 ut
613 2185 777 2243 quam
824 2184 955 2225 vera
993 2176 1047 2225 et
1096 2166 1390 2240 magniﬁca
1441 2169 1511 2225 sit
1558 2170 1851 2242 promissio
1898 2187 1968 2227 ex
2014 2170 2102 2227 bis

501 2258 802 2317 videretur.
834 2259 1006 2317 Nemo
1030 2258 1179 2316 enim
1207 2275 1323 2316 rem
1342 2257 1511 2316 vilem
1538 2260 1711 2334 magis
1739 2262 2103 2334 praecursori-

500 2347 604 2405 bus
632 2349 869 2407 nuntiat.

588 2463 606 2486 ι
632 2439 694 2494 In
743 2438 1047 2511 Scripturis
1101 2438 1325 2496 sanctis.
1357 2462 1375 2487 ι
1417 2439 1532 2495 Hoc
1559 2438 1629 2495 ad
1675 2441 1929 2498 eumdem
1961 2457 2103 2498 verae

502 2527 923 2601 protestationis
945 2526 1168 2599 adjecit,
1201 2536 1261 2584 ut
1292 2526 1553 2600 majorem
1594 2528 1853 2585 ﬁduciam
1882 2530 2103 2587 creden-

500 2617 653 2674 tibus
683 2617 907 2686 faceret,
937 2626 989 2674 et
1021 2617 1195 2689 legem
1225 2617 1636 2676 commendaret
1662 2637 1675 2687 ;
1708 2627 1907 2676 sanctae
1954 2620 2103 2676 enim

502 2718 633 2768 sunt
678 2711 995 2783 Scriptura,
1046 2727 1167 2785 qua
1206 2717 1260 2767 et
1308 2711 1446 2768 vitia
1484 2711 1782 2769 damnant:
1836 2720 1890 2769 et
1930 2730 2104 2770 sacra-

501 2811 751 2862 mentum
783 2803 901 2860 illic
928 2802 1095 2859 unius
1123 2800 1243 2870 Dei,
1274 2809 1329 2859 et
1361 2803 1762 2860 incarnationis
1789 2803 2106 2861 continetur

505 2892 637 2949 Filii
665 2893 767 2950 Dei
797 2909 896 2965 pro
917 2893 1093 2948 salute
1123 2891 1385 2961 humana,
1408 2892 1643 2949 testibus
1668 2910 1949 2966 signorum
1980 2911 2103 2968 pro-

507 2980 691 3054 digiis.

581 3078 766 3150 (Vers.
799 3078 880 3150 3.)
923 3102 943 3127 ι
978 3080 1057 3136 De
1084 3078 1203 3135 ﬁlio
1227 3095 1347 3135 suo.
1377 3103 1396 3128 ι
1439 3079 1678 3152 Dignum
1728 3080 1855 3149 fuit,
1883 3090 1946 3138 ut
1974 3083 2101 3155 quia

2201 551 2379 607 factus
2433 566 2596 623 opere
2649 550 2887 623 Spiritus
2942 549 3118 606 sancti
3156 548 3223 604 de
3262 549 3512 621 Virgine,
3563 550 3671 607 hoc
3724 562 3809 609 est

2204 647 2400 696 natus:
2452 649 2513 696 ut
2542 640 2850 696 reverentia
2877 640 2925 696 ei
2954 648 3250 706 reservata,
3286 656 3356 695 ex
3396 638 3502 696 hoc
3530 641 3681 696 ultra
3709 641 3806 698 h0’

2206 732 2412 786 minem
2442 738 2898 803 cognosceretur;
2945 729 3074 803 quia
3115 729 3194 785 ah
3214 730 3469 786 humana:
3496 731 3630 803 legis
3667 734 3809 788 nati-

2208 823 2376 878 vitate
2405 821 2652 887 distaret,
2676 821 2818 876 sicut
2839 820 3164 893 praedictum
3194 820 3371 875 fuerat
3399 820 3469 876 ab
3498 822 3640 876 Isaia
3667 839 3808 896 pro-

2209 910 2409 983 pheta:
2454 935 2481 969 ι,
2504 911 2646 967 Ecce
2696 914 2853 981 virgo
2903 911 2960 965 in
3000 919 3157 966 utero
3204 909 3480 981 concipiet
3523 912 3659 983 (Isa.
3705 929 3807 982 vn,

2214 1001 2327 1071 14),
2375 1025 2394 1047 ι
2445 1009 2507 1056 ut
2550 1017 2677 1057 cum
2723 1017 2931 1055 novum
2969 1000 3174 1056 factum
3226 1000 3529 1068 videretur,
3560 1018 3625 1059 ac
3650 1002 3811 1058 laude

2212 1088 2461 1162 dignum,
2488 1088 2835 1160 providentia
2855 1088 3103 1161 quaedam
3127 1088 3225 1144 Dei
3255 1089 3403 1144 circa
3432 1088 3810 1146 visitationem

2214 1180 2442 1236 humani
2474 1181 2686 1250 generis
2719 1178 2905 1233 futura
2934 1177 3370 1250 dignosceretur.

2288 1277 2470 1349 (Vers.
2504 1275 2583 1347 4.)
2630 1302 2648 1324 ι
2678 1276 2781 1343 Qui
2815 1276 3235 1348 praedestinatus
3280 1282 3361 1331 est
3406 1276 3582 1333 Filius
3617 1278 3717 1334 Dei
3752 1278 3811 1335 in

2214 1371 2421 1428 virtute
2469 1371 2770 1427 secundum
2819 1369 3072 1441 spiritum
3128 1369 3581 1425 sanctiﬁcationis
3618 1388 3687 1426 ex
3730 1388 3811 1427 re-

2213 1462 2553 1517 surrectione
2601 1468 2942 1516 mortuorum
2998 1460 3124 1514 Jesu
3174 1458 3382 1516 Christi
3441 1459 3664 1515 Domini
3716 1477 3814 1517 no-

2214 1554 2334 1609 stri.
2358 1578 2376 1601 ι
2405 1552 2607 1609 Filium
2642 1551 2736 1608 Dei
2770 1550 2977 1613 dicens,
2996 1551 3208 1605 Patrem
3231 1549 3570 1621 signiﬁcavit
3597 1552 3808 1608 Deum:

2214 1643 2403 1700 addito
2449 1653 2628 1699 autem
2672 1642 2872 1711 spiritu
2912 1640 3386 1706 sanctiﬁcationis,
3423 1642 3664 1698 ostendit
3697 1658 3813 1714 my-

2214 1733 2441 1790 sterium
2488 1733 2793 1790 Trinitatis.
2843 1731 2945 1787 Ilic
3001 1748 3127 1803 ergo
3169 1731 3263 1804 qui
3312 1729 3628 1787 incarnatus
3669 1731 3812 1803 (22),

2130 1826 2177 1885 B
2211 1824 2346 1897 quid
2377 1832 2517 1880 esset
2577 1823 2809 1889 latebat;
2854 1830 2988 1877 tunc
3034 1818 3452 1891 praedestinatus
3503 1827 3585 1875 est
3622 1835 3813 1905 securi:

2214 1914 2344 1970 dum
2375 1914 2632 1987 spiritum
2664 1911 3119 1970 sanctiﬁcationis
3150 1912 3207 1967 in
3238 1913 3446 1968 virtute
3477 1912 3815 1968 manifestarl

2214 2004 2390 2062 Filius
2430 2004 2554 2072 Dei,
2595 2019 2721 2059 cum
2765 2002 3001 2074 resurgit
3031 2019 3062 2057 a
3088 2002 3341 2072 mortuis,
3374 2002 3518 2059 sicut
3547 2003 3813 2075 scriptum

2215 2103 2297 2150 est
2355 2094 2413 2149 in
2470 2093 2681 2165 psalmo
2727 2091 3062 2163 octogesimo
3118 2099 3346 2164 quarto:
3409 2116 3427 2139 ι
3476 2091 3693 2148 Veritas
3748 2090 3816 2147 de

2215 2193 2361 2242 terra
2416 2191 2534 2240 orta
2576 2190 2657 2238 est
2708 2182 2881 2253 (Psal.
2942 2198 3175 2249 Lxxxiv,
3211 2181 3322 2253 12).
3363 2204 3382 2230 ›
3424 2181 3619 2239 Omnis
3665 2180 3816 2237 enim

2215 2273 2544 2346 ambiguitas
2572 2282 2626 2329 et
2656 2271 2966 2329 difﬁdentia
3012 2271 3412 2328 resurrectione
3463 2271 3582 2345 ejus
3611 2272 3819 2330 calcata

2216 2373 2316 2432 est,
2369 2373 2423 2421 et
2450 2379 2760 2436 compressa
2790 2380 2803 2427 ;
2846 2361 3122 2434 siquidem
3168 2360 3350 2418 adhuc
3380 2361 3439 2417 in
3469 2377 3630 2417 cruce
3657 2360 3817 2433 posi-

2216 2464 2356 2523 tum,
2378 2453 2629 2511 centurio
2652 2451 2848 2508 videns
2870 2450 3162 2522 magnalia,
3177 2449 3277 2506 Dei
3297 2450 3501 2506 Filium
3523 2449 3819 2507 conﬁtetur

2220 2544 2432 2609 (Matth.
2461 2559 2640 2603 xxvn.
2671 2540 2788 2611 54).
2824 2545 2921 2603 28
2951 2540 3086 2596 Nam
3138 2548 3193 2596 et
3236 2538 3498 2612 discipuli
3529 2539 3589 2595 in
3640 2547 3818 2595 morte

2217 2639 2335 2711 ejus
2386 2640 2803 2706 dubitaverunt,
2836 2637 3056 2694 dicente
3112 2638 3357 2710 CleOpha
3402 2639 3459 2694 in
3506 2640 3811 2694 Emmaus:
3908 2666 3913 2673 -

2232 2753 2251 2778 ι
2277 2729 2389 2784 Nos
2418 2728 2745 2801 putabamus
2790 2727 2925 2800 quia
2974 2727 3091 2798 ipse
3144 2735 3259 2783 erat
3287 2727 3381 2799 qui
3409 2727 3709 2801 incipiebat
3738 2726 3818 2784 li—

2215 2820 2405 2877 berare
2452 2819 2615 2876 Israel
2658 2819 2809 2891 (Luc.
2841 2835 3000 2886 xxrv,
3044 2818 3159 2889 21).
3200 2843 3219 2868 ι
3264 2818 3335 2875 Et
3381 2818 3497 2891 ipse
3550 2818 3819 2876 Dominus
3880 2834 3891 2841 ‘

2217 2910 2294 2967 ait
2323 2928 2334 2966 :
2382 2935 2401 2957 ι
2430 2908 2569 2967 Cum
2602 2907 2982 2965 exaltaveritis
3028 2908 3231 2963 Filium
3268 2907 3532 2976 hominis,
3563 2914 3698 2964 tunc
3733 2923 3823 2964 co-

2216 2999 2487 3071 gnoscetis
2533 2999 2664 3073 quia
2716 2998 2833 3071 ipse
2889 3014 2987 3071 ego
3015 3014 3138 3054 sum
3172 2997 3353 3063 (Joan.
3385 3011 3507 3062 vin,
3539 2994 3673 3067 28);
3708 3020 3727 3043 ι
3768 3004 3825 3053 et

2215 3089 2459 3146 iterum:
2507 3113 2526 3137 ι
2573 3089 2712 3147 Cum
2766 3090 3046 3146 exaltatus
3102 3089 3258 3144 fuero
3316 3103 3348 3143 a
3411 3092 3577 3155 terra,
3632 3086 3822 3144 omnia

507 3168 655 3225 Deus
693 3165 900 3223 Filium
938 3183 1099 3224 suum
1128 3168 1428 3248 proprium
1470 3169 1677 3226 mundo
1727 3171 2101 3243 promittebat»
2141 3194 2184 3253 ρ
2218 3178 2426 3235 traham
2456 3177 2524 3234 ad
2558 3195 2643 3234 me
2676 3179 2857 3249 (Joan.
2886 3194 2990 3245 xn,
3020 3176 3140 3249 32),
3172 3198 3198 3230 υ
3225 3176 3282 3234 id
3315 3183 3416 3245 est,
3452 3185 3588 3233 tunc
3623 3192 3820 3247 cognO'

508 3272 606 3330 per
651 3256 831 3314 claros
858 3256 1010 3314 viros
1052 3257 1213 3315 illum
1244 3259 1626 3331 promitteret;
1664 3268 1726 3316 ut
1751 3276 1821 3316 ex
1849 3260 1918 3316 iis
1942 3277 2104 3334 quam

508 3347 925 3421 potentissimus
968 3356 1127 3417 esset,
1157 3350 1250 3423 qui
1282 3350 1701 3423 praedicabatur,
1731 3360 1913 3424 posset
1954 3351 2106 3421 sciri,

508 3445 572 3494 ut
625 3438 923 3512 Scripturis
960 3440 1165 3497 sanctis
1192 3440 1490 3498 adventum
1531 3442 1649 3514 ejus
1676 3442 1923 3499 futurum
1952 3444 2108 3500 inse-

510 3536 675 3597 reret,
724 3536 780 3584 et
807 3536 869 3584 ut
900 3528 1096 3584 falsum
1119 3545 1229 3585 non
1259 3538 1441 3602 posset
1470 3530 1668 3601 videri,
1722 3531 1870 3605 quod
1906 3548 1937 3588 a
1974 3548 2109 3589 sau-

510 3617 615 3674 ctis
642 3617 998 3690 praedicatum
1020 3627 1103 3676 est
1125 3620 1449 3693 Scripturis.

595 3736 615 3762 ι
645 3714 750 3782 Qui
798 3715 976 3772 factus
1024 3724 1105 3773 est
1155 3718 1206 3773 ei
1251 3734 1317 3774 ex
1348 3719 1557 3776 semine
1586 3719 1765 3777 David
1805 3720 2107 3778 secundum

511 3820 753 3861 carnem.
786 3829 804 3852 ι
839 3805 983 3862 Ειιω
1006 3807 1098 3880 qui
1121 3815 1236 3864 erat
1265 3807 1363 3865 Dei
1399 3809 1575 3867 Filius
1603 3809 1906 3867 secundum
1941 3810 2108 3882 Spiri-

509 3902 629 3951 tum
673 3902 948 3961 sanctum,
980 3897 1036 3953 id
1068 3904 1169 3963 est,
1216 3899 1518 3955 secundum
1563 3902 1738 3957 Deum
1773 3900 1929 3974 (quia
1964 3903 2110 3958 Deus

511 3983 740 4055 spiritus
769 3992 870 4054 est,
903 3995 958 4042 et
994 3986 1112 4042 sine
1134 3988 1304 4045 dubio
1330 3998 1553 4046 sanctus
1580 3994 1709 4061 est),
1740 3991 1941 4048 factum
1970 3992 2110 4050 dicit

502 4072 666 4146 juxta
694 4091 915 4133 carnem
946 4076 1047 4133 Dei
1068 4076 1273 4133 Filium
1300 4095 1369 4134 ex
1396 4081 1604 4137 semine
1625 4081 1803 4138 David
1823 4083 1966 4154 (19),
1980 4081 2108 4153 jux-

507 4174 565 4221 ta
597 4166 739 4223 illud
773 4183 785 4222 :
849 4190 868 4217 ε
894 4168 961 4223 Et
994 4168 1237 4225 Verbum
1284 4187 1412 4227 caro
1457 4170 1661 4227 factum
1713 4179 1793 4227 est
1852 4172 2033 4243 (Joan.
2066 4188 2106 4246 ι,

512 4254 627 4325 14),
650 4262 711 4310 ut
724 4255 838 4326 jam
870 4272 1014 4314 unus
1046 4258 1119 4314 sit
1145 4258 1244 4315 Dei
1276 4267 1329 4316 et
1352 4259 1595 4316 hominis
1642 4260 1819 4317 Filius
1855 4259 2111 4318 Christus

507 4345 685 4414 Iesus,
706 4355 769 4403 ut
797 4347 942 4404 sicut
973 4365 1137 4406 verus
1157 4353 1303 4407 Deus
1331 4360 1436 4420 est,
1465 4369 1628 4409 verus
1655 4360 1796 4409 esset
1820 4360 1875 4409 et
1900 4353 2066 4409 homo
2090 4371 2102 4410 :

507 4451 671 4492 verus
708 4445 889 4493 autem
929 4453 1041 4493 non
1083 4439 1208 4508 erit,
1257 4442 1365 4497 nisi
1402 4442 1474 4498 sit
1521 4458 1589 4498 ex
1637 4460 1800 4500 carne
1831 4452 1885 4500 et
1925 4445 2109 4500 anima

509 4524 627 4619 (20)
655 4543 669 4592 ;
710 4533 771 4582 ut
798 4526 870 4619 sit
900 4526 1193 4619 perfectus.
1225 4528 1331 4596 Qui
1357 4531 1505 4586 enim
1536 4547 1605 4587 ex
1635 4540 1839 4588 esterno
1863 4533 1961 4589 Dei
2000 4533 2106 4590 Fi-
2135 4560 2188 4619 Ι)

506 4612 615 4669 lius
653 4622 789 4683 erat,
838 4614 1199 4688 ignorabatur
1226 4633 1258 4673 a
1285 4627 1534 4675 creatura
1562 4637 1573 4675 :
1607 4619 1739 4676 dum
1769 4622 1892 4677 vult
1920 4630 2103 4679 autem

504 4705 846 4762 manifestari
881 4722 980 4780 pro
1028 4705 1270 4765 humana
1315 4709 1510 4781 salute,
1542 4710 1784 4768 visibilis
1820 4711 2013 4769 debuit
2050 4721 2106 4770 et

504 4815 798 4871 corporeus
826 4799 947 4857 ﬁeri
977 4819 990 4868 ;
1016 4802 1146 4875 quia
1182 4809 1237 4859 et
1265 4804 1521 4876 cognosci
1548 4822 1605 4863 se
1644 4806 1825 4864 voluit
1853 4823 1950 4880 per
1977 4807 2103 4863 vir-

504 4896 699 4958 tutem,
752 4897 807 4947 et
862 4890 1143 4949 hominem
1196 4909 1227 4950 a
1272 4895 1509 4967 peccatis
1547 4895 1770 4952 abluere
1818 4896 1877 4952 in
1914 4912 2098 4965 carne,

501 4987 679 5036 morte
710 4977 946 5038 devicta.
978 4981 1051 5040 Et
1080 4981 1205 5039 ideo
1250 4999 1321 5039 ex
1349 4986 1559 5041 semine
1588 4985 1766 5042 David
1795 4985 1878 5054 ﬁt,
1909 4993 1972 5041 ut
1998 4985 2100 5042 sic-

500 5077 563 5127 ut
596 5068 664 5126 de
708 5070 824 5127 Deo
874 5088 973 5127 rex
1019 5081 1145 5130 ante
1201 5074 1400 5132 saecula
1447 5082 1608 5131 natus
1640 5082 1721 5131 est
1753 5073 1893 5147 (21),
1927 5075 2001 5130 ita
2048 5084 2101 5131 et

571 5336 690 5410 (18)
719 5335 923 5393 Eadem
957 5337 1115 5395 Rom.
1165 5336 1299 5394 edit.
1352 5339 1489 5408 sola,
1538 5346 1585 5394 et
1634 5339 1895 5411 integrant
1942 5340 2098 5412 ﬁdem

496 5425 689 5553 “889)
722 5482 851 5538 Mss.
878 5480 1109 5553 aliquot,
1151 5480 1252 5536 Dei
1281 5481 1481 5537 Filium
1510 5498 1575 5537 ea:
1603 5482 1805 5539 Maria.

593 5552 686 5622 20)
724 5554 790 5610 Ut
810 5552 944 5607 sicut
969 5552 1124 5607 verus
1245 5570 1311 5608 ex
1353 5569 1511 5609 carne
1551 5560 1599 5608 et
1635 5555 1839 5622 anima,
1878 5569 1949 5610 ex
1989 5569 2097 5609 va-

493 5621 595 5679 riis
623 5621 749 5679 lect.
780 5623 912 5680 Gill.
942 5641 972 5680 a
1002 5625 1160 5682 Rom.
1193 5623 1327 5682 edit.
1353 5625 1411 5680 in
1433 5632 1646 5682 textum
1678 5621 1916 5681 admissa
1937 5634 2085 5694 sunt,

489 5694 594 5753 sed
622 5695 825 5752 omissa
860 5696 978 5768 illa,
1008 5703 1069 5752 ut
1107 5699 1155 5753 si
1179 5696 1464 5772 perfectus,
1496 5714 1617 5776 quae
1645 5714 1745 5756 nos
1785 5713 1855 5757 ex
1884 5697 2091 5755 eisdem

2217 3285 2338 3325 scar
2381 3268 2631 3324 omnium
2663 3283 2778 3323 esse
2806 3266 3098 3323 Dominus.
3154 3267 3284 3322 Ideo
3315 3276 3496 3324 autem
3530 3283 3643 3323 non
3675 3266 3822 3323 dixit

2217 3375 2287 3415 ex
2333 3355 2734 3412 resurrectione
2760 3356 2888 3411 Jesu
2915 3353 3145 3422 Christi,
3185 3355 3280 3410 sed
3311 3371 3381 3410 ex
3419 3355 3821 3414 resurrectione

2218 3454 2598 3511 mortuorum;
2633 3444 2763 3518 quia
2793 3442 3123 3500 resurrectio
3152 3442 3357 3501 Christi
3398 3440 3702 3515 generalem
3726 3445 3820 3502 tri-

2216 3537 2339 3592 buit
2382 3534 2859 3592 resurrectionem.
2892 3533 3020 3590 Haec
3063 3533 3209 3589 enim
3253 3533 3430 3607 major
3460 3533 3684 3590 videtur
3709 3535 3818 3592 vir-

2217 3635 2307 3685 tus
2334 3627 2391 3683 in
2422 3627 2644 3686 Christo
2673 3634 2729 3682 et
2755 3625 3009 3693 victoria,
3040 3632 3103 3681 ut
3130 3641 3192 3679 ea
3207 3632 3473 3696 potestate
3501 3633 3822 3696 operaretur

2219 3726 2491 3788 mortuus,
2540 3734 2648 3791 qua
2695 3725 2950 3790 operatus
2993 3714 3173 3771 fuerat
3201 3722 3255 3770 et
3283 3716 3466 3771 vivus.
3515 3713 3636 3782 Quo
3673 3713 3819 3770 facto

2218 3806 2470 3880 apparuit
2516 3807 2756 3863 illusisse
2796 3813 3052 3873 mortem,
3083 3814 3146 3861 ut
3184 3804 3480 3862 redimeret
3506 3819 3638 3873 nos;
3671 3803 3818 3860 unde

2217 3897 2515 3954 Dominum
2549 3905 2799 3953 nostrum
2832 3897 2982 3953 hunc
3020 3903 3201 3952 vocat.

2292 3997 2473 4066 (Vers.
2505 3996 2587 4068 5.)
2634 4020 2652 4044 ι
2680 3996 2784 4051 Per
2809 4011 2972 4068 quem
3003 3994 3317 4066 accepimus
3347 3992 3576 4065 gratiam
3606 3998 3660 4047 et
3689 4007 3815 4063 apo-

2217 4087 2476 4143 stolatum
2524 4085 2591 4142 ad
2619 4083 2989 4143 obedieudum
3026 4082 3156 4139 ﬁdei
3188 4083 3245 4136 in
3276 4081 3536 4137 omnibus
3563 4078 3817 4151 gentibus

2217 4192 2316 4249 pro
2338 4176 2562 4231 nomine
2582 4174 2719 4245 ejus.
2743 4199 2761 4221 ι
2796 4174 2924 4229 Post
2953 4171 3409 4228 resurrectionem
3435 4170 3817 4227 manifestatus

2217 4266 2392 4323 Filius
2420 4265 2518 4322 Dei
2549 4266 2606 4320 in
2635 4264 2863 4332 virtute,
2893 4261 3121 4335 gratiam
3153 4260 3326 4328 dedit,
3353 4259 3663 4332 justiﬁcans
3678 4276 3816 4331 pee-

2217 4363 2445 4420 catores,
2478 4360 2533 4408 et
2561 4353 2842 4425 apostolos
2870 4351 2987 4424 (23)
3020 4348 3351 4415 nominavit,
3381 4363 3615 4420 quorum
3646 4364 3703 4403 se
3724 4347 3817 4405 hic

2217 4442 2426 4499 socium
2456 4441 2630 4507 dicit;
2659 4448 2723 4496 ut
2766 4440 3105 4514 apostolatus
3134 4453 3259 4494 cum
3295 4434 3468 4507 gratia
3513 4445 3653 4492 esset
3682 4435 3815 4493 doni

2216 4531 2337 4601 Dei,
2367 4547 2477 4588 non
2509 4531 2654 4587 sicut
2687 4529 3004 4586 Iudaeorum
3036 4532 3166 4582 sunt
3183 4522 3438 4597 apostoli.
3467 4524 3516 4581 A
3547 4527 3660 4582 Deo
3686 4541 3813 4598 ergo

2214 4621 2371 4679 Patre
2401 4637 2497 4694 per
2526 4619 2808 4679 Christum
2837 4615 3136 4674 Dominum
3175 4613 3319 4670 hanc
3353 4621 3682 4687 acceperunt
3709 4629 3811 4685 po-

2212 4721 2484 4780 testatem,
2517 4718 2581 4766 ut
2606 4707 2726 4764 vice
2755 4707 2982 4764 Domini
3015 4705 3188 4779 signis
3213 4703 3520 4762 doctrinam
3551 4705 3815 4761 Domini-

2211 4818 2329 4858 cam
2369 4797 2763 4872 acceptabilem
2810 4798 3090 4864 facerent;
3140 4804 3200 4852 ut
3243 4794 3528 4862 virtutem,
3559 4809 3720 4866 quam
3753 4795 3811 4850 in

2211 4891 2493 4948 Salvatore
2539 4889 2850 4945 zelarentur
2880 4885 3076 4960 perﬁdi
3107 4885 3305 4954 Judaei,
3358 4883 3504 4940 hanc
3533 4882 3592 4939 in
3637 4883 3812 4940 servis

2208 4978 2327 5052 ejus
2354 4996 2387 5035 a
2422 4977 2602 5034 turbis
2647 4976 2909 5034 admirari
2951 4974 3227 5044 videntes,
3276 4972 3658 5029 vehementius
3684 4981 3810 5029 tor-

2208 5074 2524 5144 querentur.
2555 5065 2732 5124 Testis
2759 5067 2909 5123 enim
2940 5065 3207 5123 doctrinae
3236 5063 3418 5120 virtus
3448 5070 3549 5132 est,
3589 5071 3652 5118 ut
3681 5062 3810 5135 quia

2206 5340 2337 5398 Gill.
2369 5340 2701 5398 lectionibus
2726 5344 2782 5395 et
2804 5338 2927 5395 cod.
2948 5336 3112 5394 Corb.
3131 5343 3186 5392 et
3201 5334 3411 5405 Bemig.
3435 5331 3805 5405 restituimus.

2278 5413 2395 5485 (21)
2421 5414 2500 5469 Ita
2530 5429 2660 5468 mss.
2694 5426 2891 5482 magno
2921 5423 3230 5474 consensu;
3262 5404 3395 5462 edit.
3430 5411 3635 5472 autem,
3666 5404 3808 5459 Deus

2202 5491 2323 5540 ante
2350 5487 2542 5540 alecula
2578 5489 2737 5538 natus
2762 5488 2854 5537 est.

2276 5555 2393 5627 (22)
2438 5558 2564 5614 Mss.
2613 5554 2844 5627 aliquot,
2893 5550 2987 5622 qui
3021 5550 3328 5606 incarnatus
3360 5547 3571 5618 quidem
3616 5552 3709 5612 est,
3761 5552 3809 5601 et

2206 5628 2692 5773 ιαίῖξςῗῖΝοηηαιιί
2724 5712 2879 5765 ωδε,
2916 5700 2966 5752 et
2990 5692 3258 5767 αροειοιοε
3295 5691 3654 5791 “ﬁrm?”
