4136 6194
274 335 343 393 53
1387 341 1752 400 COMMENT.
1800 341 1872 397 IN
1910 340 2127 396 EPIST.
2172 342 2266 397 AD
2308 342 2474 399 ROM.
3514 337 3584 396 54

274 463 421 536 quod
450 465 797 537 praedicatur,
830 465 1154 523 incredibile
1183 467 1391 524 mundo
1421 475 1522 537 est,
1567 468 1731 541 gestis
1758 467 1867 524 ﬁe—
1898 470 1949 529 Α
1977 466 2109 539 quia
2136 464 2271 522 ﬁdes
2308 466 2531 522 illorum
2562 465 2620 522 in
2649 465 2803 521 omni
2845 465 2967 523 loco
2993 464 3286 534 currebat;
3329 463 3585 537 quamvis

273 564 356 613 ret
409 555 694 614 credibile.
750 556 947 614 Missos
993 556 1163 629 igitur
1215 557 1495 630 apostolos
1558 567 1739 626 vocat,
1808 566 1871 615 ut

273 647 639 721 praedicarent
668 648 789 722 (24)
826 648 990 705 ﬁdem
1015 648 1273 705 omnibus
1303 649 1576 722 gentibus,
1598 656 1662 705 ut
1685 648 1870 706 obedi-

272 745 417 804 rent,
456 746 511 794 et
552 739 899 817 salvarentnr
926 757 940 807 ;
971 745 1034 795 ut
1075 737 1286 795 donum
1334 741 1429 795 Dei
1462 756 1573 797 non
1598 738 1715 811 jam
1741 738 1875 793 solis

271 827 498 896 Iudaeis,
531 844 723 884 verum
754 830 919 885 etiam
956 828 1216 885 omnibus
1259 828 1515 901 gentibus
1554 843 1875 885 concessum

272 908 660 983 videretu‘l;et
690 917 830 975 hanc
850 934 967 974 esse
999 917 1096 974 Dei
1128 919 1495 984 voluntatem,
1528 924 1590 971 ut
1620 918 1676 971 in
1706 915 1876 973 Chri-

271 1013 379 1075 sto,
411 1014 465 1062 et
502 1022 597 1079 per
626 1006 913 1064 Christum
962 1007 1225 1063 omnibus
1263 1006 1605 1073 misereatur,
1654 1003 1875 1061 vicariis

271 1096 390 1170 ejus
435 1098 888 1171 praedicantibus,
939 1097 1046 1153 hoc
1074 1106 1190 1153 est:
1245 1122 1263 1145 ι
1308 1098 1414 1153 Pro
1455 1095 1676 1152 nomine
1724 1096 1869 1169 ejus;

269 1186 415 1242 sicut
461 1187 598 1243 alibi
641 1186 811 1244 dicit:
859 1188 965 1244 Pro
1013 1203 1121 1260 quo
1164 1187 1435 1258 legatione
1464 1185 1750 1258 fungimur
1789 1187 1871 1258 (Il

276 1276 407 1333 Cor.
440 1296 500 1346 v,
534 1277 651 1349 20).
684 1300 702 1324 ι

344 1375 531 1440 (Vers.
581 1376 660 1447 6.)
724 1400 743 1423 ι
789 1375 851 1432 In
900 1374 1099 1448 quibus
1142 1374 1273 1431 estis
1319 1383 1373 1431 et
1410 1391 1509 1431 vos
1537 1374 1718 1431 vocati
1748 1374 1874 1430 Jesu

269 1462 500 1521 Christi.
542 1488 562 1513 ι
622 1466 736 1521 Hoc
787 1473 886 1533 est,
924 1464 1199 1538 legatione
1229 1465 1392 1521 nobis
1432 1465 1790 1536 fungentibus
1817 1464 1873 1519 in

269 1553 531 1609 omnibus
574 1553 830 1626 gentibus
876 1571 975 1627 pro
1021 1555 1248 1611 nomine
1292 1556 1418 1612 Jesu
1452 1555 1684 1623 Christi,
1731 1554 1875 1609 inter

271 1657 410 1715 quos
452 1644 586 1699 estis
613 1651 667 1699 et
696 1660 797 1699 vos
826 1643 1007 1700 vocati
1033 1661 1046 1709 ;
1086 1644 1212 1717 quia
1244 1643 1452 1700 dunum
1486 1644 1582 1701 Dei
1617 1643 1875 1700 omnibus

271 1735 501 1792 missum
544 1744 644 1799 est,
696 1743 757 1792 ut
806 1753 931 1793 cum
975 1735 1212 1792 audiunt
1258 1753 1314 1793 se
1345 1736 1489 1792 inter
1514 1744 1739 1793 caeteros
1766 1754 1873 1792 vo-

1979 572 2091 613 non
2118 555 2422 613 secundum
2453 555 2697 627 regulam
2730 554 2799 611 ab
2828 554 3151 612 auctoribus
3175 552 3394 610 traditae
3425 550 3585 608 veri-

1984 646 2113 702 tatis
2144 646 2288 717 (28),
2328 654 2512 702 tamen
2559 645 2687 719 quia
2728 645 2875 720 quod
2919 645 2986 702 ab
3029 661 3141 702 uno
3170 646 3284 703 Deo
3316 650 3453 713 erat,
3485 641 3585 698 in-

1982 736 2247 810 terposito
2276 734 2485 793 Christi
2527 734 2772 803 nomine,
2816 744 3093 809 coeperant
3151 733 3427 803 venerari,
3468 747 3583 805 gra-

1985 828 2215 893 tulatur,
2246 825 2425 881 sciens
2458 824 2581 880 illos
2610 841 2765 896 posse
2791 826 3072 897 proﬁcere.
3107 826 3208 881 Per
3236 824 3384 899 quod
3414 821 3582 879 etiam

1984 915 2309 972 charitatem
2340 930 2492 968 suam
2519 913 2666 969 circa
2707 915 2831 969 Illos
2879 914 3137 983 ostendit,
3186 914 3405 989 quando
3455 927 3582 968 con-

1984 1005 2182 1077 gaudet
2222 1003 2371 1060 bono
2412 1011 2594 1075 coepto
2634 1003 2883 1071 illorum,
2926 1013 2979 1060 et
3027 1004 3277 1060 hortatur
3313 1004 3381 1061 ad
3406 1002 3584 1077 profe-

1981 1101 2155 1151 ctum.

2062 1192 2158 1250 29
2207 1195 2425 1252 Gratias
2468 1211 2595 1267 ergo
2642 1212 2800 1268 agere
2830 1212 2888 1253 se
2916 1196 3055 1255 dicit
3094 1198 3209 1253 Deo
3237 1213 3337 1253 suo
3375 1196 3585 1253 dumta-

1982 1292 2098 1353 xat,
2122 1284 2252 1359 quia
2282 1286 2464 1341 adhuc
2486 1285 2709 1341 illorum
2734 1301 2845 1341 non
2867 1294 2982 1341 erat
2998 1286 3194 1358 plene;
3225 1285 3355 1361 quia
3374 1302 3441 1343 ex
3462 1286 3589 1359 ipso

1983 1387 2066 1434 est
2121 1378 2305 1434 omnis
2363 1379 2659 1451 paternitas
2711 1380 2932 1450 (Ephes.
2976 1395 3071 1446 ur,
3131 1378 3240 1449 15).
3296 1377 3403 1435 Sed
3457 1377 3589 1452 quia

1984 1468 2167 1523 omnis
2211 1466 2501 1539 dispositio
2538 1467 2733 1522 salutis
2776 1474 2974 1522 nostrae
3003 1483 3035 1523 a
3070 1468 3183 1523 Deo
3215 1465 3461 1541 quidem,
3492 1465 3587 1523 sed

1986 1573 2081 1630 per
2110 1556 2393 1614 Christum
2421 1564 2524 1625 est,
2548 1573 2658 1613 non
2690 1573 2786 1629 per
2807 1558 3001 1628 legem,
3025 1572 3201 1630 neque
3231 1573 3327 1629 per
3346 1557 3585 1630 aliquem

1986 1648 2336 1721 prophetam,
2370 1647 2569 1718 gratia;
2600 1646 2822 1720 quidem
2853 1663 3011 1719 agere
3039 1663 3096 1703 se
3134 1646 3271 1703 dicit
3310 1648 3444 1717 Deo,
3493 1648 3588 1705 sed
3636 1642 3641 1645 ’

1986 1754 2081 1811 per
2101 1737 2408 1804 Christum,
2431 1739 2560 1810 quia
2582 1736 2726 1793 fama
2756 1735 2884 1792 ﬁdei
2913 1735 3137 1793 illorum
3168 1744 3284 1792 erat
3313 1736 3589 1808 profectus

270 1832 442 1892 catos,
502 1826 706 1882 scirent
752 1840 809 1881 se
856 1824 959 1880 sub
1001 1824 1117 1897 lege
1164 1841 1323 1898 agere
1352 1841 1462 1880 non
1494 1826 1714 1894 debere,
1748 1826 1876 1900 quia
1905 1850 1950 1910 Β
1987 1828 2331 1896 multorum;
2381 1834 2443 1882 ut
2494 1826 2599 1884 hoc
2628 1827 2807 1899 ipsum
2847 1826 2917 1883 ad
2945 1826 3045 1884 Dei
3072 1825 3476 1901 providentiam
3508 1843 3590 1884 re-

271 1913 396 1969 sine
446 1914 563 1988 lege
601 1913 781 1987 Moysi
830 1924 1188 1987 susceperunt
1233 1922 1443 1971 caeteras
1484 1925 1671 1989 gentes
1702 1916 1874 1988 legem

271 2003 502 2061 Christi.

347 2102 531 2174 (Vers.
579 2104 659 2176 7.)
727 2130 745 2153 ι
776 2103 1049 2163 Omnibus
1091 2103 1186 2177 qui
1235 2112 1366 2161 sunt
1419 2106 1626 2173 Romae,
1658 2104 1874 2161 dilectis

272 2191 374 2248 Dei
411 2193 554 2264 (25),
592 2194 804 2251 vocatis
833 2193 1056 2252 sanctis.
1081 2218 1098 2241 ι
1142 2194 1407 2261 Quamvis
1436 2194 1696 2251 Romanis
1725 2195 1873 2251 scri-

268 2282 387 2351 bat,
416 2284 531 2340 illis
561 2294 742 2341 tamen
769 2285 1008 2342 scribere
1037 2302 1093 2342 se
1123 2285 1415 2358 signiﬁcat,
1448 2286 1541 2359 qui
1572 2287 1631 2342 in
1678 2287 1872 2344 chari-

270 2379 382 2428 tate
422 2373 521 2429 Dei
570 2382 719 2430 sunt.
765 2374 870 2442 Qui
912 2385 1043 2432 sunt
1088 2374 1168 2445 hi,
1219 2376 1326 2432 nisi
1369 2376 1463 2450 qui
1492 2376 1559 2432 de
1587 2376 1686 2433 Dei
1727 2378 1870 2434 Filio

270 2468 418 2518 recte
446 2462 696 2518 sentiunt
721 2462 750 2518 ?
778 2464 872 2519 Isti
909 2464 1083 2519 sancti
1114 2472 1264 2533 sunt,
1292 2472 1346 2519 et
1363 2465 1543 2521 vocati
1572 2464 1867 2534 dicuntur;

270 2552 377 2608 sub
406 2552 542 2625 Lege
571 2552 717 2609 enim
753 2538 974 2626 aglantes
1007 2554 1145 2608 male
1178 2553 1499 2626 intelligunt
1546 2554 1827 2612 Christum
1854 2569 1865 2607 :

270 2646 329 2696 et
356 2640 614 2712 injuriam
645 2644 757 2698 Deo
788 2642 932 2698 Patri
972 2642 1207 2710 faciunt,
1258 2660 1384 2700 cum
1425 2660 1492 2698 an
1536 2644 1592 2699 in
1647 2644 1868 2703 Christo

270 2738 511 2811 perfecta
545 2755 666 2811 spes
685 2740 880 2795 salutis
910 2738 1003 2808 sit,
1034 2739 1312 2797 dubitant.
1362 2740 1490 2797 Ideo
1537 2740 1712 2798 sancti
1755 2757 1867 2796 non

270 2834 422 2897 sunt,
458 2844 633 2903 neque
659 2828 839 2887 vocati
870 2829 1152 2887 dicuntur.
1572 2900 1582 2907 .

357 2944 375 2967 ι
417 2920 603 2977 Gratia
633 2922 791 2978 vobis
819 2931 873 2978 et
902 2922 1015 2978 Pax
1046 2939 1075 2977 a
1110 2923 1221 2978 Deo
1251 2922 1408 2977 Patre
1446 2928 1655 2990 nostro,
1687 2929 1741 2978 et
1768 2924 1868 2977 Do-

269 3008 427 3065 mino
456 3010 583 3065 Iesu
622 3010 867 3069 Christo.
902 3035 920 3058 ι
965 3009 1209 3067 Gratiam
1242 3018 1299 3066 et
1327 3025 1514 3082 pacem
1545 3027 1669 3067 cum
1703 3011 1771 3065 iis
1790 3009 1871 3065 di-

268 3099 350 3156 cit
403 3114 541 3167 esse,
599 3100 693 3173 qui
754 3108 899 3156 recte
952 3099 1206 3158 credunt.
1268 3098 1455 3156 Gratia
1506 3108 1605 3166 est,
1669 3100 1797 3173 quia
1843 3117 1872 3156 a

268 3196 515 3266 peccatis
543 3192 780 3249 absoluti
812 3202 977 3249 sunt:
1024 3210 1130 3265 pax
1160 3208 1311 3260 vero,
1357 3192 1484 3266 quia
1525 3208 1594 3248 ex
1622 3182 1872 3251 inimicis
1907 3218 1949 3275 ρ

270 3282 620 3343 reconciliati
642 3289 770 3338 sunt
791 3281 1056 3351 Creatori,
1080 3282 1221 3339 sicut
1248 3282 1384 3339 dicit
1407 3284 1675 3339 Dominus
1704 3303 1716 3340 :
1766 3308 1785 3333 ι
1812 3285 1874 3341 In

269 3391 660 3452 quamcunque
694 3374 919 3430 domum
951 3374 1300 3443 introieritis,
1331 3382 1385 3430 et
1414 3376 1719 3447 receperint
1754 3392 1870 3443 vos,

270 3466 441 3523 dicite
475 3483 487 3522 :
535 3465 650 3522 Pax
698 3464 830 3521 huic
874 3463 1064 3521 domui
1116 3466 1268 3536 (Luc.
1299 3482 1358 3533 x,
1392 3465 1475 3535 5).
1507 3490 1526 3513 ι
1572 3467 1643 3521 Et
1663 3474 1725 3522 ut
1755 3467 1874 3523 sine

275 3555 499 3614 Christo
523 3556 731 3612 nullam
764 3571 879 3611 esse
908 3571 1091 3627 pacem
1125 3562 1179 3611 et
1203 3571 1354 3629 spem
1386 3553 1630 3621 doceret,
1675 3554 1876 3627 adjecit

276 3646 504 3719 gratiam
534 3655 589 3702 et
615 3662 801 3718 pacem
833 3661 945 3701 non
978 3646 1160 3701 solum
1188 3661 1219 3701 a
1249 3646 1365 3701 Deo
1412 3644 1570 3701 Patre
1600 3661 1737 3713 esse,
1780 3646 1875 3704 sed

276 3744 330 3792 et
361 3751 394 3791 a
422 3734 639 3792 Christo
666 3735 813 3791 Jesu.
848 3736 1024 3791 Deum
1054 3736 1269 3791 Patrem
1302 3742 1553 3791 nostrum
1585 3734 1724 3792 dicit
1755 3753 1874 3808 pro.

278 3833 399 3897 pter
420 3822 711 3908 originem,
743 3822 873 3897 quia
898 3824 967 3880 ab
997 3823 1116 3897 ipso
1154 3830 1284 3879 sunt
1328 3825 1549 3879 omnia:
1593 3823 1874 3881 Christum

278 3922 461 3970 autem
490 3914 815 3983 Dominum,
841 3914 971 3989 quia
999 3912 1120 3987 ejus
1145 3913 1413 3987 sanguine
1450 3913 1741 3988 redempti,
1785 3915 1878 3971 ia-

279 4005 355 4061 cti
393 4022 584 4062 sumus
623 4005 727 4062 lilii
757 4005 886 4063 Dei.

354 4094 534 4165 (Vers.
569 4094 651 4167 8.)
692 4120 709 4143 ε
731 4094 978 4151 Primum
1008 4093 1230 4169 quidem
1262 4096 1461 4166 gratias
1491 4111 1591 4167 ago
1616 4096 1731 4151 Deo
1756 4108 1879 4150 meo

280 4202 378 4259 per
403 4187 588 4243 Jesum
625 4186 908 4245 Christum
940 4204 1037 4259 pro
1066 4185 1326 4242 omnibus
1353 4184 1548 4253 vobis;
1583 4185 1713 4258 quia
1743 4184 1878 4239 ﬁdes

281 4285 463 4333 vestra
515 4278 878 4334 annuntiatur
921 4277 979 4333 in
1036 4278 1297 4333 universo
1339 4275 1566 4331 mundo.
1616 4300 1635 4323 ι
1694 4274 1879 4331 Finita

282 4366 599 4442 praefatione
622 4375 748 4424 ante
777 4366 965 4423 omnia
994 4366 1253 4438 gaudium
1284 4383 1443 4423 suum
1477 4382 1592 4423 esse
1621 4374 1876 4432 testatur,

279 4464 473 4531 utpote
507 4457 751 4529 gentium
782 4457 1100 4530 Apostolus,
1154 4456 1300 4530 quod
1344 4474 1471 4514 cum
1519 4457 1751 4514 Romani
1783 4472 1879 4512 re-

281 4563 511 4627 gnarent
534 4554 593 4611 in
633 4553 861 4621 mundo,
900 4551 1237 4625 subjecerint
1264 4567 1320 4607 se
1360 4550 1489 4608 ﬁdei
1529 4552 1878 4621 Christiania,
1904 4582 1953 4641 D

282 4660 405 4717 qua
456 4643 820 4716 prudentibus
868 4642 1054 4699 saeculi
1105 4641 1332 4698 humilis
1378 4648 1432 4697 et
1479 4642 1650 4698 stulta
1716 4640 1881 4697 vide-

280 4741 375 4790 tur
403 4732 544 4805 (26).
578 4732 717 4791 Cum
751 4749 880 4804 ergo
902 4733 1076 4787 multa
1094 4738 1274 4787 essent
1300 4747 1369 4787 ex
1398 4730 1599 4806 quibus
1625 4730 1883 4803 gauderet

282 4822 343 4880 in
372 4822 635 4881 Romanis
671 4823 852 4893 (erant
879 4822 1029 4878 enim
1058 4822 1307 4879 doctrina
1345 4820 1730 4878 memorabiles
1762 4820 1879 4893 (27)

284 4924 339 4973 et
370 4913 502 4971 boni
532 4914 718 4987 operis
746 4912 960 4986 cupidi,
990 4913 1334 4987 studiosique
1373 4915 1547 4984 magis
1570 4913 1765 4986 agendi
1793 4913 1881 4970 be-

284 5021 378 5073 ne,
410 5021 573 5078 quam
604 5004 897 5074 sermonis,
930 5004 1076 5078 quod
1116 5019 1222 5061 non
1262 5005 1420 5077 longe
1448 5012 1529 5061 est
1558 5020 1589 5059 a
1619 5004 1882 5073 religione

282 5092 528 5166 divina),
573 5095 629 5151 in
676 5093 782 5152 hoc
830 5102 1016 5151 tamen
1067 5096 1307 5169 primum
1354 5094 1588 5168 gaudere
1630 5112 1686 5152 se
1724 5095 1881 5164 dicit,

287 5210 480 5339 di”)
512 5213 672 5338 Pam.
722 5211 882 5281 edit.,
935 5210 1081 5269 Mitti
1110 5212 1273 5282 igitur
1313 5213 1600 5285 apostolos,
1651 5218 1711 5267 ut
1745 5229 1884 5283 pm.

327 5300 505 5338 icaren
537 5328 549 5339 .

327 5284 549 5339 icarent.

364 5355 481 5423 (25)
509 5354 698 5412 Codex
728 5354 919 5421 Mich.,
952 5355 1130 5411 Romce
1160 5354 1213 5407 in
1243 5355 1500 5410 charilate
1536 5356 1652 5412 Dei.

363 5425 481 5493 (26)
517 5427 672 5483 Rom.
705 5425 837 5481 edit.
880 5426 1014 5490 sola,
1045 5424 1223 5479 saeculi
1272 5425 1427 5495 hujus
1474 5428 1635 5482 stulta
1658 5427 1884 5482 videtur.

363 5496 482 5568 (27)
517 5496 720 5552 Eadem
772 5496 931 5563 edit.,
964 5495 1274 5568 disciplinae
1312 5498 1565 5561 moralis;
1600 5506 1709 5553 vet.
1750 5497 1882 5553 edit.

286 5576 343 5624 et
374 5566 563 5640 plures
595 5584 748 5637 mss.,
799 5566 1373 5640 doctrinis;'qui_dam,
1422 5568 1724 5640 disciplina,
1775 5585 1891 5623 me—

286 5637 595 5695 morabiles.
646 5640 718 5694 At
771 5638 1000 5695 omnino
1036 5637 1331 5711 legendum
1366 5654 1501 5711 cum
1554 5637 1727 5696 ’Carn.
1785 5656 1889 5695 ms.

287 5711 542 5768 doctrina
571 5712 955 5781 memorabiles,
988 5708 1248 5786 nisi'quis
1272 5708 1429 5767 malit
1451 5725 1577 5766 cum
1608 5711 1733 5767 Vat.
1765 5711 1888 5768 cod.

1986 1919 2125 1975 ferat
2156 1935 2250 1991 per
2280 1916 2587 1975 Christum.
2621 1918 2732 1974 Aut
2770 1916 2918 1973 enim
2965 1915 3275 1990 gaudebant
3321 1915 3587 1984 roborati,

1985 2011 2079 2084 qui
2130 2009 2510 2068 crediderant:
2560 2009 2765 2078 caeteri,
2814 2008 2945 2082 quia
2992 2007 3258 2065 videbant
3310 2007 3588 2081 principes

1983 2117 2111 2156 suos
2167 2099 2373 2155 factos:
2427 2106 2522 2155 aut
2567 2107 2711 2155 certe
2740 2098 2837 2172 qui
2882 2113 2994 2154 non
3029 2096 3397 2166 crediderant,
3438 2105 3584 2171 pote-

1983 2199 2106 2246 rant
2160 2188 2352 2254 cedere
2414 2188 2612 2245 horum
2660 2188 2931 2260 exemplo.
2996 2187 3178 2245 Facile
3244 2187 3394 2244 enim
3452 2185 3588 2245 facit

1983 2278 2236 2347 inferior,
2269 2276 2416 2352 quod
2447 2278 2564 2333 ﬁeri
2594 2276 2800 2334 viderit
2828 2294 2859 2333 a
2889 2277 3071 2351 priore
3106 2276 3245 2348 (29).

2055 2379 2239 2449 (Vers.
2272 2376 2353 2449 9.)
2398 2402 2417 2424 ι
2448 2376 2624 2433 Testis
2654 2376 2800 2433 enim
2834 2377 2974 2433 mihi
3006 2386 3087 2434 est
3102 2379 3269 2445 Deus,
3293 2374 3382 2433 cui
3405 2375 3588 2434 servio

1981 2466 2037 2523 in
2070 2466 2271 2539 spiritu
2300 2483 2443 2536 meo,
2484 2466 2875 2545 ingEvangelio
2906 2468 3036 2524 Filii
3090 2466 3228 2539 ejus,
3276 2466 3424 2541 quod
3467 2467 3588 2524 sine

1980 2558 2394 2616 intermissione
2448 2561 2773 2623 memoriam
2822 2561 2991 2618 vestri
3058 2561 3202 2618 facio
3258 2576 3473 2633 semper
3527 2560 3587 2616 in

1978 2654 2324 2709 orationibus
2367 2653 2525 2710 meis.
2569 2678 2587 2701 ι
2640 2654 2709 2709 Ut
2746 2653 2971 2709 suadeat
3021 2652 3369 2721 charitatein,
3410 2654 3588 2709 Deum

1977 2752 2170 2801 testem
2212 2746 2325 2813 dat,
2356 2746 2445 2802 cui
2488 2746 2678 2811 servit,
2712 2745 2778 2799 ad
2824 2761 2986 2816 quem
3035 2752 3091 2798 et
3122 2759 3335 2813 precem
3370 2760 3467 2815 pro
3496 2743 3588 2798 his

1980 2834 2135 2900 facit,
2166 2851 2278 2889 non
2310 2835 2365 2889 in
2400 2834 2517 2904 lege
2546 2832 2859 2898 serviendo,
2892 2831 2985 2885 sed
3016 2832 3074 2885 in
3106 2831 3410 2902 Evangelio
3457 2829 3588 2886 Filii

1982 2922 2122 2993 ejus,
2156 2921 2262 2977 hoc
2293 2929 2396 2990 est,
2423 2936 2533 2976 non
2564 2920 2618 2976 in
2658 2936 2723 2976 eo
2748 2919 2895 2992 quod
2925 2919 3140 2991 Moyses
3184 2936 3376 2976 servus
3417 2918 3582 2976 tradi-

1981 3010 2087 3078 dit,
2142 3009 2235 3066 sed
2295 3009 2351 3065 in
2409 3026 2474 3066 eo
2521 3008 2667 3082 quol
2716 3008 2893 3064 Filius
2934 3008 3329 3065 dilectissimus
3356 3007 3577 3075 docuit;

1982 3107 2246 3173 quantum
2266 3099 2413 3156 enim
2442 3098 2608 3156 distat
2629 3114 2822 3155 servus
2851 3114 2882 3154 a
2902 3098 3150 3166 domino,
3175 3108 3389 3156 tantum
3414 3098 3582 3155 distat

1983 3189 2328 3261 evangelium
2361 3206 2391 3245 a
2422 3189 2536 3261 lege
2563 3207 2573 3243 :
2609 3204 2720 3244 non
2752 3187 2897 3261 quod
2928 3189 3071 3245 mala
3099 3188 3171 3244 sit
3200 3189 3310 3258 lex,
3341 3188 3433 3245 sed
3453 3189 3583 3262 quia

1987 3278 2183 3334 melius
2208 3286 2290 3334 est
2330 3278 2714 3350 Evangelium.
2748 3279 2862 3333 Deo
2890 3277 3074 3352 itaque
3102 3279 3273 3335 servit
3306 3279 3363 3334 in
3403 3279 3581 3333 Evan-

1984 3367 2126 3439 gelio
2174 3368 2299 3424 Filii
2344 3366 2483 3438 ejus,
2536 3376 2595 3424 ut
2640 3366 2893 3424 ostendat
2940 3368 3041 3424 Dei
3070 3384 3185 3424 esse
3214 3367 3578 3436 voluntatem,

1984 3466 2045 3513 ut
2072 3458 2325 3515 credatur
2354 3457 2412 3512 in
2443 3456 2748 3515 Christum.

2067 3579 2087 3603 ι
2123 3555 2226 3614 Cui
2260 3564 2314 3612 et
2332 3558 2535 3614 servio.
2578 3582 2596 3606 ι
2640 3555 2970 3626 Quomodo?
3009 3581 3027 3604 ι
3057 3555 3115 3613 in
3144 3556 3344 3627 spiritu
3367 3571 3509 3622 meo,
3550 3580 3569 3604 ι

1985 3645 2189 3720 inquit,
2230 3663 2343 3704 non
2388 3648 2445 3703 in
2496 3648 2918 3706 circumcisione
2953 3647 3286 3716 manufacta,
3318 3662 3494 3720 neque
3523 3645 3582 3702 in

1960 3743 2314 3811 ‘neomeniis,
2346 3751 2400 3799 et
2428 3743 2688 3812 Sabbato,
2720 3752 2773 3799 et
2803 3742 3137 3799 discretione
3169 3758 3417 3798 escarum
3443 3760 3454 3798 :
3487 3739 3584 3797 sed

1988 3833 2045 3889 in
2077 3834 2298 3905 spiritu,
2336 3834 2392 3889 id
2422 3842 2526 3903 est,
2560 3835 2617 3891 in
2652 3844 2857 3891 mente.
2897 3834 3037 3902 Quia
3066 3837 3207 3890 Deus
3224 3833 3453 3907 spiritus
3480 3840 3581 3901 est,

1987 3924 2186 3996 spiritu
2214 3925 2302 3980 vel
2331 3924 2518 3980 animo
2548 3925 2734 3997 potius
2752 3924 2912 3980 debet
2940 3923 3022 3979 illi
3052 3924 3247 3980 sei-viri
3273 3941 3286 3990 ;
3318 3923 3407 3979 cui
3433 3922 3584 3978 enim

1988 4012 2174 4067 animo
2204 4012 2466 4082 servitur,
2498 4030 2565 4069 ex
2596 4013 2703 4069 ﬁde
2734 4014 2816 4070 illi
2849 4012 3110 4069 servitur.
3146 4012 3273 4067 Haec
3300 4018 3354 4066 et
3384 4009 3586 4067 Domi-

1988 4120 2094 4159 nus
2130 4102 2308 4159 factus
2355 4111 2437 4160 est
2480 4104 2545 4159 ad
2591 4102 2999 4170 Samaritidem,
3039 4109 3324 4172 putantem
3350 4096 3499 4169 quod
3528 4096 3587 4151 in

1992 4200 2175 4248 monte
2205 4192 2422 4249 adorari
2453 4210 2507 4249 s'
2539 4195 2685 4249 Deus
2716 4193 2875 4259 velit,
2905 4191 3097 4246 dicens
3122 4206 3133 4243 :
3182 4212 3202 4233 ι
3230 4186 3398 4243 Venit
3428 4185 3585 4254 hora,

1986 4290 2040 4339 et
2069 4299 2217 4339 nunc
2245 4291 2343 4339 est.
2396 4282 2616 4356 quando
2648 4282 2766 4336 veri
2802 4281 3117 4336 adoratores
3158 4276 3465 4334 adorabunt
3493 4277 3586 4333 Pa-

1989 4381 2126 4428 trem
2145 4371 2204 4427 in
2225 4371 2430 4444 spiritu
2452 4380 2499 4424 ιιι
2524 4370 2775 4425 veritate.
2807 4367 3028 4424 Etenim
3050 4367 3208 4423 Pater
3233 4366 3370 4423 tales
3389 4365 3589 4440 quaerit

1989 4461 2085 4532 qui
2134 4461 2367 4518 adorent
2415 4476 2562 4516 eum.
2594 4458 2832 4531 Spiritus
2872 4465 2954 4514 est
2983 4459 3127 4514 Deus
3157 4458 3346 4529 (Joau.
3386 4472 3463 4523 ιν,
3497 4455 3586 4513 23.

1988 4551 2103 4621 24).
2136 4577 2154 4599 ι
2209 4551 2516 4608 Adorantes
2555 4567 2704 4624 ergo,
2739 4550 2794 4605 in
2827 4548 3028 4622 spiritu
3056 4557 3111 4606 et
3156 4548 3387 4604 veritate
3434 4562 3591 4617 opor-

1989 4653 2068 4701 tet
2117 4646 2365 4714 adorare,
2423 4653 2479 4703 et
2524 4661 2635 4700 non
2684 4646 2837 4700 locus
2882 4644 3187 4699 orationem
3220 4636 3589 4709 commendet,

1991 4735 2085 4791 sed
2131 4735 2364 4791 devotus
2406 4737 2643 4791 animus.
2704 4734 2819 4791 Hoc
2865 4740 2965 4799 est,
3017 4732 3073 4787 in
3104 4730 3336 4786 veritate
3366 4728 3592 4785 adorare

1992 4823 2050 4879 in
2081 4822 2282 4897 spiritu
2312 4822 2487 4878 Deum
2531 4822 2798 4893 Spiritum
2837 4830 2891 4877 et
2943 4818 3247 4883 Christum,
3300 4832 3473 4875 unum
3524 4829 3594 4871 ex

1993 4930 2101 4986 quo
2131 4911 2339 4979 omnia,
2372 4920 2426 4967 et
2455 4927 2627 4968 unum
2660 4926 2755 4982 per
2783 4925 2944 4984 quem
2976 4907 3164 4966 omnia
3206 4908 3263 4977 (Ι
3286 4904 3413 4963 Cor.
3468 4920 3592 4969 vui,

1993 5004 2072 5073 6).
2107 5004 2218 5059 Hos
2253 5001 2452 5075 quaerit
2481 5000 2672 5057 adorat
2712 5016 2796 5057 res
2835 5000 3011 5057 Pater.
3055 4998 3349 5054 Memorem
3382 5011 3510 5067 ergo
3538 5009 3596 5051 se

1995 5093 2223 5150 illorum
2256 5092 2314 5149 in
2360 5093 2513 5149 orati.
2541 5091 2706 5149 nibus
2748 5090 2864 5148 suis
2911 5088 3138 5161 ﬂagitat,
3183 5095 3245 5144 ut
3272 5087 3505 5145 seminet
3537 5084 3595 5139 in

1992 5212 2259 5284 doctrina:
2285 5209 2669 5284 niemoi'rbilis.
2734 5279 2744 5284 _
2886 5278 2898 5284 _
3038 5277 3049 5284 _
3162 5277 3231 5284 ___
3423 5274 3432 5284 ,

2068 5283 2186 5353 (28)
2222 5281 2407 5339 Codex
2446 5283 2487 5339 Β
2526 5280 2678 5350 mig.,
2730 5279 2834 5353 ista
2883 5277 3111 5353 inserit:
3152 5277 3300 5334 Mira
3349 5277 3484 5331 enim
3514 5286 3597 5351 res

1995 5349 2293 5419 videbatur,
2328 5360 2383 5409 ut
2434 5353 2638 5409 domini
2664 5351 2895 5425 gentium
2924 5349 3317 5405 inclinat-antur
3367 5349 3597 5416 promis-

1997 5426 2138 5482 sioni
2160 5425 2491 5481 Judworum.
3075 5491 3081 5492 ί
3346 5482 3385 5492 _,

2073 5497 2189 5567 (29)
2224 5497 2302 5551 Ita
2332 5504 2442 5552 vet.
2486 5495 2619 5553 edit.
2652 5511 2716 5551 ac
2746 5510 2875 5567 mss.
2907 5491 3249 5562 complures:
3300 5482 3435 5567 edit.
3469 5499 3599 5540 vero

2000 5555 2132 5644 Gill.
2165 5555 2241 5644 _in
2282 5574 2558 5644 marg._et
2605 5565 2875 5644 Rom_.__in
2921 5555 3072 5644 corp.
3104 5572 3230 5644 61191
3272 5555 3600 5644 διίξξνῐηξθα

1998 5639 2264 5711 principes
2293 5626 2432 5695 suo;
2452 5637 2652 5710 fratres
2697 5636 2798 5693 sibi
2843 5626 3096 5705 factos'in
3125 5628 3295 5698 ﬁde...
3346 5626 3540 5685 viderit
3566 5646 3603 5686 α

1996 5711 2210 5767 votiore.
