4150 6194
528 325 600 382 55
1362 385 1370 396 η
1538 321 1633 377 AD
1672 319 1904 377 OPERA
1942 318 1996 374 S.
2038 316 2372 374 AMBROSII
2408 314 2792 372 APPENDIX.

3781 315 3865 377 56

525 447 646 509 Illis
672 448 1032 516 charitatem;
1085 444 1214 504 facit
1251 446 1398 502 enim
1448 445 1561 502 illis
1606 444 1939 501 desiderium
1988 443 2099 498 sui.
2144 445 2194 503 A
2224 441 2498 510 humanae,
2529 441 2643 497 sola
2674 441 2780 497 fide
2828 437 3018 496 addita
3064 438 3174 512 legi
3222 438 3491 507 naturali,
3550 438 3854 498 hominum

529 540 665 607 Quis
711 539 856 595 enim
903 555 1012 594 non
1053 544 1198 594 amet
1253 553 1378 593 eum
1431 552 1590 610 quem
1636 535 1790 590 audit
1831 549 2126 588 memorem

527 631 612 687 sui
661 630 820 686 esse?
854 629 910 685 Si
962 628 1111 684 enim
1161 627 1228 684 ab
1276 627 1344 683 iis
1382 627 1476 700 qui
1511 623 1663 680 missi
1704 640 1814 680 non
1846 632 2021 691 erant,
2053 623 2132 678 li—

526 720 720 776 benter
771 726 1093 790 acceperant
1135 716 1442 773 doctrinam
1494 715 1598 772 sub
1646 714 1870 769 nomine
1901 713 2130 778 Christi,

527 809 850 867 adulteratis
897 808 1117 874 verbis;
1169 815 1378 880 quanto
1426 803 1597 877 magis
1625 803 1694 858 ab
1735 820 1798 858 eo
1839 819 2000 875 quem
2031 803 2132 858 sci-
2157 803 2184 838 ὐ

528 907 650 956 rent
696 916 811 956 esse
857 899 1185 970 apostolum,
1239 905 1292 952 et
1339 894 1496 966 cujus
1549 891 1714 948 verba
1770 891 2132 947 comitaretur

526 990 725 1057 virtus,
757 987 1129 1044 desiderarent
1159 984 1349 1040 audire
1385 985 1396 1039 i

599 1080 785 1150 (Vers.
841 1078 952 1147 10.)
1006 1097 1031 1126 ‹‹
1083 1075 1388 1129 Obsecrans
1431 1073 1474 1128 si
1523 1088 1631 1144 quo
1691 1071 1855 1127 modo
1902 1071 2127 1127 tandem

526 1169 822 1242 aliquando
885 1182 1204 1240 prosperum
1271 1164 1376 1219 iter
1433 1161 1661 1218 habeam
1720 1162 1777 1218 in
1844 1164 2128 1218 voluntate

524 1259 643 1327 Dei,
677 1256 935 1312 veniendi
975 1254 1041 1309 ad
1072 1270 1190 1308 vos.
1224 1278 1241 1299 ι
1288 1251 1566 1308 Orationis
1595 1268 1703 1306 sum
1740 1267 1837 1322 pro
1866 1252 1979 1306 illis
2009 1268 2127 1307 sen-

524 1366 643 1404 sum
671 1345 944 1409 ostendit;
979 1347 1153 1399 Deum
1173 1342 1320 1397 enim
1352 1359 1406 1396 se
1435 1342 1573 1397 dicit
1599 1349 1800 1412 petere,
1824 1349 1886 1396 ut
1915 1342 2129 1397 veniret

524 1437 592 1492 ad
625 1435 824 1491 Urbem
859 1433 974 1506 (30)
1001 1433 1067 1488 ad
1099 1431 1401 1503 profectum
1437 1431 1658 1486 illorum
1702 1447 1828 1486 cum
1871 1432 1970 1486 Dei
2018 1448 2129 1485 vo-

526 1530 756 1594 luntate,
789 1525 946 1596 cujus
988 1524 1245 1597 przedicat
1291 1523 1520 1578 donum.
1555 1523 1709 1578 Tunc
1753 1522 1902 1578 enim
1930 1523 2125 1594 profe-

524 1624 646 1671 ctus
674 1614 845 1681 adest,
877 1613 923 1667 si
953 1613 1098 1686 quod
1120 1611 1391 1684 agendum
1419 1618 1520 1678 est,
1550 1627 1676 1666 cum
1709 1611 1808 1666 Dei
1841 1613 2126 1667 voluntate

523 1714 733 1777 agatur.
776 1705 908 1760 Orat
951 1719 1077 1774 ergo
1108 1710 1169 1758 ut
1217 1717 1542 1774 quacunque
1573 1717 1642 1755 ex
1680 1717 1840 1756 causa
1864 1699 1979 1772 jam
2020 1701 2126 1756 da-

2242 549 2410 604 genus
2442 532 2652 587 salvare
2683 529 2955 587 decrevit.

2311 623 2458 690 Quid
2499 631 2580 679 est
2626 629 2810 678 tamen
2840 630 2902 677 ut
2931 638 3056 677 cum
3087 620 3310 692 scriptis
3344 621 3472 678 illos
3500 623 3763 695 corrigat,
3796 631 3858 680 et

2239 727 2268 766 a
2298 713 2500 767 carnali
2535 729 2697 768 sensu
2723 711 3024 778 abstrahat,
3057 711 3405 783 praesentiam
3454 729 3608 768 suam
3663 730 3858 770 neces-

2239 801 2434 856 sariam
2486 801 2653 866 dicat,
2707 809 2768 856 ut
2799 801 3028 872 gratiam
3063 801 3178 857 illis
3213 800 3520 874 spiritalem
3553 804 3853 861 ministra—

2239 897 2354 955 ret;
2388 905 2514 944 cum
2544 905 2607 943 ea
2637 905 2756 961 quae
2787 889 3002 957 scribit,
3037 889 3309 960 spiritalia
3347 891 3494 946 sint:
3547 891 3653 946 nisi
3705 908 3852 964 pro-

2239 988 2358 1051 pter
2387 979 2490 1036 hoc
2520 981 2648 1052 quia
2677 979 2836 1034 aliter
2864 978 3014 1034 dicta
3039 979 3108 1034 ad
3137 980 3290 1036 aliud
3314 981 3494 1036 solent
3525 982 3662 1053 rapi,
3697 983 3853 1040 sicut

2238 1068 2305 1124 ab
2336 1068 2610 1124 haereticis
2640 1068 2701 1122 ﬁt
2727 1067 2754 1122 ?
2787 1067 2914 1122 Ideo
2945 1066 3220 1124 desiderat
3247 1079 3307 1126 ut
3365 1087 3600 1141 prasens
3630 1069 3852 1127 doctri-

2243 1175 2364 1212 nam
2417 1157 2787 1228 evangelicam
2834 1173 2998 1214 sensu
3051 1175 3160 1231 quo
3208 1157 3422 1227 scribit,
3485 1158 3574 1214 his
3619 1159 3843 1225 tradat;

2238 1262 2306 1300 ne
2353 1246 2455 1300 sub
2519 1247 2844 1302 auctoritate
2895 1247 3202 1303 litterarum
3257 1264 3374 1318 ejus
3421 1264 3532 1303 non
3563 1248 3850 1304 auferetur

2238 1354 2406 1405 error,
2463 1336 2557 1392 sed
2601 1337 2947 1393 ﬁrmaretur:
2999 1337 3201 1409 quippe
3252 1354 3378 1393 cum
3438 1355 3672 1410 praesens
3719 1356 3847 1412 qua

2237 1427 2419 1483 verbis
2467 1427 2694 1484 suadere
2753 1445 2864 1483 non
2909 1435 3140 1500 poterat,
3197 1427 3450 1486 suaderet
3499 1430 3728 1499 virtute,
3784 1439 3849 1487 ut

2237 1517 2407 1587 magis
2439 1517 2548 1573 illis
2580 1518 2833 1589 proficiat
2871 1517 3063 1573 aditis.

2311 1609 2492 1678 (Vers.
2526 1608 2638 1679 i2.)
2687 1635 2704 1656 ι
2731 1608 2792 1664 Id
2817 1616 2924 1678 est,
2951 1609 3116 1664 simul
3145 1609 3423 1665 consolari
3475 1609 3534 1665 in
3561 1611 3719 1667 vobis
3746 1629 3848 1684 per

2235 1714 2354 1754 eam
2385 1716 2504 1771 quae
2537 1698 2774 1755 invicem
2799 1707 2900 1766 est,
2935 1699 3100 1755 ﬁdem
3132 1710 3368 1756 vestram
3391 1707 3554 1772 atque
3586 1717 3785 1758 meam.
3807 1728 3828 1750 ι

525 1803 675 1851 retur
725 1796 962 1863 occasio,
1020 1811 1126 1867 qua
1173 1793 1386 1849 veniret
1419 1793 1487 1847 ad
1521 1793 1758 1859 Urbem;
1792 1792 1921 1866 quia
1951 1809 2122 1850 occu-
2160 1813 2204 1873 Β
2237 1789 2521 1845 Consolari
2553 1805 2610 1844 se
2641 1788 2777 1845 dicit
2803 1806 2928 1844 cum
2973 1789 3104 1857 illis,
3135 1789 3180 1844 si
3214 1789 3639 1860 apprehendant
3677 1791 3842 1862 spiri-

524 1894 683 1960 patus
736 1895 852 1940 erat
903 1885 1026 1940 aliis
1082 1884 1463 1957 praedicando:
1519 1883 1598 1939 sic
1655 1899 1974 1955 prosperum
2023 1887 2126 1939 iter

525 1985 804 2051 reputans,
838 1975 883 2031 si
920 1977 1034 2031 Deo
1065 1975 1285 2030 volente
1315 1974 1565 2041 veniret;
1598 1972 1726 2046 quia
1761 1973 1992 2046 provida
2045 1982 2125 2029 est

521 2067 622 2123 Dei
655 2067 930 2122 voluntas.
976 2065 1304 2136 Prosperum
1349 2080 1476 2134 ergo
1509 2063 1615 2119 iter
1666 2070 1745 2119 est
1791 2079 1903 2118 non
1936 2063 2126 2120 incas—

523 2173 644 2212 sum
685 2155 924 2210 laborem
975 2153 1190 2208 itineris
1236 2152 1444 2208 subire.
1510 2153 1636 2208 Haec
1686 2159 1838 2224 rogat
1886 2159 1947 2206 ut
1978 2153 2124 2207 Deus

524 2245 768 2316 impleat,
803 2241 1050 2299 vocando
1082 2242 1207 2298 illos
1249 2241 1316 2296 ad
1347 2259 1499 2297 suam
1544 2242 1795 2314 gratiam.
1839 2242 2123 2298 Aviditate

522 2335 696 2391 animi
725 2333 1002 2406 loquitur;
1047 2331 1320 2389 desiderat
1349 2332 1497 2388 enim
1529 2332 1674 2400 illos,
1708 2333 1886 2388 sciens
1927 2338 1981 2386 et
2010 2331 2123 2388 illis

522 2433 576 2482 et
609 2424 714 2481 sibi
764 2424 1038 2496 prodesse,
1089 2422 1234 2478 sicut
1275 2421 1408 2477 alibi
1438 2421 1573 2477 dicit
1603 2438 1613 2474 :
1663 2447 1680 2467 ι
1703 2421 1859 2488 Quod
1888 2428 1968 2476 est
1997 2437 2122 2492 gau-

521 2516 677 2572 dium
725 2523 973 2570 nostrum
1023 2519 1077 2568 et
1106 2528 1306 2568 corona
1327 2512 1354 2566 ‘i
1383 2513 1575 2567 Nonne
1603 2527 1701 2565 vos
1731 2509 1788 2564 in
1823 2509 2122 2565 adventum

523 2603 745 2663 Domini
780 2605 837 2675 (Ι
870 2604 1044 2658 Thess.
1078 2619 1140 2669 ιι,
1175 2601 1264 2673 19)
1288 2601 1316 2656 Ῠ
1344 2625 1362 2648 ι
1408 2601 1643 2656 Fructus
1686 2598 1832 2654 enim
1868 2599 2121 2670 Apostoli

522 2703 602 2751 est
632 2693 877 2760 uberior,
909 2692 953 2746 si
986 2693 1231 2746 lucretur
1274 2690 1496 2745 multos.
1533 2689 1800 2744 Praeterea
1837 2688 1966 2761 quia
1997 2705 2122 2743 ma-

516 2787 609 2860 jus
643 2783 904 2858 gaudium
941 2791 1039 2850 est,
1085 2783 1128 2838 si
1181 2789 1428 2853 potentes
1484 2780 1680 2836 mundi
1725 2786 2122 2835 convertantur

521 2876 588 2933 ad
636 2877 833 2942 Deum,
883 2873 1010 2946 quia
1051 2879 1258 2944 quanto
1308 2871 1523 2926 inimici
1569 2886 1759 2941 graves
1790 2878 1938 2936 sunt,
1968 2875 2119 2923 tanto

523 2965 694 3036 magis
734 2963 1074 3020 reconciliati
1107 2960 1418 3016 necessarii.
1471 2958 1760 3015 Voluntati
1790 2958 1972 3030 itaque
2002 2955 2119 3028 ejus

523 3054 604 3110 sic
632 3053 846 3109 occasio
874 3052 1002 3106 data
1028 3059 1128 3117 est,
1163 3057 1226 3104 ut
1253 3057 1474 3104 coactus
1507 3049 1803 3118 appellaret
1829 3047 2115 3112 Cuzsarem,

523 3151 577 3198 et
611 3141 942 3213 dirigeretur
982 3156 1052 3195 ex
1079 3139 1187 3194 alia
1216 3154 1378 3193 causa
1406 3137 1473 3193 ad
1503 3137 1693 3192 urbem
1725 3138 1973 3203 Romam,
2005 3138 2118 3192 Deo
2151 3176 2192 3234 G

525 3232 786 3297 volente;
838 3236 900 3283 ut
944 3228 1195 3299 impleret
1242 3225 1581 3298 propositum
1635 3225 1938 3280 voluntatis
1984 3241 2116 3280 suae.

527 3321 776 3394 Denique
806 3320 862 3374 in
889 3317 1176 3388 naufragio
1197 3316 1377 3389 posito
1406 3315 1868 3371 astititDominus
1889 3313 2078 3369 dicens
2104 3331 2114 3368 :

539 3437 556 3460 ι
585 3412 710 3468 Noli
757 3411 975 3476 timere,
1025 3409 1210 3475 Paule,
1256 3406 1400 3463 sicut
1431 3407 1578 3461 enim
1614 3406 1936 3462 testiﬁcatus
1967 3423 2024 3462 es
2054 3405 2120 3461 de

527 3518 612 3558 me
644 3499 1065 3572 Hierosolymis,
1096 3499 1171 3554 ita
1191 3507 1245 3554 et
1273 3499 1458 3554 Romae
1492 3499 1633 3566 (Act.
1673 3513 1838 3564 χχιιι,
1871 3498 1981 3568 11).
2008 3521 2025 3543 ι

599 3593 761 3664 (Vers
818 3592 929 3660 11.)
979 3616 996 3637 ι
1026 3590 1287 3646 Desidere
1315 3589 1462 3645 enim
1495 3589 1681 3644 videre
1726 3605 1844 3655 vos,
1895 3596 1955 3643 ut
1998 3604 2121 3660 gra-

526 3683 660 3738 tiam
688 3679 1054 3752 spiritutalem
1089 3679 1249 3735 vobis
1278 3677 1660 3734 administrem
1691 3677 1759 3734 ad
1789 3677 2120 3735 conﬁrman-

527 3769 627 3826 dos
657 3785 775 3825 vos.
810 3793 827 3816 ι
872 3768 1236 3826 Conﬁrmatio
1278 3767 1394 3823 haec
1424 3774 1534 3822 tres
1574 3784 1830 3839 personas
1869 3767 2121 3840 requirit,

528 3859 822 3915 annuentis
852 3859 971 3928 Dei,
1012 3857 1451 3914 administrantis
1494 3858 1768 3928 Apostoli,
1803 3857 2125 3929 accipientis

530 3949 740 4024 populi.
772 3951 932 4005 Nunc
952 3965 1080 4019 ergo
1101 3947 1360 4003 desiderii
1383 3949 1468 4004 sui
1495 3950 1834 4004 voluntatem
1859 3948 2122 4016 ostendit,

529 4055 767 4113 quonam
817 4048 958 4094 esset
997 4045 1127 4093 voto
1174 4038 1320 4093 circa
1367 4038 1528 4104 illos;
1579 4054 1703 4093 cum
1755 4037 1903 4093 enim
1949 4037 2121 4094 dicit:

543 4156 560 4178 ι
602 4131 671 4187 Ut
688 4129 914 4203 gratiam
948 4128 1291 4201 spiritualem
1323 4127 1481 4183 vobis
1511 4127 1915 4194 administrem,
1949 4151 1965 4172 -
2013 4142 2124 4181 car-

530 4221 711 4276 nalem
752 4219 878 4274 illos
921 4234 1140 4274 sensum
1194 4225 1469 4273 assecutos
1511 4216 1818 4288 signiﬁcat;
1853 4215 1982 4288 quia
2023 4214 2126 4271 sub

531 4307 755 4362 nomine
801 4307 1006 4364 Christi
1061 4323 1174 4362 non
1221 4307 1318 4362 illa
1373 4323 1492 4380 quae
1544 4305 1794 4362 Christus
1844 4305 2124 4370 docuerat,

532 4396 750 4451 fuerant
795 4395 1050 4462 assecuti,
1092 4396 1186 4450 sed
1217 4412 1278 4451 ea
1307 4413 1428 4468 quae
1458 4395 1676 4451 fuerant
1705 4411 1736 4449 a
1772 4393 1976 4450 Judaeis
2009 4402 2128 4448 tra—

2235 1879 2403 1945 talia;
2455 1878 2585 1951 quia
2631 1879 2886 1951 quamvis
2924 1878 3262 1949 congaudeat
3293 1879 3421 1935 ﬁdei
3455 1880 3700 1949 illorum,
3738 1881 3842 1937 do-

2237 1968 2343 2023 leat
2371 1976 2555 2024 tamen
2582 1968 2711 2040 quia
2740 1985 2850 2024 non
2881 1976 3084 2024 rectam
3115 1968 3459 2040 accipiebant
3490 1968 3675 2025 ﬁdem.
3719 1970 3840 2028 Hoc

2235 2057 2432 2113 affectu
2461 2057 2573 2114 fuit
2608 2058 2924 2130 Apostolus,
2956 2065 3018 2113 ut
3055 2057 3233 2112 aliena
3262 2057 3399 2112 vitia
3431 2059 3585 2130 quasi
3616 2075 3714 2114 sua
3743 2058 3839 2115 do-

2237 2147 2389 2200 leret.
2435 2146 2516 2201 Ac
2558 2162 2652 2218 per
2702 2146 2807 2202 hoc
2851 2146 3220 2214 consolemur,
3269 2145 3472 2219 inquit,
3525 2163 3624 2219 per
3667 2164 3838 2205 unam

2234 2243 2394 2307 atque
2425 2235 2672 2291 eamdem
2701 2235 2891 2303 ﬁdem,
2924 2244 2986 2292 ut
3017 2243 3150 2292 tunc
3192 2235 3497 2292 consolatio
3525 2252 3636 2291 una
3662 2237 3756 2305 sit,
3789 2238 3837 2294 si

2234 2324 2399 2380 unius
2445 2324 2574 2380 ﬁdei
2619 2325 2965 2382 efﬁcerentur
2995 2327 3053 2381 in
3083 2324 3308 2382 Christo
3338 2343 3352 2393 ;
3394 2333 3456 2380 ut
3485 2325 3837 2382 administra-

2234 2413 2311 2468 tio
2360 2415 2545 2486 gratiaa
2585 2415 2871 2488 spiritalis,
2925 2415 3334 2488 evangelizante
3365 2417 3651 2489 Apostolo,
3685 2416 3840 2476 hunc

2233 2512 2512 2574 praestaret
2544 2505 2818 2560 effectum.

2307 2603 2486 2672 (Vers.
2524 2604 2634 2674 13.)
2681 2631 2697 2649 ι
2730 2605 2848 2660 Νοιι
2891 2611 3075 2661 autem
3130 2604 3370 2660 arbitror
3415 2605 3664 2678 ignorare
3711 2623 3832 2680 vos,

2233 2689 2446 2758 fratres,
2479 2693 2606 2763 quia
2655 2710 2796 2764 smpe
2844 2693 3101 2766 proposui
3135 2694 3326 2749 venire
3357 2693 3426 2750 ad
3474 2711 3593 2762 vos,
3629 2705 3683 2750 et
3711 2712 3834 2767 pro-

2232 2777 2441 2834 hibitus
2487 2798 2608 2836 sum
2659 2799 2829 2854 usque
2871 2783 3072 2839 adhuc.
3107 2809 3124 2830 ι
3165 2784 3515 2855 Propositum
3556 2793 3609 2840 et
3641 2794 3830 2842 votum

2229 2885 2390 2923 suum
2420 2870 2683 2938 ostendit,
2720 2872 2867 2944 quod
2903 2874 3124 2945 quidem
3163 2873 3304 2929 scire
3333 2873 3460 2929 illos
3492 2891 3602 2930 non
3653 2874 3828 2932 ambi-

2230 2959 2307 3028 git
2338 2975 2432 3030 per
2457 2976 2548 3015 eos
2575 2960 2790 3028 fratres,
2827 2963 2920 3035 qui
2953 2964 3018 3018 ab
3063 2963 3362 3019 Jerusalem
3395 2964 3481 3019 vel
3515 2963 3833 3020 conﬁnibus

2228 3047 2548 3104 civitatibus
2587 3065 2747 3106 causa
2787 3068 2898 3106 suae
2951 3052 3234 3124 religionis
3289 3051 3359 3107 ad
3405 3052 3603 3108 Urbem
3649 3053 3832 3110 venie-

2230 3140 2382 3208 bant,
2432 3140 2574 3196 sicut
2618 3140 2822 3214 Aquila
2867 3150 2920 3197 et
2961 3143 3240 3211 Priscilla,
3291 3151 3481 3199 votum
3526 3141 3643 3214 ejus
3697 3143 3830 3199 insi-

2230 3237 2460 3284 nuantes
2484 3230 2766 3285 Romanis.
2801 3230 2940 3288 Cum
2972 3233 3120 3288 enim
3152 3249 3293 3306 saepe
3325 3234 3489 3289 vellet
3529 3232 3738 3301 venire,
3775 3241 3830 3289 et

2233 3323 2637 3394 prohiberetur,
2663 3324 2742 3380 sic
2767 3323 2972 3380 factum
3009 3330 3089 3379 est
3121 3331 3181 3380 ut
3209 3323 3474 3380 scriberet
3502 3325 3824 3396 epistolam;

2232 3429 2300 3468 ne
2347 3413 2445 3468 diu
2493 3413 2551 3468 in
2600 3414 2741 3468 mala
2797 3413 3190 3470 exercitatione
3233 3413 3466 3482 detenti,
3519 3431 3630 3470 non
3675 3414 3836 3472 facile

2231 3502 2655 3573 corrigerentur.
2681 3503 2752 3557 Et
2783 3502 2978 3559 fratres
3006 3520 3097 3559 eos
3130 3513 3307 3572 vocat,
3354 3521 3466 3559 non
3496 3506 3673 3560 solum
3705 3505 3837 3577 quia

2235 3591 2408 3646 renati
2457 3599 2650 3659 erant;
2697 3592 2791 3648 sed
2839 3600 2894 3648 et
2949 3593 3078 3666 quia
3129 3602 3286 3649 erant
3336 3593 3481 3650 inter
3528 3611 3638 3663 eos,
3708 3595 3837 3651 licet

2233 3681 2412 3751 pauci,
2464 3680 2560 3752 qui
2610 3688 2754 3737 recte
2801 3681 3090 3738 sentirent.
3141 3681 3294 3737 Unde
3323 3681 3505 3738 dixit:
3562 3707 3580 3729 ι
3611 3683 3836 3739 Vocatis

2234 3770 2437 3826 sanctis
2479 3771 2654 3841 (Rom.
2702 3789 2740 3839 ι,
2795 3774 2871 3844 7).
2913 3797 2931 3820 ι
2981 3772 3126 3839 Quid
3175 3781 3359 3829 tamen
3405 3781 3508 3838 est,
3565 3799 3583 3820 ι
3615 3773 3835 3830 Vocatis

2235 3860 2482 3915 sanctis?
2514 3885 2531 3908 ι
2572 3861 2627 3916 Si
2683 3860 2828 3916 enim
2870 3860 2982 3932 jam
3033 3863 3208 3918 sancti
3253 3872 3402 3930 sunt,
3435 3862 3712 3936 quomodo
3743 3881 3836 3918 vo-

2235 3956 2430 4003 cantur
2472 3958 2531 4005 ut
2581 3951 2993 4008 sanctiﬁcentur
3019 3953 3046 4008 ?
3077 3952 3183 4009 Sed
3228 3952 3334 4008 hoc
3361 3952 3426 4009 ad
3467 3953 3564 4009 Dei
3596 3953 3835 4025 pertinet

2237 4040 2659 4111 praescientiam,
2691 4043 2820 4115 quia
2845 4059 2980 4116 quos
3011 4044 3116 4100 scit
3160 4044 3305 4100 Deus
3337 4043 3553 4100 futuros
3596 4051 3832 4112 sanctos,

2231 4128 2343 4200 jam
2375 4130 2518 4202 apud
2549 4131 2709 4186 illum
2737 4132 2912 4187 sancti
2939 4142 3086 4200 sunt,
3120 4141 3174 4188 et
3205 4135 3382 4190 vocati
3416 4143 3757 4206 permanent.

2308 4222 2654 4277 l’rohibitum
2714 4229 2896 4277 tamen
2960 4238 3016 4277 se
3071 4221 3209 4280 dicit
3266 4240 3436 4296 usque
3497 4223 3563 4280 ad
3618 4232 3833 4296 tempus

2237 4308 2376 4364 datae
2410 4309 2673 4380 epistolae,
2705 4325 2735 4364 a
2764 4310 2876 4365 Deo
2906 4310 3117 4383 utique,
3152 4311 3267 4384 qui,
3311 4312 3491 4368 sciens
3523 4311 3704 4368 adhuc
3734 4312 3833 4368 im-

2236 4406 2453 4470 paratos
2483 4397 2628 4465 illos,
2653 4396 2721 4452 ad
2748 4397 2884 4453 alias
2914 4398 3076 4455 urbes
3101 4399 3306 4455 direxit
3333 4401 3682 4472 Apostolum,
3712 4418 3833 4474 quze

532 4493 666 4549 dita.
725 4492 793 4548 Se
848 4499 1030 4546 autem
1086 4509 1282 4563 cupere
1331 4494 1496 4549 citius
1555 4493 1764 4560 venire,
1823 4502 1884 4549 ut
1928 4489 2023 4547 30
2059 4493 2126 4548 ab
2156 4486 2343 4586 Diam
2403 4486 2470 4543 ad
2529 4487 2898 4560 recipiendam
2965 4489 3248 4544 veritatem
3328 4496 3507 4543 essent
3575 4507 3829 4562 capaces;

533 4582 636 4638 hac
687 4581 811 4638 illos
863 4581 1163 4637 traditione
1208 4581 1570 4648 abstraheret,
1605 4591 1659 4638 et
1686 4581 1971 4654 spirituale
2014 4582 2127 4638 illis

532 4668 772 4726 traderet
817 4670 1050 4738 donum,
1095 4677 1157 4726 ut
1193 4671 1440 4743 acquirat
1488 4670 1612 4726 illos
1649 4673 1783 4738 Deo,
1835 4672 2124 4742 participes

533 4759 658 4814 illos
702 4759 906 4815 faciens
950 4761 1136 4832 gratiae
1183 4760 1469 4832 spiritalis,
1508 4769 1569 4816 ut
1612 4760 1670 4815 in
1702 4760 2041 4832 professione
2070 4768 2125 4816 et

533 4847 638 4904 ﬁde
667 4864 765 4903 sua
793 4858 972 4904 essent
1003 4849 1251 4920 perfecti.

605 4935 748 4992 Hinc
788 4935 950 4992 datur
983 4937 1217 5010 intelligi
1266 4939 1517 5011 superius
1565 4955 1677 4995 non
1709 4937 1871 4995 ﬁdem
1895 4939 2123 4994 illorum

531 5023 800 5094 laudasse,
831 5026 925 5081 sed
956 5026 1276 5082 facilitatem
1309 5037 1361 5083 et
1402 5036 1590 5083 votum
1623 5028 1770 5084 circa
1799 5027 2079 5085 Christum
2105 5045 2118 5093 ;

530 5113 874 5171 Christianos
913 5115 1059 5170 enim
1099 5132 1156 5171 se
1195 5116 1534 5188 proﬁtentes,
1586 5117 1688 5172 sub
1733 5117 1848 5188 lege
1893 5116 2123 5188 agebant

527 5202 878 5275 simpliciter,
911 5204 1055 5260 sicut
1085 5203 1199 5260 illis
1225 5205 1403 5260 fuerat
1433 5204 1718 5261 traditum.
1747 5205 1883 5260 Nam
1911 5206 2120 5261 miseri-

526 5292 715 5350 cordia
763 5292 862 5348 Dei
903 5293 966 5348 ad
1016 5292 1122 5349 hoc
1165 5293 1289 5350 data
1337 5302 1439 5362 est,
1473 5304 1533 5350 ut
1559 5296 1650 5350 lex
1685 5303 1941 5364 cessaret,
1974 5295 2121 5368 quod

525 5398 666 5456 saepe
688 5380 804 5454 jam
832 5380 982 5448 dixi;
1017 5381 1145 5454 quia
1176 5381 1292 5454 (31)
1325 5384 1470 5438 Deus
1499 5384 1792 5440 consulens
1808 5383 2118 5440 inﬁrmitati

597 5597 712 5668 (30)
763 5598 910 5656 Edit.
967 5599 1097 5655 Gill.
1131 5615 1194 5656 ac
1243 5601 1424 5668 Rom.,
1471 5601 1774 5658 utRomam
1814 5600 2012 5656 veniret
2047 5601 2119 5657 ad

518 5667 833 5741 profectum,
873 5679 976 5730 etc.

2235 4575 2488 4648 quamvis
2533 4577 2635 4633 sub
2684 4580 2907 4634 nomine
2953 4587 3173 4650 agerent
3201 4578 3520 4647 Salvatoris,
3555 4580 3647 4636 sed
3679 4581 3834 4637 vitiis

2234 4667 2670 4739 prohibebantur
2715 4668 3075 4735 carnalibus;
3151 4685 3220 4725 ne
3281 4669 3433 4741 digni
3477 4670 3591 4742 jam
3652 4680 3834 4726 essent

2233 4755 2512 4813 addiscere
2539 4758 2827 4830 spiritalia.
2860 4757 3109 4831 Denique
3151 4758 3402 4814 volentes
3442 4759 3738 4832 aliquando
3774 4760 3830 4815 in

2234 4846 2556 4918 Bithyniam
2589 4849 2690 4914 ire,
2720 4848 2988 4920 prohibiti
3017 4857 3147 4906 sunt
3176 4867 3208 4905 a
3236 4859 3426 4907 sancto
3453 4849 3664 4922 Spiritu
3695 4851 3830 4905 Pau-

2234 4935 2319 4990 lus
2374 4943 2428 4990 et
2479 4934 2619 4991 Silas
2671 4936 2813 5006 (Act.
2864 4954 2984 5006 xv1,
3029 4938 3122 5010 7):
3157 4956 3276 5008 cur,
3320 4939 3428 4995 nisi
3458 4938 3621 4994 sciret
3651 4937 3832 4993 adhuc

2232 5024 2487 5080 aﬁ'ectum
2517 5025 2750 5082 deesse?
2780 5027 2942 5100 Apud
2986 5028 3303 5086 Corinthios
3350 5036 3532 5084 autem
3575 5044 3831 5084 commo—

2233 5120 2394 5169 netur
2438 5115 2752 5191 Apostolus,
2796 5115 3010 5173 dicente
3052 5120 3327 5175 Domino:
3397 5143 3414 5165 α
3449 5118 3710 5191 Loquere,
3761 5133 3830 5172 ne

2232 5204 2500 5271 tacueris;
2527 5188 2673 5276 'quia
2709 5206 2945 5276 populus
2993 5207 3131 5262 mihi
3181 5209 3387 5263 multus
3425 5214 3506 5263 est
3536 5188 3592 5262 in
3625 5207 3727 5262 hac
3754 5207 3827 5262 ci-

2233 5291 2400 5347 vitate
2431 5294 2573 5364 (Act.
2601 5311 2763 5362 xvm,
2795 5295 2849 5363 9,
2885 5296 2996 5366 10).
3020 5322 3035 5343 ι
3080 5297 3199 5353 Non
3229 5313 3356 5368 ergo
3386 5297 3559 5352 otiose
3582 5295 3828 5368 prohibi-

2230 5389 2346 5437 tum
2393 5398 2450 5437 se
2481 5382 2636 5450 dicit,
2684 5383 2777 5439 sed
2808 5391 2859 5439 et
2890 5401 3079 5441 causas
3133 5403 3411 5442 morarum
3451 5385 3738 5454 discrevit,
3771 5393 3826 5441 et

2263 5602 2418 5729 ι(31)
2450 5603 2578 5659 Mss.
2610 5603 2842 5680 aliquot,
2884 5611 2940 5660 ut
2969 5611 3226 5662 cessarent
3265 5623 3428 5664 onera
3474 5607 3620 5680 legis,
3673 5605 3824 5679 quia,

2283 5691 2332 5729 c.

2226 5689 2332 5733 0w.
