4136 6194
483 352 553 411 59
906 438 909 441 _
1506 365 1602 420 AD
1641 364 1876 423 OPERA
1914 364 1970 420 S.
2013 365 2349 427 AMBROSII
2387 372 2771 432 APPENDIX.
3718 385 3791 443 σο

476 480 749 554 loquitur,
803 482 896 554 qui
945 492 1147 557 negant
1185 485 1336 545 hunc
1384 504 1500 545 esse
1544 489 1848 561 Christum,
1898 509 2061 566 quem
2096 493 2149 554 Α

480 571 737 646 promisit
766 575 933 631 Deus.
979 600 999 623 ‹
1038 576 1193 635 Sicut
1221 577 1486 652 scriptum
1511 589 1593 637 est
1625 598 1637 637 :
1680 581 1868 638 Justus
1893 593 2074 642 autem

475 677 546 717 ex
574 661 683 718 ﬁde
712 663 853 718 vivit
906 665 1130 736 (Habeo.
1182 685 1243 737 ιι,
1275 668 1356 737 4).
1403 695 1421 718 ι
1484 671 1742 742 Proptere
1781 673 1848 729 ad
1880 689 2077 729 exem-

476 753 630 825 plum
660 755 940 828 prophetae
973 757 1226 816 Habacuc
1254 776 1310 815 se
1353 763 1648 831 convertit,
1686 772 1747 820 ut
1777 764 2077 823 declararet

476 850 571 908 32
613 853 748 909 olim
795 863 1073 911 ostensum
1112 855 1326 928 justum
1388 876 1453 915 ex
1496 860 1624 927 ﬁde,
1675 878 1787 918 non
1835 880 1904 919 ex
1959 865 2074 938 lege

473 941 682 1009 vivere,
734 941 839 998 hoc
886 950 986 1011 est,
1043 961 1152 1000 non
1202 945 1504 1017 justiﬁcari
1580 949 1861 1006 hominem
1928 954 2075 1024 apud

473 1035 648 1091 Deum
681 1050 774 1106 per
805 1036 997 1106 legem,
1029 1037 1123 1093 sed
1150 1054 1244 1109 per
1282 1039 1446 1095 ﬁdem
1475 1056 1486 1092 :
1522 1039 1637 1094 vita
1689 1042 1837 1096 enim
1867 1058 1937 1097 ex
1968 1043 2075 1100 ﬁde

473 1140 586 1181 non
635 1125 750 1182 hac
798 1143 1035 1199 praesens
1083 1136 1183 1191 est,
1235 1130 1328 1185 sed
1373 1131 1601 1198 futura;
1636 1133 1765 1205 quia
1787 1132 1972 1205 justus
2005 1152 2073 1191 ex

472 1214 579 1271 ﬁde
619 1215 784 1283 vivit,
816 1216 910 1271 sed
938 1216 1081 1287 apud
1115 1219 1310 1274 Deum.

547 1305 732 1373 (Vers.
787 1304 900 1374 18.)
948 1329 966 1351 ε
998 1306 1294 1362 Revelatur
1323 1307 1469 1364 enim
1503 1309 1583 1366 ira
1621 1312 1717 1367 Dei
1750 1312 1817 1368 de
1843 1315 1981 1370 ccelo
2012 1315 2071 1371 in

471 1406 691 1448 omnem
716 1391 1054 1462 impietatem
1087 1404 1139 1451 et
1178 1395 1505 1467 injustitiam
1537 1398 1824 1457 hominum
1855 1420 2066 1473 eorum,

471 1479 568 1552 qui
614 1479 900 1536 veritatem
952 1482 1048 1537 Dei
1099 1482 1156 1538 in
1213 1484 1438 1557 injustia
1485 1488 1780 1546 destinent.
1834 1518 1851 1541 ι
1916 1493 2070 1550 Sicut

470 1566 620 1624 enim
661 1570 718 1624 in
750 1569 849 1625 illo
877 1571 972 1643 qui
1005 1573 1205 1642 credit,
1228 1573 1445 1646 justitia
1473 1580 1572 1634 Dei
1606 1580 1899 1649 reveletur,
1924 1584 2069 1639 sicut

470 1674 634 1731 supra
663 1662 963 1716 memoravi
990 1680 1003 1729 ;
1037 1663 1113 1718 ita
1142 1673 1196 1718 et
1228 1665 1283 1720 in
1314 1682 1378 1721 eo
1399 1667 1492 1739 qui
1530 1686 1640 1724 non
1674 1673 1848 1728 credit
1876 1672 2065 1746 impie-

468 1756 551 1805 tas
571 1757 626 1806 et
647 1749 924 1821 injustitia
954 1753 1251 1809 revelatur.
1274 1756 1361 1811 Ex
1390 1757 1507 1828 ipsa
1527 1759 1673 1814 enim
1705 1762 1827 1817 coeli
1860 1762 2068 1820 fabrica

467 1835 641 1894 iratus
669 1838 783 1895 illis
803 1842 947 1896 Deus
978 1841 1234 1909 videtur;
1276 1843 1484 1901 idcirco
1511 1848 1658 1903 enim
1690 1857 1800 1905 tam
1837 1852 2064 1923 pulchra
2095 1856 2141 1916 B

467 1937 612 1983 astra
642 1928 910 1997 condidit,
935 1937 996 1986 ut
1016 1947 1085 1986 ex
1108 1931 1176 1986 iis
1197 1941 1435 2005 quantus
1462 1943 1516 1991 et
1535 1952 1695 2009 quam
1720 1938 2067 1998 admirabilis

469 2026 688 2077 creator
716 2035 905 2075 eorum
936 2029 1038 2089 est,
1070 2023 1244 2095 possit
1278 2026 1521 2097 agnosci,
1566 2035 1619 2083 et
1647 2030 1797 2087 solus
1826 2031 2062 2090 adorari.

466 2110 623 2168 Unde
652 2111 920 2182 scriptum
963 2122 1045 2169 est
1102 2112 1160 2169 in
1216 2115 1469 2173 Psalmo:
1545 2143 1563 2164 α
1617 2118 1754 2176 Caeli
1809 2133 2065 2182 enarrant

466 2200 696 2273 gloriam
744 2201 865 2270 Dei,
897 2210 949 2258 et
988 2218 1152 2275 opera
1175 2220 1438 2261 manuum
1479 2205 1597 2279 ejus
1628 2212 1922 2267 annuntiat
1959 2212 2066 2268 ﬁr-

466 2297 806 2347 mamentum
841 2292 1015 2364 (Psal.
1051 2309 1216 2363 xvm,
1251 2294 1331 2365 2).
1366 2319 1385 2344 ι
1440 2296 1544 2353 Per
1594 2302 1897 2359 naturalem
1936 2320 2064 2376 ergo

465 2379 639 2452 legem
670 2395 823 2436 reum
858 2381 989 2438 facit
1019 2398 1188 2455 genus
1214 2383 1519 2442 humanum
1548 2431 1562 2455 ,
1594 2397 1889 2461 potuerunt
1915 2392 2061 2449 enim

465 2467 523 2524 id
556 2485 652 2541 per
681 2471 853 2543 legem
884 2480 1098 2528 naturae
1127 2471 1556 2545 apprehendere,
1605 2478 1813 2537 fabrica
1869 2484 2063 2541 mundi

464 2560 814 2630 testiﬁcante,
834 2569 1113 2619 auctorem
1135 2565 1309 2620 Deum
1332 2568 1510 2623 solum
1533 2569 1899 2643 diligendum,
1915 2579 2062 2650 quod

463 2650 680 2723 Moyses
702 2653 902 2710 litteris
931 2655 1157 2711 tradidit
1193 2657 1370 2727 (Deut.
1402 2677 1479 2728 vr,
1501 2661 1592 2734 5):
1627 2664 1723 2720 sed
1752 2665 1910 2740 impii
1931 2668 2061 2726 facti

463 2748 593 2796 sunt
642 2758 753 2798 non
800 2744 1033 2801 colendo
1084 2745 1420 2818 Creatorem,
1462 2758 1516 2806 et
1554 2751 1831 2825 injustitia
1877 2757 1935 2813 in
1982 2758 2061 2815 eis

460 2840 701 2903 apparet,
733 2832 865 2891 dum
906 2836 1158 2895 videntes
1209 2838 1563 2902 dissimulant
1591 2862 1624 2901 a
1668 2850 1917 2920 veritate,
1949 2868 2060 2908 non

462 2918 693 2978 fatentes
722 2940 893 2980 unum
919 2929 1094 2982 Deum
1129 2928 1268 2998 (38).

534 3021 719 3091 (Vers.
764 3023 877 3095 19.)
923 3049 941 3073 ι
987 3026 1127 3093 Quia
1170 3029 1318 3100 quod
1362 3038 1553 3087 notum
1601 3042 1681 3090 est
1708 3037 1829 3106 Dei,
1872 3039 2059 3095 mani-

460 3107 663 3165 festum
704 3119 785 3168 est
839 3113 898 3169 in
948 3114 1079 3172 illis.
1113 3143 1132 3165 ι
1175 3118 1385 3175 Notitia
1437 3122 1533 3178 Dei
1568 3125 1854 3182 manifesta
1881 3136 1961 3184 est
1990 3145 2060 3184 ex

460 3200 655 3256 mundi
685 3201 926 3271 fabrica;
960 3212 1021 3261 ut
1049 3207 1196 3263 enim
1231 3211 1393 3279 Deus,
1426 3212 1519 3285 qui
1563 3222 1760 3271 natura
1790 3216 2058 3274 invisibi-
2088 3223 2132 3284 Ο

460 3288 529 3344 lis
582 3297 680 3359 est,
714 3291 881 3349 etiam
905 3294 1220 3354 visibilibus
1250 3301 1421 3372 possit
1466 3303 1618 3369 sciri,
1666 3322 1804 3377 opus
1848 3302 2055 3364 factum

458 3388 539 3436 est
565 3380 636 3437 ab
663 3397 749 3450 eo,
787 3383 935 3456 quod
964 3385 1213 3457 opiﬁcem
1245 3390 1572 3450 visibilitate
1600 3411 1698 3450 sua
1730 3397 2055 3454 manifesta-

453 3479 558 3539 ret,
609 3480 669 3529 ut
718 3489 814 3546 per
839 3482 1049 3533 certum
1100 3478 1371 3537 incertum
1403 3492 1583 3554 posset
1644 3485 1812 3541 sciri:
1863 3503 1927 3544 ac
1962 3504 2057 3560 per

454 3560 562 3617 hoc
608 3562 755 3635 quod
801 3567 1013 3623 caeteris
1061 3568 1405 3642 impossibile
1449 3581 1550 3642 est,
1603 3573 1699 3631 ille
1742 3591 1859 3632 esse
1909 3578 2056 3635 Deus

453 3652 702 3710 omnium
741 3656 1074 3727 crederetur,
1115 3661 1210 3733 qui
1245 3662 1349 3720 lioc
1376 3680 1514 3734 opus
1553 3664 1707 3721 fecit.

539 3767 558 3790 ι
594 3744 739 3803 Deus
767 3748 915 3805 enim
946 3749 1061 3806 illis
1110 3751 1506 3821 manifestavit,
1550 3779 1568 3801 ι
1614 3755 1721 3812 hoc
1766 3765 1868 3826 est,
1918 3775 2057 3832 opus

450 3830 604 3901 fecit,
635 3850 732 3907 per
756 3840 901 3911 quod
934 3840 1106 3912 possit
1136 3842 1357 3914 agnosci
1384 3857 1479 3913 per
1509 3842 1681 3901 ﬁdem
1715 3846 1854 3919 (39).

525 3922 702 3994 (Vers.
762 3925 880 4001 20.)
946 3956 964 3977 ι
1007 3932 1321 3989 Invisibilia
1376 3934 1522 3990 enim
1578 3933 1697 4007 ejus
1734 3953 1767 3991 a
1808 3944 2057 3994 creatura

451 4012 647 4069 mundi
675 4031 772 4087 per
794 4034 856 4073 ea
885 4034 1007 4090 qua:
1036 4020 1181 4076 facta
1211 4030 1363 4089 sunt,
1394 4022 1679 4081 intellecta
1706 4028 2055 4100 conspiciun-

450 4107 560 4157 tur.
595 4128 614 4151 ι
656 4105 806 4162 Idem
837 4123 1029 4166 sensus
1058 4117 1165 4177 est,
1192 4128 1356 4184 quem
1387 4116 1625 4186 repetit;
1660 4124 1721 4171 ut
1748 4117 2056 4174 absolutius

450 4188 645 4247 doceat
688 4197 817 4268 quia
855 4215 978 4254 cum
1032 4216 1128 4274 per
1174 4218 1230 4259 se
1273 4205 1521 4276 potentia
1556 4213 1611 4262 et
1652 4206 1906 4279 majestas
1954 4210 2052 4282 Dei

449 4287 712 4340 creaturae
759 4286 937 4343 oculis
982 4292 1155 4362 aspici
1202 4309 1312 4349 non
1361 4296 1593 4367 possint,
1646 4314 1809 4369 opere
1857 4299 2053 4355 mundi

449 4363 728 4428 intellecta
786 4374 902 4447 (40)
955 4363 1396 4453 conspiciuntur.
1460 4363 1586 4442 Hoc
1632 4363 1804 4459 igitur
1861 4404 2057 4459 genere

447 4469 569 4513 reos
616 4459 749 4518 facit
796 4480 888 4541 eos
915 4468 1009 4540 qui
1057 4469 1175 4527 sine
1224 4473 1336 4545 lege
1378 4473 1647 4531 vixerunt
1672 4483 1725 4531 et
1754 4483 1967 4533 naturae
2002 4487 2057 4535 et

2265 518 2285 543 σ
2311 494 2653 567 Sempiterna
2679 514 2897 573 quoque
2922 499 3040 572 ejus
3067 502 3248 558 virtus
3277 511 3331 559 et
3373 503 3671 576 divinitas,
3710 510 3793 566 ita

2184 592 2246 640 ut
2274 584 2387 642 sint
2406 585 2830 648 inexcusabiles.
2856 616 2874 638 ι
2911 592 2981 650 Ut
3002 594 3233 650 omnino
3253 597 3505 653 excusari
3527 597 3791 670 impietas

2184 688 2297 727 non
2335 676 2525 745 possit,
2557 677 2758 748 adjecit
2785 681 2951 737 etiam
2982 682 3257 740 virtutum
3283 685 3405 754 Dei,
3442 693 3496 741 et
3525 688 3789 745 divinita-

2184 767 2293 815 tem
2331 765 2718 836 sempiternam
2753 769 3027 838 cognitam
3069 787 3184 827 esse
3227 772 3295 827 ab
3344 773 3691 842 hominibus,
3732 783 3791 832 et

2183 857 2405 921 stupore
2450 856 2690 925 quodam
2733 856 3015 915 hebetasse
3055 861 3122 917 ad
3167 861 3555 920 honorandum
3588 866 3788 934 Deum,

2183 953 2345 1010 quem
2395 949 2448 996 et
2505 959 2640 1011 esse,
2681 953 2736 1001 et
2780 947 2992 1018 operari
3042 948 3110 1004 ad
3160 951 3456 1007 utilitatem
3488 970 3641 1011 suam
3675 972 3788 1013 non

2182 1030 2538 1101 ignorarent;
2586 1051 2648 1091 ea
2695 1037 2843 1093 enim
2881 1055 3001 1112 quae
3041 1039 3300 1097 humanis
3338 1043 3532 1099 usibus
3562 1046 3789 1105 evoluto

2181 1136 2326 1177 anno
2355 1122 2677 1194 gignuntur,
2712 1125 2890 1198 ipsum
2934 1127 3242 1185 decrevisse
3282 1130 3423 1186 nulli
3454 1132 3513 1188 in
3551 1133 3785 1191 dubium

2180 1219 2364 1274 venit.
2404 1221 2635 1277 IEterna
2673 1239 2801 1295 ergo
2832 1225 3011 1283 virtus
3062 1228 3180 1301 ejus
3229 1228 3481 1287 Christus
3534 1238 3633 1299 est,
3692 1250 3790 1305 per

2180 1322 2342 1379 quem
2388 1307 2650 1377 instituit,
2702 1327 2823 1384 quae
2870 1331 2981 1372 non
3033 1326 3210 1383 erant,
3241 1326 3295 1374 et
3345 1327 3568 1375 manent
3609 1320 3669 1376 in
3697 1337 3783 1378 eo.

2180 1393 2349 1466 Cujus
2401 1398 2448 1453 si
2508 1398 2721 1456 dudum
2775 1400 3006 1473 persona
3053 1407 3239 1479 agnita
3308 1425 3420 1464 non
3466 1419 3569 1479 est,
3623 1429 3787 1484 opera

2175 1492 2362 1541 tamen
2412 1489 2701 1546 manifesta
2748 1503 2914 1550 sunt:
2988 1495 3266 1555 Divinitas
3319 1516 3473 1569 vero,
3538 1502 3669 1575 quia
3727 1503 3784 1560 iu

2177 1588 2337 1645 opere
2367 1575 2472 1631 sibi
2512 1578 2730 1635 decreto
2758 1582 3058 1653 perdurant
3078 1586 3353 1642 elementa
3386 1604 3593 1646 rerum.

2262 1688 2279 1710 ι
2312 1666 2380 1721 Ut
2428 1666 2541 1723 sint
2591 1669 3021 1729 inexcusabiles.
3071 1675 3261 1733 Multis
3289 1679 3436 1734 enim
3476 1678 3655 1738 modis
3686 1684 3781 1756 qui

2174 1769 2299 1809 reus
2327 1757 2687 1815 convincitur
2716 1763 2970 1818 excusari
3000 1780 3109 1820 non
3139 1774 3337 1838 potest.

2250 1845 2430 1916 (Vers.
2464 1847 2578 1917 21.)
2633 1874 2650 1898 ι
2681 1850 2951 1918 Quoniam
3001 1871 3126 1911 cum
3158 1857 3546 1930 cognovissent
3582 1863 3776 1934 Deum,

2178 1948 2288 1989 non
2334 1934 2479 1991 sicut
2512 1938 2688 1994 Deum
2733 1942 3245 2015 magniﬁcaverunt,
3289 1955 3385 2004 aut
3433 1951 3633 2021 gratias
3662 1967 3779 2023 ege-

2178 2030 2326 2078 runt.
2359 2048 2378 2072 ι
2426 2025 2603 2098 Usque
2631 2029 2767 2085 adeo
2798 2046 2909 2086 non
2939 2032 3354 2105 ignoraverunt,
3384 2045 3445 2092 ut
3473 2036 3779 2096 faterentur

2177 2126 2350 2168 unum
2391 2130 2507 2172 esse
2534 2117 2893 2192 principium,
2918 2137 2949 2176 a
2977 2138 3085 2194 quo
3114 2124 3301 2179 omnia
3332 2125 3553 2184 initium
3584 2128 3780 2186 sortita

2175 2200 2308 2270 sint,
2364 2206 2611 2261 coelestia
2663 2216 2717 2264 et
2786 2211 3069 2267 terrestria
3121 2220 3175 2268 et
3219 2213 3475 2271 inferna:
3525 2224 3578 2273 et
3630 2218 3778 2276 hunc

2175 2306 2349 2346 unum
2378 2308 2494 2349 esse
2537 2295 2629 2367 qui
2664 2296 2922 2354 omnibus
2970 2298 3278 2357 decreverit
3325 2304 3682 2375 proprietates
3724 2314 3777 2363 et

2175 2379 2354 2437 ofﬁcia
2397 2385 2761 2453 naturaliter,
2813 2394 2867 2442 et
2912 2385 3030 2445 haec
3080 2388 3319 2446 scientes
3377 2408 3489 2447 non
3548 2404 3775 2466 egerunt

2174 2472 2391 2543 gratias.
2443 2477 2519 2531 De
2568 2478 2936 2535 anterioribus
2985 2480 3254 2554 loquitur,
3307 2490 3368 2538 ut
3398 2493 3691 2555 praesentes
3721 2496 3775 2544 et

2173 2560 2389 2619 futuros
2412 2566 2669 2638 corrigat.

2259 2676 2277 2699 ι
2308 2651 2412 2709 Sed
2440 2665 2785 2712 evanuerunt
2827 2657 2885 2713 in
2915 2659 3346 2731 cogitationibus
3385 2662 3519 2720 suis.
3553 2690 3570 2711 ι
3614 2665 3772 2722 Eva-

2173 2751 2448 2799 nuerunt:
2506 2744 2759 2803 videntes
2813 2746 2958 2802 enim
3015 2749 3285 2807 mundum
3365 2753 3506 2810 miro
3571 2765 3767 2815 ornatu

2172 2836 2416 2901 aptatum
2466 2832 2535 2889 ab
2587 2850 2671 2903 eo,
2722 2852 2883 2909 quem
2933 2836 3050 2910 ejus
3089 2841 3342 2912 opiﬁcem
3372 2854 3764 2917 cognoverant,

2169 2918 2665 2979 dissimulaverunt
2697 2926 2837 2997 (42).

2257 3034 2275 3057 ι
2304 3011 2377 3066 Et
2404 3011 2755 3072 obscuratum
2788 3024 2869 3073 est
2899 3016 3166 3091 insipiens
3193 3036 3290 3078 cor
3318 3037 3526 3079 eorum.
3572 3047 3591 3072 ι
3648 3026 3767 3081 Ne-

2170 3096 2303 3154 bula
2331 3102 2534 3158 erroris
2573 3105 2717 3161 texit
2745 3122 2841 3162 cor
2868 3108 3116 3177 illorum,
3149 3110 3279 3183 quia
3298 3126 3421 3167 cum
3451 3110 3766 3172 Creatorem

2169 3204 2238 3243 ex
2268 3188 2358 3259 iis,
2391 3207 2511 3264 quae
2545 3193 2676 3252 fecit
2706 3197 2955 3268 pulchra,
2990 3199 3227 3272 amplius
3268 3201 3632 3260 honoriﬁcam
3661 3204 3768 3262 de-

2164 3285 2405 3354 buerint,
2440 3287 2624 3344 obtusi
2662 3298 2815 3358 sunt,
2847 3293 3039 3350 relicto
3067 3295 3182 3362 illo,
3218 3297 3335 3353 haec
3372 3301 3490 3356 sola
3523 3300 3767 3358 dicentes

2166 3376 2271 3432 sibi
2302 3377 2549 3433 sufﬁcere
2577 3378 2645 3433 ad
2676 3380 2971 3447 culturam,
3007 3398 3128 3454 quae
3172 3384 3454 3442 videntur.

2239 3476 2421 3546 (Vers.
2453 3476 2582 3546 22.)
2648 3499 2667 3524 ι
2696 3477 2955 3534 Dicentes
3001 3479 3146 3535 enim
3198 3495 3256 3536 se
3297 3497 3414 3539 esse
3473 3486 3764 3558 sapientes,

2164 3564 2319 3620 stulti
2352 3564 2481 3620 facti
2517 3572 2665 3621 sunt.
2698 3589 2716 3612 ι
2762 3564 3045 3639 Sapientes
3097 3569 3245 3625 enim
3290 3586 3347 3627 se
3394 3572 3762 3646 arbitrantur;

2168 3653 2297 3728 quia
2325 3655 2568 3712 rationes
2598 3656 2855 3730 physicas
2883 3658 3240 3733 investigasse
3274 3679 3332 3718 se
3370 3672 3586 3737 putant,
3618 3683 3766 3724 scru-

2164 3751 2341 3802 tantes
2366 3762 2562 3803 cursus
2590 3746 2854 3815 siderum,
2905 3755 2959 3805 et
2997 3751 3290 3824 qualitates
3338 3755 3762 3827 elementorum,

2164 3841 2464 3898 Dominum
2498 3852 2680 3900 autem
2709 3843 2909 3901 horum
2939 3856 3296 3919 spernentes;
3330 3851 3455 3909 ideo
3484 3851 3579 3908 33
3609 3856 3765 3912 stulti

2164 3940 2324 3998 sunt;
2348 3949 2473 3989 cum
2494 3934 2540 3989 si
2560 3934 2677 3991 haec
2692 3934 2967 3992 laudanda
2982 3938 3329 4012 sint,quauto
3352 3943 3524 4016 magis
3544 3943 3768 4003 Creator

2166 4020 2389 4077 illorum
2427 4024 2438 4078 l
2471 4022 2662 4080 Solent
2692 4030 2877 4080 tamen
2908 4027 3173 4098 pudorem
3202 4031 3366 4102 passi,
3402 4034 3636 4105 neglecti
3666 4035 3766 4091 Dei

2166 4113 2365 4171 misera
2392 4116 2474 4171 uti
2508 4118 2886 4187 excusatione,
2918 4119 3160 4178 dicentes
3201 4139 3298 4194 per
3329 4123 3461 4180 istos
3503 4142 3657 4197 posse
3686 4126 3766 4182 ire

2165 4203 2233 4260 ad
2260 4205 2456 4272 Deum,
2495 4205 2640 4262 sicut
2668 4224 2765 4279 per
2810 4209 3042 4266 comites
3100 4212 3420 4284 pervenitur
3464 4213 3533 4269 ad
3561 4230 3765 4286 regem.

2165 4295 2299 4367 Age,
2350 4296 2625 4369 numquid
2668 4304 2779 4352 tam
2809 4297 3036 4356 demens
3082 4310 3165 4358 est
3195 4303 3417 4377 aliquis,
3450 4314 3545 4361 aut
3572 4308 3767 4365 salutis

2165 4401 2276 4441 sua:
2330 4384 2644 4454 immemor,
2694 4395 2757 4443 ut
2807 4386 3284 4446 honoriﬁcentiam
3337 4392 3478 4463 regis
3518 4394 3767 4452 vindicet

2164 4474 2354 4532 comiti
2388 4493 2401 4543 ;
2433 4492 2563 4532 cum
2601 4475 2668 4532 de
2711 4476 2815 4535 hac
2849 4494 2906 4533 re
2957 4480 3004 4534 si
3034 4480 3127 4552 qui
3158 4478 3323 4534 etiam
3373 4488 3606 4538 tractare
3636 4484 3766 4542 fue-

448 4546 624 4622 Moysi
650 4570 664 4621 ;
721 4557 1120 4616 consuetudine
1183 4561 1331 4617 enim
1405 4565 1666 4634 peccandi
1750 4566 2057 4642 obruerunt
2086 4593 2134 4651 Β
2167 4566 2280 4619 rint
2325 4564 2560 4633 inventi,
2603 4564 2728 4637 jure
2757 4574 2819 4623 ut
2851 4566 2931 4622 rei
2961 4546 3293 4622 damnentur
3322 4568 3668 4639 majestatis?
3693 4574 3767 4630 Et

450 4642 622 4716 legem
692 4656 921 4719 naturae,
991 4650 1262 4725 oblitique
1319 4654 1643 4710 memoriam
1700 4655 1818 4727 ejus
1879 4657 2045 4729 (lii):

446 4735 620 4804 legem
668 4747 849 4795 autem
887 4757 1008 4814 quae
1055 4742 1123 4799 ad
1163 4742 1611 4801 reformationem
1666 4746 1795 4807 data
1845 4746 2043 4820 fuerat,

448 4826 728 4899 percipere
759 4831 1079 4901 noluerunt,
1103 4842 1162 4890 ut
1183 4833 1395 4907 duplici
1414 4833 1577 4891 modo
1600 4835 1832 4894 obnoxii
1852 4837 2049 4895 ﬁerent

449 4914 815 4976 damnationi.

522 5064 631 5143 (38)
657 5064 808 5143 Edit.
842 5065 1155 5143 Amerbzet
1177 5068 1492 5143 Eras._cum
1510 5086 1641 5143 mss.
1665 5069 1811 5128 haud
1834 5072 2045 5143 paucis,

448 5153 554 5192 non
580 5135 833 5207 facientes
861 5155 1025 5194 unum
1056 5140 1224 5195 Deum
1245 5159 1266 5206 ;
1285 5140 1422 5198 edit.
1454 5140 1566 5198 Gill
1634 5159 1697 5201 ac
1726 5135 1884 5201 Rom.
1919 5135 2046 5200 cum

446 5208 659 5281 ceteris
689 5224 845 5277 mss.,
879 5227 986 5265 non
1002 5212 1242 5281 fatentes,
1276 5220 1382 5268 etc.

521 5280 638 5353 (39)
666 5280 745 5336 Ita
766 5280 1148 5359 v_et_.._edit._ac
1166 5300 1321 5352 mss.,
1353 5283 1457 5359 nisi
1484 5287 1628 5359 quod
1654 5285 1720 5359 in
1749 5285 1863 5342 illis
1884 5285 2047 5342 habe-

447 5360 558 5439 tur,
588 5353 801 5439 agnqsci
826 5354 977 5425 ﬁdes,
1010 5355 1106 5439 hin
1134 5355 1200 5439 is,
1228 5357 1441 5439 agiiosci
1466 5353 1778 5439 pertﬁdemn;
1803 5365 1860 5413 at
1885 5359 2043 5439 lto-n1.

447 5425 581 5498 edit.
609 5424 690 5481 sic
716 5424 897 5498 locum
936 5427 1193 5498 prefert:
1225 5424 1597 5498 Manifestavit
1634 5447 1687 5484 se
1726 5430 1868 5485 Deus
1912 5429 2044 5497 illis,

447 5495 572 5577 dum
595 5512 727 5577 opus
754 5494 897 5567 fecit,
924 5494 1024 5571 per
1069 5500 1211 5570 quod
1255 5494 1421 5572 possit
1462 5501 1694 5571 agnosci.
1741 5494 2047 5557 Invisibilia
2068 5552 2087 5565 κ

449 5575 609 5632 eam,
636 5575 741 5626 etc.

520 5636 640 5709 (40)
678 5640 809 5697 Gill.
860 5658 924 5700 ac
968 5644 1124 5701 Rom.
1178 5642 1313 5716 edit.
1360 5658 1489 5716 cum
1518 5658 1664 5716 (mss.
1714 5642 2045 5716 quibusdam

445 5727 638 5786 opere;
693 5728 847 5782 mss.,
895 5731 1078 5788 opera,
1122 5715 1405 5772 mundam
1448 5713 1703 5786 febrim;
1728 5713 1962 5773 Ἄπιθι-Ι).
1991 5725 2047 5774 et

2165 4651 2257 4707 isti
2284 4670 2340 4709 se
2368 4669 2480 4709 non
2512 4661 2706 4726 putant
2751 4670 2891 4722 reos,
2943 4655 3036 4726 qui
3086 4653 3350 4711 honorem
3382 4660 3626 4717 nominis
3664 4661 3765 4718 Dei

2158 4742 2414 4799 deferunt
2460 4752 2743 4810 creaturae,
2794 4753 2849 4799 et
2891 4744 3087 4801 relicto
3150 4747 3412 4814 Domino,
3465 4765 3764 4808 conservos

2156 4829 2407 4897 adorant,
2460 4831 2616 4904 quasi
2664 4831 2736 4887 sit
2774 4832 2986 4905 aliquid
3046 4834 3189 4905 plus,
3244 4836 3391 4909 quod
3444 4849 3762 4898 reservetur

2156 4923 2289 4978 Deo.
2321 4922 2455 4977 Nam
2486 4929 2540 4978 et
2569 4921 2694 4978 ideo
2723 4922 2793 4979 ad
2823 4939 3003 4996 regem
3045 4942 3140 4998 per
3168 4927 3423 4985 tribunos
3458 4938 3554 4987 aut
3582 4934 3757 4989 comi-

2157 5072 2448 5151 Gill._cum
2480 5070 2710 5144 reliquis
2739 5070 2886 5140 cod.,
2912 5087 3109 5143 opere;
3139 5074 3323 5147 plures
3363 5091 3519 5145 mss.,
3571 5095 3759 5151 opera,

2158 5144 2362 5201 mundi.

2230 5216 2348 5289 (fit)
2381 5215 2471 5272 Sic
2499 5214 2633 5289 edit.
2666 5213 2894 5289 Amerb.
2928 5223 2980 5272 et
3010 5217 3163 5273 Eras.
3196 5233 3321 5274 cum
3354 5218 3547 5276 multis
3578 5238 3705 5278 mss.
3743 5238 3758 5289 ;

2157 5288 2288 5345 Gill.
2323 5303 2453 5343 vero
2482 5294 2537 5342 et
2566 5288 2722 5344 Rom.
2754 5286 2888 5343 edit.
2921 5305 3047 5345 cum
3075 5289 3222 5357 aliis,
3255 5290 3610 5348 oblitterando
3648 5286 3765 5348 me?-

2160 5359 2383 5414 moriam
2414 5358 2547 5424 ejus.

2232 5429 2527 5518 (li?)_.Mss.‘
2551 5430 2808 5518 nonnulli
2840 5438 2895 5487 et
2923 5429 3055 5488 Gill.
3094 5431 3353 5518 in_variis
3380 5432 3553 5518 __lect.,
3604 5451 3764 5518 vere-

2154 5502 2530 5579 vanitatisest
2563 5504 2679 5579 hoc,
2707 5508 2814 5579 _ut,
2873 5510 3246 5579 cognoscentes
3275 5506 3577 5575 veritatem,
3609 5508 3761 5579 cogi-

2158 5581 2331 5647 iurent
2358 5573 2512 5647 aliud
2540 5574 2813 5631 colendum
2833 5618 2848 5642 ,
2880 5573 3021 5645 quod
3062 5576 3357 5632 nesciebant
3405 5573 3591 5632 verum
3619 5573 3758 5647 esse;

2154 5652 2215 5701 ut
2258 5645 2655 5702 dissimulantes
2709 5647 2775 5702 ab
2827 5663 2905 5715 eo,
2936 5647 3163 5704 colerent
3207 5648 3375 5706 idola.
3408 5650 3484 5707 Et
3516 5645 3765 5707 centeno-'-

2154 5718 2368 5775 bratum
2397 5723 2492 5785 est,
2523 5725 2627 5776 etc.
