4136 6194
328 365 397 422 61
812 344 816 353 ’
1428 358 1792 418 COMMENT.
1834 361 1908 417 [Ν
1946 359 2163 416 EPIST.
2206 359 2301 415 AD
2341 361 2514 419 non.
3576 366 3649 431 eg

330 495 413 543 tes
440 485 591 553 itur;
624 486 753 559 quia
781 487 949 545 homo
979 486 1172 561 utique
1189 494 1271 544 est
1288 500 1410 552 rex,
1441 492 1497 542 et
1522 484 1697 543 nescit
1722 484 1925 559 quibus
1951 486 2005 546 A
2032 491 2297 540 raverunt
2326 482 2430 539 ista
2454 484 2726 556 faciendo,
2758 504 2860 545 nec
2881 489 2939 544 in
2970 490 3038 546 iis
3066 506 3188 565 quae
3214 490 3467 548 visibilis
3484 499 3642 551 sunt,

332 579 527 638 debeat
581 579 980 653 rempublicam
1040 578 1282 637 credere.
1340 578 1428 637 Ad
1491 581 1666 636 Deum
1719 587 1927 646 autem,

330 683 493 740 quem
522 667 717 741 utique
756 667 897 724 nihil
932 669 1064 724 latet
1095 667 1372 737 (omnium
1402 667 1553 724 enim
1585 668 1784 725 merita
1820 684 1931 723 no-

329 757 459 828 vit),
492 757 941 828 promerendum,
974 756 1336 829 suffragatore
1363 774 1477 813 non
1520 774 1659 828 opus
1703 765 1804 824 est,
1837 755 1932 811 sed

330 852 513 900 mente
541 844 756 901 devota.
789 845 1118 919 Ubicunque
1147 846 1298 901 enim
1326 845 1455 902 talis
1506 845 1723 902 locutus
1767 842 1951 901 fuerit.

328 933 401 1001 ei,
433 933 785 1007 respondebit
813 935 921 991 illi.

402 1033 583 1104 (Vers.
617 1032 734 1103 23.)
780 1057 800 1079 ε
834 1033 904 1088 Et
938 1040 1294 1090 mutaverunt
1323 1032 1553 1105 gloriam
1585 1031 1931 1102 incorrupti-

326 1121 457 1178 bilis
505 1120 605 1178 Dei
654 1120 716 1176 in
763 1120 1189 1176 similitudinem
1240 1120 1497 1194 imaginis
1552 1121 1931 1194 corruptibilis

327 1210 599 1267 hominis.
631 1234 651 1257 ι
694 1209 786 1266 Sic
815 1209 1148 1266 obcaecatum
1175 1219 1255 1267 est
1283 1226 1379 1267 cor
1415 1212 1665 1274 illorum,
1706 1219 1769 1267 ut
1818 1228 1928 1267 ma-

319 1299 581 1373 jestatem
615 1298 915 1354 invisibilis
943 1299 1062 1365 Dei,
1095 1316 1253 1372 quem
1281 1317 1350 1356 ex
1380 1300 1469 1357 his
1496 1302 1654 1358 factis
1681 1316 1931 1374 agnove-

325 1398 477 1456 rant,
510 1406 617 1445 non
649 1387 970 1444 hominibus
1004 1388 1143 1461 (43),
1194 1390 1287 1446 sed
1328 1390 1477 1463 quod
1536 1390 1692 1463 pejus
1742 1400 1844 1459 est,
1876 1401 1931 1449 et

327 1476 708 1533 inexcusabile
763 1476 998 1542 crimen,
1048 1477 1105 1532 in
1156 1478 1585 1536 similitudinem
1641 1480 1930 1537 hominum

327 1573 624 1632 mutarent,
655 1575 715 1622 ut
742 1567 923 1622 forma
953 1567 1337 1640 corruptibilis
1383 1568 1630 1625 hominis
1677 1571 1822 1627 Deus
1863 1570 1930 1627 ab

326 1653 416 1709 his
446 1662 695 1723 vocetur,
726 1654 830 1711 hoc
858 1665 961 1723 est,
992 1656 1349 1714 simulacrum
1384 1658 1629 1715 hominis
1660 1674 1672 1712 :
1706 1667 1768 1715 ut
1794 1676 1932 1733 quos

326 1746 488 1807 vivos
532 1744 638 1800 hoc
674 1743 902 1801 nomine
936 1744 1141 1801 donare
1181 1762 1292 1802 non
1321 1745 1547 1813 audent,
1586 1756 1930 1805 mortuorum

2038 589 2226 645 sapere
2254 582 2570 647 potuerunt.
2605 576 2843 634 Diﬂicile
2871 579 3017 635 enim
3069 580 3128 636 in
3167 580 3474 654 majoribus
3503 597 3647 653 pru-

2038 659 2195 730 dens,
2228 662 2285 717 in
2316 663 2630 720 minoribus
2648 681 2759 720 non
2788 668 2929 739 sapit
2962 667 3103 739 (48).

2113 749 2297 820 (Vers.
2353 750 2470 822 24.)
2524 775 2542 797 ι
2602 754 2828 826 Propter
2869 758 3015 829 quod
3060 759 3289 816 tradidit
3332 760 3461 816 illos
3498 760 3647 816 Deus

2042 837 2101 894 in
2127 838 2399 896 desideria
2442 842 2628 899 cordis
2682 845 2932 913 illorum,
2989 848 3047 905 in
3095 850 3533 920 immunditiam,
3584 859 3647 908 ut

2040 929 2396 984 contumeliis
2439 931 2687 986 alliciant
2732 950 2963 1005 corpora
3003 954 3101 993 sua
3145 939 3203 994 in
3249 940 3577 1012 semetipsis.
3609 964 3628 987 ι

2040 1018 2333 1084 Quoniam,
2367 1018 2574 1090 inquit,
2601 1020 2670 1076 ad
2701 1020 2966 1093 injuriam
2997 1027 3258 1082 creatoris
3286 1030 3384 1084 Dei
3415 1028 3642 1099 ﬁgmen-

2042 1117 2095 1164 ta
2121 1116 2173 1162 et
2203 1107 2603 1165 similitudines
2634 1126 2815 1166 rerum
2846 1111 3265 1182 deiﬁcaverunt,
3296 1117 3486 1173 traditi
3514 1124 3643 1174 sunt

2040 1198 2352 1266 illudendi;
2390 1207 2443 1259 et
2474 1200 2661 1257 traditi
2694 1217 2807 1257 non
2840 1211 2898 1258 ut
2932 1203 3031 1258 illa
3059 1213 3302 1276 agerent,
3337 1223 3457 1279 quae
3484 1208 3646 1263 nole-

2040 1288 2208 1354 bant;
2251 1289 2347 1345 sed
2395 1297 2456 1344 ut
2510 1289 2606 1346 illa
2663 1291 3010 1363 perﬁcerent,
3061 1310 3182 1366 quae
3228 1293 3639 1353 desiderabant.

2039 1379 2110 1434 Et
2140 1378 2232 1434 hic
2270 1378 2488 1436 bonitas
2532 1382 2633 1437 Dei
2676 1391 2794 1448 est;
2833 1400 2959 1439 cum
3005 1384 3153 1439 enim
3184 1383 3415 1457 dignum
3448 1386 3644 1442 fuisset

2040 1467 2239 1539 subjici
2273 1470 2420 1537 illos,
2457 1478 2519 1525 ut
2557 1470 2800 1526 facerent
2828 1489 2948 1544 quas
3002 1473 3265 1529 nolebant
3312 1483 3367 1531 et
3412 1477 3641 1533 crucia-

2042 1568 2259 1626 rentur;
2292 1562 2440 1634 quia,
2472 1562 2601 1618 licet
2621 1563 2850 1622 bonum.
2878 1563 2923 1617 si
2946 1572 3136 1620 contra
3159 1567 3499 1624 voluntatem
3524 1569 3642 1638 ﬁat,

2041 1665 2287 1705 amarum
2316 1658 2369 1705 et
2410 1652 2613 1707 malum
2656 1660 2753 1707 est.
2788 1653 2884 1709 Isti
2915 1661 3123 1723 autem,
3178 1642 3487 1713 avertentes
3530 1674 3585 1713 se
3613 1673 3648 1713 a

2040 1743 2174 1809 Deo,
2216 1741 2402 1797 traditi
2433 1752 2562 1800 sunt
2592 1742 2832 1800 diabolo.
2865 1744 3099 1800 Tradere
3151 1756 3336 1803 autem
3386 1759 3467 1806 est
3514 1766 3648 1823 per-

328 1833 599 1906 imagines
629 1832 689 1888 in
719 1834 951 1904 gloriam
974 1833 1071 1890 Dei
1090 1835 1614 1907 recipiant.Quanta
1633 1836 1927 1905 hebetudo,
1960 1851 2006 1910 B
2046 1832 2286 1899 mittere.
2320 1848 2432 1887 11011
2466 1832 2698 1889 ίιὶοίῑδτθ
2730 1842 2828 1891 aut
2854 1834 3195 1907 immittere;
3230 1848 3290 1895 ut
3320 1856 3382 1896 ea
3422 1857 3543 1913 qua:
3587 1842 3647 1899 in

328 1930 532 1996 quanta
582 1922 841 1989 stultitia,
888 1921 991 1979 hos
1035 1924 1309 1996 sapientes
1352 1926 1628 1997 appellare
1669 1927 1739 1983 ad
1775 1945 1930 1984 suam

326 2010 766 2079 damnationem,
797 2011 941 2089 apud
972 2028 1109 2085 quos
1140 2014 1264 2085 plus
1306 2021 1487 2086 potest
1540 2015 1719 2088 imago
1768 2032 1930 2090 quam

325 2101 569 2168 veritas;
597 2107 653 2157 et
680 2100 887 2156 mortui
918 2102 1163 2174 potiores
1189 2111 1322 2159 sunt
1352 2103 1499 2160 vivis
1534 2104 1652 2179 (44)
1682 2107 1692 2162 l
1723 2109 1773 2163 A
1801 2106 1931 2162 vivo

326 2195 476 2253 enim
505 2198 619 2254 Deo
668 2195 1008 2266 recedentes,
1053 2198 1290 2254 mortuis
1330 2197 1540 2268 favent,
1588 2200 1647 2255 in
1694 2216 1930 2274 quorum

325 2302 558 2343 numero
585 2295 737 2355 sunt,
768 2287 912 2344 sicut
940 2287 1207 2361 scriptum
1238 2296 1318 2345 est
1358 2288 1418 2344 in
1463 2289 1735 2361 sapientia
1766 2290 1932 2346 Salo-

327 2375 509 2432 monis
545 2393 557 2432 :
598 2400 617 2424 ι
654 2376 901 2433 Mortalis
928 2376 1089 2450 ﬁngit
1117 2385 1403 2435 mortuum
1433 2378 1693 2435 manibus
1721 2378 1931 2453 iniquis

330 2462 485 2535 (Sap.
519 2480 621 2535 xv,
650 2464 763 2536 17).
798 2489 818 2514 ι

413 2594 432 2618 ι
460 2572 531 2628 Et
555 2572 867 2638 volucrum,
895 2581 951 2630 et
978 2571 1423 2647 quadrupedum,
1452 2583 1506 2632 et
1532 2576 1914 2648 serpentium»

328 2660 427 2716 His
455 2659 717 2733 subjectis
744 2661 1050 2718 cumulavit
1079 2662 1147 2719 ad
1177 2680 1391 2736 pmnam
1427 2664 1928 2739 hebetudinis(45),

328 2757 393 2806 ut
449 2750 592 2807 ultra
635 2752 929 2807 stultitiam
973 2760 1027 2809 et
1074 2753 1377 2811 vanitatem
1425 2755 1538 2812 sint
1584 2754 1924 2827 hujusmodi.

328 2838 417 2896 Sic
452 2838 598 2895 enim
630 2840 729 2897 Dei
761 2840 1097 2914 majestatem
1129 2852 1184 2900 et
1222 2844 1452 2916 gloriam
1495 2844 1835 2913 minuerunt,
1870 2855 1931 2902 ut

334 2927 533 2984 horum
562 2945 683 3003 quae
715 2932 948 2988 minima
976 2940 1031 2989 et
1059 2948 1229 3005 parva
1254 2942 1386 2990 sunt
1416 2932 1529 3003 (46)
1571 2934 1930 2990 similitudini

334 3018 436 3075 Dei
466 3018 948 3079 honorificentiam
979 3022 1213 3090 darent;
1248 3023 1416 3095 primi
1450 3021 1598 3078 enim
1637 3023 1930 3095 Babylonii

331 3109 507 3165 Deum
538 3119 883 3167 vocaverunt
914 3110 1239 3182 ﬁgmentum
1271 3111 1390 3167 Beli
1420 3109 1705 3182 cujusdam
1744 3127 1931 3184 quon-

2042 1919 2333 1975 desideriis
2376 1931 2762 1994 conceperant,
2806 1924 2983 1996 adjuti
3025 1942 3057 1981 a
3093 1927 3316 1984 diabolo
3358 1931 3648 2002 explerent

2039 2008 2098 2065 in
2128 2025 2290 2081 opere
2316 2026 2328 2065 :
2367 2027 2468 2068 nec
2487 2012 2637 2068 enim
2670 2022 2894 2086 possent
2918 2014 3240 2087 hujusmodi
3267 2018 3474 2076 bonum
3503 2019 3647 2093 cogi-

2039 2105 2212 2154 tatum
2246 2098 2468 2156 habere.

2110 2186 2323 2245 Traditi
2371 2205 2500 2262 ergo
2534 2199 2663 2247 sunt
2705 2215 2724 2240 ι
2767 2193 2826 2249 in
2869 2194 3306 2266 immunditiam,
3347 2205 3409 2254 ut
3450 2206 3643 2256 contu-

2039 2278 2221 2333 meliis
2248 2278 2492 2337 alliciant
2530 2297 2765 2355 corpora
2810 2300 2910 2340 sua
2954 2284 3013 2341 in
3063 2287 3391 2359 semetipsis.
3440 2310 3460 2338 ι
3502 2288 3641 2348 Cum

2038 2368 2315 2439 praeterita
2372 2371 2598 2441 recolat,
2659 2373 2825 2429 etiam
2883 2379 2983 2437 34
3031 2376 3317 2448 praesentis
3371 2378 3644 2452 temporis

2038 2463 2180 2518 mala
2238 2464 2552 2536 signiﬁcat;
2609 2468 2739 2540 quia
2794 2470 3093 2528 traduntur
3146 2489 3297 2530 nunc
3354 2490 3530 2547 usque
3580 2482 3643 2531 ut

2038 2555 2395 2611 contumeliis
2441 2557 2682 2614 alliciant
2738 2576 2968 2633 corpora
3010 2579 3131 2619 sua.
3185 2562 3432 2635 Originis
3490 2564 3640 2621 enim

2039 2642 2192 2699 illius
2222 2661 2372 2703 nunc
2403 2662 2575 2719 usque
2602 2656 2732 2703 sunt
2762 2648 3016 2706 homines
3059 2651 3155 2722 qui
3202 2652 3468 2709 dicuntur
3522 2671 3637 2710 cor-

2038 2750 2170 2806 pora
2198 2753 2296 2794 sua
2334 2738 2696 2795 dehonestare
2725 2740 2987 2797 invicem.
3039 2741 3176 2799 Cum
3220 2744 3482 2814 cogitatio
3524 2744 3639 2801 aui-

2040 2839 2141 2878 maa
2174 2826 2249 2880 sit
2285 2826 2346 2882 in
2383 2827 2639 2895 crimine,
2670 2844 2901 2899 corpora
2946 2830 3209 2887 dicuntur
3251 2833 3639 2903 dehonestari;

2041 2931 2231 2986 quare,
2263 2917 2370 2971 nisi
2403 2917 2530 2990 quia
2563 2920 2773 2974 macula
2802 2922 3049 2992 corporis
3078 2922 3346 2978 indicium
3385 2932 3469 2980 est
3504 2938 3640 2995 pec-

2040 3008 2146 3063 cati
2176 3007 2375 3064 animae
2397 3008 2424 3064 ?
2455 3008 2590 3066 Cum
2616 3011 2764 3066 enim
2795 3028 2997 3083 corpus
3023 3013 3450 3083 contaminatur,
3473 3029 3636 3071 nemo

2037 3096 2267 3168 ambigit
2294 3098 2494 3153 animae
2531 3114 2646 3154 esse
2671 3109 2980 3172 peccatum.

326 3194 455 3253 dam
484 3197 734 3254 hominis
764 3199 990 3268 mortui,
1021 3202 1119 3265 qui
1150 3199 1517 3273 principatum
1551 3200 1608 3255 in
1654 3216 1746 3256 eos
1776 3200 1928 3257 dici-
1962 3220 2005 3280 ο
2039 3276 2049 3285 _
2110 3187 2290 3285 (V373:
2322 3188 2435 3285 255-)
2482 3211 2501 3234 ‘
2546 3188 2651 3255 Qui
2685 3198 3182 3285 _COIIlmut8VBI‘unt
3209 3190 3501 3249 veritatem
3532 3194 3633 3250 Dei

322 3292 423 3342 tur
449 3286 645 3357 egisse.
665 3286 969 3346 Coluerunt
996 3296 1052 3345 et
1079 3298 1381 3360 serpentem
1416 3289 1729 3357 draconem,
1762 3306 1923 3363 quem

323 3372 536 3430 occidit
556 3374 750 3431 Daniel
774 3375 942 3434 homo
966 3376 1064 3434 Dei
1089 3377 1255 3449 (Dan.
1279 3394 1399 3446 xxv,
1426 3376 1518 3447 21)
1540 3376 1700 3449 cujus
1727 3380 1922 3436 simili-

323 3462 576 3520 tudinem
608 3464 832 3522 habent.
862 3466 1112 3540 ngyptii
1144 3473 1325 3523 autem
1347 3466 1600 3523 colebant
1619 3467 1922 3541 quadrupe-

324 3552 472 3620 dem,
493 3569 659 3627 quam
689 3554 948 3612 dicebant
975 3555 1143 3629 Apin,
1166 3556 1226 3612 in
1255 3555 1681 3613 similitudinem
1712 3573 1916 3623 vacca;

323 3642 472 3715 quod
515 3644 723 3700 malum
771 3645 1025 3703 imitatus
1071 3653 1154 3703 est
1194 3645 1484 3703 Jeroboam
1517 3646 1633 3717 (ΙΙΙ
1660 3648 1783 3718 Reg.
1813 3663 1919 3716 xu,

322 3731 442 3802 28),
473 3749 666 3791 vaccas
692 3733 972 3792 instruens
1002 3735 1061 3790 in
1104 3735 1350 3791 Samaria
1381 3734 1526 3806 (47),
1576 3735 1778 3806 quibus
1822 3752 1920 3792 sa-

322 3819 635 3879 criﬁcarent
660 3823 867 3892 Judaei;
896 3832 950 3880 et
980 3826 1254 3893 volucres,
1302 3823 1434 3898 quia
1476 3823 1742 3881 Coracina
1769 3842 1923 3883 sacra

322 3907 596 3968 habebant
626 3913 841 3984 pagani.
873 3913 1079 3969 Harum
1110 3923 1293 3970 tamen
1327 3929 1511 3970 rerum
1541 3929 1677 3986 quas
1716 3930 1920 3971 memo-

322 4001 461 4068 ravi,
514 4002 809 4060 simulacra
871 4004 1165 4060 coluerunt
1213 4004 1486 4077 Egyptii,
1537 4011 1593 4060 et
1636 4004 1746 4060 alia
1797 4021 1918 4078 quae

321 4106 470 4148 nunc
497 4091 679 4149 dicere
720 4109 832 4148 non
884 4102 969 4150 est
1027 4109 1268 4151 necesse.
1327 4094 1456 4150 Haec
1506 4093 1575 4151 ab
1631 4093 1719 4149 his
1774 4094 1918 4150 facta

321 4189 471 4249 sunt,
507 4182 603 4254 qui
652 4198 710 4238 se
752 4182 1027 4256 sapientes
1078 4184 1493 4240 aestimaverunt
1547 4183 1607 4239 in
1666 4183 1911 4251 mundo;

319 4270 450 4342 quia
472 4272 621 4327 enim
653 4272 995 4328 invisibilem
1021 4274 1168 4330 Deus
1197 4279 1554 4345 agnoscentes
1587 4288 1699 4328 non
1728 4272 1916 4331 hono-

387 4448 512 4519 (43)
548 4450 717 4521 Rom.
739 4448 881 4521 edit.
917 4465 981 4505 ac
1012 4449 1172 4521 pauci
1216 4466 1371 4521 mss.,
1397 4464 1522 4521 non
1566 4447 1624 4503 in
1661 4447 1910 4521 homines.

314 4521 468 4577 Infra
498 4536 626 4576 vero
665 4519 760 4575 ubi
791 4520 979 4577 eadem
1013 4519 1140 4578 cum
1180 4520 1304 4577 aliis
1350 4519 1482 4576 edit.
1533 4536 1596 4577 ac
1645 4536 1771 4576 mss.
1816 4520 1913 4576 ali-

2016 3276 2094 3332 -in
2123 3276 2496 3346 mendacium,
2529 3287 2583 3335 et
2611 3281 2904 3337 coluerunt
2931 3290 2985 3339 et
3011 3284 3323 3341 servierunt
3369 3294 3633 3342 creatura

2034 3367 2218 3440 potius
2250 3383 2412 3440 quain
2446 3368 2714 3435 Creatori,
2746 3371 2841 3444 qui
2868 3379 2951 3427 est
2975 3372 3299 3431 benedictus
3326 3374 3384 3429 in
3411 3375 3632 3434 saecula.

2033 3458 2231 3515 Amen.
2264 3481 2284 3506 ι
2328 3459 2823 3517 Comniutaverunt
2850 3466 3137 3519 veritatem
3179 3463 3277 3521 Dei
3306 3463 3364 3519 in
3397 3464 3633 3520 menda-

2032 3548 2202 3617 cium,
2236 3549 2340 3608 hoc
2365 3559 2448 3606 est
2479 3567 2681 3607 nomen
2721 3552 2821 3608 Dei
2862 3553 2958 3625 qui
3006 3569 3169 3610 verus
3213 3561 3314 3623 est,
3364 3554 3635 3612 dederunt

2031 3641 2101 3697 iis
2130 3643 2225 3716 qui
2271 3658 2382 3698 non
2412 3650 2543 3699 sunt
2572 3642 2673 3699 dii.
2708 3643 3009 3715 Lapidibus
3039 3646 3190 3701 enim
3234 3653 3289 3702 et
3327 3645 3509 3717 lignis,
3543 3644 3634 3701 vel

2031 3734 2243 3791 caeteris
2277 3735 2516 3791 metallis
2534 3736 2847 3791 auferentes
2866 3735 3013 3809 quod
3034 3744 3182 3806 sunt,
3194 3736 3328 3794 dant
3352 3738 3464 3793 illis
3485 3735 3633 3810 quod

2033 3839 2144 3878 non
2174 3833 2324 3889 sunt,
2354 3830 2409 3878 et
2448 3822 2555 3880 hoc
2582 3832 2665 3879 est
2713 3824 3008 3881 immutare
3058 3841 3249 3881 verum
3298 3826 3355 3881 in
3404 3826 3625 3882 falsum.

2029 3914 2151 3970 Non
2182 3914 2332 3969 enim
2363 3921 2636 3970 vocantur
2649 3913 2766 3985 jam
2800 3916 2938 3987 lapis
2968 3924 3063 3972 aut
3093 3916 3325 3989 lignum,
3355 3917 3450 3974 sed
3469 3918 3622 3974 deus:

2030 4000 2136 4058 hoc
2163 4011 2244 4058 est
2271 4002 2482 4058 servire
2513 4003 2696 4074 potius
2722 4013 2986 4060 creaturae
3012 4022 3174 4078 quam
3200 4006 3467 4063 Creatori.
3508 4006 3629 4060 Non

2028 4092 2177 4147 enim
2235 4099 2435 4163 negant
2484 4094 2677 4161 Deum,
2725 4093 2820 4149 sed
2871 4095 3124 4150 serviunt
3164 4101 3473 4150 creaturae:
3520 4109 3629 4164 quo

2028 4196 2139 4236 non
2164 4190 2518 4249 excusantur,
2551 4183 2647 4239 sed
2671 4191 3001 4240 accusantur
3023 4182 3230 4253 magis;
3267 4180 3398 4254 quia
3430 4196 3626 4254 cogno-

2025 4281 2235 4330 scentes
2265 4272 2409 4345 (49),
2441 4289 2551 4330 non
2584 4273 2863 4329 honorant
2893 4274 3091 4328 Deum.

2024 4448 2287 4503 instruens
2316 4453 2410 4502 aut
2440 4445 2668 4500 instituit
2720 4461 2818 4517 pro
2848 4444 3143 4518 instituens.
3178 4445 3330 4501 Infra
3351 4462 3495 4518 vero
3525 4462 3626 4518 pro

2028 4521 2293 4575 Coracina
2338 4527 2433 4574 aut
2485 4516 2734 4573 coronica
2780 4533 2955 4584 sacra,
3009 4516 3233 4590 quidam
3264 4516 3389 4574 cod.
3422 4516 3629 4575 habent

315 4601 473 4665 quot,
502 4591 780 4665 utforma
838 4593 1215 4665 corruptibilis
1271 4591 1542 4665 hominis;
1602 4608 1731 4647 mss.
1783 4607 1916 4646 non-
1947 4585 1994 4641 Ι)
2028 4591 2223 4665 Latina
2252 4608 2387 4665 voce
2416 4591 2636 4665 corvina
2660 4607 2837 4645 sacra.

312 4662 458 4719 nulli
478 4663 746 4719 omittunt
763 4662 1015 4734 hominis,
1025 4664 1121 4721 alii
1142 4663 1376 4722 efferunt
1392 4670 1451 4719 ut
1467 4662 1647 4734 forma
1661 4669 1914 4734 corrupta
1962 4712 1963 4715 η

357 4735 420 4790 lii
447 4736 695 4790 hominis.

312 4736 420 4807 ﬁlii
447 4736 695 4790 hominis.

336 4806 506 4881 _(44)
558 4807 686 4881 Vet.
748 4804 882 4881 edit.
936 4823 999 4864 ac
1051 4808 1451 4881 propemodum
1508 4818 1700 4881 omnes
1756 4819 1910 4871 mss.,

389 4825 506 4877 (44)
566 4825 681 4862 ver.
748 4825 882 4862 eun.
936 4825 999 4864 ac
1091 4825 1451 4881 ropemouum
1508 4825 1700 4862 omnes
1756 4825 1909 4871 mss.,

314 4879 527 4946 Quanta
557 4877 883 4955 (egritudo...
914 4825 1086 4955 apuJ1
1087 4898 1216 4955 quos
1253 4882 1377 4952 plus
1428 4879 1626 4955 mortui
1666 4881 1909 4955 pgssunt,

348 4967 474 5005 uam
536 4946 663 5033 uiui;
720 4956 769 5004 et
823 4946 1301 5033 mortui_jotiorés
1336 4958 1460 5006 sunt
1506 4946 1913 5033 piuis.7_0ptime

308 4967 474 5079 ﬁuam
536 4967 663 5030 vim;
720 4967 769 5004 et
823 4967 1019 5007 mortui
1062 4967 1301 5033 potiores
1336 4967 1460 5006 sunt
1506 4967 1656 5029 ervis.
1694 4967 1766 5018 up

361 5021 644 5100 annuedit.
676 5036 802 5077 cum
840 5038 951 5100 mss
1001 5024 1233 5097 aliquot,
1267 5030 1328 5100 ut
1360 5038 1465 5100 nos
1504 5036 1560 5100 in
1585 5025 1766 5100 textu:

386 5092 506 5164 (45)
539 5094 618 5150 Ita
646 5100 755 5149 vet.
791 5093 951 5162 edit.,
982 5111 1045 5150 ac
1077 5088 1233 5160 mss.,
1267 5094 1373 5149 nisi
1407 5090 1639 5166 quodin
1669 5088 1911 5166 quibus-

307 5160 433 5221 dam
466 5160 752 5223 omittitur
776 5166 872 5229 ad;
894 5160 1054 5222 Rom.
1086 5174 1266 5223 autem
1289 5160 1438 5222 edit:
1460 5166 1541 5221 sic
1568 5160 1907 5217 imuiutavit:
1952 5230 1957 5233 ι

308 5237 409 5293 His
436 5238 677 5292 cumulat
703 5253 887 5292 eorum
915 5237 1289 5303 hebetudinem,
1319 5244 1396 5304 ut,
1427 5245 1533 5292 etc.

384 5307 499 5378 (46)
524 5309 692 5380 ARom.
724 5308 885 5375 edit.,
922 5324 1040 5378 qua:
1070 5308 1282 5380 inimica
1309 5316 1357 5364 et
1377 5325 1556 5380 prava
1593 5310 1721 5361 sunt
1748 5321 1766 5360 :
1786 5312 1906 5380 _v_et.

308 5376 444 5453 vero
473 5376 609 5435 edit.
651 5388 714 5435 ut
743 5380 802 5434 in
830 5376 1118 5453 opu—textu,
1144 5379 1254 5435 nisi
1283 5376 1634 5453 quddnEras.
1689 5384 1744 5434 et
1774 5376 1907 5432 Gill.

308 5450 370 5506 in
398 5467 570 5524 marg.
602 5459 655 5507 et
683 5467 815 5507 mss.
844 5449 1010 5509 Corb.
1053 5450 1113 5506 in
1150 5449 1316 5523 corp.‘
1349 5451 1600 5508 scribunt
1644 5454 1691 5504 et
1734 5465 1911 5520 prava

306 5529 454 5577 sunt.

381 5594 500 5664 (47)
532 5592 700 5652 Corb.
732 5593 880 5659 cod.,
911 5593 1151 5650 imitatus
1200 5592 1479 5648 Jeroboam
1500 5663 1509 5664 ί
1528 5600 1714 5664 uaccas
1738 5591 1909 5664 insti«

306 5663 409 5746 iuit
445 5663 582 5746 etin
611 5666 756 5746 Dan,
788 5672 837 5721 et
862 5667 1041 5746 Betnel
1075 5684 1087 5722 :
1118 5664 1301 5723 caeteri
1344 5680 1408 5722 ac
1450 5663 1907 5746 editanohiscum

299 5737 539 5806 faciunt,
606 5738 717 5795 nisi
778 5737 926 5811 quod
974 5738 1033 5796 in
1092 5753 1225 5795 mss.
1286 5752 1398 5795 non
1455 5737 1644 5810 paucis
1709 5736 1908 5809 legitur

2101 4661 2224 4732 ('48)
2257 4664 2334 4718 Ita
2365 4671 2471 4718 \et.
2504 4661 2635 4716 edit.
2670 4679 2732 4717 ac
2762 4661 3086 4732 inss.longe
3116 4660 3347 4732 plurimi
3383 4677 3394 4714 :
3443 4668 3499 4717 at
3524 4660 3621 4716 alii

2024 4733 2279 4788 nonnulli
2326 4733 2581 4799 afferunt,
2622 4733 2677 4786 in
2713 4731 3008 4800 majoribus
3041 4731 3372 4801 imprudens,
3425 4732 3481 4787 in
3528 4732 3624 4787 mi-

2022 4804 2241 4859 noribus
2272 4804 2638 4875 sapit;llom.
2682 4802 2814 4857 edit.
2848 4802 2991 4875 sola,
3044 4802 3102 4856 in
3154 4803 3449 4858 minoribus
3490 4820 3624 4875 pru-

2022 4876 2166 4942 dens,
2202 4875 2257 4929 in
2286 4873 2580 4942 majoribus
2603 4889 2709 4927 non
2738 4873 2900 4943 sapit,
2934 4874 3122 4943 inepto
3164 4890 3347 4929 sensu.

2095 4945 2213 5073 (49)
2261 4946 2392 5034 Quae
2454 4944 2907 5025 subsequuntur,’
2937 4944 3060 5001 cod.
3114 4944 3322 5026 _Corb.,
3380 4946 3619 5029 Remig?

2095 5045 2098 5064 ι
2126 5019 2180 5073 b.
2212 5025 2266 5073 et
2287 5017 2418 5073 (ιιΙΙ.
2452 5032 2511 5071 1n
2544 5032 2713 5071 variis
2734 5017 2858 5072 lect.
2892 5024 2969 5071 ita
2995 5015 3296 5073 exhibent:
3330 5018 3477 5073 Dant
3504 5020 3618 5073 illis

2022 5015 2266 5075 Colb.'et
2287 5016 2418 5074 Gill.
2452 5015 2511 5071 in
2544 5016 2713 5071 variis
2734 5017 2858 5072 lect.
2892 5015 2969 5071 ita
2995 5015 3296 5073 exhibent:
3330 5018 3477 5074 Dant
3504 5015 3618 5073 illis

2020 5090 2160 5161 quod
2192 5107 2300 5145 non
2330 5095 2473 5154 sunt,
2506 5097 2563 5142 ut
2582 5087 2681 5144 Dei
2703 5087 2904 5161 veritas!
2924 5088 2996 5144 sit
3022 5088 3370 5156 mendacium,
3403 5090 3620 5161 quando

2024 5158 2161 5232 lapis
2188 5161 2386 5217 dicitur
2418 5161 2559 5238 Deus
2581 5177 2601 5225 ;
2630 5159 3077 5238 quando/actum
3101 5162 3285 5238 pulsat
3319 5158 3623 5238 Deumtqui

2020 5228 2175 5289 verus
2212 5239 2322 5297 est;
2352 5239 2411 5286 ut
2437 5231 2564 5301 quia
2597 5228 2861 5285 communi
2880 5228 3461 5301 nomine—arbitrantur
3487 5228 3621 5298 falsi

2019 5311 2075 5380 et
2104 5304 2239 5371 veri,
2280 5300 2460 5380 simili,
2492 5302 2645 5357 modo
2674 5302 3004 5380 verus_De_us_
3030 5303 3306 5380 habeatur,
3335 5309 3393 5356 ut
3420 5300 3616 5380 falsus.

2018 5376 2129 5432 Hoc
2171 5382 2247 5430 est
2281 5375 2561 5429 immutare
2602 5390 2785 5429 verum
2830 5376 2886 5428 in
2922 5373 3144 5443 falsum.
3199 5374 3286 5430 Sic
3321 5373 3624 5443 servierunt

2018 5454 2277 5503 creaturis
2321 5445 2502 5517 potius
2553 5461 2714 5516 quam
2760 5442 3041 5511 Creatori;
3084 5462 3207 5517 non
3244 5442 3382 5498 enim
3429 5446 3622 5510 negant

2022 5518 2292 5592 (quidam,
2323 5516 2591 5592 invocant)
2617 5518 2805 5592 Deum,
2835 5517 2923 5571 sed
2938 5516 3195 5592 serviunt
3215 5517 3473 5592 creatura:
3505 5527 3517 5566 :
3543 5520 3621 5592 _ut

2017 5583 2155 5669 enim
2185 5583 2493 5645 viderentur
2530 5583 2825 5669 dignantes
2856 5589 3055 5669 βριεγερ,
3098 5583 3490 5669 Πενὶῗιιιονξρνετη

2017 5662 2401 5733 imposuerunt,
2434 5669 2493 5716 ut
2528 5654 2740 5730 injuria
2767 5658 2865 5733 Dei
2886 5658 3081 5733 norum
3106 5658 3233 5708 esset
3256 5654 3486 5713 cultura.
3527 5657 3614 5715 Id-

2015 5725 2152 5792 circo
2171 5734 2245 5791 ad
2262 5725 2475 5806 pennam
2498 5725 2681 5789 eorum
2703 5728 2937 5802 proﬁcit,
2955 5725 3086 5798 quia
3113 5734 3493 5802 cognoscentes,
3504 5737 3612 5789 etc.
