4150 6194
490 360 560 419 63
816 372 819 375 '
1492 359 1587 417 AD
1625 360 1858 417 OPERA
1896 358 1949 414 S.
1992 357 2326 416 AMBROSII
2362 358 2741 416 APPENDIX.
3726 358 3808 418 64

570 516 590 540 α
618 491 724 560 Qui
766 498 849 548 est
878 490 1204 549 benedictus
1233 491 1291 547 in
1321 492 1541 548 saecula.
1578 493 1791 557 Amen;
1834 490 1941 546 hoc
1970 497 2075 559 est,
2111 492 2161 553 Α
2189 506 2314 546 eum
2363 507 2545 559 usum,
2607 507 2701 562 per
2748 476 2910 565 quem
2966 489 3483 560 dehonestarentur,
3536 506 3616 547 rei
3665 489 3806 547 facti

491 598 705 639 verum.
733 584 877 639 Deus
903 599 1033 639 vero
1067 583 1143 638 ait
1178 602 1189 639 :
1244 606 1261 630 ι
1291 581 1618 637 Benedictus
1664 580 1721 634 in
1765 579 2001 647 saecula;
2049 604 2068 627 ι

493 673 622 747 quia
647 680 930 745 permanet
954 676 1124 741 Deus;
1157 673 1267 729 diis
1284 680 1464 729 autem
1497 670 1739 743 gentium
1772 669 1839 725 ad
1868 678 2084 742 tempus

492 760 791 833 impietatis
811 761 905 817 dat
934 761 1198 818 honorem
1225 780 1238 829 ;
1282 760 1404 817 ideo
1428 775 1539 814 non
1563 766 1644 814 est
1667 776 1869 813 verum.
1887 760 1949 814 In
1972 761 2083 816 Deo

491 860 673 908 autem
703 860 886 909 manet
915 850 1137 906 veritas.
1171 850 1322 905 Hanc
1354 848 1793 904 benedictionem
1821 847 1931 904 alio
1963 850 2084 906 loco

492 941 636 998 Filio
677 942 775 998 Dei
807 940 1065 1011 assignat,
1117 937 1261 993 inter
1304 945 1499 993 caetera
1552 937 1787 993 dicens:
1836 962 1853 984 ι
1899 939 1969 993 Et
2014 955 2082 993 ex

492 1030 694 1104 quibus
726 1029 976 1087 Christus
1011 1026 1313 1081 secundum
1361 1042 1603 1093 carnem,
1649 1026 1745 1098 qui
1794 1035 1877 1083 est
1921 1043 2085 1098 super

491 1119 678 1175 omnia
704 1120 848 1174 Deus
872 1116 1195 1172 benedictus
1224 1114 1280 1169 in
1324 1117 1542 1171 saecula.
1576 1117 1753 1171 Amen
1787 1118 1962 1185 (Rom.
2000 1135 2081 1186 IX,

489 1208 570 1279 5).
612 1233 643 1255 ι.
674 1211 787 1262 Aut
815 1213 1044 1278 uterque
1084 1204 1153 1259 ad
1184 1204 1466 1261 Christum
1500 1203 1813 1276 pertinens;
1854 1213 1949 1262 aut
2000 1224 2081 1263 ea-

489 1296 612 1353 dem
640 1295 786 1350 dixit
815 1294 881 1349 de
908 1293 1074 1361 Filio,
1107 1309 1227 1365 quae
1258 1302 1311 1349 et
1340 1292 1407 1349 de
1438 1294 1616 1350 Patre.

564 1396 745 1466 (Vers.
770 1390 885 1465 26.)
920 1420 936 1440 ι
968 1394 1262 1466 Propterea
1290 1393 1519 1450 tradidit
1545 1395 1671 1450 illos
1700 1397 1846 1451 Deus
1874 1396 1932 1450 in
1963 1414 2081 1469 pas-

490 1481 673 1537 siones
692 1480 1011 1553 ignominias
1037 1482 1172 1536 Nam
1195 1482 1414 1537 feminae
1435 1499 1623 1539 eorum
1650 1485 2084 1543 immutaverunt

489 1572 794 1627 naturalem
825 1588 985 1627 usum
1017 1571 1073 1627 in
1104 1588 1228 1627 eum
1259 1589 1417 1629 usum
1450 1574 1546 1645 qui
1585 1584 1664 1630 est
1693 1584 1882 1631 contra
1911 1582 2083 1631 natu-

484 1678 622 1719 ram.
658 1688 676 1712 ι
721 1663 845 1718 Haec
875 1663 1019 1719 irato
1040 1666 1151 1720 Deo
1181 1673 1401 1737 propter
1431 1664 1804 1721 idololatriam
1837 1666 2082 1722 humano

489 1753 672 1825 generi
721 1753 1038 1825 provenisse
1089 1762 1339 1823 testatur,
1401 1762 1463 1810 ut
1524 1756 1726 1811 mulier
1790 1756 2080 1813 mulierem

2193 581 2388 637 mortis
2432 581 2707 639 secundae.
2759 581 3031 649 Quoniam
3076 597 3209 637 vero
3253 580 3417 636 aliam
3466 582 3639 653 legem
3668 580 3808 637 dare

2193 688 2305 726 non
2335 678 2512 743 potest
2560 670 2805 739 Satanas,
2847 669 2991 725 nihil
3039 668 3186 724 enim
3234 668 3418 738 habet,
3460 686 3717 727 concessa
3746 677 3806 726 et

2192 759 2346 815 licita
2394 760 2453 815 in
2502 758 2665 815 aliam
2698 760 2948 815 ordinem
2978 766 3181 826 versat,
3210 768 3273 815 ut
3298 760 3431 816 dum
3464 759 3626 816 aliter
3654 759 3807 816 ﬁunt

2193 865 2357 923 quam
2385 864 2643 905 concessa
2661 856 2811 916 sunt,
2844 849 2957 905 sint
2988 855 3293 921 peccatum.

2279 964 2297 986 ι
2327 941 2397 995 Et
2450 939 2952 1011 compensationem
3012 939 3279 996 mercedis
3316 955 3482 1013 quam
3527 943 3801 1013 oportuit,

2192 1029 2421 1086 terroris
2450 1029 2534 1084 sui
2567 1029 2625 1083 in
2656 1037 2828 1084 semet
2858 1027 2993 1099 ipsis
3020 1028 3369 1100 recipientes.
3418 1054 3437 1077 ι
3478 1029 3633 1087 Hanc
3659 1031 3807 1089 dicit

2193 1121 2693 1193 compensationem
2729 1118 2847 1191 (53)
2909 1134 3024 1176 esse
3071 1120 3375 1193 contempti
3423 1122 3543 1190 Dei,
3596 1124 3654 1179 id
3691 1133 3801 1192 est,

2194 1212 2595 1283 turpitudinem
2642 1218 2697 1266 et
2744 1211 3317 1279 contaminationem;
3364 1211 3483 1269 hinc
3520 1221 3602 1269 est
3643 1216 3804 1271 enim

2192 1303 2371 1374 prima
2412 1316 2572 1369 causa
2620 1300 2788 1373 hujus
2818 1302 3046 1374 peccati.
3089 1300 3234 1367 Quid
3263 1299 3412 1356 enim
3445 1300 3617 1373 pejus,
3660 1303 3805 1375 quid

2192 1391 2433 1446 deterius
2483 1391 2587 1447 hoc
2634 1398 2855 1462 peccato
2890 1391 3007 1462 (54)
3032 1391 3061 1447 ?
3111 1390 3388 1457 Quantum
3426 1392 3577 1446 enim
3609 1392 3804 1447 idolo-

2193 1481 2352 1535 latria
2380 1480 2713 1553 perimpium
2753 1488 2848 1544 35
2888 1491 2940 1538 et
2970 1481 3359 1552 gravissimum
3388 1480 3650 1537 delictum
3673 1492 3799 1551 est;

2191 1586 2407 1635 tantum
2439 1588 2492 1636 et
2519 1582 2893 1654 compensatio
2922 1582 3040 1654 ejus
3072 1581 3366 1651 horrenda,
3398 1589 3453 1637 et
3478 1582 3806 1655 persordida

2192 1671 2373 1743 passio
2403 1681 2503 1727 est.

2266 1764 2448 1835 (Vers.
2491 1764 2608 1836 28.)
2663 1788 2683 1811 ι
2722 1764 2793 1820 Et
2812 1764 2955 1822 sicut
2976 1782 3087 1821 non
3109 1765 3484 1839 probaverunt
3506 1765 3681 1822 Deum
3704 1763 3803 1821 ha-

486 1843 637 1915 turpi
684 1842 957 1900 desiderio
998 1844 1066 1900 ad
1113 1862 1270 1902 usum
1314 1853 1609 1918 appeteret.
1661 1846 1819 1914 Quod
1859 1846 2081 1920 quidam
2114 1853 2158 1911 Β
2187 1851 2315 1907 bere
2348 1853 2405 1908 in
2437 1853 2653 1922 notitia,
2678 1853 2909 1911 tradidit
2940 1854 3065 1910 illos
3095 1857 3241 1911 Deus
3272 1854 3329 1909 in
3359 1853 3652 1927 reprobum
3677 1869 3803 1908 sen-

488 1932 648 1988 aliter
684 1933 1136 2006 interpretantur,
1171 1953 1281 1992 non
1326 1936 1717 2009 perspicientes
1760 1937 1873 1991 vim
1921 1936 2079 1992 dicti.

487 2020 633 2088 Quid
661 2032 743 2080 est
770 2024 919 2081 enim
947 2026 1242 2082 immutare
1290 2028 1593 2082 naturalem
1642 2043 1803 2082 usum
1850 2025 1908 2081 in
1956 2043 2082 2082 eum

487 2128 649 2170 usum
705 2115 798 2188 qui
846 2124 929 2172 est
973 2124 1165 2172 contra
1219 2122 1495 2187 naturam,
1538 2116 1646 2173 nisi
1698 2116 1915 2173 sublato
1954 2132 2081 2172 con.

489 2218 641 2259 cesso
668 2219 771 2259 usu
795 2204 956 2261 aliter
983 2205 1065 2260 uti
1098 2205 1241 2277 (50),
1276 2213 1338 2261 ut
1366 2222 1478 2262 una
1524 2214 1688 2279 atque
1726 2206 1915 2262 eadem
1958 2222 2084 2279 pars

488 2292 735 2364 corporis
763 2292 1197 2368 uniuscujusque
1235 2295 1381 2352 inter
1411 2312 1468 2352 se
1500 2295 1741 2353 invicem
1774 2313 1940 2352 sexus
1987 2296 2085 2351 ali-

488 2389 573 2439 ter
597 2399 652 2439 se
680 2382 750 2439 ad
778 2399 937 2439 usum
969 2385 1228 2457 praebeat,
1258 2401 1419 2458 quam
1451 2401 1769 2442 concessum
1799 2386 1925 2441 est?
1950 2385 2085 2440 Nam

488 2472 535 2529 si
593 2471 690 2527 illa
736 2481 818 2528 est
862 2490 987 2546 pars
1028 2475 1275 2547 corporis
1322 2491 1485 2548 quam
1529 2483 1755 2548 putant,
1807 2475 2086 2549 quomodo

488 2561 925 2618 immutaverunt
952 2562 1070 2634 (51)
1094 2579 1253 2619 usum
1284 2572 1515 2632 naturai,
1546 2581 1670 2621 cum
1705 2580 1815 2619 non
1850 2563 2089 2619 habeant

488 2649 807 2721 hujusmodi
856 2668 1017 2709 usum
1064 2653 1252 2709 datum
1296 2670 1327 2709 a
1373 2653 1619 2710 natura?
1655 2653 1917 2727 Superius
1970 2653 2087 2725 jam

486 2739 702 2796 dixerat
735 2741 964 2798 traditos
991 2741 1051 2797 in
1080 2741 1512 2810 immunditiam,
1542 2758 1655 2799 non
1683 2750 1867 2799 tamen
1901 2741 2089 2817 quali-

487 2837 655 2886 tatem
715 2830 896 2902 operis
949 2830 1320 2886 immunditiis
1363 2830 1536 2903 ipsius
1584 2833 1939 2899 ostenderat,
1987 2848 2087 2904 pro

486 2934 596 2991 quo
624 2935 776 2975 nunc
798 2920 1037 2977 declarat
1061 2936 1073 2974 :

561 3017 744 3087 (Vers.
777 3016 893 3087 27.)
936 3041 955 3063 ι
984 3016 1252 3073 Similiter
1277 3026 1458 3073 autem
1506 3026 1560 3073 et
1610 3021 1861 3089 masculi,
1894 3021 2088 3078 relicto

489 3105 726 3161 naturali
757 3121 862 3161 usu
889 3104 1128 3174 femina,
1164 3114 1489 3162 exarserunt
1530 3107 1589 3162 in
1635 3108 1925 3165 desideriis
1972 3109 2087 3166 suis

2192 1959 2335 2011 sum,
2360 1950 2421 1998 ut
2442 1944 2646 1999 faciant
2666 1961 2728 2000 ea
2748 1961 2867 2018 qua:
2889 1946 3382 2003 noncouveniunt.
3403 1969 3420 1991 ι
3458 1944 3684 2015 Propter
3713 1958 3802 1997 er-

2194 2048 2343 2088 rores
2379 2032 2799 2089 simulacrorum
2832 2034 3021 2090 traditi
3052 2042 3183 2090 sunt
3217 2034 3287 2089 ad
3333 2033 3517 2106 turpia
3545 2032 3803 2089 facienda

2197 2121 2453 2191 invicem,
2480 2123 2622 2179 sicut
2645 2122 2757 2195 jam
2781 2122 2990 2179 dictum
3020 2132 3120 2179 est.
3146 2124 3219 2178 Et
3246 2127 3375 2196 quia
3407 2120 3800 2193 impunitatem

2195 2210 2395 2267 horum
2438 2212 2871 2281 aestimaverunt,
2897 2212 3237 2268 incuriosum
3268 2213 3439 2268 Deum
3461 2210 3799 2281 judicantes,

2195 2316 2257 2356 ac
2278 2318 2372 2372 per
2391 2301 2495 2356 hoc
2524 2301 2933 2372 negligendum.
2966 2302 3107 2358 Hinc
3137 2301 3387 2358 additum
3416 2306 3517 2367 est,
3541 2306 3604 2354 ut
3626 2299 3802 2371 magis

2195 2406 2258 2446 ac
2289 2391 2460 2463 magis
2489 2390 2751 2459 hebetati,
2770 2391 2837 2447 ad
2860 2392 3050 2446 omnia
3071 2392 3214 2446 mala
3239 2388 3583 2447 admittenda
3601 2387 3804 2444 fierent

2196 2482 2577 2555 promptiores,
2625 2492 2687 2540 ut
2730 2482 2872 2539 facta
2899 2500 3019 2556 quas
3050 2481 3370 2538 hominibus
3399 2497 3510 2537 non
3541 2479 3802 2551 ambige—

2197 2582 2318 2629 rent
2333 2574 2643 2647 displicere,
2669 2576 2843 2630 Deum
2874 2574 3157 2630 crederent
3179 2588 3288 2627 non
3310 2570 3613 2627 vindicare.
3637 2571 3801 2627 Nunc

2196 2672 2480 2719 enumerat
2535 2663 2721 2718 omnia
2751 2664 2892 2718 mala
2942 2678 3063 2736 quae
3093 2661 3206 2716 illis
3260 2658 3613 2731 superaddita
3641 2665 3795 2726 sunt,

2198 2760 2259 2807 ut
2288 2751 2374 2807 vel
2405 2751 2485 2808 sic
2512 2751 2763 2808 conversi
2794 2751 2862 2807 ad
2896 2750 3200 2806 naturalem
3232 2747 3596 2815 intellectum,
3630 2746 3797 2801 intel-

2197 2841 2447 2913 ligerent,
2481 2840 2622 2896 irato
2650 2843 2783 2909 Deo,
2816 2840 2934 2896 haec
2960 2839 3066 2895 sibi
3097 2837 3434 2911 provenisse.

2272 2930 2453 3003 (Vers.
2487 2929 2575 2997 29,
2608 2929 2725 3000 30.)
2762 2953 2778 2975 ι
2809 2930 3083 3002 Repletos,
3111 2928 3208 2997 ait,
3237 2928 3390 2983 omni
3418 2925 3726 3000 iniquitate.
3762 2950 3782 2975 ι

2200 3018 2301 3075 Hic
2330 3017 2642 3075 summatim
2677 3019 2894 3076 locutus
2920 3027 3020 3086 est,
3068 3025 3122 3074 et
3151 3015 3375 3089 subjicit
3400 3015 3642 3073 membra
3674 3014 3798 3071 ini—

2197 3108 2424 3182 quitatis
2448 3127 2459 3164 :
2480 3131 2499 3155 ι
2522 3108 2749 3177 Malitia,
2774 3106 3145 3179 impudicitia,
3175 3104 3377 3180 inquit,
3408 3104 3660 3171 avaritia,
3684 3120 3797 3159 ne-

490 3192 547 3249 in
578 3193 838 3261 invicem,
872 3194 1103 3250 masculi
1134 3195 1192 3250 in
1227 3197 1498 3253 masculos
1525 3197 1926 3269 turpitudinem
1960 3216 2084 3271 ope-
2119 3219 2166 3282 C
2197 3199 2392 3271 quitia,
2411 3199 2602 3271 plenos
2622 3197 2855 3265 invidia,
2876 3196 3212 3265 homicidiis,
3235 3195 3605 3263 contentione,
3636 3194 3791 3263 dolo,

487 3290 689 3340 rantes.
723 3308 741 3331 ι
784 3284 945 3341 Nunc
991 3284 1365 3341 manifestavit
1414 3288 1711 3358 quomodo,
1754 3290 1899 3361 quod
1928 3307 2084 3363 supe-
2124 3292 2133 3299 ’

487 3373 604 3430 rius
632 3373 699 3430 de
726 3374 1059 3431 mulieribus
1089 3374 1255 3439 dixit,
1309 3376 1544 3448 intelligi
1597 3376 1812 3434 debeat.
1856 3379 2089 3446 Quando

485 3471 667 3521 autem
719 3463 994 3537 subjecit:
1058 3489 1076 3513 ι
1132 3465 1419 3535 Similiter,
1461 3473 1516 3523 et
1574 3469 1826 3537 masculi,
1875 3469 2083 3538 dicens,

484 3563 809 3611 exarserunt
836 3554 892 3609 in
924 3554 1259 3612 desiderium
1281 3557 1367 3612 sui
1392 3557 1540 3629 (52);
1575 3583 1592 3605 ι
1635 3560 1877 3617 ostendit
1905 3569 2086 3633 aperte

483 3651 768 3717 peccatum
810 3645 1127 3700 mulierum.
1185 3646 1435 3718 Denique
1478 3663 1589 3703 non
1640 3647 1787 3704 dixit
1835 3649 1903 3705 de
1950 3650 2088 3707 viris

484 3732 633 3805 quod
663 3732 1102 3790 immutaverunt
1148 3737 1453 3792 naturalem
1503 3754 1663 3793 usum
1711 3738 1767 3793 in
1808 3738 2080 3808 invicem;

485 3824 616 3897 quia
644 3823 963 3896 hujusmodi
993 3842 1123 3881 usus
1150 3825 1282 3882 huic
1320 3827 1459 3899 parti
1504 3844 1794 3886 concessus
1838 3847 1949 3887 non
1980 3839 2081 3899 est,

485 3912 581 3970 sed
609 3913 676 3970 de
708 3912 951 3971 feminis.
980 3915 1050 3972 Et
1071 3917 1202 3989 quid
1234 3918 1457 3986 mirum,
1489 3935 1613 3975 cum
1652 3919 1924 3993 hodieque
1950 3922 2085 3977 tales

486 4002 747 4060 mulieres
776 4004 1155 4076 reperiantur;
1189 4016 1250 4063 ut
1277 4007 1421 4063 sicut
1464 4008 1603 4066 illud
1643 4026 1674 4065 a
1712 4011 1871 4079 viris,
1900 4012 2084 4083 itaque

485 4100 540 4148 et
566 4092 672 4150 hoc
699 4108 731 4148 a
752 4094 1078 4151 mulieribus
1098 4094 1171 4151 sit
1189 4096 1480 4153 inventum
1501 4098 1530 4153 ?
1556 4100 1805 4171 Denique
1827 4102 2085 4156 mulieres

486 4183 631 4237 inter
675 4199 733 4239 se
785 4193 1065 4252 accusant,
1114 4193 1168 4241 et
1215 4184 1322 4242 viri
1368 4186 1663 4255 similiter;
1728 4190 2080 4246 manifestum

487 4280 569 4327 est
593 4288 720 4344 ergo
750 4282 812 4330 ut
859 4276 954 4348 qui
994 4276 1110 4348 jam
1158 4279 1449 4336 veritatem
1493 4279 1591 4336 Dei
1648 4280 2085 4337 immutaverunt

488 4361 548 4418 iu
580 4361 949 4433 mendacium,
982 4366 1344 4426 immutarent
1375 4377 1429 4425 et
1458 4369 1766 4426 naturalem
1816 4386 1979 4425 usum
2025 4370 2081 4425 in

563 4507 692 4586 (50)
713 4510 795 4567 Ita
821 4519 931 4567 vet.
964 4510 1097 4568 edit.
1130 4529 1193 4569 ac
1220 4514 1404 4586 plures
1434 4529 1590 4586 mss.,
1631 4530 1662 4586 a
1689 4512 1890 4586 quibus
1919 4515 2076 4572 Rom.

563 4530 681 4590 SOU)
713 4530 795 4567 ιιει
821 4530 931 4567 νει.
964 4530 1097 4568 eunt.
1130 4530 1254 4639 ειοὲ

489 4578 621 4660 edit.
674 4581 783 4660 hoc
831 4590 1046 4660 tantum
1097 4600 1232 4660 rece‘

488 4654 825 4721 immutavit,
856 4655 963 4710 nisi
991 4656 1232 4711 naturali
1260 4654 1595 4725 concessoque
1620 4672 1720 4710 usu
1746 4657 1907 4711 aliter
1944 4660 2023 4713 uti
2064 4677 2075 4714 :

489 4729 669 4779 totum
701 4741 832 4781 vero
863 4726 1044 4783 locum
1094 4744 1225 4783 mss.
1275 4728 1533 4783 nonnulli
1580 4727 1685 4783 hoc
1731 4727 1892 4784 modo
1938 4746 2083 4785 con-

488 4793 739 4919 trahbunt,
790 4798 897 4852 nisi
940 4798 1148 4855 sublato
1176 4816 1412 4855 concesso
1442 4816 1542 4854 usu
1564 4799 1725 4855 aliter
1753 4816 1805 4854 se
1826 4800 1899 4856 ad
1930 4818 2083 4857 usum

488 4881 601 4919 erce
633 4883 688 4919 ea
725 4910 737 4919 .

482 4873 688 4937 prwbu
701 4873 737 4923 t.

564 4937 831 5020 (51).Mss.
854 4941 1141 5020 nonnulli,
1176 4944 1311 4998 Nam
1343 4943 1389 4998 si
1416 4942 1532 4998 alia
1559 4947 1803 5020 est__pars
1842 4945 2081 5020 corporis

486 5024 648 5134 zuam
678 5012 993 5067 immutavit.
1028 5014 1177 5070 Infra
1205 5030 1336 5069 vero
1359 5031 1551 5073 omnes
1579 5012 1736 5081 edit.,
1760 5031 1876 5069 cum
1896 5012 2083 5070 haheat

524 5083 792 5134 umsmodi
816 5101 834 5134 :
864 5086 1206 5134 reposuimus
1243 5102 1272 5134 ρ
1302 5086 1515 5134 minatis
1549 5102 1676 5134 mss-
1709 5103 1827 5134 eum
1854 5103 1959 5134 non
1989 5088 2079 5134 ha-

489 5083 834 5206 :uju:mo;ii;
864 5086 1206 5155 reposuimus
1243 5102 1272 5142 e
1302 5086 1515 5143 cunctis
1547 5102 1676 5141 mss.
1709 5103 1827 5139 cum
1854 5103 1959 5140 non
1988 5088 2079 5142 ha-

520 5167 618 5206 ean
648 5196 660 5206 .
697 5170 727 5206 e
753 5171 801 5206 c.

520 5159 660 5220 eant,
697 5161 801 5211 etc.

561 5225 678 5299 (52)
706 5226 871 5283 Pauci
904 5243 1068 5297 mss.,
1100 5230 1281 5284 relicto
1308 5230 1549 5285 naturali
1582 5245 1677 5283 usu
1706 5228 1949 5299 femineo,
1980 5247 2080 5285 ac-

484 5298 624 5355 censi
652 5304 778 5353 sunt
804 5299 859 5353 in
887 5300 1202 5355 desiderium
1230 5301 1314 5354 sui
1342 5302 1397 5354 in
1427 5301 1661 5355 invicem.

560 5369 677 5443 (53)
710 5371 837 5427 Mss.
872 5370 1015 5428 Corb
1046 5415 1059 5440 ,
1095 5374 1165 5427 Et
1191 5373 1515 5443 reciprocam
1550 5373 1895 5431 mercedem...
1930 5375 2080 5429 Hanc

488 5442 614 5516 dicit
641 5444 965 5516 reciprocam
984 5445 1424 5516 mercedem,etc.;
1452 5444 1547 5498 alii
1570 5445 1826 5516 nonnulli
1847 5454 1901 5501 et
1917 5444 2075 5511 edit.,

488 5513 563 5568 Et
586 5513 868 5572 mercedem
900 5532 913 5570 :
961 5515 1054 5573 sed
1096 5515 1191 5570 alii
1235 5515 1484 5570 omnium
1515 5515 1739 5589 optime,
1771 5523 1833 5571 ut
1861 5516 1919 5571 in
1951 5532 2078 5572 con-

489 5589 666 5640 textu.

564 5654 681 5726 (54)
714 5658 859 5731 Idem
892 5659 1085 5727 codex,
1136 5660 1229 5714 hoc
1260 5665 1491 5731 peccato,
1520 5661 1661 5731 quod
1691 5658 1902 5714 diabolo
1931 5658 2079 5713 deci-

486 5726 680 5807 piente,
708 5730 964 5788 hominem
990 5726 1276 5805 mortiﬁcet'
1287 5726 1573 5791 obnoxium
1593 5734 1621 5788 ἵ
1650 5734 1723 5788 Et
1768 5731 1921 5799 sicut,
1969 5737 2074 5789 etc.

2201 3288 2559 3360 malignitate,
2593 3295 2980 3356 susurratores,
3014 3287 3367 3355 detractores,
3401 3288 3514 3343 Deo
3531 3285 3791 3355 odibiles,

2199 3376 2645 3445 contumeliosos,
2695 3376 2977 3448 superbos,
3024 3377 3213 3445 elatos,
3256 3376 3573 3431 inventores
3616 3374 3792 3429 malo-

2199 3484 2342 3523 rum.
2375 3492 2393 3514 ι
2429 3468 2606 3539 Caput
2642 3467 2953 3541 iniquitatis
2977 3467 3245 3525 malitiam
3276 3467 3444 3535 dixit,
3467 3464 3625 3536 cujus
3653 3481 3794 3535 opus

2199 3556 2621 3613 fornicationem
2654 3556 2838 3629 posuit
2862 3565 3024 3629 atque
3051 3555 3362 3612 avaritiam.
3405 3556 3532 3613 Haec
3558 3554 3793 3610 fornica-

2197 3647 2274 3703 tio
2298 3647 2415 3718 (55)
2450 3645 2615 3702 habet
2639 3646 2696 3702 in
2727 3663 2783 3702 se
2811 3655 2864 3702 et
2893 3646 3222 3702 adulterium
3259 3664 3271 3701 :
3304 3646 3351 3701 si
3383 3644 3531 3700 enim
3560 3643 3793 3701 dixisset

2194 3738 2548 3805 adulterium,
2568 3738 2858 3794 videbatur
2876 3753 3163 3794 excusasse
3182 3736 3625 3803 fornicationem,
3648 3735 3794 3791 sicut

2195 3827 2338 3897 leges
2375 3827 2661 3893 Romanae;
2713 3826 2837 3883 ideo
2858 3827 3003 3899 quod
3026 3826 3209 3881 minus
3228 3833 3309 3881 est
3329 3821 3532 3896 posuit,
3551 3828 3615 3878 ut
3642 3821 3789 3895 quod

2197 3916 2371 3988 majus
2400 3925 2481 3972 est
2508 3916 2751 3973 inultum
2780 3931 2891 3971 non
2918 3915 3089 3988 possit
3114 3913 3262 3970 credi
3290 3912 3430 3982 (56).

2264 4004 2475 4061 Deinde
2503 4004 2723 4077 adjecit,
2773 4004 3025 4074 nequitia,
3070 4001 3228 4075 cujus
3259 4001 3486 4057 affectus
3516 3997 3788 4055 invidiam

2195 4094 2337 4166 parit
2390 4101 2444 4150 et
2504 4092 2827 4162 homicidia,
2869 4091 3277 4149 contentionem
3308 4106 3371 4146 ac
3401 4090 3613 4146 dolum.
3661 4088 3791 4143 Post

2196 4183 2311 4239 haec
2365 4181 2601 4254 subjecit
2654 4182 2982 4253 malignitate
3011 4222 3028 4245 ,
3069 4195 3191 4251 quas
3233 4178 3410 4249 gignit
3461 4176 3790 4234 susurratio-

2195 4286 2290 4326 nes
2345 4277 2509 4344 atque
2563 4270 2928 4327 detractiones
2977 4286 2991 4335 ;
3074 4275 3129 4323 et
3181 4266 3444 4339 quoniam
3504 4265 3621 4322 haec
3677 4266 3791 4320 Deo

2195 4377 2305 4416 non
2332 4360 2622 4433 displicere
2672 4377 2784 4416 non
2841 4366 3087 4433 possunt,
3119 4357 3199 4413 ait
3227 4376 3239 4413 :
3291 4380 3309 4404 ε
3344 4358 3456 4413 Deo
3485 4355 3721 4412 odibiles
3757 4379 3775 4403 ι

2268 4506 2384 4579 (55)
2417 4506 2497 4579 ita
2518 4505 2674 4579 Rom.
2693 4502 2825 4559 edit.
2858 4517 2985 4579 cum
3000 4517 3133 4579 mss.
3167 4496 3588 4579 quibusdam__ac
3617 4495 3788 4579 variis

1259 4567 2080 4656 it,quod'prirria‘verbaVs—ic
2111 4567 2313 4656 Dlect.
2366 4567 2502 4633 edit.
2566 4575 2728 4656 Gile.,
2784 4572 3111 4656 quibusdam
3141 4567 3323 4627 tamen
3352 4567 3787 4656 additisetmu-

2190 4650 2356 4716 tatis;
2420 4656 2531 4703 vet.
2588 4640 3101 4719 autsmifeditzac‘
3136 4659 3265 4719 mss.
3323 4640 3499 4719 nostri
3547 4646 3787 4719 contra-

2191 4709 2645 4786 ctius'exhibent,
2678 4716 2911 4783 Malitia,
2951 4714 3323 4785 fornicatione.
3386 4713 3508 4769 Ηωε
3534 4709 3787 4780 fornica-

2193 4792 2284 4848 tio.
2313 4801 2416 4848 etc.

2264 4836 2536 4936 'Vet.
2571 4859 2702 4917 edit.
2734 4859 3202 4936 ac‘plures_mss.,
3257 4872 3363 4909 non
3410 4853 3582 4936 possit
3618 4852 3783 4936 credi.

2193 4929 2463 4989 Et'ctetera
2492 4949 2607 5005 quae
2638 4929 2917 5005 manifesta
2946 4929 3191 4984 videntur
3212 4944 3226 5005 _:
3261 4929 3782 5005 avaritia,nequitia,

2190 5008 2368 5078 plenos
2392 4998 2611 5059 invidia.
2649 4998 2966 5078 homicidiis,
2998 4999 3338 5078 contentione,
3365 4999 3507 5078 dolo,
3540 4998 3785 5078 maligni-

2192 5069 2314 5142 tate,
2360 5082 2754 5139 susurratores,
2804 5075 3140 5137 detractores,
3177 5071 3281 5125 Deo
3311 5069 3551 5142 odibilcs,
3607 5072 3786 5121 contu-

2189 5150 2449 5213 meliosos,
2506 5148 2777 5219 superbos,
2832 5146 2997 5219 elatos
3028 5144 3320 5219 inventores
3348 5141 3636 5219 malorum,
3662 5155 3777 5209 pa-

2186 5211 2545 5275 rentibusvnon
2567 5211 2878 5273 obedientes.
2910 5216 3120 5281 Quanta
3149 5218 3322 5267 autem
3352 5211 3653 5265 insolentia.

2260 5301 2423 5357 Corb.
2464 5299 2586 5356 cod.
2620 5304 2742 5372 post
2768 5297 2827 5347 τὸ
2856 5312 2963 5372 non
2990 5294 3277 5372 obedientes
3304 5289 3611 5372 subjungit,
3644 5288 3787 5372 insi—

2182 5372 2402 5443 pientes,
2436 5360 2841 5443 incompositum
2863 5368 2974 5422 sine
3002 5368 3222 5443 umecta,
3269 5364 3379 5417 sine
3396 5360 3786 5443 misericordia,

2187 5434 2280 5515 ἓ]νυί
2313 5434 2429 5497 cum
2450 5434 2717 5515 justitiam
2749 5438 2842 5494 Dei
2871 5434 3245 5515 cognouissent,
3276 5451 3396 5515 non
3412 5434 3788 5515 intellexerunt

2186 5504 2567 5586 quoniodo'qui
2600 5513 2731 5569 talia
2752 5504 3088 5586 agunt'digni
3115 5512 3239 5562 sunt
3260 5511 3590 5586 morte;_no_n
3614 5504 3787 5586 solum

2186 5574 2278 5657 qui
2307 5588 2403 5641 itla
2425 5574 2763 5657 faciunt,sed
2790 5574 2947 5638 Etiam
2974 5574 3067 5652 q'ui
3102 5578 3429 5657 consentiunt
3446 5574 3782 5657 [Migtibua

2192 5645 2364 5729 Caput
2390 5645 2872 5729 iniquitatis,ietc.,
2901 5645 3177 5729 Iit-supra.
3206 5651 3317 5707 Nos
3338 5647 3526 5729 varias
3554 5646 3685 5725 Gioll.
3712 5645 3784 5700 le-

2186 5722 2395 5787 ctiones
2416 5722 2707 5788 intextum
2727 5725 3007 5787 Rom.edit
3027 5722 3144 5796 jam
3169 5728 3414 5796 receptas
3427 5722 3781 5777 retiuuimus.
