  <div class='ocr_page' id='page_1' title='image "/cluster/home/n/w/nwhite01/storage/ocr_20150623/17/hvd.32044096580436/038.png"; bbox 0 0 4136 6194; ppageno 0'>
   <div class='ocr_carea' id='block_1_1' title="bbox 346 281 3666 345">
    <p class='ocr_par' dir='ltr' id='par_1_1' title="bbox 346 281 3666 345">
     <span class='ocr_line' id='line_1_1' title="bbox 346 281 3666 345; baseline -0.002 0"><span class='ocrx_word' id='word_1_1' title='bbox 346 289 417 345; x_wconf 87' lang='lat'><strong>65</strong></span> <span class='ocrx_word' id='word_1_2' title='bbox 1456 282 1819 341; x_wconf 84' lang='lat' dir='ltr'>COMMENT.</span> <span class='ocrx_word' id='word_1_3' title='bbox 1864 283 1934 340; x_wconf 85' lang='lat' dir='ltr'>lN</span> <span class='ocrx_word' id='word_1_4' title='bbox 1972 281 2188 338; x_wconf 90' lang='lat' dir='ltr'>EPIST.</span> <span class='ocrx_word' id='word_1_5' title='bbox 2231 284 2325 337; x_wconf 82' lang='lat' dir='ltr'>Al)</span> <span class='ocrx_word' id='word_1_6' title='bbox 2368 282 2535 339; x_wconf 83' lang='lat' dir='ltr'>ROM.</span> <span class='ocrx_word' id='word_1_7' title='bbox 3592 283 3666 340; x_wconf 83' lang='lat'><strong><em>66</em></strong></span> 
     </span>
    </p>
   </div>
   <div class='ocr_carea' id='block_1_2' title="bbox 340 407 3660 485">
    <p class='ocr_par' dir='ltr' id='par_1_2' title="bbox 340 407 3660 485">
     <span class='ocr_line' id='line_1_2' title="bbox 340 407 3660 485; baseline -0.001 -16"><span class='ocrx_word' id='word_1_8' title='bbox 340 420 396 469; x_wconf 91' lang='lat' dir='ltr'>et</span> <span class='ocrx_word' id='word_1_9' title='bbox 453 412 584 485; x_wconf 87' lang='lat' dir='ltr'>quia</span> <span class='ocrx_word' id='word_1_10' title='bbox 623 428 723 468; x_wconf 87' lang='lat' dir='ltr'>nec</span> <span class='ocrx_word' id='word_1_11' title='bbox 764 411 1087 468; x_wconf 87' lang='lat' dir='ltr'>hominibus</span> <span class='ocrx_word' id='word_1_12' title='bbox 1132 412 1369 484; x_wconf 88' lang='lat' dir='ltr'>placent,</span> <span class='ocrx_word' id='word_1_13' title='bbox 1432 436 1450 459; x_wconf 75' lang='grc' dir='ltr'>ι</span> <span class='ocrx_word' id='word_1_14' title='bbox 1480 410 1931 478; x_wconf 79' lang='lat' dir='ltr'>contumeliosos,</span> <span class='ocrx_word' id='word_1_15' title='bbox 1960 411 2011 471; x_wconf 86' lang='lat' dir='ltr'><strong>A</strong></span> <span class='ocrx_word' id='word_1_16' title='bbox 2038 407 2156 463; x_wconf 89' lang='lat' dir='ltr'>hac</span> <span class='ocrx_word' id='word_1_17' title='bbox 2178 407 2463 463; x_wconf 90' lang='lat' dir='ltr'>emendata</span> <span class='ocrx_word' id='word_1_18' title='bbox 2492 407 2716 475; x_wconf 77' lang='lat' dir='ltr'>fuerint,</span> <span class='ocrx_word' id='word_1_19' title='bbox 2749 408 2909 464; x_wconf 79' lang='lat' dir='ltr'>facile</span> <span class='ocrx_word' id='word_1_20' title='bbox 2937 410 3289 482; x_wconf 79' lang='lat' dir='ltr'>corrigantur</span> <span class='ocrx_word' id='word_1_21' title='bbox 3315 416 3370 465; x_wconf 88' lang='lat' dir='ltr'>et</span> <span class='ocrx_word' id='word_1_22' title='bbox 3442 424 3660 465; x_wconf 91' lang='lat' dir='ltr'>morum</span> 
     </span>
    </p>
   </div>
   <div class='ocr_carea' id='block_1_3' title="bbox 344 499 1954 572">
    <p class='ocr_par' dir='ltr' id='par_1_3' title="bbox 344 499 1954 572">
     <span class='ocr_line' id='line_1_3' title="bbox 344 499 1954 572; baseline -0.001 -16"><span class='ocrx_word' id='word_1_23' title='bbox 344 500 550 572; x_wconf 79' lang='lat' dir='ltr'>inquit,</span> <span class='ocrx_word' id='word_1_24' title='bbox 625 500 915 572; x_wconf 87' lang='lat' dir='ltr'>superbos,</span> <span class='ocrx_word' id='word_1_25' title='bbox 993 501 1184 568; x_wconf 85' lang='lat' dir='ltr'>elatos,</span> <span class='ocrx_word' id='word_1_26' title='bbox 1262 501 1601 569; x_wconf 82' lang='lat' dir='ltr'>inventores,</span> <span class='ocrx_word' id='word_1_27' title='bbox 1660 525 1678 548; x_wconf 74' lang='grc' dir='ltr'>ι</span> <span class='ocrx_word' id='word_1_28' title='bbox 1749 499 1807 555; x_wconf 93' lang='lat' dir='ltr'>id</span> <span class='ocrx_word' id='word_1_29' title='bbox 1873 506 1954 554; x_wconf 91' lang='lat' dir='ltr'>est</span> 
     </span>
    </p>
   </div>
   <div class='ocr_carea' id='block_1_4' title="bbox 288 590 1950 663">
    <p class='ocr_par' dir='ltr' id='par_1_4' title="bbox 288 590 1950 663">
     <span class='ocr_line' id='line_1_4' title="bbox 288 590 1950 663; baseline 0.001 -19"><span class='ocrx_word' id='word_1_30' title='bbox 288 624 295 633; x_wconf 89' lang='lat'><em>-</em></span> <span class='ocrx_word' id='word_1_31' title='bbox 344 597 616 658; x_wconf 84' lang='lat' dir='ltr'>auctores,</span> <span class='ocrx_word' id='word_1_32' title='bbox 682 592 972 645; x_wconf 83' lang='lat' dir='ltr'>maiorum.</span> <span class='ocrx_word' id='word_1_33' title='bbox 1048 590 1171 645; x_wconf 88' lang='lat' dir='ltr'>Non</span> <span class='ocrx_word' id='word_1_34' title='bbox 1238 608 1367 663; x_wconf 90' lang='lat' dir='ltr'>ergo</span> <span class='ocrx_word' id='word_1_35' title='bbox 1429 606 1647 663; x_wconf 87' lang='lat' dir='ltr'>semper</span> <span class='ocrx_word' id='word_1_36' title='bbox 1721 590 1950 645; x_wconf 87' lang='lat' dir='ltr'>malum.</span> 
     </span>
    </p>
   </div>
   <div class='ocr_carea' id='block_1_5' title="bbox 346 682 1953 757">
    <p class='ocr_par' dir='ltr' id='par_1_5' title="bbox 346 682 1953 757">
     <span class='ocr_line' id='line_1_5' title="bbox 346 682 1953 757; baseline 0.001 -20"><span class='ocrx_word' id='word_1_37' title='bbox 346 682 444 737; x_wconf 85' lang='lat' dir='ltr'>Isti</span> <span class='ocrx_word' id='word_1_38' title='bbox 475 690 658 738; x_wconf 89' lang='lat' dir='ltr'>autem</span> <span class='ocrx_word' id='word_1_39' title='bbox 704 683 1012 739; x_wconf 80' lang='lat' dir='ltr'>imitatores</span> <span class='ocrx_word' id='word_1_40' title='bbox 1044 684 1175 741; x_wconf 88' lang='lat' dir='ltr'>facti</span> <span class='ocrx_word' id='word_1_41' title='bbox 1206 685 1377 757; x_wconf 84' lang='lat' dir='ltr'>patris</span> <span class='ocrx_word' id='word_1_42' title='bbox 1405 685 1491 741; x_wconf 93' lang='lat' dir='ltr'>sui</span> <span class='ocrx_word' id='word_1_43' title='bbox 1522 683 1752 751; x_wconf 89' lang='lat' dir='ltr'>diaboli,</span> <span class='ocrx_word' id='word_1_44' title='bbox 1784 683 1953 739; x_wconf 91' lang='lat' dir='ltr'>idolo-</span> 
     </span>
    </p>
   </div>
   <div class='ocr_carea' id='block_1_6' title="bbox 347 771 1960 847">
    <p class='ocr_par' dir='ltr' id='par_1_6' title="bbox 347 771 1960 847">
     <span class='ocr_line' id='line_1_6' title="bbox 347 771 1960 847; baseline 0 -20"><span class='ocrx_word' id='word_1_45' title='bbox 347 771 528 828; x_wconf 88' lang='lat' dir='ltr'>latria</span> <span class='ocrx_word' id='word_1_46' title='bbox 567 773 772 828; x_wconf 89' lang='lat' dir='ltr'>malum</span> <span class='ocrx_word' id='word_1_47' title='bbox 831 774 1182 841; x_wconf 89' lang='lat' dir='ltr'>invenerunt,</span> <span class='ocrx_word' id='word_1_48' title='bbox 1243 791 1339 847; x_wconf 90' lang='lat' dir='ltr'>per</span> <span class='ocrx_word' id='word_1_49' title='bbox 1390 774 1540 846; x_wconf 89' lang='lat' dir='ltr'>quod</span> <span class='ocrx_word' id='word_1_50' title='bbox 1594 772 1782 829; x_wconf 86' lang='lat' dir='ltr'>omnia</span> <span class='ocrx_word' id='word_1_51' title='bbox 1821 772 1960 827; x_wconf 88' lang='lat' dir='ltr'>vitia</span> 
     </span>
    </p>
   </div>
   <div class='ocr_carea' id='block_1_7' title="bbox 346 862 1957 940">
    <p class='ocr_par' dir='ltr' id='par_1_7' title="bbox 346 862 1957 940">
     <span class='ocr_line' id='line_1_7' title="bbox 346 862 1957 940; baseline 0.001 -20"><span class='ocrx_word' id='word_1_52' title='bbox 346 865 407 921; x_wconf 90' lang='lat' dir='ltr'>in</span> <span class='ocrx_word' id='word_1_53' title='bbox 460 867 669 922; x_wconf 91' lang='lat' dir='ltr'>mundo</span> <span class='ocrx_word' id='word_1_54' title='bbox 726 874 856 923; x_wconf 90' lang='lat' dir='ltr'>sunt</span> <span class='ocrx_word' id='word_1_55' title='bbox 913 875 1065 935; x_wconf 89' lang='lat' dir='ltr'>nata,</span> <span class='ocrx_word' id='word_1_56' title='bbox 1122 876 1178 923; x_wconf 89' lang='lat' dir='ltr'>et</span> <span class='ocrx_word' id='word_1_57' title='bbox 1224 868 1466 940; x_wconf 88' lang='lat' dir='ltr'>perditio</span> <span class='ocrx_word' id='word_1_58' title='bbox 1517 862 1777 921; x_wconf 63' lang='lat' dir='ltr'>maxima.</span> <span class='ocrx_word' id='word_1_59' title='bbox 1822 866 1957 921; x_wconf 89' lang='lat' dir='ltr'>Nam</span> 
     </span>
    </p>
   </div>
   <div class='ocr_carea' id='block_1_8' title="bbox 342 954 1961 1029">
    <p class='ocr_par' dir='ltr' id='par_1_8' title="bbox 342 954 1961 1029">
     <span class='ocr_line' id='line_1_8' title="bbox 342 954 1961 1029; baseline -0.001 -19"><span class='ocrx_word' id='word_1_60' title='bbox 342 954 618 1024; x_wconf 85' lang='lat' dir='ltr'>diabolus,</span> <span class='ocrx_word' id='word_1_61' title='bbox 651 971 815 1029; x_wconf 86' lang='lat' dir='ltr'>quem</span> <span class='ocrx_word' id='word_1_62' title='bbox 866 956 936 1012; x_wconf 89' lang='lat' dir='ltr'>ab</span> <span class='ocrx_word' id='word_1_63' title='bbox 967 955 1136 1011; x_wconf 90' lang='lat' dir='ltr'>initio</span> <span class='ocrx_word' id='word_1_64' title='bbox 1162 956 1457 1027; x_wconf 85' lang='lat' dir='ltr'>Scriptura</span> <span class='ocrx_word' id='word_1_65' title='bbox 1484 971 1703 1026; x_wconf 87' lang='lat' dir='ltr'>peccare</span> <span class='ocrx_word' id='word_1_66' title='bbox 1730 962 1961 1010; x_wconf 86' lang='lat' dir='ltr'>testatur</span> 
     </span>
    </p>
   </div>
   <div class='ocr_carea' id='block_1_9' title="bbox 346 1038 1956 1117">
    <p class='ocr_par' dir='ltr' id='par_1_9' title="bbox 346 1038 1956 1117">
     <span class='ocr_line' id='line_1_9' title="bbox 346 1038 1956 1117; baseline -0.004 -16"><span class='ocrx_word' id='word_1_67' title='bbox 346 1044 407 1116; x_wconf 91' lang='grc' dir='ltr'>(Ι</span> <span class='ocrx_word' id='word_1_68' title='bbox 430 1044 588 1100; x_wconf 87' lang='lat' dir='ltr'>Joan.</span> <span class='ocrx_word' id='word_1_69' title='bbox 631 1062 717 1113; x_wconf 91' lang='grc' dir='ltr'>ιιι,</span> <span class='ocrx_word' id='word_1_70' title='bbox 747 1045 834 1116; x_wconf 90' lang='lat'>8),</span> <span class='ocrx_word' id='word_1_71' title='bbox 865 1061 1181 1117; x_wconf 88' lang='lat' dir='ltr'>quanquam</span> <span class='ocrx_word' id='word_1_72' title='bbox 1211 1045 1518 1117; x_wconf 89' lang='lat' dir='ltr'>tyrannica</span> <span class='ocrx_word' id='word_1_73' title='bbox 1541 1038 1956 1116; x_wconf 87' lang='lat' dir='ltr'>praesumptioni</span> 
     </span>
    </p>
   </div>
   <div class='ocr_carea' id='block_1_10' title="bbox 341 1132 1950 1207">
    <p class='ocr_par' dir='ltr' id='par_1_10' title="bbox 341 1132 1950 1207">
     <span class='ocr_line' id='line_1_10' title="bbox 341 1132 1950 1207; baseline 0.001 -18"><span class='ocrx_word' id='word_1_74' title='bbox 341 1132 583 1201; x_wconf 80' lang='lat' dir='ltr'>studeat,</span> <span class='ocrx_word' id='word_1_75' title='bbox 614 1150 729 1189; x_wconf 90' lang='lat' dir='ltr'>non</span> <span class='ocrx_word' id='word_1_76' title='bbox 760 1141 945 1189; x_wconf 88' lang='lat' dir='ltr'>tamen</span> <span class='ocrx_word' id='word_1_77' title='bbox 980 1134 1037 1191; x_wconf 90' lang='lat' dir='ltr'>id</span> <span class='ocrx_word' id='word_1_78' title='bbox 1065 1150 1231 1191; x_wconf 90' lang='lat' dir='ltr'>ausus</span> <span class='ocrx_word' id='word_1_79' title='bbox 1262 1143 1347 1191; x_wconf 90' lang='lat' dir='ltr'>est</span> <span class='ocrx_word' id='word_1_80' title='bbox 1373 1134 1639 1207; x_wconf 88' lang='lat' dir='ltr'>proﬁteri,</span> <span class='ocrx_word' id='word_1_81' title='bbox 1671 1143 1734 1190; x_wconf 89' lang='lat' dir='ltr'>ut</span> <span class='ocrx_word' id='word_1_82' title='bbox 1760 1133 1908 1189; x_wconf 85' lang='lat' dir='ltr'>dicat</span> <span class='ocrx_word' id='word_1_83' title='bbox 1938 1153 1950 1191; x_wconf 90' lang='lat'>:</span> 
     </span>
    </p>
   </div>
   <div class='ocr_carea' id='block_1_11' title="bbox 357 1223 1957 1297">
    <p class='ocr_par' dir='ltr' id='par_1_11' title="bbox 357 1223 1957 1297">
     <span class='ocr_line' id='line_1_11' title="bbox 357 1223 1957 1297; baseline -0.001 -18"><span class='ocrx_word' id='word_1_84' title='bbox 357 1247 377 1271; x_wconf 73' lang='grc' dir='ltr'>ι</span> <span class='ocrx_word' id='word_1_85' title='bbox 414 1225 533 1296; x_wconf 87' lang='lat' dir='ltr'>Ego</span> <span class='ocrx_word' id='word_1_86' title='bbox 591 1240 713 1280; x_wconf 90' lang='lat' dir='ltr'>sum</span> <span class='ocrx_word' id='word_1_87' title='bbox 764 1226 929 1281; x_wconf 88' lang='lat' dir='ltr'>Deus.</span> <span class='ocrx_word' id='word_1_88' title='bbox 969 1249 988 1271; x_wconf 74' lang='grc' dir='ltr'>ι</span> <span class='ocrx_word' id='word_1_89' title='bbox 1042 1224 1298 1297; x_wconf 89' lang='lat' dir='ltr'>Denique</span> <span class='ocrx_word' id='word_1_90' title='bbox 1352 1226 1496 1281; x_wconf 91' lang='lat' dir='ltr'>inter</span> <span class='ocrx_word' id='word_1_91' title='bbox 1553 1232 1749 1281; x_wconf 87' lang='lat' dir='ltr'>catera</span> <span class='ocrx_word' id='word_1_92' title='bbox 1812 1223 1957 1279; x_wconf 83' lang='lat' dir='ltr'>dixit</span> 
     </span>
    </p>
   </div>
   <div class='ocr_carea' id='block_1_12' title="bbox 342 1312 1955 1370">
    <p class='ocr_par' dir='ltr' id='par_1_12' title="bbox 342 1312 1955 1370">
     <span class='ocr_line' id='line_1_12' title="bbox 342 1312 1955 1370; baseline -0.001 -2"><span class='ocrx_word' id='word_1_93' title='bbox 342 1312 416 1368; x_wconf 86' lang='lat' dir='ltr'>ad</span> <span class='ocrx_word' id='word_1_94' title='bbox 471 1312 802 1368; x_wconf 91' lang='lat' dir='ltr'>Dominum:</span> <span class='ocrx_word' id='word_1_95' title='bbox 869 1339 886 1360; x_wconf 81' lang='grc' dir='ltr'>ι</span> <span class='ocrx_word' id='word_1_96' title='bbox 940 1314 1068 1369; x_wconf 84' lang='lat' dir='ltr'>Hac</span> <span class='ocrx_word' id='word_1_97' title='bbox 1122 1312 1313 1370; x_wconf 87' lang='lat' dir='ltr'>omnia</span> <span class='ocrx_word' id='word_1_98' title='bbox 1366 1313 1506 1369; x_wconf 91' lang='lat' dir='ltr'>mihi</span> <span class='ocrx_word' id='word_1_99' title='bbox 1566 1313 1767 1369; x_wconf 82' lang='lat' dir='ltr'>tradita</span> <span class='ocrx_word' id='word_1_100' title='bbox 1825 1319 1955 1368; x_wconf 89' lang='lat' dir='ltr'>sunt</span> 
     </span>
    </p>
   </div>
   <div class='ocr_carea' id='block_1_13' title="bbox 345 1401 1957 1472">
    <p class='ocr_par' dir='ltr' id='par_1_13' title="bbox 345 1401 1957 1472">
     <span class='ocr_line' id='line_1_13' title="bbox 345 1401 1957 1472; baseline 0 -17"><span class='ocrx_word' id='word_1_101' title='bbox 345 1401 503 1471; x_wconf 88' lang='lat' dir='ltr'>(Luc.</span> <span class='ocrx_word' id='word_1_102' title='bbox 552 1419 631 1469; x_wconf 77' lang='grc' dir='ltr'>ιν,</span> <span class='ocrx_word' id='word_1_103' title='bbox 658 1401 738 1472; x_wconf 89' lang='grc'>6).</span> <span class='ocrx_word' id='word_1_104' title='bbox 771 1425 789 1447; x_wconf 72' lang='grc' dir='ltr'>ι</span> <span class='ocrx_word' id='word_1_105' title='bbox 832 1401 953 1457; x_wconf 91' lang='lat' dir='ltr'>Non</span> <span class='ocrx_word' id='word_1_106' title='bbox 1006 1402 1146 1458; x_wconf 89' lang='lat' dir='ltr'>dicit</span> <span class='ocrx_word' id='word_1_107' title='bbox 1174 1421 1186 1459; x_wconf 90' lang='lat'>:</span> <span class='ocrx_word' id='word_1_108' title='bbox 1219 1406 1268 1459; x_wconf 84' lang='lat' dir='ltr'><strong>A</strong></span> <span class='ocrx_word' id='word_1_109' title='bbox 1324 1419 1416 1458; x_wconf 91' lang='lat' dir='ltr'>me</span> <span class='ocrx_word' id='word_1_110' title='bbox 1464 1411 1632 1470; x_wconf 90' lang='lat' dir='ltr'>sunt;</span> <span class='ocrx_word' id='word_1_111' title='bbox 1676 1402 1785 1471; x_wconf 88' lang='lat' dir='ltr'>vel,</span> <span class='ocrx_word' id='word_1_112' title='bbox 1837 1416 1957 1456; x_wconf 90' lang='lat' dir='ltr'>mea</span> 
     </span>
    </p>
   </div>
   <div class='ocr_carea' id='block_1_14' title="bbox 342 1489 1955 1564">
    <p class='ocr_par' dir='ltr' id='par_1_14' title="bbox 342 1489 1955 1564">
     <span class='ocr_line' id='line_1_14' title="bbox 342 1489 1955 1564; baseline 0.002 -20"><span class='ocrx_word' id='word_1_113' title='bbox 342 1498 492 1545; x_wconf 89' lang='lat' dir='ltr'>sunt.</span> <span class='ocrx_word' id='word_1_114' title='bbox 526 1490 599 1545; x_wconf 89' lang='lat' dir='ltr'>Et</span> <span class='ocrx_word' id='word_1_115' title='bbox 626 1490 684 1544; x_wconf 90' lang='lat' dir='ltr'>in</span> <span class='ocrx_word' id='word_1_116' title='bbox 718 1489 860 1547; x_wconf 90' lang='lat' dir='ltr'>libro</span> <span class='ocrx_word' id='word_1_117' title='bbox 888 1490 989 1547; x_wconf 90' lang='lat' dir='ltr'>Job</span> <span class='ocrx_word' id='word_1_118' title='bbox 1019 1500 1348 1564; x_wconf 89' lang='lat' dir='ltr'>potestatem</span> <span class='ocrx_word' id='word_1_119' title='bbox 1391 1492 1498 1548; x_wconf 88' lang='lat' dir='ltr'>sibi</span> <span class='ocrx_word' id='word_1_120' title='bbox 1530 1492 1663 1548; x_wconf 90' lang='lat' dir='ltr'>dari</span> <span class='ocrx_word' id='word_1_121' title='bbox 1705 1489 1955 1564; x_wconf 81' lang='lat' dir='ltr'>exposcit</span> 
     </span>
    </p>
   </div>
   <div class='ocr_carea' id='block_1_15' title="bbox 345 1578 1954 1655">
    <p class='ocr_par' dir='ltr' id='par_1_15' title="bbox 345 1578 1954 1655">
     <span class='ocr_line' id='line_1_15' title="bbox 345 1578 1954 1655; baseline 0 -22"><span class='ocrx_word' id='word_1_122' title='bbox 345 1578 467 1649; x_wconf 88' lang='lat' dir='ltr'>(Job</span> <span class='ocrx_word' id='word_1_123' title='bbox 522 1596 565 1647; x_wconf 84' lang='grc' dir='ltr'>ι,</span> <span class='ocrx_word' id='word_1_124' title='bbox 619 1580 736 1652; x_wconf 81' lang='grc'>12).</span> <span class='ocrx_word' id='word_1_125' title='bbox 794 1579 1159 1647; x_wconf 87' lang='lat' dir='ltr'>Quamobrem</span> <span class='ocrx_word' id='word_1_126' title='bbox 1215 1582 1333 1654; x_wconf 89' lang='lat'><strong>(57)</strong></span> <span class='ocrx_word' id='word_1_127' title='bbox 1392 1581 1603 1655; x_wconf 87' lang='lat' dir='ltr'>pejores</span> <span class='ocrx_word' id='word_1_128' title='bbox 1658 1580 1751 1638; x_wconf 89' lang='lat' dir='ltr'>isti</span> <span class='ocrx_word' id='word_1_129' title='bbox 1802 1586 1954 1648; x_wconf 90' lang='lat' dir='ltr'>sunt,</span> 
     </span>
    </p>
   </div>
   <div class='ocr_carea' id='block_1_16' title="bbox 349 1668 1958 1745">
    <p class='ocr_par' dir='ltr' id='par_1_16' title="bbox 349 1668 1958 1745">
     <span class='ocr_line' id='line_1_16' title="bbox 349 1668 1958 1745; baseline 0 -20"><span class='ocrx_word' id='word_1_130' title='bbox 349 1668 445 1741; x_wconf 91' lang='lat' dir='ltr'>qui</span> <span class='ocrx_word' id='word_1_131' title='bbox 479 1684 591 1724; x_wconf 92' lang='lat' dir='ltr'>non</span> <span class='ocrx_word' id='word_1_132' title='bbox 618 1676 835 1725; x_wconf 89' lang='lat' dir='ltr'>tantum</span> <span class='ocrx_word' id='word_1_133' title='bbox 859 1669 1170 1737; x_wconf 86' lang='lat' dir='ltr'>elementis,</span> <span class='ocrx_word' id='word_1_134' title='bbox 1191 1670 1287 1727; x_wconf 89' lang='lat' dir='ltr'>sed</span> <span class='ocrx_word' id='word_1_135' title='bbox 1317 1680 1370 1729; x_wconf 93' lang='lat' dir='ltr'>et</span> <span class='ocrx_word' id='word_1_136' title='bbox 1398 1672 1675 1745; x_wconf 89' lang='lat' dir='ltr'>ﬁgmentis</span> <span class='ocrx_word' id='word_1_137' title='bbox 1703 1671 1958 1728; x_wconf 87' lang='lat' dir='ltr'>tribuunt</span> 
     </span>
    </p>
   </div>
   <div class='ocr_carea' id='block_1_17' title="bbox 345 1757 626 1815">
    <p class='ocr_par' dir='ltr' id='par_1_17' title="bbox 345 1757 626 1815">
     <span class='ocr_line' id='line_1_17' title="bbox 345 1757 626 1815; baseline 0 0"><span class='ocrx_word' id='word_1_138' title='bbox 345 1757 626 1815; x_wconf 86' lang='lat' dir='ltr'>deitatem.</span> 
     </span>
    </p>
   </div>
   <div class='ocr_carea' id='block_1_18' title="bbox 421 1848 1953 1922">
    <p class='ocr_par' dir='ltr' id='par_1_18' title="bbox 421 1848 1953 1922">
     <span class='ocr_line' id='line_1_18' title="bbox 421 1848 1953 1922; baseline -0.001 -17"><span class='ocrx_word' id='word_1_139' title='bbox 421 1848 605 1920; x_wconf 88' lang='lat' dir='ltr'>(Vers.</span> <span class='ocrx_word' id='word_1_140' title='bbox 638 1849 757 1922; x_wconf 89' lang='grc'>31.)</span> <span class='ocrx_word' id='word_1_141' title='bbox 796 1848 1156 1906; x_wconf 69' lang='lat' dir='ltr'>«Parentibus</span> <span class='ocrx_word' id='word_1_142' title='bbox 1184 1864 1298 1905; x_wconf 90' lang='lat' dir='ltr'>non</span> <span class='ocrx_word' id='word_1_143' title='bbox 1319 1848 1660 1907; x_wconf 88' lang='lat' dir='ltr'>obedientes.</span> <span class='ocrx_word' id='word_1_144' title='bbox 1682 1874 1701 1897; x_wconf 75' lang='grc' dir='ltr'>ι</span> <span class='ocrx_word' id='word_1_145' title='bbox 1736 1848 1953 1917; x_wconf 86' lang='lat' dir='ltr'>Quanta</span> 
     </span>
    </p>
   </div>
   <div class='ocr_carea' id='block_1_19' title="bbox 348 1938 1951 2013">
    <p class='ocr_par' dir='ltr' id='par_1_19' title="bbox 348 1938 1951 2013">
     <span class='ocr_line' id='line_1_19' title="bbox 348 1938 1951 2013; baseline -0.001 -17"><span class='ocrx_word' id='word_1_146' title='bbox 348 1945 530 1996; x_wconf 87' lang='lat' dir='ltr'>autem</span> <span class='ocrx_word' id='word_1_147' title='bbox 560 1938 861 1996; x_wconf 88' lang='lat' dir='ltr'>insolentia</span> <span class='ocrx_word' id='word_1_148' title='bbox 887 1938 1094 2011; x_wconf 87' lang='lat' dir='ltr'>arrepti</span> <span class='ocrx_word' id='word_1_149' title='bbox 1126 1947 1276 2009; x_wconf 90' lang='lat' dir='ltr'>sunt,</span> <span class='ocrx_word' id='word_1_150' title='bbox 1303 1946 1366 1995; x_wconf 91' lang='lat' dir='ltr'>ut</span> <span class='ocrx_word' id='word_1_151' title='bbox 1395 1955 1496 1997; x_wconf 90' lang='lat' dir='ltr'>nec</span> <span class='ocrx_word' id='word_1_152' title='bbox 1524 1946 1776 2013; x_wconf 88' lang='lat' dir='ltr'>parentes</span> <span class='ocrx_word' id='word_1_153' title='bbox 1803 1954 1951 2008; x_wconf 89' lang='lat' dir='ltr'>suos,</span> 
     </span>
    </p>
   </div>
   <div class='ocr_carea' id='block_1_20' title="bbox 348 2028 1952 2103">
    <p class='ocr_par' dir='ltr' id='par_1_20' title="bbox 348 2028 1952 2103">
     <span class='ocr_line' id='line_1_20' title="bbox 348 2028 1952 2103; baseline -0.001 -18"><span class='ocrx_word' id='word_1_154' title='bbox 348 2045 488 2102; x_wconf 89' lang='lat' dir='ltr'>quos</span> <span class='ocrx_word' id='word_1_155' title='bbox 538 2036 790 2086; x_wconf 87' lang='lat' dir='ltr'>auctores</span> <span class='ocrx_word' id='word_1_156' title='bbox 834 2028 892 2083; x_wconf 90' lang='lat' dir='ltr'>in</span> <span class='ocrx_word' id='word_1_157' title='bbox 958 2028 1250 2085; x_wconf 89' lang='lat' dir='ltr'>nativitate</span> <span class='ocrx_word' id='word_1_158' title='bbox 1294 2028 1519 2098; x_wconf 91' lang='lat' dir='ltr'>habent,</span> <span class='ocrx_word' id='word_1_159' title='bbox 1578 2037 1952 2103; x_wconf 82' lang='lat' dir='ltr'>agnoscerent,</span> 
     </span>
    </p>
   </div>
   <div class='ocr_carea' id='block_1_21' title="bbox 350 2118 1956 2194">
    <p class='ocr_par' dir='ltr' id='par_1_21' title="bbox 350 2118 1956 2194">
     <span class='ocr_line' id='line_1_21' title="bbox 350 2118 1956 2194; baseline 0.001 -19"><span class='ocrx_word' id='word_1_160' title='bbox 350 2119 557 2193; x_wconf 87' lang='lat' dir='ltr'>quique</span> <span class='ocrx_word' id='word_1_161' title='bbox 600 2135 659 2175; x_wconf 90' lang='lat' dir='ltr'>se</span> <span class='ocrx_word' id='word_1_162' title='bbox 702 2126 862 2176; x_wconf 89' lang='lat' dir='ltr'>natos</span> <span class='ocrx_word' id='word_1_163' title='bbox 891 2118 1230 2192; x_wconf 79' lang='lat' dir='ltr'>gauderent:</span> <span class='ocrx_word' id='word_1_164' title='bbox 1280 2120 1410 2177; x_wconf 91' lang='lat' dir='ltr'>illos</span> <span class='ocrx_word' id='word_1_165' title='bbox 1458 2127 1645 2177; x_wconf 90' lang='lat' dir='ltr'>tamen</span> <span class='ocrx_word' id='word_1_166' title='bbox 1695 2136 1791 2194; x_wconf 89' lang='lat' dir='ltr'>per</span> <span class='ocrx_word' id='word_1_167' title='bbox 1819 2136 1956 2194; x_wconf 90' lang='lat' dir='ltr'>quos</span> 
     </span>
    </p>
   </div>
   <div class='ocr_carea' id='block_1_22' title="bbox 350 2208 1956 2283">
    <p class='ocr_par' dir='ltr' id='par_1_22' title="bbox 350 2208 1956 2283">
     <span class='ocr_line' id='line_1_22' title="bbox 350 2208 1956 2283; baseline 0.001 -19"><span class='ocrx_word' id='word_1_168' title='bbox 350 2224 467 2265; x_wconf 86' lang='lat' dir='ltr'>esse</span> <span class='ocrx_word' id='word_1_169' title='bbox 517 2216 817 2281; x_wconf 77' lang='lat' dir='ltr'>caperant,</span> <span class='ocrx_word' id='word_1_170' title='bbox 868 2208 1293 2266; x_wconf 89' lang='lat' dir='ltr'>contemnebant</span> <span class='ocrx_word' id='word_1_171' title='bbox 1344 2209 1507 2283; x_wconf 79' lang='lat'><strong>(58)!</strong></span> <span class='ocrx_word' id='word_1_172' title='bbox 1552 2210 1680 2271; x_wconf 80' lang='lat' dir='ltr'>Hoc</span> <span class='ocrx_word' id='word_1_173' title='bbox 1717 2218 1798 2267; x_wconf 91' lang='lat' dir='ltr'>est</span> <span class='ocrx_word' id='word_1_174' title='bbox 1842 2224 1956 2266; x_wconf 89' lang='lat' dir='ltr'>esse</span> 
     </span>
    </p>
   </div>
   <div class='ocr_carea' id='block_1_23' title="bbox 350 2299 1955 2368">
    <p class='ocr_par' dir='ltr' id='par_1_23' title="bbox 350 2299 1955 2368">
     <span class='ocr_line' id='line_1_23' title="bbox 350 2299 1955 2368; baseline -0.001 -13"><span class='ocrx_word' id='word_1_175' title='bbox 350 2299 465 2355; x_wconf 82' lang='lat' dir='ltr'>sine</span> <span class='ocrx_word' id='word_1_176' title='bbox 491 2299 776 2368; x_wconf 80' lang='lat' dir='ltr'>intellectu,</span> <span class='ocrx_word' id='word_1_177' title='bbox 809 2300 921 2354; x_wconf 88' lang='lat' dir='ltr'>sine</span> <span class='ocrx_word' id='word_1_178' title='bbox 963 2299 1241 2368; x_wconf 89' lang='lat' dir='ltr'>charitate,</span> <span class='ocrx_word' id='word_1_179' title='bbox 1273 2299 1368 2355; x_wconf 89' lang='lat' dir='ltr'>sed</span> <span class='ocrx_word' id='word_1_180' title='bbox 1397 2299 1498 2356; x_wconf 90' lang='lat' dir='ltr'>Dei</span> <span class='ocrx_word' id='word_1_181' title='bbox 1525 2317 1539 2367; x_wconf 94' lang='lat'>;</span> <span class='ocrx_word' id='word_1_182' title='bbox 1577 2316 1702 2356; x_wconf 90' lang='lat' dir='ltr'>nam</span> <span class='ocrx_word' id='word_1_183' title='bbox 1734 2308 1853 2356; x_wconf 87' lang='lat' dir='ltr'>erat</span> <span class='ocrx_word' id='word_1_184' title='bbox 1897 2299 1955 2355; x_wconf 91' lang='lat' dir='ltr'>in</span> 
     </span>
    </p>
   </div>
   <div class='ocr_carea' id='block_1_24' title="bbox 353 2388 1957 2464">
    <p class='ocr_par' dir='ltr' id='par_1_24' title="bbox 353 2388 1957 2464">
     <span class='ocr_line' id='line_1_24' title="bbox 353 2388 1957 2464; baseline 0.001 -19"><span class='ocrx_word' id='word_1_185' title='bbox 353 2390 481 2446; x_wconf 90' lang='lat' dir='ltr'>illos</span> <span class='ocrx_word' id='word_1_186' title='bbox 508 2390 750 2447; x_wconf 89' lang='lat' dir='ltr'>charitas</span> <span class='ocrx_word' id='word_1_187' title='bbox 780 2388 980 2447; x_wconf 87' lang='lat' dir='ltr'>carnis.</span> <span class='ocrx_word' id='word_1_188' title='bbox 1016 2389 1105 2459; x_wconf 89' lang='lat' dir='ltr'>Hi,</span> <span class='ocrx_word' id='word_1_189' title='bbox 1139 2388 1239 2447; x_wconf 92' lang='lat' dir='ltr'>Dei</span> <span class='ocrx_word' id='word_1_190' title='bbox 1262 2390 1537 2463; x_wconf 89' lang='lat' dir='ltr'>justitiam</span> <span class='ocrx_word' id='word_1_191' title='bbox 1569 2397 1957 2464; x_wconf 82' lang='lat' dir='ltr'>cognoscentes</span> 
     </span>
    </p>
   </div>
   <div class='ocr_carea' id='block_1_25' title="bbox 351 2478 1957 2553">
    <p class='ocr_par' dir='ltr' id='par_1_25' title="bbox 351 2478 1957 2553">
     <span class='ocr_line' id='line_1_25' title="bbox 351 2478 1957 2553; baseline 0 -17"><span class='ocrx_word' id='word_1_192' title='bbox 351 2495 450 2553; x_wconf 88' lang='lat' dir='ltr'>per</span> <span class='ocrx_word' id='word_1_193' title='bbox 486 2479 657 2552; x_wconf 87' lang='lat' dir='ltr'>legem</span> <span class='ocrx_word' id='word_1_194' title='bbox 704 2487 914 2536; x_wconf 87' lang='lat' dir='ltr'>natura</span> <span class='ocrx_word' id='word_1_195' title='bbox 946 2478 1253 2553; x_wconf 84' lang='lat' dir='ltr'>(sciverunt</span> <span class='ocrx_word' id='word_1_196' title='bbox 1296 2481 1443 2537; x_wconf 89' lang='lat' dir='ltr'>enim</span> <span class='ocrx_word' id='word_1_197' title='bbox 1477 2480 1597 2538; x_wconf 86' lang='lat' dir='ltr'>hac</span> <span class='ocrx_word' id='word_1_198' title='bbox 1623 2482 1737 2537; x_wconf 91' lang='lat' dir='ltr'>Deo</span> <span class='ocrx_word' id='word_1_199' title='bbox 1769 2480 1957 2553; x_wconf 86' lang='lat' dir='ltr'>displi-</span> 
     </span>
    </p>
   </div>
   <div class='ocr_carea' id='block_1_26' title="bbox 353 2573 1958 2647">
    <p class='ocr_par' dir='ltr' id='par_1_26' title="bbox 353 2573 1958 2647">
     <span class='ocr_line' id='line_1_26' title="bbox 353 2573 1958 2647; baseline -0.001 -14"><span class='ocrx_word' id='word_1_200' title='bbox 353 2591 497 2645; x_wconf 87' lang='lat' dir='ltr'>cere,</span> <span class='ocrx_word' id='word_1_201' title='bbox 552 2574 648 2631; x_wconf 90' lang='lat' dir='ltr'>sed</span> <span class='ocrx_word' id='word_1_202' title='bbox 691 2574 751 2630; x_wconf 89' lang='lat' dir='ltr'>in</span> <span class='ocrx_word' id='word_1_203' title='bbox 800 2573 986 2630; x_wconf 89' lang='lat' dir='ltr'>animo</span> <span class='ocrx_word' id='word_1_204' title='bbox 1027 2590 1231 2647; x_wconf 90' lang='lat' dir='ltr'>ponere</span> <span class='ocrx_word' id='word_1_205' title='bbox 1273 2576 1594 2645; x_wconf 88' lang='lat' dir='ltr'>uoluerunt,</span> <span class='ocrx_word' id='word_1_206' title='bbox 1640 2601 1658 2624; x_wconf 76' lang='grc' dir='ltr'>ι</span> <span class='ocrx_word' id='word_1_207' title='bbox 1686 2575 1958 2643; x_wconf 89' lang='lat' dir='ltr'>Quoniam</span> 
     </span>
    </p>
   </div>
   <div class='ocr_carea' id='block_1_27' title="bbox 358 2663 1960 2739">
    <p class='ocr_par' dir='ltr' id='par_1_27' title="bbox 358 2663 1960 2739">
     <span class='ocr_line' id='line_1_27' title="bbox 358 2663 1960 2739; baseline 0.001 -19"><span class='ocrx_word' id='word_1_208' title='bbox 358 2664 458 2738; x_wconf 90' lang='lat' dir='ltr'>qui</span> <span class='ocrx_word' id='word_1_209' title='bbox 508 2663 627 2721; x_wconf 88' lang='lat' dir='ltr'>hac</span> <span class='ocrx_word' id='word_1_210' title='bbox 672 2671 864 2737; x_wconf 86' lang='lat' dir='ltr'>agunt,</span> <span class='ocrx_word' id='word_1_211' title='bbox 898 2663 1058 2737; x_wconf 91' lang='lat' dir='ltr'>digni</span> <span class='ocrx_word' id='word_1_212' title='bbox 1107 2671 1239 2721; x_wconf 92' lang='lat' dir='ltr'>sunt</span> <span class='ocrx_word' id='word_1_213' title='bbox 1284 2667 1510 2738; x_wconf 88' lang='lat' dir='ltr'>morte),</span> <span class='ocrx_word' id='word_1_214' title='bbox 1542 2691 1561 2716; x_wconf 76' lang='grc' dir='ltr'>ι</span> <span class='ocrx_word' id='word_1_215' title='bbox 1609 2681 1781 2739; x_wconf 89' lang='lat' dir='ltr'>usque</span> <span class='ocrx_word' id='word_1_216' title='bbox 1825 2665 1960 2723; x_wconf 90' lang='lat' dir='ltr'>adeo</span> 
     </span>
    </p>
   </div>
   <div class='ocr_carea' id='block_1_28' title="bbox 351 2752 1963 2828">
    <p class='ocr_par' dir='ltr' id='par_1_28' title="bbox 351 2752 1963 2828">
     <span class='ocr_line' id='line_1_28' title="bbox 351 2752 1963 2828; baseline 0.001 -20"><span class='ocrx_word' id='word_1_217' title='bbox 351 2752 628 2826; x_wconf 89' lang='lat' dir='ltr'>justitiam</span> <span class='ocrx_word' id='word_1_218' title='bbox 686 2753 786 2809; x_wconf 89' lang='lat' dir='ltr'>Dei</span> <span class='ocrx_word' id='word_1_219' title='bbox 833 2761 1231 2826; x_wconf 86' lang='lat' dir='ltr'>cognoverunt,</span> <span class='ocrx_word' id='word_1_220' title='bbox 1294 2761 1357 2810; x_wconf 91' lang='lat' dir='ltr'>ut</span> <span class='ocrx_word' id='word_1_221' title='bbox 1416 2771 1527 2811; x_wconf 90' lang='lat' dir='ltr'>non</span> <span class='ocrx_word' id='word_1_222' title='bbox 1596 2762 1797 2828; x_wconf 89' lang='lat' dir='ltr'>negent</span> <span class='ocrx_word' id='word_1_223' title='bbox 1843 2753 1963 2809; x_wconf 90' lang='lat' dir='ltr'>hac</span> 
     </span>
    </p>
   </div>
   <div class='ocr_carea' id='block_1_29' title="bbox 356 2841 1967 2917">
    <p class='ocr_par' dir='ltr' id='par_1_29' title="bbox 356 2841 1967 2917">
     <span class='ocr_line' id='line_1_29' title="bbox 356 2841 1967 2917; baseline -0.001 -18"><span class='ocrx_word' id='word_1_224' title='bbox 356 2842 565 2910; x_wconf 89' lang='lat' dir='ltr'>omnia,</span> <span class='ocrx_word' id='word_1_225' title='bbox 594 2857 717 2915; x_wconf 87' lang='lat' dir='ltr'>qua</span> <span class='ocrx_word' id='word_1_226' title='bbox 753 2841 981 2912; x_wconf 84' lang='lat' dir='ltr'>faciant,</span> <span class='ocrx_word' id='word_1_227' title='bbox 1024 2859 1187 2916; x_wconf 86' lang='lat' dir='ltr'>poena</span> <span class='ocrx_word' id='word_1_228' title='bbox 1215 2842 1383 2917; x_wconf 87' lang='lat' dir='ltr'>digna</span> <span class='ocrx_word' id='word_1_229' title='bbox 1411 2853 1467 2901; x_wconf 90' lang='lat' dir='ltr'>et</span> <span class='ocrx_word' id='word_1_230' title='bbox 1494 2853 1671 2901; x_wconf 86' lang='lat' dir='ltr'>morte</span> <span class='ocrx_word' id='word_1_231' title='bbox 1711 2844 1851 2915; x_wconf 87' lang='lat'><strong>(59).</strong></span> <span class='ocrx_word' id='word_1_232' title='bbox 1893 2843 1967 2897; x_wconf 89' lang='lat' dir='ltr'>Et</span> 
     </span>
    </p>
   </div>
   <div class='ocr_carea' id='block_1_30' title="bbox 353 2933 1968 3005">
    <p class='ocr_par' dir='ltr' id='par_1_30' title="bbox 353 2933 1968 3005">
     <span class='ocr_line' id='line_1_30' title="bbox 353 2933 1968 3005; baseline -0.001 -17"><span class='ocrx_word' id='word_1_233' title='bbox 353 2949 462 2988; x_wconf 77' lang='lat' dir='ltr'>non</span> <span class='ocrx_word' id='word_1_234' title='bbox 500 2933 672 2989; x_wconf 82' lang='lat' dir='ltr'>solum</span> <span class='ocrx_word' id='word_1_235' title='bbox 717 2934 811 3004; x_wconf 88' lang='lat' dir='ltr'>qui</span> <span class='ocrx_word' id='word_1_236' title='bbox 838 2933 1047 3004; x_wconf 85' lang='lat' dir='ltr'>faciunt</span> <span class='ocrx_word' id='word_1_237' title='bbox 1072 2952 1155 3003; x_wconf 90' lang='lat' dir='ltr'>ea,</span> <span class='ocrx_word' id='word_1_238' title='bbox 1200 2935 1289 2989; x_wconf 88' lang='lat' dir='ltr'>sed</span> <span class='ocrx_word' id='word_1_239' title='bbox 1336 2935 1494 2989; x_wconf 83' lang='lat' dir='ltr'>etiam</span> <span class='ocrx_word' id='word_1_240' title='bbox 1517 2935 1611 3005; x_wconf 89' lang='lat' dir='ltr'>qui</span> <span class='ocrx_word' id='word_1_241' title='bbox 1640 2933 1968 3003; x_wconf 55' lang='lat' dir='ltr'>consentiunt</span> 
     </span>
    </p>
   </div>
   <div class='ocr_carea' id='block_1_31' title="bbox 356 3022 1688 3096">
    <p class='ocr_par' dir='ltr' id='par_1_31' title="bbox 356 3022 1688 3096">
     <span class='ocr_line' id='line_1_31' title="bbox 356 3022 1688 3096; baseline 0.001 -15"><span class='ocrx_word' id='word_1_242' title='bbox 356 3022 696 3095; x_wconf 77' lang='lat' dir='ltr'>facientibus.</span> <span class='ocrx_word' id='word_1_243' title='bbox 726 3024 997 3081; x_wconf 80' lang='lat' dir='ltr'>Assensus</span> <span class='ocrx_word' id='word_1_244' title='bbox 1026 3026 1175 3080; x_wconf 90' lang='lat' dir='ltr'>enim</span> <span class='ocrx_word' id='word_1_245' title='bbox 1208 3025 1559 3096; x_wconf 88' lang='lat' dir='ltr'>participatio</span> <span class='ocrx_word' id='word_1_246' title='bbox 1589 3033 1688 3082; x_wconf 91' lang='lat' dir='ltr'>est.</span> 
     </span>
    </p>
   </div>
   <div class='ocr_carea' id='block_1_32' title="bbox 439 3113 2041 3197">
    <p class='ocr_par' dir='ltr' id='par_1_32' title="bbox 439 3113 2041 3197">
     <span class='ocr_line' id='line_1_32' title="bbox 439 3113 2041 3197; baseline -0.001 -25"><span class='ocrx_word' id='word_1_247' title='bbox 439 3113 622 3185; x_wconf 87' lang='lat' dir='ltr'>(Vers.</span> <span class='ocrx_word' id='word_1_248' title='bbox 655 3113 773 3185; x_wconf 86' lang='lat'><strong>32.)</strong></span> <span class='ocrx_word' id='word_1_249' title='bbox 810 3137 829 3160; x_wconf 73' lang='grc' dir='ltr'>ι</span> <span class='ocrx_word' id='word_1_250' title='bbox 852 3113 960 3181; x_wconf 85' lang='lat' dir='ltr'>Qui</span> <span class='ocrx_word' id='word_1_251' title='bbox 990 3129 1115 3169; x_wconf 89' lang='lat' dir='ltr'>cum</span> <span class='ocrx_word' id='word_1_252' title='bbox 1134 3113 1410 3184; x_wconf 89' lang='lat' dir='ltr'>justitiam</span> <span class='ocrx_word' id='word_1_253' title='bbox 1430 3113 1529 3169; x_wconf 89' lang='lat' dir='ltr'>Dei</span> <span class='ocrx_word' id='word_1_254' title='bbox 1559 3115 1963 3187; x_wconf 86' lang='lat' dir='ltr'>cognovissent,</span> <span class='ocrx_word' id='word_1_255' title='bbox 1998 3136 2041 3197; x_wconf 72' lang='grc' dir='ltr'>ο</span> 
     </span>
    </p>
   </div>
   <div class='ocr_carea' id='block_1_33' title="bbox 361 3201 1968 3275">
    <p class='ocr_par' dir='ltr' id='par_1_33' title="bbox 361 3201 1968 3275">
     <span class='ocr_line' id='line_1_33' title="bbox 361 3201 1968 3275; baseline 0 -17"><span class='ocrx_word' id='word_1_256' title='bbox 361 3216 477 3258; x_wconf 91' lang='lat' dir='ltr'>non</span> <span class='ocrx_word' id='word_1_257' title='bbox 527 3201 949 3268; x_wconf 79' lang='lat' dir='ltr'>intellexerunt,</span> <span class='ocrx_word' id='word_1_258' title='bbox 983 3201 1244 3273; x_wconf 88' lang='lat' dir='ltr'>quoniam</span> <span class='ocrx_word' id='word_1_259' title='bbox 1282 3202 1375 3275; x_wconf 90' lang='lat' dir='ltr'>qui</span> <span class='ocrx_word' id='word_1_260' title='bbox 1426 3201 1543 3258; x_wconf 87' lang='lat' dir='ltr'>hac</span> <span class='ocrx_word' id='word_1_261' title='bbox 1590 3211 1777 3275; x_wconf 88' lang='lat' dir='ltr'>agunt,</span> <span class='ocrx_word' id='word_1_262' title='bbox 1815 3201 1968 3274; x_wconf 86' lang='lat' dir='ltr'>digni</span> 
     </span>
    </p>
   </div>
   <div class='ocr_carea' id='block_1_34' title="bbox 361 3290 1967 3360">
    <p class='ocr_par' dir='ltr' id='par_1_34' title="bbox 361 3290 1967 3360">
     <span class='ocr_line' id='line_1_34' title="bbox 361 3290 1967 3360; baseline 0.001 -14"><span class='ocrx_word' id='word_1_263' title='bbox 361 3298 499 3346; x_wconf 87' lang='lat' dir='ltr'>sunt</span> <span class='ocrx_word' id='word_1_264' title='bbox 548 3297 762 3345; x_wconf 90' lang='lat' dir='ltr'>morte:</span> <span class='ocrx_word' id='word_1_265' title='bbox 823 3298 878 3346; x_wconf 88' lang='lat' dir='ltr'>et</span> <span class='ocrx_word' id='word_1_266' title='bbox 920 3306 1033 3345; x_wconf 91' lang='lat' dir='ltr'>non</span> <span class='ocrx_word' id='word_1_267' title='bbox 1080 3290 1257 3346; x_wconf 91' lang='lat' dir='ltr'>solum</span> <span class='ocrx_word' id='word_1_268' title='bbox 1298 3290 1511 3348; x_wconf 88' lang='lat' dir='ltr'>faciunt</span> <span class='ocrx_word' id='word_1_269' title='bbox 1551 3307 1633 3360; x_wconf 92' lang='lat' dir='ltr'>ea,</span> <span class='ocrx_word' id='word_1_270' title='bbox 1681 3291 1775 3348; x_wconf 88' lang='lat' dir='ltr'>sed</span> <span class='ocrx_word' id='word_1_271' title='bbox 1803 3292 1967 3349; x_wconf 90' lang='lat' dir='ltr'>etiam</span> 
     </span>
    </p>
   </div>
   <div class='ocr_carea' id='block_1_35' title="bbox 361 3377 1970 3437">
    <p class='ocr_par' dir='ltr' id='par_1_35' title="bbox 361 3377 1970 3437">
     <span class='ocr_line' id='line_1_35' title="bbox 361 3377 1970 3437; baseline 0 -2"><span class='ocrx_word' id='word_1_272' title='bbox 361 3378 725 3435; x_wconf 85' lang='lat' dir='ltr'>consentiunt</span> <span class='ocrx_word' id='word_1_273' title='bbox 797 3377 1148 3435; x_wconf 85' lang='lat' dir='ltr'>facientibus.</span> <span class='ocrx_word' id='word_1_274' title='bbox 1211 3403 1228 3426; x_wconf 76' lang='grc' dir='ltr'>ι</span> <span class='ocrx_word' id='word_1_275' title='bbox 1320 3380 1446 3436; x_wconf 87' lang='lat' dir='ltr'>Hac</span> <span class='ocrx_word' id='word_1_276' title='bbox 1536 3380 1724 3437; x_wconf 89' lang='lat' dir='ltr'>omnia</span> <span class='ocrx_word' id='word_1_277' title='bbox 1824 3380 1970 3436; x_wconf 89' lang='lat' dir='ltr'>mala</span> 
     </span>
    </p>
   </div>
   <div class='ocr_carea' id='block_1_36' title="bbox 361 3469 1968 3542">
    <p class='ocr_par' dir='ltr' id='par_1_36' title="bbox 361 3469 1968 3542">
     <span class='ocr_line' id='line_1_36' title="bbox 361 3469 1968 3542; baseline 0.002 -17"><span class='ocrx_word' id='word_1_278' title='bbox 361 3485 564 3541; x_wconf 87' lang='lat' dir='ltr'>corpus</span> <span class='ocrx_word' id='word_1_279' title='bbox 616 3476 698 3524; x_wconf 91' lang='lat' dir='ltr'>est</span> <span class='ocrx_word' id='word_1_280' title='bbox 751 3476 1137 3539; x_wconf 89' lang='lat' dir='ltr'>peccatorum;</span> <span class='ocrx_word' id='word_1_281' title='bbox 1182 3469 1273 3525; x_wconf 92' lang='lat' dir='ltr'>cui</span> <span class='ocrx_word' id='word_1_282' title='bbox 1321 3470 1618 3542; x_wconf 89' lang='lat' dir='ltr'>mancipati</span> <span class='ocrx_word' id='word_1_283' title='bbox 1664 3470 1793 3527; x_wconf 90' lang='lat' dir='ltr'>facti</span> <span class='ocrx_word' id='word_1_284' title='bbox 1839 3480 1968 3529; x_wconf 91' lang='lat' dir='ltr'>sunt</span> 
     </span>
    </p>
   </div>
   <div class='ocr_carea' id='block_1_37' title="bbox 367 3557 1967 3631">
    <p class='ocr_par' dir='ltr' id='par_1_37' title="bbox 367 3557 1967 3631">
     <span class='ocr_line' id='line_1_37' title="bbox 367 3557 1967 3631; baseline 0.003 -18"><span class='ocrx_word' id='word_1_285' title='bbox 367 3558 653 3629; x_wconf 85' lang='lat' dir='ltr'>potestatis</span> <span class='ocrx_word' id='word_1_286' title='bbox 686 3557 952 3629; x_wconf 87' lang='lat' dir='ltr'>ejusdem,</span> <span class='ocrx_word' id='word_1_287' title='bbox 986 3568 1048 3616; x_wconf 90' lang='lat' dir='ltr'>ut</span> <span class='ocrx_word' id='word_1_288' title='bbox 1098 3558 1304 3615; x_wconf 82' lang='lat' dir='ltr'>faciant</span> <span class='ocrx_word' id='word_1_289' title='bbox 1334 3559 1630 3631; x_wconf 90' lang='lat' dir='ltr'>punienda.</span> <span class='ocrx_word' id='word_1_290' title='bbox 1664 3561 1790 3619; x_wconf 87' lang='lat' dir='ltr'>Hac</span> <span class='ocrx_word' id='word_1_291' title='bbox 1818 3562 1967 3618; x_wconf 90' lang='lat' dir='ltr'>enim</span> 
     </span>
    </p>
   </div>
   <div class='ocr_carea' id='block_1_38' title="bbox 368 3646 1968 3721">
    <p class='ocr_par' dir='ltr' id='par_1_38' title="bbox 368 3646 1968 3721">
     <span class='ocr_line' id='line_1_38' title="bbox 368 3646 1968 3721; baseline 0.003 -18"><span class='ocrx_word' id='word_1_292' title='bbox 368 3648 639 3703; x_wconf 88' lang='lat' dir='ltr'>malorum</span> <span class='ocrx_word' id='word_1_293' title='bbox 686 3662 850 3703; x_wconf 87' lang='lat' dir='ltr'>causa</span> <span class='ocrx_word' id='word_1_294' title='bbox 895 3665 928 3703; x_wconf 92' lang='lat' dir='ltr'>a</span> <span class='ocrx_word' id='word_1_295' title='bbox 971 3646 1274 3704; x_wconf 88' lang='lat' dir='ltr'>Sodomitis</span> <span class='ocrx_word' id='word_1_296' title='bbox 1320 3656 1495 3721; x_wconf 78' lang='lat' dir='ltr'>capta</span> <span class='ocrx_word' id='word_1_297' title='bbox 1538 3657 1621 3705; x_wconf 91' lang='lat' dir='ltr'>est</span> <span class='ocrx_word' id='word_1_298' title='bbox 1666 3651 1968 3708; x_wconf 76' lang='lat' dir='ltr'>offensione</span> 
     </span>
    </p>
   </div>
   <div class='ocr_carea' id='block_1_39' title="bbox 367 3737 1969 3814">
    <p class='ocr_par' dir='ltr' id='par_1_39' title="bbox 367 3737 1969 3814">
     <span class='ocr_line' id='line_1_39' title="bbox 367 3737 1969 3814; baseline 0.003 -22"><span class='ocrx_word' id='word_1_299' title='bbox 367 3737 467 3793; x_wconf 88' lang='lat' dir='ltr'>Dei</span> <span class='ocrx_word' id='word_1_300' title='bbox 503 3738 646 3794; x_wconf 88' lang='lat' dir='ltr'>sicut</span> <span class='ocrx_word' id='word_1_301' title='bbox 708 3753 874 3810; x_wconf 87' lang='lat' dir='ltr'>supra</span> <span class='ocrx_word' id='word_1_302' title='bbox 909 3737 1120 3794; x_wconf 85' lang='lat' dir='ltr'>dictum</span> <span class='ocrx_word' id='word_1_303' title='bbox 1161 3744 1260 3805; x_wconf 91' lang='lat' dir='ltr'>est,</span> <span class='ocrx_word' id='word_1_304' title='bbox 1307 3745 1361 3793; x_wconf 90' lang='lat' dir='ltr'>et</span> <span class='ocrx_word' id='word_1_305' title='bbox 1417 3738 1475 3793; x_wconf 91' lang='lat' dir='ltr'>in</span> <span class='ocrx_word' id='word_1_306' title='bbox 1532 3756 1752 3796; x_wconf 89' lang='lat' dir='ltr'>omnem</span> <span class='ocrx_word' id='word_1_307' title='bbox 1801 3756 1969 3814; x_wconf 89' lang='lat' dir='ltr'>prope</span> 
     </span>
    </p>
   </div>
   <div class='ocr_carea' id='block_1_40' title="bbox 368 3827 1969 3900">
    <p class='ocr_par' dir='ltr' id='par_1_40' title="bbox 368 3827 1969 3900">
     <span class='ocr_line' id='line_1_40' title="bbox 368 3827 1969 3900; baseline 0.002 -17"><span class='ocrx_word' id='word_1_308' title='bbox 368 3836 575 3900; x_wconf 90' lang='lat' dir='ltr'>partem</span> <span class='ocrx_word' id='word_1_309' title='bbox 610 3828 804 3884; x_wconf 89' lang='lat' dir='ltr'>mundi</span> <span class='ocrx_word' id='word_1_310' title='bbox 832 3844 1013 3883; x_wconf 88' lang='lat' dir='ltr'>ramos</span> <span class='ocrx_word' id='word_1_311' title='bbox 1042 3844 1169 3883; x_wconf 91' lang='lat' dir='ltr'>suos</span> <span class='ocrx_word' id='word_1_312' title='bbox 1198 3827 1469 3898; x_wconf 85' lang='lat' dir='ltr'>extendit,</span> <span class='ocrx_word' id='word_1_313' title='bbox 1497 3830 1634 3886; x_wconf 89' lang='lat' dir='ltr'>iram</span> <span class='ocrx_word' id='word_1_314' title='bbox 1665 3831 1764 3887; x_wconf 91' lang='lat' dir='ltr'>Dei</span> <span class='ocrx_word' id='word_1_315' title='bbox 1797 3830 1969 3886; x_wconf 88' lang='lat' dir='ltr'>idolo-</span> 
     </span>
    </p>
   </div>
   <div class='ocr_carea' id='block_1_41' title="bbox 372 3916 1969 3991">
    <p class='ocr_par' dir='ltr' id='par_1_41' title="bbox 372 3916 1969 3991">
     <span class='ocr_line' id='line_1_41' title="bbox 372 3916 1969 3991; baseline 0.003 -20"><span class='ocrx_word' id='word_1_316' title='bbox 372 3916 546 3972; x_wconf 88' lang='lat' dir='ltr'>latria</span> <span class='ocrx_word' id='word_1_317' title='bbox 584 3932 802 3973; x_wconf 89' lang='lat' dir='ltr'>causam</span> <span class='ocrx_word' id='word_1_318' title='bbox 837 3916 1120 3984; x_wconf 90' lang='lat' dir='ltr'>nuntians,</span> <span class='ocrx_word' id='word_1_319' title='bbox 1149 3933 1270 3989; x_wconf 91' lang='lat' dir='ltr'>qua</span> <span class='ocrx_word' id='word_1_320' title='bbox 1298 3916 1476 3988; x_wconf 88' lang='lat' dir='ltr'>prima</span> <span class='ocrx_word' id='word_1_321' title='bbox 1506 3934 1630 3991; x_wconf 89' lang='lat' dir='ltr'>pars</span> <span class='ocrx_word' id='word_1_322' title='bbox 1659 3926 1739 3975; x_wconf 88' lang='lat' dir='ltr'>est</span> <span class='ocrx_word' id='word_1_323' title='bbox 1767 3920 1969 3977; x_wconf 91' lang='lat' dir='ltr'>erroris</span> 
     </span>
    </p>
   </div>
   <div class='ocr_carea' id='block_1_42' title="bbox 370 4006 1968 4081">
    <p class='ocr_par' dir='ltr' id='par_1_42' title="bbox 370 4006 1968 4081">
     <span class='ocr_line' id='line_1_42' title="bbox 370 4006 1968 4081; baseline 0.003 -19"><span class='ocrx_word' id='word_1_324' title='bbox 370 4015 425 4062; x_wconf 90' lang='lat' dir='ltr'>et</span> <span class='ocrx_word' id='word_1_325' title='bbox 475 4006 799 4081; x_wconf 91' lang='lat' dir='ltr'>impietatis,</span> <span class='ocrx_word' id='word_1_326' title='bbox 851 4022 1015 4080; x_wconf 88' lang='lat' dir='ltr'>quam</span> <span class='ocrx_word' id='word_1_327' title='bbox 1066 4007 1307 4078; x_wconf 84' lang='lat' dir='ltr'>primum</span> <span class='ocrx_word' id='word_1_328' title='bbox 1337 4007 1700 4078; x_wconf 90' lang='lat' dir='ltr'>condemnat;</span> <span class='ocrx_word' id='word_1_329' title='bbox 1738 4018 1800 4065; x_wconf 91' lang='lat' dir='ltr'>ut</span> <span class='ocrx_word' id='word_1_330' title='bbox 1841 4026 1968 4067; x_wconf 91' lang='lat' dir='ltr'>cum</span> 
     </span>
    </p>
   </div>
   <div class='ocr_carea' id='block_1_43' title="bbox 446 4131 1969 4206">
    <p class='ocr_par' dir='ltr' id='par_1_43' title="bbox 446 4131 1969 4206">
     <span class='ocr_line' id='line_1_43' title="bbox 446 4131 1969 4206; baseline 0.003 -18"><span class='ocrx_word' id='word_1_331' title='bbox 446 4132 565 4204; x_wconf 87' lang='lat'><strong>(57)</strong></span> <span class='ocrx_word' id='word_1_332' title='bbox 593 4133 696 4189; x_wconf 84' lang='lat' dir='ltr'>Ms.</span> <span class='ocrx_word' id='word_1_333' title='bbox 730 4131 920 4201; x_wconf 91' lang='lat' dir='ltr'>Corb.,</span> <span class='ocrx_word' id='word_1_334' title='bbox 950 4132 1201 4205; x_wconf 72' lang='lat' dir='ltr'>exposcit.</span> <span class='ocrx_word' id='word_1_335' title='bbox 1236 4135 1311 4206; x_wconf 86' lang='lat' dir='ltr'>Et</span> <span class='ocrx_word' id='word_1_336' title='bbox 1336 4134 1393 4188; x_wconf 86' lang='lat' dir='ltr'>in</span> <span class='ocrx_word' id='word_1_337' title='bbox 1413 4136 1669 4206; x_wconf 87' lang='lat' dir='ltr'>prapheta</span> <span class='ocrx_word' id='word_1_338' title='bbox 1699 4137 1969 4194; x_wconf 87' lang='lat' dir='ltr'>Zacharia</span> 
     </span>
    </p>
   </div>
   <div class='ocr_carea' id='block_1_44' title="bbox 373 4205 1970 4274">
    <p class='ocr_par' dir='ltr' id='par_1_44' title="bbox 373 4205 1970 4274">
     <span class='ocr_line' id='line_1_44' title="bbox 373 4205 1970 4274; baseline 0.004 -15"><span class='ocrx_word' id='word_1_339' title='bbox 373 4205 725 4259; x_wconf 76' lang='lat' dir='ltr'>contradicere</span> <span class='ocrx_word' id='word_1_340' title='bbox 770 4222 822 4260; x_wconf 87' lang='lat' dir='ltr'>se</span> <span class='ocrx_word' id='word_1_341' title='bbox 866 4206 1025 4260; x_wconf 86' lang='lat' dir='ltr'>ducat</span> <span class='ocrx_word' id='word_1_342' title='bbox 1073 4205 1349 4274; x_wconf 82' lang='lat' dir='ltr'>sacerdoti,</span> <span class='ocrx_word' id='word_1_343' title='bbox 1399 4222 1507 4261; x_wconf 89' lang='lat' dir='ltr'>non</span> <span class='ocrx_word' id='word_1_344' title='bbox 1547 4207 1648 4261; x_wconf 87' lang='lat' dir='ltr'>sibi</span> <span class='ocrx_word' id='word_1_345' title='bbox 1694 4208 1970 4265; x_wconf 77' lang='lat' dir='ltr'>vindicans</span> 
     </span>
    </p>
   </div>
   <div class='ocr_carea' id='block_1_45' title="bbox 370 4277 1280 4346">
    <p class='ocr_par' dir='ltr' id='par_1_45' title="bbox 370 4277 1280 4346">
     <span class='ocr_line' id='line_1_45' title="bbox 370 4277 1280 4346; baseline 0.004 -17"><span class='ocrx_word' id='word_1_346' title='bbox 370 4281 690 4346; x_wconf 86' lang='lat' dir='ltr'>potestatem.</span> <span class='ocrx_word' id='word_1_347' title='bbox 726 4278 894 4343; x_wconf 85' lang='lat' dir='ltr'>Quam</span> <span class='ocrx_word' id='word_1_348' title='bbox 924 4277 985 4331; x_wconf 94' lang='lat' dir='ltr'>ob</span> <span class='ocrx_word' id='word_1_349' title='bbox 1014 4293 1146 4343; x_wconf 87' lang='lat' dir='ltr'>rem,</span> <span class='ocrx_word' id='word_1_350' title='bbox 1176 4284 1280 4333; x_wconf 91' lang='lat' dir='ltr'>etc.</span> 
     </span>
    </p>
   </div>
   <div class='ocr_carea' id='block_1_46' title="bbox 446 4347 1969 4423">
    <p class='ocr_par' dir='ltr' id='par_1_46' title="bbox 446 4347 1969 4423">
     <span class='ocr_line' id='line_1_46' title="bbox 446 4347 1969 4423; baseline 0.004 -20"><span class='ocrx_word' id='word_1_351' title='bbox 446 4348 561 4418; x_wconf 80' lang='lat'><strong>(58)</strong></span> <span class='ocrx_word' id='word_1_352' title='bbox 591 4348 738 4423; x_wconf 86' lang='lat' dir='ltr'>Gill._</span> <span class='ocrx_word' id='word_1_353' title='bbox 761 4349 1051 4423; x_wconf 83' lang='lat' dir='ltr'>varietates</span> <span class='ocrx_word' id='word_1_354' title='bbox 1079 4364 1201 4403; x_wconf 89' lang='lat' dir='ltr'>cum</span> <span class='ocrx_word' id='word_1_355' title='bbox 1222 4365 1338 4423; x_wconf 91' lang='lat' dir='ltr'>_ms.</span> <span class='ocrx_word' id='word_1_356' title='bbox 1370 4347 1533 4423; x_wconf 76' lang='lat' dir='ltr'>C_orb.</span> <span class='ocrx_word' id='word_1_357' title='bbox 1566 4356 1620 4404; x_wconf 90' lang='lat' dir='ltr'>et</span> <span class='ocrx_word' id='word_1_358' title='bbox 1645 4350 1856 4423; x_wconf 82' lang='lat' dir='ltr'>Remig.</span> <span class='ocrx_word' id='word_1_359' title='bbox 1900 4352 1969 4409; x_wconf 90' lang='lat' dir='ltr'>ad</span> 
     </span>
    </p>
   </div>
   <div class='ocr_carea' id='block_1_47' title="bbox 376 4417 1971 4492">
    <p class='ocr_par' dir='ltr' id='par_1_47' title="bbox 376 4417 1971 4492">
     <span class='ocr_line' id='line_1_47' title="bbox 376 4417 1971 4492; baseline 0.005 -19"><span class='ocrx_word' id='word_1_360' title='bbox 376 4417 547 4473; x_wconf 86' lang='lat' dir='ltr'>finem</span> <span class='ocrx_word' id='word_1_361' title='bbox 576 4419 771 4492; x_wconf 79' lang='lat' dir='ltr'>capitis</span> <span class='ocrx_word' id='word_1_362' title='bbox 801 4420 972 4492; x_wconf 88' lang='lat' dir='ltr'>ferme</span> <span class='ocrx_word' id='word_1_363' title='bbox 1001 4419 1361 4476; x_wconf 90' lang='lat' dir='ltr'>conveniunt.</span> <span class='ocrx_word' id='word_1_364' title='bbox 1396 4419 1582 4492; x_wconf 76' lang='lat' dir='ltr'>Potior</span> <span class='ocrx_word' id='word_1_365' title='bbox 1608 4428 1793 4478; x_wconf 90' lang='lat' dir='ltr'>tamen</span> <span class='ocrx_word' id='word_1_366' title='bbox 1809 4417 1893 4479; x_wconf 80' lang='lat' dir='ltr'>est</span> <span class='ocrx_word' id='word_1_367' title='bbox 1916 4432 1971 4481; x_wconf 90' lang='lat' dir='ltr'>et</span> 
     </span>
    </p>
   </div>
   <div class='ocr_carea' id='block_1_48' title="bbox 2063 494 3661 571">
    <p class='ocr_par' dir='ltr' id='par_1_48' title="bbox 2063 494 3661 571">
     <span class='ocr_line' id='line_1_48' title="bbox 2063 494 3661 571; baseline 0.003 -21"><span class='ocrx_word' id='word_1_368' title='bbox 2063 495 2220 551; x_wconf 87' lang='lat' dir='ltr'>vitia.</span> <span class='ocrx_word' id='word_1_369' title='bbox 2245 494 2470 551; x_wconf 87' lang='lat' dir='ltr'>Sublato</span> <span class='ocrx_word' id='word_1_370' title='bbox 2490 496 2635 552; x_wconf 89' lang='lat' dir='ltr'>enim</span> <span class='ocrx_word' id='word_1_371' title='bbox 2668 497 2893 554; x_wconf 87' lang='lat' dir='ltr'>malitia</span> <span class='ocrx_word' id='word_1_372' title='bbox 2908 498 3139 567; x_wconf 89' lang='lat' dir='ltr'>semine,</span> <span class='ocrx_word' id='word_1_373' title='bbox 3162 498 3425 571; x_wconf 87' lang='lat' dir='ltr'>nequitia</span> <span class='ocrx_word' id='word_1_374' title='bbox 3446 497 3661 555; x_wconf 90' lang='lat' dir='ltr'>fructus</span> 
     </span>
    </p>
   </div>
   <div class='ocr_carea' id='block_1_49' title="bbox 2063 588 3661 661">
    <p class='ocr_par' dir='ltr' id='par_1_49' title="bbox 2063 588 3661 661">
     <span class='ocr_line' id='line_1_49' title="bbox 2063 588 3661 661; baseline 0.001 -16"><span class='ocrx_word' id='word_1_375' title='bbox 2063 595 2313 645; x_wconf 89' lang='lat' dir='ltr'>arescent</span> <span class='ocrx_word' id='word_1_376' title='bbox 2339 607 2352 655; x_wconf 92' lang='lat'>;</span> <span class='ocrx_word' id='word_1_377' title='bbox 2383 605 2493 644; x_wconf 90' lang='lat' dir='ltr'>non</span> <span class='ocrx_word' id='word_1_378' title='bbox 2523 589 2670 645; x_wconf 88' lang='lat' dir='ltr'>enim</span> <span class='ocrx_word' id='word_1_379' title='bbox 2700 590 2793 647; x_wconf 90' lang='lat' dir='ltr'>dat</span> <span class='ocrx_word' id='word_1_380' title='bbox 2823 590 2986 647; x_wconf 87' lang='lat' dir='ltr'>arbor</span> <span class='ocrx_word' id='word_1_381' title='bbox 3012 590 3246 658; x_wconf 91' lang='lat' dir='ltr'>fructus,</span> <span class='ocrx_word' id='word_1_382' title='bbox 3276 589 3435 661; x_wconf 88' lang='lat' dir='ltr'>cujus</span> <span class='ocrx_word' id='word_1_383' title='bbox 3463 588 3661 646; x_wconf 82' lang='lat' dir='ltr'>excisa</span> 
     </span>
    </p>
   </div>
   <div class='ocr_carea' id='block_1_50' title="bbox 2065 678 3659 753">
    <p class='ocr_par' dir='ltr' id='par_1_50' title="bbox 2065 678 3659 753">
     <span class='ocr_line' id='line_1_50' title="bbox 2065 678 3659 753; baseline -0.001 -17"><span class='ocrx_word' id='word_1_384' title='bbox 2065 688 2194 736; x_wconf 90' lang='lat' dir='ltr'>sunt</span> <span class='ocrx_word' id='word_1_385' title='bbox 2241 678 2451 736; x_wconf 87' lang='lat' dir='ltr'>radices</span> <span class='ocrx_word' id='word_1_386' title='bbox 2504 678 2619 750; x_wconf 87' lang='lat'><strong>(60)</strong></span> <span class='ocrx_word' id='word_1_387' title='bbox 2673 684 2767 742; x_wconf 85' lang='lat'>36</span> <span class='ocrx_word' id='word_1_388' title='bbox 2813 680 2947 736; x_wconf 85' lang='lat' dir='ltr'>Nam</span> <span class='ocrx_word' id='word_1_389' title='bbox 2987 681 3110 737; x_wconf 89' lang='lat' dir='ltr'>ideo</span> <span class='ocrx_word' id='word_1_390' title='bbox 3155 688 3209 736; x_wconf 91' lang='lat' dir='ltr'>et</span> <span class='ocrx_word' id='word_1_391' title='bbox 3256 680 3472 753; x_wconf 85' lang='lat' dir='ltr'>Moyses</span> <span class='ocrx_word' id='word_1_392' title='bbox 3503 681 3659 753; x_wconf 87' lang='lat' dir='ltr'>(Gen.</span> 
     </span>
    </p>
   </div>
   <div class='ocr_carea' id='block_1_51' title="bbox 2066 775 3661 848">
    <p class='ocr_par' dir='ltr' id='par_1_51' title="bbox 2066 775 3661 848">
     <span class='ocr_line' id='line_1_51' title="bbox 2066 775 3661 848; baseline 0.001 -17"><span class='ocrx_word' id='word_1_393' title='bbox 2066 793 2187 843; x_wconf 75' lang='lat' dir='ltr'>xxx,</span> <span class='ocrx_word' id='word_1_394' title='bbox 2218 776 2309 842; x_wconf 68' lang='lat' dir='ltr'>2b,</span> <span class='ocrx_word' id='word_1_395' title='bbox 2339 775 2432 848; x_wconf 86' lang='lat'>25)</span> <span class='ocrx_word' id='word_1_396' title='bbox 2457 776 2705 831; x_wconf 89' lang='lat' dir='ltr'>Sodoma</span> <span class='ocrx_word' id='word_1_397' title='bbox 2721 785 2775 833; x_wconf 91' lang='lat' dir='ltr'>et</span> <span class='ocrx_word' id='word_1_398' title='bbox 2801 777 3120 833; x_wconf 84' lang='lat' dir='ltr'>Gomorrha</span> <span class='ocrx_word' id='word_1_399' title='bbox 3142 784 3289 848; x_wconf 89' lang='lat' dir='ltr'>gesta</span> <span class='ocrx_word' id='word_1_400' title='bbox 3310 777 3661 843; x_wconf 87' lang='lat' dir='ltr'>memoravit,</span> 
     </span>
    </p>
   </div>
   <div class='ocr_carea' id='block_1_52' title="bbox 2067 865 3664 941">
    <p class='ocr_par' dir='ltr' id='par_1_52' title="bbox 2067 865 3664 941">
     <span class='ocr_line' id='line_1_52' title="bbox 2067 865 3664 941; baseline 0.002 -21"><span class='ocrx_word' id='word_1_401' title='bbox 2067 866 2415 937; x_wconf 83' lang='lat' dir='ltr'>exitiumque</span> <span class='ocrx_word' id='word_1_402' title='bbox 2445 881 2556 921; x_wconf 90' lang='lat' dir='ltr'>non</span> <span class='ocrx_word' id='word_1_403' title='bbox 2599 867 2790 934; x_wconf 90' lang='lat' dir='ltr'>tacuit,</span> <span class='ocrx_word' id='word_1_404' title='bbox 2822 876 2882 923; x_wconf 86' lang='grc' dir='ltr'>ιιι</span> <span class='ocrx_word' id='word_1_405' title='bbox 2928 867 3185 923; x_wconf 89' lang='lat' dir='ltr'>timorem</span> <span class='ocrx_word' id='word_1_406' title='bbox 3233 877 3460 941; x_wconf 91' lang='lat' dir='ltr'>poneret</span> <span class='ocrx_word' id='word_1_407' title='bbox 3496 865 3664 939; x_wconf 89' lang='lat' dir='ltr'>hujus</span> 
     </span>
    </p>
   </div>
   <div class='ocr_carea' id='block_1_53' title="bbox 2068 952 3664 1027">
    <p class='ocr_par' dir='ltr' id='par_1_53' title="bbox 2068 952 3664 1027">
     <span class='ocr_line' id='line_1_53' title="bbox 2068 952 3664 1027; baseline 0.003 -20"><span class='ocrx_word' id='word_1_408' title='bbox 2068 952 2147 1007; x_wconf 90' lang='lat' dir='ltr'>rei</span> <span class='ocrx_word' id='word_1_409' title='bbox 2199 953 2456 1009; x_wconf 87' lang='lat' dir='ltr'>vitanda.</span> <span class='ocrx_word' id='word_1_410' title='bbox 2488 954 2599 1010; x_wconf 89' lang='lat' dir='ltr'>Nec</span> <span class='ocrx_word' id='word_1_411' title='bbox 2628 972 2758 1027; x_wconf 90' lang='lat' dir='ltr'>ergo</span> <span class='ocrx_word' id='word_1_412' title='bbox 2791 955 2896 1012; x_wconf 90' lang='lat' dir='ltr'>hoc</span> <span class='ocrx_word' id='word_1_413' title='bbox 2922 956 3125 1012; x_wconf 89' lang='lat' dir='ltr'>artium</span> <span class='ocrx_word' id='word_1_414' title='bbox 3175 965 3229 1013; x_wconf 91' lang='lat' dir='ltr'>et</span> <span class='ocrx_word' id='word_1_415' title='bbox 3268 955 3664 1014; x_wconf 88' lang='lat' dir='ltr'>contaminatio</span> 
     </span>
    </p>
   </div>
   <div class='ocr_carea' id='block_1_54' title="bbox 2066 1041 3664 1118">
    <p class='ocr_par' dir='ltr' id='par_1_54' title="bbox 2066 1041 3664 1118">
     <span class='ocr_line' id='line_1_54' title="bbox 2066 1041 3664 1118; baseline 0.003 -21"><span class='ocrx_word' id='word_1_416' title='bbox 2066 1041 2437 1099; x_wconf 90' lang='lat' dir='ltr'>dehonestata</span> <span class='ocrx_word' id='word_1_417' title='bbox 2468 1043 2597 1098; x_wconf 87' lang='lat' dir='ltr'>vita</span> <span class='ocrx_word' id='word_1_418' title='bbox 2642 1044 2710 1099; x_wconf 91' lang='lat' dir='ltr'>ab</span> <span class='ocrx_word' id='word_1_419' title='bbox 2753 1060 2818 1100; x_wconf 93' lang='lat' dir='ltr'>eo</span> <span class='ocrx_word' id='word_1_420' title='bbox 2856 1044 3194 1113; x_wconf 87' lang='lat' dir='ltr'>admittitur,</span> <span class='ocrx_word' id='word_1_421' title='bbox 3243 1045 3340 1118; x_wconf 90' lang='lat' dir='ltr'>qui</span> <span class='ocrx_word' id='word_1_422' title='bbox 3388 1046 3447 1102; x_wconf 89' lang='lat' dir='ltr'>in</span> <span class='ocrx_word' id='word_1_423' title='bbox 3477 1044 3664 1102; x_wconf 88' lang='lat' dir='ltr'>animo</span> 
     </span>
    </p>
   </div>
   <div class='ocr_carea' id='block_1_55' title="bbox 2066 1129 2491 1200">
    <p class='ocr_par' dir='ltr' id='par_1_55' title="bbox 2066 1129 2491 1200">
     <span class='ocr_line' id='line_1_55' title="bbox 2066 1129 2491 1200; baseline -0.005 -14"><span class='ocrx_word' id='word_1_424' title='bbox 2066 1129 2271 1200; x_wconf 86' lang='lat' dir='ltr'>cogitat</span> <span class='ocrx_word' id='word_1_425' title='bbox 2297 1130 2491 1185; x_wconf 90' lang='lat' dir='ltr'>Deum.</span> 
     </span>
    </p>
   </div>
   <div class='ocr_carea' id='block_1_56' title="bbox 2136 1220 3660 1297">
    <p class='ocr_par' dir='ltr' id='par_1_56' title="bbox 2136 1220 3660 1297">
     <span class='ocr_line' id='line_1_56' title="bbox 2136 1220 3660 1297; baseline 0.002 -20"><span class='ocrx_word' id='word_1_426' title='bbox 2136 1221 2277 1277; x_wconf 87' lang='lat' dir='ltr'>Sunt</span> <span class='ocrx_word' id='word_1_427' title='bbox 2309 1220 2532 1293; x_wconf 89' lang='lat' dir='ltr'>quidam</span> <span class='ocrx_word' id='word_1_428' title='bbox 2565 1220 2660 1295; x_wconf 90' lang='lat' dir='ltr'>qui</span> <span class='ocrx_word' id='word_1_429' title='bbox 2691 1235 2746 1276; x_wconf 92' lang='lat' dir='ltr'>se</span> <span class='ocrx_word' id='word_1_430' title='bbox 2773 1236 2894 1277; x_wconf 91' lang='lat' dir='ltr'>reos</span> <span class='ocrx_word' id='word_1_431' title='bbox 2921 1236 3034 1277; x_wconf 90' lang='lat' dir='ltr'>non</span> <span class='ocrx_word' id='word_1_432' title='bbox 3065 1228 3281 1294; x_wconf 89' lang='lat' dir='ltr'>putant,</span> <span class='ocrx_word' id='word_1_433' title='bbox 3311 1223 3357 1278; x_wconf 93' lang='lat' dir='ltr'>si</span> <span class='ocrx_word' id='word_1_434' title='bbox 3387 1238 3499 1278; x_wconf 91' lang='lat' dir='ltr'>non</span> <span class='ocrx_word' id='word_1_435' title='bbox 3528 1239 3660 1297; x_wconf 88' lang='lat' dir='ltr'>ope-</span> 
     </span>
    </p>
   </div>
   <div class='ocr_carea' id='block_1_57' title="bbox 2065 1310 3664 1383">
    <p class='ocr_par' dir='ltr' id='par_1_57' title="bbox 2065 1310 3664 1383">
     <span class='ocr_line' id='line_1_57' title="bbox 2065 1310 3664 1383; baseline 0.002 -17"><span class='ocrx_word' id='word_1_436' title='bbox 2065 1318 2259 1366; x_wconf 89' lang='lat' dir='ltr'>rentur</span> <span class='ocrx_word' id='word_1_437' title='bbox 2276 1326 2398 1383; x_wconf 84' lang='lat' dir='ltr'>qua</span> <span class='ocrx_word' id='word_1_438' title='bbox 2423 1311 2564 1366; x_wconf 92' lang='lat' dir='ltr'>mala</span> <span class='ocrx_word' id='word_1_439' title='bbox 2589 1318 2736 1379; x_wconf 91' lang='lat' dir='ltr'>sunt,</span> <span class='ocrx_word' id='word_1_440' title='bbox 2765 1310 3072 1366; x_wconf 88' lang='lat' dir='ltr'>assentiant</span> <span class='ocrx_word' id='word_1_441' title='bbox 3098 1319 3283 1367; x_wconf 89' lang='lat' dir='ltr'>autem</span> <span class='ocrx_word' id='word_1_442' title='bbox 3310 1311 3664 1369; x_wconf 87' lang='lat' dir='ltr'>facientibus.</span> 
     </span>
    </p>
   </div>
   <div class='ocr_carea' id='block_1_58' title="bbox 2064 1399 3666 1474">
    <p class='ocr_par' dir='ltr' id='par_1_58' title="bbox 2064 1399 3666 1474">
     <span class='ocr_line' id='line_1_58' title="bbox 2064 1399 3666 1474; baseline 0.002 -18"><span class='ocrx_word' id='word_1_443' title='bbox 2064 1400 2347 1456; x_wconf 84' lang='lat' dir='ltr'>Assentire</span> <span class='ocrx_word' id='word_1_444' title='bbox 2396 1407 2579 1457; x_wconf 88' lang='lat' dir='ltr'>autem</span> <span class='ocrx_word' id='word_1_445' title='bbox 2624 1409 2725 1469; x_wconf 90' lang='lat' dir='ltr'>est,</span> <span class='ocrx_word' id='word_1_446' title='bbox 2772 1401 2840 1469; x_wconf 88' lang='lat' dir='ltr'>si,</span> <span class='ocrx_word' id='word_1_447' title='bbox 2882 1417 3008 1457; x_wconf 90' lang='lat' dir='ltr'>cum</span> <span class='ocrx_word' id='word_1_448' title='bbox 3042 1399 3213 1473; x_wconf 90' lang='lat' dir='ltr'>possit</span> <span class='ocrx_word' id='word_1_449' title='bbox 3242 1401 3666 1474; x_wconf 82' lang='lat' dir='ltr'>reprehendere,</span> 
     </span>
    </p>
   </div>
   <div class='ocr_carea' id='block_1_59' title="bbox 2064 1490 3664 1559">
    <p class='ocr_par' dir='ltr' id='par_1_59' title="bbox 2064 1490 3664 1559">
     <span class='ocr_line' id='line_1_59' title="bbox 2064 1490 3664 1559; baseline 0.001 -13"><span class='ocrx_word' id='word_1_450' title='bbox 2064 1497 2270 1547; x_wconf 85' lang='lat' dir='ltr'>taceat:</span> <span class='ocrx_word' id='word_1_451' title='bbox 2307 1499 2401 1547; x_wconf 89' lang='lat' dir='ltr'>aut</span> <span class='ocrx_word' id='word_1_452' title='bbox 2446 1490 2674 1547; x_wconf 91' lang='lat' dir='ltr'>audiens</span> <span class='ocrx_word' id='word_1_453' title='bbox 2711 1490 2809 1546; x_wconf 90' lang='lat' dir='ltr'>has</span> <span class='ocrx_word' id='word_1_454' title='bbox 2865 1490 3100 1559; x_wconf 88' lang='lat' dir='ltr'>fabulas,</span> <span class='ocrx_word' id='word_1_455' title='bbox 3145 1490 3417 1549; x_wconf 87' lang='lat' dir='ltr'>aduletur.</span> <span class='ocrx_word' id='word_1_456' title='bbox 3470 1491 3664 1548; x_wconf 89' lang='lat' dir='ltr'>Sciens</span> 
     </span>
    </p>
   </div>
   <div class='ocr_carea' id='block_1_60' title="bbox 2064 1579 3667 1657">
    <p class='ocr_par' dir='ltr' id='par_1_60' title="bbox 2064 1579 3667 1657">
     <span class='ocr_line' id='line_1_60' title="bbox 2064 1579 3667 1657; baseline 0.001 -21"><span class='ocrx_word' id='word_1_457' title='bbox 2064 1580 2211 1637; x_wconf 89' lang='lat' dir='ltr'>enim</span> <span class='ocrx_word' id='word_1_458' title='bbox 2258 1581 2510 1654; x_wconf 89' lang='lat' dir='ltr'>impurus</span> <span class='ocrx_word' id='word_1_459' title='bbox 2558 1588 2613 1637; x_wconf 87' lang='lat' dir='ltr'>et</span> <span class='ocrx_word' id='word_1_460' title='bbox 2657 1579 2935 1652; x_wconf 90' lang='lat' dir='ltr'>malignus</span> <span class='ocrx_word' id='word_1_461' title='bbox 2973 1596 3085 1636; x_wconf 91' lang='lat' dir='ltr'>non</span> <span class='ocrx_word' id='word_1_462' title='bbox 3114 1582 3355 1657; x_wconf 86' lang='lat' dir='ltr'>ignorari</span> <span class='ocrx_word' id='word_1_463' title='bbox 3386 1598 3505 1654; x_wconf 86' lang='lat' dir='ltr'>qua</span> <span class='ocrx_word' id='word_1_464' title='bbox 3533 1581 3667 1655; x_wconf 80' lang='lat' dir='ltr'>agit,</span> 
     </span>
    </p>
   </div>
   <div class='ocr_carea' id='block_1_61' title="bbox 2063 1669 3670 1742">
    <p class='ocr_par' dir='ltr' id='par_1_61' title="bbox 2063 1669 3670 1742">
     <span class='ocr_line' id='line_1_61' title="bbox 2063 1669 3670 1742; baseline 0 -17"><span class='ocrx_word' id='word_1_465' title='bbox 2063 1679 2118 1727; x_wconf 91' lang='lat' dir='ltr'>et</span> <span class='ocrx_word' id='word_1_466' title='bbox 2146 1669 2378 1727; x_wconf 89' lang='lat' dir='ltr'>minime</span> <span class='ocrx_word' id='word_1_467' title='bbox 2410 1688 2466 1727; x_wconf 91' lang='lat' dir='ltr'>se</span> <span class='ocrx_word' id='word_1_468' title='bbox 2507 1670 2695 1737; x_wconf 89' lang='lat' dir='ltr'>vitari,</span> <span class='ocrx_word' id='word_1_469' title='bbox 2734 1669 2829 1727; x_wconf 90' lang='lat' dir='ltr'>sed</span> <span class='ocrx_word' id='word_1_470' title='bbox 2859 1671 3025 1726; x_wconf 89' lang='lat' dir='ltr'>etiam</span> <span class='ocrx_word' id='word_1_471' title='bbox 3057 1669 3257 1725; x_wconf 89' lang='lat' dir='ltr'>honori</span> <span class='ocrx_word' id='word_1_472' title='bbox 3286 1686 3426 1737; x_wconf 89' lang='lat' dir='ltr'>esse,</span> <span class='ocrx_word' id='word_1_473' title='bbox 3458 1670 3670 1742; x_wconf 88' lang='lat' dir='ltr'>gloria-</span> 
     </span>
    </p>
   </div>
   <div class='ocr_carea' id='block_1_62' title="bbox 1984 1757 3669 1833">
    <p class='ocr_par' dir='ltr' id='par_1_62' title="bbox 1984 1757 3669 1833">
     <span class='ocr_line' id='line_1_62' title="bbox 1984 1757 3669 1833; baseline 0 -18"><span class='ocrx_word' id='word_1_474' title='bbox 1984 1772 2031 1833; x_wconf 82' lang='grc' dir='ltr'>Β</span> <span class='ocrx_word' id='word_1_475' title='bbox 2065 1767 2155 1816; x_wconf 92' lang='lat' dir='ltr'>tur</span> <span class='ocrx_word' id='word_1_476' title='bbox 2186 1761 2326 1817; x_wconf 86' lang='lat' dir='ltr'>forte</span> <span class='ocrx_word' id='word_1_477' title='bbox 2353 1778 2409 1818; x_wconf 92' lang='lat' dir='ltr'>se</span> <span class='ocrx_word' id='word_1_478' title='bbox 2439 1761 2604 1818; x_wconf 90' lang='lat' dir='ltr'>talem</span> <span class='ocrx_word' id='word_1_479' title='bbox 2637 1761 2753 1833; x_wconf 91' lang='grc'>(61)</span> <span class='ocrx_word' id='word_1_480' title='bbox 2782 1778 2793 1816; x_wconf 90' lang='grc'>;</span> <span class='ocrx_word' id='word_1_481' title='bbox 2830 1776 2933 1817; x_wconf 91' lang='lat' dir='ltr'>nec</span> <span class='ocrx_word' id='word_1_482' title='bbox 2958 1758 3229 1816; x_wconf 88' lang='lat' dir='ltr'>confundi</span> <span class='ocrx_word' id='word_1_483' title='bbox 3263 1766 3441 1831; x_wconf 91' lang='lat' dir='ltr'>potest</span> <span class='ocrx_word' id='word_1_484' title='bbox 3470 1757 3531 1814; x_wconf 90' lang='lat' dir='ltr'>in</span> <span class='ocrx_word' id='word_1_485' title='bbox 3560 1757 3669 1825; x_wconf 79' lang='lat' dir='ltr'>his,</span> 
     </span>
    </p>
   </div>
   <div class='ocr_carea' id='block_1_63' title="bbox 2061 1847 3672 1926">
    <p class='ocr_par' dir='ltr' id='par_1_63' title="bbox 2061 1847 3672 1926">
     <span class='ocr_line' id='line_1_63' title="bbox 2061 1847 3672 1926; baseline -0.001 -18"><span class='ocrx_word' id='word_1_486' title='bbox 2061 1851 2280 1926; x_wconf 89' lang='lat' dir='ltr'>quando</span> <span class='ocrx_word' id='word_1_487' title='bbox 2312 1852 2465 1908; x_wconf 91' lang='lat' dir='ltr'>videt</span> <span class='ocrx_word' id='word_1_488' title='bbox 2515 1850 2691 1908; x_wconf 86' lang='lat' dir='ltr'>faveri</span> <span class='ocrx_word' id='word_1_489' title='bbox 2722 1850 2849 1921; x_wconf 92' lang='lat' dir='ltr'>sibi,</span> <span class='ocrx_word' id='word_1_490' title='bbox 2891 1857 2945 1906; x_wconf 89' lang='lat' dir='ltr'>et</span> <span class='ocrx_word' id='word_1_491' title='bbox 2976 1848 3339 1907; x_wconf 88' lang='lat' dir='ltr'>obsecundari</span> <span class='ocrx_word' id='word_1_492' title='bbox 3378 1847 3447 1904; x_wconf 87' lang='lat' dir='ltr'>ab</span> <span class='ocrx_word' id='word_1_493' title='bbox 3477 1849 3546 1904; x_wconf 88' lang='lat' dir='ltr'>iis</span> <span class='ocrx_word' id='word_1_494' title='bbox 3574 1848 3672 1922; x_wconf 87' lang='lat' dir='ltr'>qui</span> 
     </span>
    </p>
   </div>
   <div class='ocr_carea' id='block_1_64' title="bbox 2062 1937 3673 2011">
    <p class='ocr_par' dir='ltr' id='par_1_64' title="bbox 2062 1937 3673 2011">
     <span class='ocr_line' id='line_1_64' title="bbox 2062 1937 3673 2011; baseline -0.004 -12"><span class='ocrx_word' id='word_1_495' title='bbox 2062 1958 2174 1999; x_wconf 89' lang='lat' dir='ltr'>non</span> <span class='ocrx_word' id='word_1_496' title='bbox 2204 1949 2334 1999; x_wconf 91' lang='lat' dir='ltr'>sunt</span> <span class='ocrx_word' id='word_1_497' title='bbox 2356 1942 2533 2009; x_wconf 88' lang='lat' dir='ltr'>tales;</span> <span class='ocrx_word' id='word_1_498' title='bbox 2567 1948 2622 1998; x_wconf 93' lang='lat' dir='ltr'>et</span> <span class='ocrx_word' id='word_1_499' title='bbox 2651 1941 2730 1997; x_wconf 92' lang='lat' dir='ltr'>ita</span> <span class='ocrx_word' id='word_1_500' title='bbox 2757 1947 2862 2010; x_wconf 91' lang='lat' dir='ltr'>est,</span> <span class='ocrx_word' id='word_1_501' title='bbox 2893 1947 2955 1997; x_wconf 91' lang='lat' dir='ltr'>ut</span> <span class='ocrx_word' id='word_1_502' title='bbox 2991 1939 3086 2011; x_wconf 91' lang='lat' dir='ltr'>qui</span> <span class='ocrx_word' id='word_1_503' title='bbox 3116 1937 3365 1996; x_wconf 85' lang='lat' dir='ltr'>fomitem</span> <span class='ocrx_word' id='word_1_504' title='bbox 3391 1937 3673 2011; x_wconf 87' lang='lat' dir='ltr'>prabeant</span> 
     </span>
    </p>
   </div>
   <div class='ocr_carea' id='block_1_65' title="bbox 2064 2025 3673 2103">
    <p class='ocr_par' dir='ltr' id='par_1_65' title="bbox 2064 2025 3673 2103">
     <span class='ocr_line' id='line_1_65' title="bbox 2064 2025 3673 2103; baseline -0.004 -15"><span class='ocrx_word' id='word_1_505' title='bbox 2064 2031 2285 2088; x_wconf 84' lang='lat' dir='ltr'>delictis</span> <span class='ocrx_word' id='word_1_506' title='bbox 2328 2031 2591 2087; x_wconf 91' lang='lat' dir='ltr'>illorum:</span> <span class='ocrx_word' id='word_1_507' title='bbox 2646 2030 2881 2103; x_wconf 87' lang='lat' dir='ltr'>ideoque</span> <span class='ocrx_word' id='word_1_508' title='bbox 2922 2028 3150 2101; x_wconf 88' lang='lat' dir='ltr'>dignum</span> <span class='ocrx_word' id='word_1_509' title='bbox 3180 2036 3262 2085; x_wconf 89' lang='lat' dir='ltr'>est</span> <span class='ocrx_word' id='word_1_510' title='bbox 3293 2035 3355 2085; x_wconf 93' lang='lat' dir='ltr'>ut</span> <span class='ocrx_word' id='word_1_511' title='bbox 3384 2027 3503 2103; x_wconf 89' lang='lat' dir='ltr'>pari</span> <span class='ocrx_word' id='word_1_512' title='bbox 3550 2025 3673 2084; x_wconf 91' lang='lat' dir='ltr'>cri-</span> 
     </span>
    </p>
   </div>
   <div class='ocr_carea' id='block_1_66' title="bbox 2065 2117 3670 2193">
    <p class='ocr_par' dir='ltr' id='par_1_66' title="bbox 2065 2117 3670 2193">
     <span class='ocr_line' id='line_1_66' title="bbox 2065 2117 3670 2193; baseline -0.002 -16"><span class='ocrx_word' id='word_1_513' title='bbox 2065 2121 2216 2178; x_wconf 90' lang='lat' dir='ltr'>mine</span> <span class='ocrx_word' id='word_1_514' title='bbox 2261 2121 2342 2177; x_wconf 90' lang='lat' dir='ltr'>rei</span> <span class='ocrx_word' id='word_1_515' title='bbox 2395 2120 2725 2177; x_wconf 88' lang='lat' dir='ltr'>habeantur.</span> <span class='ocrx_word' id='word_1_516' title='bbox 2759 2119 2899 2176; x_wconf 90' lang='lat' dir='ltr'>Sunt</span> <span class='ocrx_word' id='word_1_517' title='bbox 2945 2120 3149 2175; x_wconf 89' lang='lat' dir='ltr'>iterum</span> <span class='ocrx_word' id='word_1_518' title='bbox 3180 2117 3295 2186; x_wconf 91' lang='lat' dir='ltr'>alii,</span> <span class='ocrx_word' id='word_1_519' title='bbox 3327 2118 3423 2193; x_wconf 89' lang='lat' dir='ltr'>qui</span> <span class='ocrx_word' id='word_1_520' title='bbox 3448 2133 3559 2174; x_wconf 91' lang='lat' dir='ltr'>non</span> <span class='ocrx_word' id='word_1_521' title='bbox 3587 2132 3670 2175; x_wconf 84' lang='lat' dir='ltr'>so-</span> 
     </span>
    </p>
   </div>
   <div class='ocr_carea' id='block_1_67' title="bbox 2066 2206 3668 2279">
    <p class='ocr_par' dir='ltr' id='par_1_67' title="bbox 2066 2206 3668 2279">
     <span class='ocr_line' id='line_1_67' title="bbox 2066 2206 3668 2279; baseline -0.001 -13"><span class='ocrx_word' id='word_1_522' title='bbox 2066 2210 2182 2266; x_wconf 91' lang='lat' dir='ltr'>lum</span> <span class='ocrx_word' id='word_1_523' title='bbox 2214 2209 2427 2267; x_wconf 87' lang='lat' dir='ltr'>faciunt</span> <span class='ocrx_word' id='word_1_524' title='bbox 2451 2210 2615 2279; x_wconf 87' lang='lat' dir='ltr'>mala,</span> <span class='ocrx_word' id='word_1_525' title='bbox 2634 2209 2729 2266; x_wconf 89' lang='lat' dir='ltr'>sed</span> <span class='ocrx_word' id='word_1_526' title='bbox 2754 2209 2919 2265; x_wconf 89' lang='lat' dir='ltr'>etiam</span> <span class='ocrx_word' id='word_1_527' title='bbox 2942 2206 3298 2266; x_wconf 91' lang='lat' dir='ltr'>consentiunt</span> <span class='ocrx_word' id='word_1_528' title='bbox 3318 2206 3668 2277; x_wconf 86' lang='lat' dir='ltr'>facientibus,</span> 
     </span>
    </p>
   </div>
   <div class='ocr_carea' id='block_1_68' title="bbox 2066 2295 3668 2368">
    <p class='ocr_par' dir='ltr' id='par_1_68' title="bbox 2066 2295 3668 2368">
     <span class='ocr_line' id='line_1_68' title="bbox 2066 2295 3668 2368; baseline -0.002 -12"><span class='ocrx_word' id='word_1_529' title='bbox 2066 2308 2130 2357; x_wconf 92' lang='lat' dir='ltr'>ut</span> <span class='ocrx_word' id='word_1_530' title='bbox 2174 2317 2285 2357; x_wconf 88' lang='lat' dir='ltr'>non</span> <span class='ocrx_word' id='word_1_531' title='bbox 2330 2300 2510 2356; x_wconf 89' lang='lat' dir='ltr'>solum</span> <span class='ocrx_word' id='word_1_532' title='bbox 2547 2298 2772 2368; x_wconf 89' lang='lat' dir='ltr'>faciant,</span> <span class='ocrx_word' id='word_1_533' title='bbox 2807 2298 2903 2356; x_wconf 85' lang='lat' dir='ltr'>sed</span> <span class='ocrx_word' id='word_1_534' title='bbox 2950 2306 3005 2355; x_wconf 90' lang='lat' dir='ltr'>et</span> <span class='ocrx_word' id='word_1_535' title='bbox 3051 2296 3259 2354; x_wconf 89' lang='lat' dir='ltr'>talibus</span> <span class='ocrx_word' id='word_1_536' title='bbox 3300 2295 3668 2354; x_wconf 88' lang='lat' dir='ltr'>consentiant.</span> 
     </span>
    </p>
   </div>
   <div class='ocr_carea' id='block_1_69' title="bbox 2066 2388 3671 2464">
    <p class='ocr_par' dir='ltr' id='par_1_69' title="bbox 2066 2388 3671 2464">
     <span class='ocr_line' id='line_1_69' title="bbox 2066 2388 3671 2464; baseline -0.002 -17"><span class='ocrx_word' id='word_1_537' title='bbox 2066 2391 2283 2463; x_wconf 85' lang='lat' dir='ltr'>Duplex</span> <span class='ocrx_word' id='word_1_538' title='bbox 2332 2405 2462 2464; x_wconf 85' lang='lat' dir='ltr'>ergo</span> <span class='ocrx_word' id='word_1_539' title='bbox 2511 2390 2709 2447; x_wconf 91' lang='lat' dir='ltr'>horum</span> <span class='ocrx_word' id='word_1_540' title='bbox 2757 2397 2840 2446; x_wconf 89' lang='lat' dir='ltr'>est</span> <span class='ocrx_word' id='word_1_541' title='bbox 2884 2389 3170 2464; x_wconf 87' lang='lat' dir='ltr'>nequitia:</span> <span class='ocrx_word' id='word_1_542' title='bbox 3219 2405 3333 2445; x_wconf 89' lang='lat' dir='ltr'>non</span> <span class='ocrx_word' id='word_1_543' title='bbox 3380 2388 3527 2445; x_wconf 90' lang='lat' dir='ltr'>enim</span> <span class='ocrx_word' id='word_1_544' title='bbox 3557 2397 3671 2445; x_wconf 88' lang='lat' dir='ltr'>tam</span> 
     </span>
    </p>
   </div>
   <div class='ocr_carea' id='block_1_70' title="bbox 2070 2477 3668 2554">
    <p class='ocr_par' dir='ltr' id='par_1_70' title="bbox 2070 2477 3668 2554">
     <span class='ocr_line' id='line_1_70' title="bbox 2070 2477 3668 2554; baseline -0.001 -19"><span class='ocrx_word' id='word_1_545' title='bbox 2070 2480 2199 2535; x_wconf 89' lang='lat' dir='ltr'>mali</span> <span class='ocrx_word' id='word_1_546' title='bbox 2228 2487 2377 2548; x_wconf 89' lang='lat' dir='ltr'>sunt,</span> <span class='ocrx_word' id='word_1_547' title='bbox 2412 2480 2506 2554; x_wconf 89' lang='lat' dir='ltr'>qui</span> <span class='ocrx_word' id='word_1_548' title='bbox 2538 2480 2774 2549; x_wconf 86' lang='lat' dir='ltr'>faciunt,</span> <span class='ocrx_word' id='word_1_549' title='bbox 2806 2488 2859 2537; x_wconf 91' lang='lat' dir='ltr'>et</span> <span class='ocrx_word' id='word_1_550' title='bbox 2890 2477 3227 2536; x_wconf 91' lang='lat' dir='ltr'>facientibus</span> <span class='ocrx_word' id='word_1_551' title='bbox 3244 2477 3668 2546; x_wconf 90' lang='lat' dir='ltr'>contradicunt;</span> 
     </span>
    </p>
   </div>
   <div class='ocr_carea' id='block_1_71' title="bbox 2068 2564 3673 2642">
    <p class='ocr_par' dir='ltr' id='par_1_71' title="bbox 2068 2564 3673 2642">
     <span class='ocr_line' id='line_1_71' title="bbox 2068 2564 3673 2642; baseline -0.002 -17"><span class='ocrx_word' id='word_1_552' title='bbox 2068 2569 2303 2626; x_wconf 87' lang='lat' dir='ltr'>scientes</span> <span class='ocrx_word' id='word_1_553' title='bbox 2331 2568 2481 2626; x_wconf 90' lang='lat' dir='ltr'>enim</span> <span class='ocrx_word' id='word_1_554' title='bbox 2511 2569 2741 2638; x_wconf 89' lang='lat' dir='ltr'>nefaria,</span> <span class='ocrx_word' id='word_1_555' title='bbox 2773 2586 2887 2625; x_wconf 90' lang='lat' dir='ltr'>non</span> <span class='ocrx_word' id='word_1_556' title='bbox 2933 2569 3029 2624; x_wconf 91' lang='lat' dir='ltr'>illa</span> <span class='ocrx_word' id='word_1_557' title='bbox 3077 2567 3369 2625; x_wconf 89' lang='lat' dir='ltr'>vindicant</span> <span class='ocrx_word' id='word_1_558' title='bbox 3398 2568 3517 2642; x_wconf 90' lang='lat'><strong>(62)</strong></span> <span class='ocrx_word' id='word_1_559' title='bbox 3546 2585 3557 2624; x_wconf 93' lang='lat'>:</span> <span class='ocrx_word' id='word_1_560' title='bbox 3587 2564 3673 2622; x_wconf 84' lang='lat' dir='ltr'>illi</span> 
     </span>
    </p>
   </div>
   <div class='ocr_carea' id='block_1_72' title="bbox 2070 2658 3675 2732">
    <p class='ocr_par' dir='ltr' id='par_1_72' title="bbox 2070 2658 3675 2732">
     <span class='ocr_line' id='line_1_72' title="bbox 2070 2658 3675 2732; baseline -0.001 -19"><span class='ocrx_word' id='word_1_561' title='bbox 2070 2675 2202 2715; x_wconf 91' lang='lat' dir='ltr'>vero</span> <span class='ocrx_word' id='word_1_562' title='bbox 2249 2668 2362 2716; x_wconf 92' lang='lat' dir='ltr'>tam</span> <span class='ocrx_word' id='word_1_563' title='bbox 2408 2658 2736 2732; x_wconf 90' lang='lat' dir='ltr'>nequissimi</span> <span class='ocrx_word' id='word_1_564' title='bbox 2785 2667 2935 2727; x_wconf 90' lang='lat' dir='ltr'>sunt,</span> <span class='ocrx_word' id='word_1_565' title='bbox 2965 2658 3146 2730; x_wconf 91' lang='lat' dir='ltr'>quiet</span> <span class='ocrx_word' id='word_1_566' title='bbox 3174 2658 3409 2726; x_wconf 89' lang='lat' dir='ltr'>faciunt,</span> <span class='ocrx_word' id='word_1_567' title='bbox 3462 2666 3518 2713; x_wconf 89' lang='lat' dir='ltr'>et</span> <span class='ocrx_word' id='word_1_568' title='bbox 3547 2671 3675 2714; x_wconf 87' lang='lat' dir='ltr'>con-</span> 
     </span>
    </p>
   </div>
   <div class='ocr_carea' id='block_1_73' title="bbox 2072 2745 3676 2819">
    <p class='ocr_par' dir='ltr' id='par_1_73' title="bbox 2072 2745 3676 2819">
     <span class='ocr_line' id='line_1_73' title="bbox 2072 2745 3676 2819; baseline -0.003 -15"><span class='ocrx_word' id='word_1_569' title='bbox 2072 2749 2323 2819; x_wconf 76' lang='lat' dir='ltr'>sentiunt</span> <span class='ocrx_word' id='word_1_570' title='bbox 2352 2748 2719 2813; x_wconf 86' lang='lat' dir='ltr'>facientibus,</span> <span class='ocrx_word' id='word_1_571' title='bbox 2758 2756 2821 2803; x_wconf 90' lang='lat' dir='ltr'>ut</span> <span class='ocrx_word' id='word_1_572' title='bbox 2849 2764 2952 2803; x_wconf 90' lang='lat' dir='ltr'>nec</span> <span class='ocrx_word' id='word_1_573' title='bbox 2976 2748 3149 2803; x_wconf 90' lang='lat' dir='ltr'>Deum</span> <span class='ocrx_word' id='word_1_574' title='bbox 3178 2748 3446 2813; x_wconf 89' lang='lat' dir='ltr'>timeant;</span> <span class='ocrx_word' id='word_1_575' title='bbox 3479 2745 3574 2802; x_wconf 87' lang='lat' dir='ltr'>sed</span> <span class='ocrx_word' id='word_1_576' title='bbox 3598 2745 3676 2800; x_wconf 85' lang='lat' dir='ltr'>in-</span> 
     </span>
    </p>
   </div>
   <div class='ocr_carea' id='block_1_74' title="bbox 2074 2831 3674 2908">
    <p class='ocr_par' dir='ltr' id='par_1_74' title="bbox 2074 2831 3674 2908">
     <span class='ocr_line' id='line_1_74' title="bbox 2074 2831 3674 2908; baseline -0.004 -14"><span class='ocrx_word' id='word_1_577' title='bbox 2074 2853 2316 2894; x_wconf 91' lang='lat' dir='ltr'>crescere</span> <span class='ocrx_word' id='word_1_578' title='bbox 2362 2838 2647 2908; x_wconf 88' lang='lat' dir='ltr'>cupientes</span> <span class='ocrx_word' id='word_1_579' title='bbox 2694 2835 2856 2902; x_wconf 86' lang='lat' dir='ltr'>mala,</span> <span class='ocrx_word' id='word_1_580' title='bbox 2901 2834 3025 2890; x_wconf 91' lang='lat' dir='ltr'>ideo</span> <span class='ocrx_word' id='word_1_581' title='bbox 3070 2834 3189 2890; x_wconf 84' lang='lat' dir='ltr'>hac</span> <span class='ocrx_word' id='word_1_582' title='bbox 3235 2833 3465 2890; x_wconf 88' lang='lat' dir='ltr'>minime</span> <span class='ocrx_word' id='word_1_583' title='bbox 3494 2831 3674 2889; x_wconf 84' lang='lat' dir='ltr'>vindi-</span> 
     </span>
    </p>
   </div>
   <div class='ocr_carea' id='block_1_75' title="bbox 2076 2924 3315 2998">
    <p class='ocr_par' dir='ltr' id='par_1_75' title="bbox 2076 2924 3315 2998">
     <span class='ocr_line' id='line_1_75' title="bbox 2076 2924 3315 2998; baseline -0.002 -14"><span class='ocrx_word' id='word_1_584' title='bbox 2076 2936 2221 2998; x_wconf 87' lang='lat' dir='ltr'>cant,</span> <span class='ocrx_word' id='word_1_585' title='bbox 2255 2935 2317 2984; x_wconf 93' lang='lat' dir='ltr'>ut</span> <span class='ocrx_word' id='word_1_586' title='bbox 2345 2925 2614 2985; x_wconf 83' lang='lat' dir='ltr'>suadeant</span> <span class='ocrx_word' id='word_1_587' title='bbox 2643 2943 2754 2983; x_wconf 90' lang='lat' dir='ltr'>non</span> <span class='ocrx_word' id='word_1_588' title='bbox 2786 2926 2885 2983; x_wconf 89' lang='lat' dir='ltr'>illa</span> <span class='ocrx_word' id='word_1_589' title='bbox 2913 2941 3030 2984; x_wconf 89' lang='lat' dir='ltr'>esse</span> <span class='ocrx_word' id='word_1_590' title='bbox 3070 2924 3315 2985; x_wconf 85' lang='lat' dir='ltr'>vitanda.</span> 
     </span>
    </p>
   </div>
   <div class='ocr_carea' id='block_1_76' title="bbox 2703 3134 3037 3197">
    <p class='ocr_par' dir='ltr' id='par_1_76' title="bbox 2703 3134 3037 3197">
     <span class='ocr_line' id='line_1_76' title="bbox 2703 3134 3037 3197; baseline -0.009 0"><span class='ocrx_word' id='word_1_591' title='bbox 2703 3134 2935 3197; x_wconf 84' lang='lat' dir='ltr'>CAPUT</span> <span class='ocrx_word' id='word_1_592' title='bbox 2969 3134 3037 3195; x_wconf 91' lang='lat' dir='ltr'>II.</span> 
     </span>
    </p>
   </div>
   <div class='ocr_carea' id='block_1_77' title="bbox 2151 3278 3676 3362">
    <p class='ocr_par' dir='ltr' id='par_1_77' title="bbox 2151 3278 3676 3362">
     <span class='ocr_line' id='line_1_77' title="bbox 2151 3278 3676 3362; baseline -0.007 -15"><span class='ocrx_word' id='word_1_593' title='bbox 2151 3288 2334 3362; x_wconf 82' lang='lat' dir='ltr'>(Vers.</span> <span class='ocrx_word' id='word_1_594' title='bbox 2376 3288 2449 3360; x_wconf 88' lang='grc'>1.)</span> <span class='ocrx_word' id='word_1_595' title='bbox 2496 3314 2514 3336; x_wconf 79' lang='grc' dir='ltr'>ι</span> <span class='ocrx_word' id='word_1_596' title='bbox 2543 3286 2884 3359; x_wconf 90' lang='lat' dir='ltr'>Quapropter</span> <span class='ocrx_word' id='word_1_597' title='bbox 2914 3281 3310 3341; x_wconf 81' lang='lat' dir='ltr'>inexcusabilis</span> <span class='ocrx_word' id='word_1_598' title='bbox 3336 3296 3413 3351; x_wconf 88' lang='lat' dir='ltr'>es,</span> <span class='ocrx_word' id='word_1_599' title='bbox 3446 3298 3479 3338; x_wconf 93' lang='grc' dir='ltr'>ο</span> <span class='ocrx_word' id='word_1_600' title='bbox 3507 3278 3676 3338; x_wconf 88' lang='lat' dir='ltr'>homo</span> 
     </span>
    </p>
   </div>
   <div class='ocr_carea' id='block_1_78' title="bbox 2077 3373 3675 3452">
    <p class='ocr_par' dir='ltr' id='par_1_78' title="bbox 2077 3373 3675 3452">
     <span class='ocr_line' id='line_1_78' title="bbox 2077 3373 3675 3452; baseline -0.006 -16"><span class='ocrx_word' id='word_1_601' title='bbox 2077 3379 2277 3449; x_wconf 90' lang='lat' dir='ltr'>omnis,</span> <span class='ocrx_word' id='word_1_602' title='bbox 2307 3378 2403 3452; x_wconf 92' lang='lat' dir='ltr'>qui</span> <span class='ocrx_word' id='word_1_603' title='bbox 2446 3377 2683 3450; x_wconf 88' lang='lat' dir='ltr'>judicas.</span> <span class='ocrx_word' id='word_1_604' title='bbox 2734 3378 2798 3432; x_wconf 91' lang='lat' dir='ltr'>In</span> <span class='ocrx_word' id='word_1_605' title='bbox 2846 3393 2957 3450; x_wconf 87' lang='lat' dir='ltr'>quo</span> <span class='ocrx_word' id='word_1_606' title='bbox 2996 3374 3380 3446; x_wconf 87' lang='lat' dir='ltr'>enimjudicas</span> <span class='ocrx_word' id='word_1_607' title='bbox 3416 3373 3675 3439; x_wconf 88' lang='lat' dir='ltr'>alterum,</span> 
     </span>
    </p>
   </div>
   <div class='ocr_carea' id='block_1_79' title="bbox 2075 3461 3675 3545">
    <p class='ocr_par' dir='ltr' id='par_1_79' title="bbox 2075 3461 3675 3545">
     <span class='ocr_line' id='line_1_79' title="bbox 2075 3461 3675 3545; baseline -0.006 -16"><span class='ocrx_word' id='word_1_608' title='bbox 2075 3480 2129 3529; x_wconf 89' lang='lat' dir='ltr'>te</span> <span class='ocrx_word' id='word_1_609' title='bbox 2186 3474 2367 3545; x_wconf 89' lang='lat' dir='ltr'>ipsum</span> <span class='ocrx_word' id='word_1_610' title='bbox 2410 3469 2781 3536; x_wconf 89' lang='lat' dir='ltr'>condemnas;</span> <span class='ocrx_word' id='word_1_611' title='bbox 2824 3467 3011 3523; x_wconf 90' lang='lat' dir='ltr'>eadem</span> <span class='ocrx_word' id='word_1_612' title='bbox 3043 3467 3190 3522; x_wconf 89' lang='lat' dir='ltr'>enim</span> <span class='ocrx_word' id='word_1_613' title='bbox 3221 3465 3356 3538; x_wconf 90' lang='lat' dir='ltr'>agis,</span> <span class='ocrx_word' id='word_1_614' title='bbox 3387 3481 3508 3538; x_wconf 90' lang='lat' dir='ltr'>qua</span> <span class='ocrx_word' id='word_1_615' title='bbox 3526 3461 3675 3535; x_wconf 85' lang='lat' dir='ltr'>judi-</span> 
     </span>
    </p>
   </div>
   <div class='ocr_carea' id='block_1_80' title="bbox 2075 3550 3676 3629">
    <p class='ocr_par' dir='ltr' id='par_1_80' title="bbox 2075 3550 3676 3629">
     <span class='ocr_line' id='line_1_80' title="bbox 2075 3550 3676 3629; baseline -0.007 -9"><span class='ocrx_word' id='word_1_616' title='bbox 2075 3580 2185 3620; x_wconf 89' lang='lat' dir='ltr'>cas.</span> <span class='ocrx_word' id='word_1_617' title='bbox 2218 3588 2235 3611; x_wconf 76' lang='grc' dir='ltr'>ι</span> <span class='ocrx_word' id='word_1_618' title='bbox 2283 3561 2556 3629; x_wconf 87' lang='lat' dir='ltr'>Quoniam</span> <span class='ocrx_word' id='word_1_619' title='bbox 2610 3559 2902 3616; x_wconf 86' lang='lat' dir='ltr'>facientem</span> <span class='ocrx_word' id='word_1_620' title='bbox 2933 3557 3193 3629; x_wconf 87' lang='lat' dir='ltr'>maligna,</span> <span class='ocrx_word' id='word_1_621' title='bbox 3226 3562 3280 3611; x_wconf 93' lang='lat' dir='ltr'>et</span> <span class='ocrx_word' id='word_1_622' title='bbox 3317 3550 3676 3611; x_wconf 89' lang='lat' dir='ltr'>consentien-</span> 
     </span>
    </p>
   </div>
   <div class='ocr_carea' id='block_1_81' title="bbox 2075 3640 3675 3719">
    <p class='ocr_par' dir='ltr' id='par_1_81' title="bbox 2075 3640 3675 3719">
     <span class='ocr_line' id='line_1_81' title="bbox 2075 3640 3675 3719; baseline -0.006 -13"><span class='ocrx_word' id='word_1_623' title='bbox 2075 3658 2185 3706; x_wconf 89' lang='lat' dir='ltr'>tem</span> <span class='ocrx_word' id='word_1_624' title='bbox 2235 3648 2584 3718; x_wconf 87' lang='lat' dir='ltr'>facientibus,</span> <span class='ocrx_word' id='word_1_625' title='bbox 2618 3658 2794 3706; x_wconf 90' lang='lat' dir='ltr'>morte</span> <span class='ocrx_word' id='word_1_626' title='bbox 2848 3645 3045 3719; x_wconf 88' lang='lat' dir='ltr'>dignos</span> <span class='ocrx_word' id='word_1_627' title='bbox 3085 3643 3364 3712; x_wconf 89' lang='lat' dir='ltr'>ostendit;</span> <span class='ocrx_word' id='word_1_628' title='bbox 3412 3657 3482 3698; x_wconf 88' lang='lat' dir='ltr'>ne</span> <span class='ocrx_word' id='word_1_629' title='bbox 3532 3640 3675 3697; x_wconf 85' lang='lat' dir='ltr'>forte</span> 
     </span>
    </p>
   </div>
   <div class='ocr_carea' id='block_1_82' title="bbox 2076 3734 3675 3813">
    <p class='ocr_par' dir='ltr' id='par_1_82' title="bbox 2076 3734 3675 3813">
     <span class='ocr_line' id='line_1_82' title="bbox 2076 3734 3675 3813; baseline -0.006 -16"><span class='ocrx_word' id='word_1_630' title='bbox 2076 3740 2169 3797; x_wconf 90' lang='lat' dir='ltr'>hic</span> <span class='ocrx_word' id='word_1_631' title='bbox 2199 3740 2293 3813; x_wconf 91' lang='lat' dir='ltr'>qui</span> <span class='ocrx_word' id='word_1_632' title='bbox 2329 3740 2482 3808; x_wconf 90' lang='lat' dir='ltr'>facit,</span> <span class='ocrx_word' id='word_1_633' title='bbox 2514 3747 2568 3796; x_wconf 91' lang='lat' dir='ltr'>et</span> <span class='ocrx_word' id='word_1_634' title='bbox 2598 3756 2710 3795; x_wconf 91' lang='lat' dir='ltr'>non</span> <span class='ocrx_word' id='word_1_635' title='bbox 2740 3737 3014 3795; x_wconf 88' lang='lat' dir='ltr'>consentit</span> <span class='ocrx_word' id='word_1_636' title='bbox 3044 3734 3396 3802; x_wconf 89' lang='lat' dir='ltr'>facientibus,</span> <span class='ocrx_word' id='word_1_637' title='bbox 3413 3745 3675 3789; x_wconf 82' lang='lat' dir='ltr'>excusare</span> 
     </span>
    </p>
   </div>
   <div class='ocr_carea' id='block_1_83' title="bbox 2077 3820 3675 3902">
    <p class='ocr_par' dir='ltr' id='par_1_83' title="bbox 2077 3820 3675 3902">
     <span class='ocr_line' id='line_1_83' title="bbox 2077 3820 3675 3902; baseline -0.008 -16"><span class='ocrx_word' id='word_1_638' title='bbox 2077 3846 2133 3886; x_wconf 89' lang='lat' dir='ltr'>se</span> <span class='ocrx_word' id='word_1_639' title='bbox 2190 3846 2347 3902; x_wconf 86' lang='lat' dir='ltr'>posse</span> <span class='ocrx_word' id='word_1_640' title='bbox 2393 3837 2607 3901; x_wconf 91' lang='lat' dir='ltr'>putare,</span> <span class='ocrx_word' id='word_1_641' title='bbox 2657 3827 2819 3885; x_wconf 88' lang='lat' dir='ltr'>docet</span> <span class='ocrx_word' id='word_1_642' title='bbox 2864 3823 3187 3899; x_wconf 90' lang='lat' dir='ltr'>hujusmodi</span> <span class='ocrx_word' id='word_1_643' title='bbox 3240 3820 3675 3880; x_wconf 85' lang='lat' dir='ltr'>inexcusabilem</span> 
     </span>
    </p>
   </div>
   <div class='ocr_carea' id='block_1_84' title="bbox 2078 3914 3673 3991">
    <p class='ocr_par' dir='ltr' id='par_1_84' title="bbox 2078 3914 3673 3991">
     <span class='ocr_line' id='line_1_84' title="bbox 2078 3914 3673 3991; baseline -0.006 -17"><span class='ocrx_word' id='word_1_644' title='bbox 2078 3919 2213 3975; x_wconf 88' lang='lat' dir='ltr'>fore.</span> <span class='ocrx_word' id='word_1_645' title='bbox 2247 3920 2386 3976; x_wconf 80' lang='lat' dir='ltr'>Nom</span> <span class='ocrx_word' id='word_1_646' title='bbox 2414 3919 2563 3975; x_wconf 92' lang='lat' dir='ltr'>enim</span> <span class='ocrx_word' id='word_1_647' title='bbox 2592 3917 2804 3991; x_wconf 91' lang='lat' dir='ltr'>justum</span> <span class='ocrx_word' id='word_1_648' title='bbox 2836 3924 2938 3988; x_wconf 90' lang='lat' dir='ltr'>est,</span> <span class='ocrx_word' id='word_1_649' title='bbox 2971 3924 3034 3974; x_wconf 88' lang='lat' dir='ltr'>ut</span> <span class='ocrx_word' id='word_1_650' title='bbox 3061 3915 3194 3973; x_wconf 90' lang='lat' dir='ltr'>huic</span> <span class='ocrx_word' id='word_1_651' title='bbox 3232 3914 3459 3987; x_wconf 89' lang='lat' dir='ltr'>impune</span> <span class='ocrx_word' id='word_1_652' title='bbox 3486 3924 3673 3969; x_wconf 88' lang='lat' dir='ltr'>conce-</span> 
     </span>
    </p>
   </div>
   <div class='ocr_carea' id='block_1_85' title="bbox 2078 4002 3676 4083">
    <p class='ocr_par' dir='ltr' id='par_1_85' title="bbox 2078 4002 3676 4083">
     <span class='ocr_line' id='line_1_85' title="bbox 2078 4002 3676 4083; baseline -0.009 -18"><span class='ocrx_word' id='word_1_653' title='bbox 2078 4009 2276 4078; x_wconf 91' lang='lat' dir='ltr'>datur;</span> <span class='ocrx_word' id='word_1_654' title='bbox 2310 4009 2441 4083; x_wconf 87' lang='lat' dir='ltr'>quia</span> <span class='ocrx_word' id='word_1_655' title='bbox 2470 4026 2564 4081; x_wconf 90' lang='lat' dir='ltr'>per</span> <span class='ocrx_word' id='word_1_656' title='bbox 2592 4007 2916 4082; x_wconf 83' lang='lat' dir='ltr'>hypocrisin</span> <span class='ocrx_word' id='word_1_657' title='bbox 2951 4005 3194 4063; x_wconf 90' lang='lat' dir='ltr'>ostendit</span> <span class='ocrx_word' id='word_1_658' title='bbox 3223 4021 3279 4060; x_wconf 88' lang='lat' dir='ltr'>se</span> <span class='ocrx_word' id='word_1_659' title='bbox 3321 4002 3508 4066; x_wconf 90' lang='lat' dir='ltr'>talem,</span> <span class='ocrx_word' id='word_1_660' title='bbox 3548 4012 3676 4053; x_wconf 90' lang='lat' dir='ltr'>cum</span> 
     </span>
    </p>
   </div>
   <div class='ocr_carea' id='block_1_86' title="bbox 2072 4118 3679 4207">
    <p class='ocr_par' dir='ltr' id='par_1_86' title="bbox 2072 4118 3679 4207">
     <span class='ocr_line' id='line_1_86' title="bbox 2072 4118 3679 4207; baseline -0.009 -17"><span class='ocrx_word' id='word_1_661' title='bbox 2072 4136 2279 4207; x_wconf 83' lang='lat' dir='ltr'>publice</span> <span class='ocrx_word' id='word_1_662' title='bbox 2307 4137 2520 4206; x_wconf 78' lang='lat' dir='ltr'>gerere?</span> <span class='ocrx_word' id='word_1_663' title='bbox 2550 4133 2685 4207; x_wconf 84' lang='lat' dir='ltr'>Cod.</span> <span class='ocrx_word' id='word_1_664' title='bbox 2730 4118 2947 4187; x_wconf 83' lang='lat' dir='ltr'>Thua‘n.</span> <span class='ocrx_word' id='word_1_665' title='bbox 2995 4137 3049 4207; x_wconf 85' lang='lat' dir='ltr'>et_</span> <span class='ocrx_word' id='word_1_666' title='bbox 3089 4125 3247 4207; x_wconf 64' lang='lat' dir='ltr'>Colb.</span> <span class='ocrx_word' id='word_1_667' title='bbox 3294 4123 3408 4207; x_wconf 80' lang='lat' dir='ltr'>illis</span> <span class='ocrx_word' id='word_1_668' title='bbox 3453 4135 3679 4207; x_wconf 84' lang='lat' dir='ltr'>consen-</span> 
     </span>
    </p>
   </div>
   <div class='ocr_carea' id='block_1_87' title="bbox 2076 4201 3678 4279">
    <p class='ocr_par' dir='ltr' id='par_1_87' title="bbox 2076 4201 3678 4279">
     <span class='ocr_line' id='line_1_87' title="bbox 2076 4201 3678 4279; baseline -0.01 -16"><span class='ocrx_word' id='word_1_669' title='bbox 2076 4201 2226 4263; x_wconf 76' lang='lat' dir='ltr'>tiunt</span> <span class='ocrx_word' id='word_1_670' title='bbox 2257 4201 2426 4279; x_wconf 73' lang='lat' dir='ltr'>usque</span> <span class='ocrx_word' id='word_1_671' title='bbox 2454 4207 2521 4262; x_wconf 88' lang='lat' dir='ltr'>ad</span> <span class='ocrx_word' id='word_1_672' title='bbox 2546 4205 2716 4260; x_wconf 88' lang='lat' dir='ltr'>verba</span> <span class='ocrx_word' id='word_1_673' title='bbox 2743 4220 2934 4275; x_wconf 84' lang='lat' dir='ltr'>ponere</span> <span class='ocrx_word' id='word_1_674' title='bbox 2959 4201 3245 4255; x_wconf 87' lang='lat' dir='ltr'>noluerunt</span> <span class='ocrx_word' id='word_1_675' title='bbox 3262 4212 3279 4250; x_wconf 92' lang='lat'>:</span> <span class='ocrx_word' id='word_1_676' title='bbox 3308 4202 3505 4251; x_wconf 84' lang='lat' dir='ltr'>catera</span> <span class='ocrx_word' id='word_1_677' title='bbox 3545 4206 3678 4248; x_wconf 87' lang='lat' dir='ltr'>vero</span> 
     </span>
    </p>
   </div>
   <div class='ocr_carea' id='block_1_88' title="bbox 2078 4279 3471 4347">
    <p class='ocr_par' dir='ltr' id='par_1_88' title="bbox 2078 4279 3471 4347">
     <span class='ocr_line' id='line_1_88' title="bbox 2078 4279 3471 4347; baseline 0.003 -13"><span class='ocrx_word' id='word_1_678' title='bbox 2078 4279 2346 4335; x_wconf 86' lang='lat' dir='ltr'>exhibent</span> <span class='ocrx_word' id='word_1_679' title='bbox 2375 4286 2436 4332; x_wconf 93' lang='lat' dir='ltr'>ut</span> <span class='ocrx_word' id='word_1_680' title='bbox 2466 4279 2523 4332; x_wconf 89' lang='lat' dir='ltr'>in</span> <span class='ocrx_word' id='word_1_681' title='bbox 2553 4285 2730 4331; x_wconf 83' lang='lat' dir='ltr'>textu.</span> <span class='ocrx_word' id='word_1_682' title='bbox 2852 4343 2885 4347; x_wconf 93' lang='lat'>__</span> <span class='ocrx_word' id='word_1_683' title='bbox 3023 4340 3033 4347; x_wconf 93' lang='lat'>_</span> <span class='ocrx_word' id='word_1_684' title='bbox 3073 4341 3083 4347; x_wconf 91' lang='lat'><em>_</em></span> <span class='ocrx_word' id='word_1_685' title='bbox 3241 4339 3257 4347; x_wconf 63' lang='grc'><em>,</em></span> <span class='ocrx_word' id='word_1_686' title='bbox 3461 4337 3471 4347; x_wconf 85' lang='grc'><strong><em>,</em></strong></span> 
     </span>
    </p>
   </div>
   <div class='ocr_carea' id='block_1_89' title="bbox 2153 4339 3665 4421">
    <p class='ocr_par' dir='ltr' id='par_1_89' title="bbox 2153 4339 3665 4421">
     <span class='ocr_line' id='line_1_89' title="bbox 2153 4339 3665 4421; baseline -0.01 -14"><span class='ocrx_word' id='word_1_687' title='bbox 2153 4351 2271 4421; x_wconf 83' lang='grc'>(59)</span> <span class='ocrx_word' id='word_1_688' title='bbox 2304 4351 2384 4404; x_wconf 90' lang='lat' dir='ltr'>Ita</span> <span class='ocrx_word' id='word_1_689' title='bbox 2412 4365 2539 4403; x_wconf 89' lang='lat' dir='ltr'>mss.</span> <span class='ocrx_word' id='word_1_690' title='bbox 2572 4363 2633 4401; x_wconf 88' lang='lat' dir='ltr'>ac</span> <span class='ocrx_word' id='word_1_691' title='bbox 2659 4354 2767 4421; x_wconf 85' lang='lat' dir='ltr'>vet.</span> <span class='ocrx_word' id='word_1_692' title='bbox 2803 4343 2959 4421; x_wconf 88' lang='lat' dir='ltr'>edi_t.,</span> <span class='ocrx_word' id='word_1_693' title='bbox 2979 4340 3086 4421; x_wconf 68' lang='lat' dir='ltr'>nisi</span> <span class='ocrx_word' id='word_1_694' title='bbox 3115 4339 3263 4421; x_wconf 81' lang='lat' dir='ltr'>quod</span> <span class='ocrx_word' id='word_1_695' title='bbox 3285 4339 3665 4421; x_wconf 74' lang='lat' dir='ltr'>pramittunt:</span> 
     </span>
    </p>
   </div>
   <div class='ocr_carea' id='block_1_90' title="bbox 2078 4414 3680 4492">
    <p class='ocr_par' dir='ltr' id='par_1_90' title="bbox 2078 4414 3680 4492">
     <span class='ocr_line' id='line_1_90' title="bbox 2078 4414 3680 4492; baseline -0.01 -15"><span class='ocrx_word' id='word_1_696' title='bbox 2078 4414 2407 4492; x_wconf 72' lang='lat' dir='ltr'>Iitsipientes,</span> <span class='ocrx_word' id='word_1_697' title='bbox 2438 4417 2823 4492; x_wconf 76' lang='lat' dir='ltr'>incompositos,</span> <span class='ocrx_word' id='word_1_698' title='bbox 2854 4415 2965 4492; x_wconf 76' lang='lat' dir='ltr'>sine</span> <span class='ocrx_word' id='word_1_699' title='bbox 2985 4414 3277 4492; x_wconf 64' lang='lat' dir='ltr'>affectione,</span> <span class='ocrx_word' id='word_1_700' title='bbox 3308 4414 3680 4492; x_wconf 47' lang='lat' dir='ltr'>sine‘ntiserif</span> 
     </span>
    </p>
   </div>
   <div class='ocr_carea' id='block_1_91' title="bbox 373 4480 3681 4564">
    <p class='ocr_par' dir='ltr' id='par_1_91' title="bbox 373 4480 3681 4564">
     <span class='ocr_line' id='line_1_91' title="bbox 373 4480 3681 4564; baseline -0.004 -19"><span class='ocrx_word' id='word_1_701' title='bbox 373 4480 675 4546; x_wconf 67' lang='lat' dir='ltr'>correctio}</span> <span class='ocrx_word' id='word_1_702' title='bbox 720 4490 887 4563; x_wconf 90' lang='lat' dir='ltr'>hujus</span> <span class='ocrx_word' id='word_1_703' title='bbox 930 4494 1119 4559; x_wconf 88' lang='lat' dir='ltr'>series,</span> <span class='ocrx_word' id='word_1_704' title='bbox 1174 4506 1337 4564; x_wconf 85' lang='lat' dir='ltr'>quam</span> <span class='ocrx_word' id='word_1_705' title='bbox 1370 4490 1733 4548; x_wconf 85' lang='lat' dir='ltr'>exhibemus:</span> <span class='ocrx_word' id='word_1_706' title='bbox 1775 4495 1838 4550; x_wconf 93' lang='lat' dir='ltr'>Ut</span> <span class='ocrx_word' id='word_1_707' title='bbox 1887 4512 1977 4551; x_wconf 85' lang='lat' dir='ltr'>nec</span> <span class='ocrx_word' id='word_1_708' title='bbox 2010 4503 2058 4561; x_wconf 88' lang='lat' dir='ltr'>D</span> <span class='ocrx_word' id='word_1_709' title='bbox 2080 4480 2301 4560; x_wconf 84' lang='lat' dir='ltr'>cordia;</span> <span class='ocrx_word' id='word_1_710' title='bbox 2336 4480 2456 4564; x_wconf 79' lang='lat' dir='ltr'>qua</span> <span class='ocrx_word' id='word_1_711' title='bbox 2485 4480 2955 4564; x_wconf 46' lang='lat' dir='ltr'>verhacum&#39;cod.</span> <span class='ocrx_word' id='word_1_712' title='bbox 2985 4480 3157 4564; x_wconf 43' lang='lat' dir='ltr'>Flor&quot;</span> <span class='ocrx_word' id='word_1_713' title='bbox 3203 4483 3392 4550; x_wconf 87' lang='lat' dir='ltr'>Corb.,</span> <span class='ocrx_word' id='word_1_714' title='bbox 3425 4480 3594 4564; x_wconf 71' lang='lat' dir='ltr'>Vind.</span> <span class='ocrx_word' id='word_1_715' title='bbox 3626 4485 3681 4534; x_wconf 89' lang='lat' dir='ltr'>et</span> 
     </span>
    </p>
   </div>
   <div class='ocr_carea' id='block_1_92' title="bbox 370 4563 1973 4634">
    <p class='ocr_par' dir='ltr' id='par_1_92' title="bbox 370 4563 1973 4634">
     <span class='ocr_line' id='line_1_92' title="bbox 370 4563 1973 4634; baseline 0.004 -19"><span class='ocrx_word' id='word_1_716' title='bbox 370 4569 616 4633; x_wconf 71' lang='lat' dir='ltr'>parentes</span> <span class='ocrx_word' id='word_1_717' title='bbox 672 4579 791 4618; x_wconf 87' lang='lat' dir='ltr'>suos</span> <span class='ocrx_word' id='word_1_718' title='bbox 838 4569 1197 4634; x_wconf 82' lang='lat' dir='ltr'>cognoscerent</span> <span class='ocrx_word' id='word_1_719' title='bbox 1239 4563 1576 4619; x_wconf 84' lang='lat' dir='ltr'>honorandos</span> <span class='ocrx_word' id='word_1_720' title='bbox 1606 4582 1627 4628; x_wconf 91' lang='lat'>;</span> <span class='ocrx_word' id='word_1_721' title='bbox 1675 4565 1787 4619; x_wconf 89' lang='lat' dir='ltr'>ideo</span> <span class='ocrx_word' id='word_1_722' title='bbox 1828 4567 1973 4622; x_wconf 82' lang='lat' dir='ltr'>insi-</span> 
     </span>
    </p>
   </div>
   <div class='ocr_carea' id='block_1_93' title="bbox 412 4634 1973 4705">
    <p class='ocr_par' dir='ltr' id='par_1_93' title="bbox 412 4634 1973 4705">
     <span class='ocr_line' id='line_1_93' title="bbox 412 4634 1973 4705; baseline 0.003 -18"><span class='ocrx_word' id='word_1_723' title='bbox 412 4634 572 4688; x_wconf 85' lang='lat' dir='ltr'>ientes</span> <span class='ocrx_word' id='word_1_724' title='bbox 602 4635 963 4705; x_wconf 83' lang='lat' dir='ltr'>incompositos</span> <span class='ocrx_word' id='word_1_725' title='bbox 993 4652 1100 4689; x_wconf 83' lang='lat' dir='ltr'>esse</span> <span class='ocrx_word' id='word_1_726' title='bbox 1126 4635 1288 4702; x_wconf 68' lang='lat' dir='ltr'>dixit,</span> <span class='ocrx_word' id='word_1_727' title='bbox 1316 4652 1405 4689; x_wconf 88' lang='lat' dir='ltr'>nec</span> <span class='ocrx_word' id='word_1_728' title='bbox 1444 4634 1541 4690; x_wconf 85' lang='lat' dir='ltr'>Dei</span> <span class='ocrx_word' id='word_1_729' title='bbox 1569 4652 1660 4689; x_wconf 88' lang='lat' dir='ltr'>nec</span> <span class='ocrx_word' id='word_1_730' title='bbox 1703 4637 1973 4693; x_wconf 84' lang='lat' dir='ltr'>hominum</span> 
     </span>
    </p>
   </div>
   <div class='ocr_carea' id='block_1_94' title="bbox 450 4706 1974 4776">
    <p class='ocr_par' dir='ltr' id='par_1_94' title="bbox 450 4706 1974 4776">
     <span class='ocr_line' id='line_1_94' title="bbox 450 4706 1974 4776; baseline 0.004 -17"><span class='ocrx_word' id='word_1_731' title='bbox 450 4706 617 4760; x_wconf 86' lang='lat' dir='ltr'>bentes</span> <span class='ocrx_word' id='word_1_732' title='bbox 674 4709 932 4776; x_wconf 70' lang='lat' dir='ltr'>a/fectum.</span> <span class='ocrx_word' id='word_1_733' title='bbox 974 4707 1110 4761; x_wconf 90' lang='lat' dir='ltr'>Hinc</span> <span class='ocrx_word' id='word_1_734' title='bbox 1154 4713 1229 4761; x_wconf 89' lang='lat' dir='ltr'>est</span> <span class='ocrx_word' id='word_1_735' title='bbox 1270 4708 1405 4762; x_wconf 88' lang='lat' dir='ltr'>unde</span> <span class='ocrx_word' id='word_1_736' title='bbox 1442 4714 1489 4761; x_wconf 88' lang='lat' dir='ltr'>et</span> <span class='ocrx_word' id='word_1_737' title='bbox 1536 4707 1974 4765; x_wconf 85' lang='lat' dir='ltr'>immisericordes</span> 
     </span>
    </p>
   </div>
   <div class='ocr_carea' id='block_1_95' title="bbox 375 4779 1974 4852">
    <p class='ocr_par' dir='ltr' id='par_1_95' title="bbox 375 4779 1974 4852">
     <span class='ocr_line' id='line_1_95' title="bbox 375 4779 1974 4852; baseline 0.004 -21"><span class='ocrx_word' id='word_1_738' title='bbox 375 4784 569 4852; x_wconf 57' lang='lat' dir='ltr'>essent.</span> <span class='ocrx_word' id='word_1_739' title='bbox 617 4779 727 4852; x_wconf 82' lang='lat' dir='ltr'>Qui</span> <span class='ocrx_word' id='word_1_740' title='bbox 765 4779 905 4852; x_wconf 11' lang='lat' dir='ltr'>enim,</span> <span class='ocrx_word' id='word_1_741' title='bbox 934 4779 1003 4852; x_wconf 19' lang='lat' dir='ltr'>Ain</span> <span class='ocrx_word' id='word_1_742' title='bbox 1031 4795 1151 4832; x_wconf 87' lang='lat' dir='ltr'>suos</span> <span class='ocrx_word' id='word_1_743' title='bbox 1198 4779 1425 4852; x_wconf 74' lang='lat' dir='ltr'>crudelis</span> <span class='ocrx_word' id='word_1_744' title='bbox 1456 4785 1547 4846; x_wconf 86' lang='lat' dir='ltr'>est,</span> <span class='ocrx_word' id='word_1_745' title='bbox 1580 4786 1778 4849; x_wconf 87' lang='lat' dir='ltr'>quanto</span> <span class='ocrx_word' id='word_1_746' title='bbox 1809 4781 1974 4852; x_wconf 84' lang='lat' dir='ltr'>magis</span> 
     </span>
    </p>
   </div>
   <div class='ocr_carea' id='block_1_96' title="bbox 376 4848 1970 4922">
    <p class='ocr_par' dir='ltr' id='par_1_96' title="bbox 376 4848 1970 4922">
     <span class='ocr_line' id='line_1_96' title="bbox 376 4848 1970 4922; baseline 0.004 -20"><span class='ocrx_word' id='word_1_747' title='bbox 376 4848 437 4902; x_wconf 83' lang='lat' dir='ltr'>in</span> <span class='ocrx_word' id='word_1_748' title='bbox 492 4849 729 4922; x_wconf 82' lang='lat' dir='ltr'>alienos!</span> <span class='ocrx_word' id='word_1_749' title='bbox 778 4851 843 4904; x_wconf 86' lang='lat' dir='ltr'>In</span> <span class='ocrx_word' id='word_1_750' title='bbox 889 4849 967 4903; x_wconf 82' lang='lat' dir='ltr'>his</span> <span class='ocrx_word' id='word_1_751' title='bbox 999 4850 1396 4922; x_wconf 85' lang='lat' dir='ltr'>ergo_omnibus</span> <span class='ocrx_word' id='word_1_752' title='bbox 1434 4848 1760 4906; x_wconf 67' lang='lat' dir='ltr'>contumaces</span> <span class='ocrx_word' id='word_1_753' title='bbox 1790 4848 1970 4922; x_wconf 71' lang='lat' dir='ltr'>effecti,</span> 
     </span>
    </p>
   </div>
   <div class='ocr_carea' id='block_1_97' title="bbox 377 4920 1975 5004">
    <p class='ocr_par' dir='ltr' id='par_1_97' title="bbox 377 4920 1975 5004">
     <span class='ocr_line' id='line_1_97' title="bbox 377 4920 1975 5004; baseline 0.003 -30"><span class='ocrx_word' id='word_1_754' title='bbox 377 4920 634 5004; x_wconf 76' lang='lat' dir='ltr'>cognitam</span> <span class='ocrx_word' id='word_1_755' title='bbox 685 4922 925 5001; x_wconf 76' lang='lat' dir='ltr'>habentes</span> <span class='ocrx_word' id='word_1_756' title='bbox 973 4922 1072 4975; x_wconf 89' lang='lat' dir='ltr'>Dei</span> <span class='ocrx_word' id='word_1_757' title='bbox 1117 4920 1407 5004; x_wconf 72' lang='lat' dir='ltr'>justitiam,</span> <span class='ocrx_word' id='word_1_758' title='bbox 1446 4923 1503 4975; x_wconf 87' lang='lat' dir='ltr'>in</span> <span class='ocrx_word' id='word_1_759' title='bbox 1554 4924 1732 5004; x_wconf 61' lang='lat' dir='ltr'>animo</span> <span class='ocrx_word' id='word_1_760' title='bbox 1781 4920 1975 5004; x_wconf 80' lang='lat' dir='ltr'>ponere</span> 
     </span>
    </p>
   </div>
   <div class='ocr_carea' id='block_1_98' title="bbox 376 4993 1976 5065">
    <p class='ocr_par' dir='ltr' id='par_1_98' title="bbox 376 4993 1976 5065">
     <span class='ocr_line' id='line_1_98' title="bbox 376 4993 1976 5065; baseline 0.003 -20"><span class='ocrx_word' id='word_1_761' title='bbox 376 4993 683 5057; x_wconf 84' lang='lat' dir='ltr'>notuerunt,</span> <span class='ocrx_word' id='word_1_762' title='bbox 760 4993 1011 5062; x_wconf 86' lang='lat' dir='ltr'>quoniam</span> <span class='ocrx_word' id='word_1_763' title='bbox 1085 4993 1177 5062; x_wconf 85' lang='lat' dir='ltr'>qui</span> <span class='ocrx_word' id='word_1_764' title='bbox 1233 4994 1337 5047; x_wconf 74' lang='lat' dir='ltr'>haec</span> <span class='ocrx_word' id='word_1_765' title='bbox 1397 5000 1581 5063; x_wconf 87' lang='lat' dir='ltr'>agunt,</span> <span class='ocrx_word' id='word_1_766' title='bbox 1643 4993 1795 5065; x_wconf 86' lang='lat' dir='ltr'>digni</span> <span class='ocrx_word' id='word_1_767' title='bbox 1853 5002 1976 5051; x_wconf 86' lang='lat' dir='ltr'>sunt</span> 
     </span>
    </p>
   </div>
   <div class='ocr_carea' id='block_1_99' title="bbox 377 5064 1975 5135">
    <p class='ocr_par' dir='ltr' id='par_1_99' title="bbox 377 5064 1975 5135">
     <span class='ocr_line' id='line_1_99' title="bbox 377 5064 1975 5135; baseline 0.004 -19"><span class='ocrx_word' id='word_1_768' title='bbox 377 5070 545 5135; x_wconf 86' lang='lat' dir='ltr'>morte</span> <span class='ocrx_word' id='word_1_769' title='bbox 567 5082 586 5129; x_wconf 90' lang='lat'>;</span> <span class='ocrx_word' id='word_1_770' title='bbox 614 5071 662 5118; x_wconf 91' lang='lat' dir='ltr'>et</span> <span class='ocrx_word' id='word_1_771' title='bbox 690 5081 780 5119; x_wconf 90' lang='lat' dir='ltr'>nec</span> <span class='ocrx_word' id='word_1_772' title='bbox 808 5067 899 5118; x_wconf 89' lang='lat' dir='ltr'>hos</span> <span class='ocrx_word' id='word_1_773' title='bbox 928 5064 1181 5118; x_wconf 86' lang='lat' dir='ltr'>immunes</span> <span class='ocrx_word' id='word_1_774' title='bbox 1209 5081 1314 5118; x_wconf 85' lang='lat' dir='ltr'>esse</span> <span class='ocrx_word' id='word_1_775' title='bbox 1342 5083 1376 5119; x_wconf 89' lang='lat' dir='ltr'>a</span> <span class='ocrx_word' id='word_1_776' title='bbox 1398 5072 1562 5119; x_wconf 88' lang='lat' dir='ltr'>morte</span> <span class='ocrx_word' id='word_1_777' title='bbox 1589 5064 1711 5135; x_wconf 83' lang='lat' dir='ltr'>qui,</span> <span class='ocrx_word' id='word_1_778' title='bbox 1734 5083 1847 5120; x_wconf 90' lang='lat' dir='ltr'>cum</span> <span class='ocrx_word' id='word_1_779' title='bbox 1870 5068 1975 5122; x_wconf 73' lang='lat' dir='ltr'>hac</span> 
     </span>
    </p>
   </div>
   <div class='ocr_carea' id='block_1_100' title="bbox 376 5134 1975 5204">
    <p class='ocr_par' dir='ltr' id='par_1_100' title="bbox 376 5134 1975 5204">
     <span class='ocr_line' id='line_1_100' title="bbox 376 5134 1975 5204; baseline 0.003 -16"><span class='ocrx_word' id='word_1_780' title='bbox 376 5151 486 5188; x_wconf 89' lang='lat' dir='ltr'>non</span> <span class='ocrx_word' id='word_1_781' title='bbox 513 5134 738 5204; x_wconf 81' lang='lat' dir='ltr'>faciunt,</span> <span class='ocrx_word' id='word_1_782' title='bbox 789 5136 1114 5190; x_wconf 82' lang='lat' dir='ltr'>consentiunt</span> <span class='ocrx_word' id='word_1_783' title='bbox 1149 5136 1481 5204; x_wconf 80' lang='lat' dir='ltr'>facientibus.</span> <span class='ocrx_word' id='word_1_784' title='bbox 1536 5134 1660 5192; x_wconf 84' lang='lat' dir='ltr'>Istis</span> <span class='ocrx_word' id='word_1_785' title='bbox 1705 5138 1840 5191; x_wconf 89' lang='lat' dir='ltr'>enim</span> <span class='ocrx_word' id='word_1_786' title='bbox 1872 5155 1975 5193; x_wconf 90' lang='lat' dir='ltr'>non</span> 
     </span>
    </p>
   </div>
   <div class='ocr_carea' id='block_1_101' title="bbox 379 5205 1972 5279">
    <p class='ocr_par' dir='ltr' id='par_1_101' title="bbox 379 5205 1972 5279">
     <span class='ocr_line' id='line_1_101' title="bbox 379 5205 1972 5279; baseline 0.002 -18"><span class='ocrx_word' id='word_1_787' title='bbox 379 5206 738 5279; x_wconf 78' lang='lat' dir='ltr'>horrentibus,</span> <span class='ocrx_word' id='word_1_788' title='bbox 768 5224 859 5261; x_wconf 87' lang='lat' dir='ltr'>nec</span> <span class='ocrx_word' id='word_1_789' title='bbox 887 5205 1246 5277; x_wconf 84' lang='lat' dir='ltr'>arguentibus,</span> <span class='ocrx_word' id='word_1_790' title='bbox 1296 5208 1381 5263; x_wconf 79' lang='lat' dir='ltr'>illi</span> <span class='ocrx_word' id='word_1_791' title='bbox 1410 5226 1467 5262; x_wconf 74' lang='lat' dir='ltr'>in</span> <span class='ocrx_word' id='word_1_792' title='bbox 1491 5207 1645 5279; x_wconf 82' lang='lat' dir='ltr'>peius</span> <span class='ocrx_word' id='word_1_793' title='bbox 1665 5210 1972 5279; x_wconf 84' lang='lat' dir='ltr'>proﬁciunt.</span> 
     </span>
    </p>
   </div>
   <div class='ocr_carea' id='block_1_102' title="bbox 383 5277 1979 5349">
    <p class='ocr_par' dir='ltr' id='par_1_102' title="bbox 383 5277 1979 5349">
     <span class='ocr_line' id='line_1_102' title="bbox 383 5277 1979 5349; baseline 0.002 -18"><span class='ocrx_word' id='word_1_794' title='bbox 383 5277 607 5345; x_wconf 83' lang='lat' dir='ltr'>Quando</span> <span class='ocrx_word' id='word_1_795' title='bbox 656 5279 794 5333; x_wconf 87' lang='lat' dir='ltr'>enim</span> <span class='ocrx_word' id='word_1_796' title='bbox 836 5279 974 5333; x_wconf 82' lang='lat' dir='ltr'>videt</span> <span class='ocrx_word' id='word_1_797' title='bbox 1001 5278 1257 5332; x_wconf 85' lang='lat' dir='ltr'>honorari</span> <span class='ocrx_word' id='word_1_798' title='bbox 1291 5294 1351 5332; x_wconf 76' lang='lat' dir='ltr'>se</span> <span class='ocrx_word' id='word_1_799' title='bbox 1368 5280 1434 5333; x_wconf 92' lang='lat' dir='ltr'>ab</span> <span class='ocrx_word' id='word_1_800' title='bbox 1468 5277 1549 5333; x_wconf 15' lang='lat' dir='ltr'>hiis</span> <span class='ocrx_word' id='word_1_801' title='bbox 1581 5277 1681 5349; x_wconf 79' lang='lat' dir='ltr'>qui</span> <span class='ocrx_word' id='word_1_802' title='bbox 1722 5277 1825 5333; x_wconf 83' lang='lat' dir='ltr'>non</span> <span class='ocrx_word' id='word_1_803' title='bbox 1872 5282 1979 5334; x_wconf 82' lang='lat' dir='ltr'>sint</span> 
     </span>
    </p>
   </div>
   <div class='ocr_carea' id='block_1_103' title="bbox 384 5350 1978 5419">
    <p class='ocr_par' dir='ltr' id='par_1_103' title="bbox 384 5350 1978 5419">
     <span class='ocr_line' id='line_1_103' title="bbox 384 5350 1978 5419; baseline 0.001 -16"><span class='ocrx_word' id='word_1_804' title='bbox 384 5351 532 5417; x_wconf 85' lang='lat' dir='ltr'>tales,</span> <span class='ocrx_word' id='word_1_805' title='bbox 575 5350 758 5405; x_wconf 86' lang='lat' dir='ltr'>crescit</span> <span class='ocrx_word' id='word_1_806' title='bbox 809 5351 865 5405; x_wconf 90' lang='lat' dir='ltr'>in</span> <span class='ocrx_word' id='word_1_807' title='bbox 894 5350 1125 5414; x_wconf 81' lang='lat' dir='ltr'>malitia,</span> <span class='ocrx_word' id='word_1_808' title='bbox 1161 5356 1207 5403; x_wconf 83' lang='lat' dir='ltr'>et</span> <span class='ocrx_word' id='word_1_809' title='bbox 1249 5350 1513 5419; x_wconf 83' lang='lat' dir='ltr'>gloriatur</span> <span class='ocrx_word' id='word_1_810' title='bbox 1540 5350 1657 5419; x_wconf 82' lang='lat' dir='ltr'>fore</span> <span class='ocrx_word' id='word_1_811' title='bbox 1699 5368 1751 5405; x_wconf 89' lang='lat' dir='ltr'>se</span> <span class='ocrx_word' id='word_1_812' title='bbox 1780 5354 1978 5417; x_wconf 83' lang='lat' dir='ltr'>talem;</span> 
     </span>
    </p>
   </div>
   <div class='ocr_carea' id='block_1_104' title="bbox 380 5420 1979 5493">
    <p class='ocr_par' dir='ltr' id='par_1_104' title="bbox 380 5420 1979 5493">
     <span class='ocr_line' id='line_1_104' title="bbox 380 5420 1979 5493; baseline 0.002 -19"><span class='ocrx_word' id='word_1_813' title='bbox 380 5420 578 5476; x_wconf 88' lang='lat' dir='ltr'>idcirco</span> <span class='ocrx_word' id='word_1_814' title='bbox 606 5422 821 5493; x_wconf 87' lang='lat' dir='ltr'>dignum</span> <span class='ocrx_word' id='word_1_815' title='bbox 851 5428 925 5476; x_wconf 87' lang='lat' dir='ltr'>est</span> <span class='ocrx_word' id='word_1_816' title='bbox 962 5438 1070 5493; x_wconf 89' lang='lat' dir='ltr'>una</span> <span class='ocrx_word' id='word_1_817' title='bbox 1114 5422 1209 5493; x_wconf 83' lang='lat' dir='ltr'>hos</span> <span class='ocrx_word' id='word_1_818' title='bbox 1231 5436 1388 5493; x_wconf 77' lang='lat' dir='ltr'>pcena</span> <span class='ocrx_word' id='word_1_819' title='bbox 1424 5422 1747 5477; x_wconf 80' lang='lat' dir='ltr'>multandos.</span> <span class='ocrx_word' id='word_1_820' title='bbox 1797 5422 1979 5478; x_wconf 86' lang='lat' dir='ltr'>Omnis</span> 
     </span>
    </p>
   </div>
   <div class='ocr_carea' id='block_1_105' title="bbox 383 5491 1979 5561">
    <p class='ocr_par' dir='ltr' id='par_1_105' title="bbox 383 5491 1979 5561">
     <span class='ocr_line' id='line_1_105' title="bbox 383 5491 1979 5561; baseline 0.001 -13"><span class='ocrx_word' id='word_1_821' title='bbox 383 5498 556 5548; x_wconf 84' lang='lat' dir='ltr'>tamen</span> <span class='ocrx_word' id='word_1_822' title='bbox 577 5491 894 5550; x_wconf 74' lang='lat' dir='ltr'>conscientia</span> <span class='ocrx_word' id='word_1_823' title='bbox 914 5492 1058 5547; x_wconf 86' lang='lat' dir='ltr'>novit</span> <span class='ocrx_word' id='word_1_824' title='bbox 1082 5493 1177 5547; x_wconf 89' lang='lat' dir='ltr'>Dei</span> <span class='ocrx_word' id='word_1_825' title='bbox 1182 5491 1451 5561; x_wconf 83' lang='lat' dir='ltr'>justitiam</span> <span class='ocrx_word' id='word_1_826' title='bbox 1475 5493 1729 5549; x_wconf 84' lang='lat' dir='ltr'>creditam</span> <span class='ocrx_word' id='word_1_827' title='bbox 1750 5494 1979 5558; x_wconf 84' lang='lat' dir='ltr'>mundo;</span> 
     </span>
    </p>
   </div>
   <div class='ocr_carea' id='block_1_106' title="bbox 382 5565 1977 5638">
    <p class='ocr_par' dir='ltr' id='par_1_106' title="bbox 382 5565 1977 5638">
     <span class='ocr_line' id='line_1_106' title="bbox 382 5565 1977 5638; baseline 0.001 -19"><span class='ocrx_word' id='word_1_828' title='bbox 382 5565 579 5621; x_wconf 80' lang='lat' dir='ltr'>occulte</span> <span class='ocrx_word' id='word_1_829' title='bbox 603 5566 740 5638; x_wconf 85' lang='lat' dir='ltr'>enim</span> <span class='ocrx_word' id='word_1_830' title='bbox 764 5582 881 5637; x_wconf 72' lang='lat' dir='ltr'>qua:</span> <span class='ocrx_word' id='word_1_831' title='bbox 901 5565 1176 5638; x_wconf 82' lang='lat' dir='ltr'>punienda</span> <span class='ocrx_word' id='word_1_832' title='bbox 1204 5569 1347 5638; x_wconf 75' lang='lat' dir='ltr'>sunt,</span> <span class='ocrx_word' id='word_1_833' title='bbox 1372 5570 1680 5634; x_wconf 86' lang='lat' dir='ltr'>operantur.</span> <span class='ocrx_word' id='word_1_834' title='bbox 1707 5566 1977 5634; x_wconf 83' lang='lat' dir='ltr'>Quomodo</span> 
     </span>
    </p>
   </div>
   <div class='ocr_carea' id='block_1_107' title="bbox 382 5633 1979 5711">
    <p class='ocr_par' dir='ltr' id='par_1_107' title="bbox 382 5633 1979 5711">
     <span class='ocr_line' id='line_1_107' title="bbox 382 5633 1979 5711; baseline 0.001 -20"><span class='ocrx_word' id='word_1_835' title='bbox 382 5652 506 5711; x_wconf 77' lang='lat' dir='ltr'>ergo</span> <span class='ocrx_word' id='word_1_836' title='bbox 558 5633 789 5694; x_wconf 68' lang='lat' dir='ltr'>credunt</span> <span class='ocrx_word' id='word_1_837' title='bbox 822 5633 928 5693; x_wconf 77' lang='lat' dir='ltr'>ista</span> <span class='ocrx_word' id='word_1_838' title='bbox 982 5635 1193 5709; x_wconf 84' lang='lat' dir='ltr'>impune</span> <span class='ocrx_word' id='word_1_839' title='bbox 1246 5633 1460 5707; x_wconf 84' lang='lat' dir='ltr'>futura,</span> <span class='ocrx_word' id='word_1_840' title='bbox 1492 5652 1609 5706; x_wconf 76' lang='lat' dir='ltr'>qua:</span> <span class='ocrx_word' id='word_1_841' title='bbox 1634 5633 1742 5694; x_wconf 85' lang='lat' dir='ltr'>non</span> <span class='ocrx_word' id='word_1_842' title='bbox 1781 5637 1979 5695; x_wconf 85' lang='lat' dir='ltr'>audent</span> 
     </span>
    </p>
   </div>
   <div class='ocr_carea' id='block_1_108' title="bbox 2082 4552 3681 4636">
    <p class='ocr_par' dir='ltr' id='par_1_108' title="bbox 2082 4552 3681 4636">
     <span class='ocr_line' id='line_1_108' title="bbox 2082 4552 3681 4636; baseline -0.011 -15"><span class='ocrx_word' id='word_1_843' title='bbox 2082 4566 2239 4621; x_wconf 81' lang='lat' dir='ltr'>Rom.</span> <span class='ocrx_word' id='word_1_844' title='bbox 2288 4552 2439 4620; x_wconf 51' lang='lat' dir='ltr'>&#39;edit.</span> <span class='ocrx_word' id='word_1_845' title='bbox 2498 4561 2816 4617; x_wconf 90' lang='lat' dir='ltr'>recidimns.</span> <span class='ocrx_word' id='word_1_846' title='bbox 2886 4557 3239 4636; x_wconf 79' lang='lat' dir='ltr'>Retinuimus</span> <span class='ocrx_word' id='word_1_847' title='bbox 3273 4569 3459 4636; x_wconf 76' lang='lat' dir='ltr'>_vero,_</span> <span class='ocrx_word' id='word_1_848' title='bbox 3514 4552 3681 4636; x_wconf 76' lang='lat' dir='ltr'>Usque</span> 
     </span>
    </p>
   </div>
   <div class='ocr_carea' id='block_1_109' title="bbox 2080 4623 3679 4706">
    <p class='ocr_par' dir='ltr' id='par_1_109' title="bbox 2080 4623 3679 4706">
     <span class='ocr_line' id='line_1_109' title="bbox 2080 4623 3679 4706; baseline -0.01 -15"><span class='ocrx_word' id='word_1_849' title='bbox 2080 4637 2280 4691; x_wconf 90' lang='lat' dir='ltr'>adeo...</span> <span class='ocrx_word' id='word_1_850' title='bbox 2313 4636 2473 4706; x_wconf 87' lang='lat' dir='ltr'>digna</span> <span class='ocrx_word' id='word_1_851' title='bbox 2492 4641 2615 4689; x_wconf 87' lang='lat' dir='ltr'>sunt</span> <span class='ocrx_word' id='word_1_852' title='bbox 2643 4639 2692 4687; x_wconf 92' lang='lat' dir='ltr'>et</span> <span class='ocrx_word' id='word_1_853' title='bbox 2715 4637 2905 4698; x_wconf 86' lang='lat' dir='ltr'>morte,</span> <span class='ocrx_word' id='word_1_854' title='bbox 2936 4627 3245 4706; x_wconf 73' lang='lat' dir='ltr'>quaverba</span> <span class='ocrx_word' id='word_1_855' title='bbox 3270 4626 3329 4680; x_wconf 91' lang='lat' dir='ltr'>in</span> <span class='ocrx_word' id='word_1_856' title='bbox 3358 4623 3552 4706; x_wconf 74' lang='lat' dir='ltr'>iisdem</span> <span class='ocrx_word' id='word_1_857' title='bbox 3583 4623 3679 4677; x_wconf 86' lang='lat' dir='ltr'>tri-</span> 
     </span>
    </p>
   </div>
   <div class='ocr_carea' id='block_1_110' title="bbox 2080 4695 3681 4778">
    <p class='ocr_par' dir='ltr' id='par_1_110' title="bbox 2080 4695 3681 4778">
     <span class='ocr_line' id='line_1_110' title="bbox 2080 4695 3681 4778; baseline -0.01 -15"><span class='ocrx_word' id='word_1_858' title='bbox 2080 4708 2185 4763; x_wconf 89' lang='lat' dir='ltr'>bus</span> <span class='ocrx_word' id='word_1_859' title='bbox 2210 4707 2333 4762; x_wconf 89' lang='lat' dir='ltr'>cod.</span> <span class='ocrx_word' id='word_1_860' title='bbox 2366 4695 2767 4778; x_wconf 79' lang='lat' dir='ltr'>desiderantur,</span> <span class='ocrx_word' id='word_1_861' title='bbox 2790 4695 3030 4778; x_wconf 51' lang='lat' dir='ltr'>quaeq-ue</span> <span class='ocrx_word' id='word_1_862' title='bbox 3060 4699 3117 4778; x_wconf 81' lang='lat' dir='ltr'>in</span> <span class='ocrx_word' id='word_1_863' title='bbox 3157 4700 3313 4778; x_wconf 66' lang='lat' dir='ltr'>Rom.</span> <span class='ocrx_word' id='word_1_864' title='bbox 3355 4695 3504 4778; x_wconf 26' lang='lat' dir='ltr'>edit:</span> <span class='ocrx_word' id='word_1_865' title='bbox 3526 4708 3681 4778; x_wconf 74' lang='lat' dir='ltr'>rese—_</span> 
     </span>
    </p>
   </div>
   <div class='ocr_carea' id='block_1_111' title="bbox 2081 4766 3683 4851">
    <p class='ocr_par' dir='ltr' id='par_1_111' title="bbox 2081 4766 3683 4851">
     <span class='ocr_line' id='line_1_111' title="bbox 2081 4766 3683 4851; baseline -0.009 -16"><span class='ocrx_word' id='word_1_866' title='bbox 2081 4778 2395 4851; x_wconf 76' lang='lat' dir='ltr'>catis_aliis</span> <span class='ocrx_word' id='word_1_867' title='bbox 2434 4794 2605 4849; x_wconf 91' lang='lat' dir='ltr'>usque</span> <span class='ocrx_word' id='word_1_868' title='bbox 2645 4776 2713 4831; x_wconf 88' lang='lat' dir='ltr'>ad</span> <span class='ocrx_word' id='word_1_869' title='bbox 2753 4766 2872 4841; x_wconf 77' lang='grc' dir='ltr'>Ὀῐιὶ</span> <span class='ocrx_word' id='word_1_870' title='bbox 2926 4766 3043 4851; x_wconf 58' lang='lat' dir='ltr'>curn</span> <span class='ocrx_word' id='word_1_871' title='bbox 3078 4768 3355 4851; x_wconf 73' lang='lat' dir='ltr'>justitiam</span> <span class='ocrx_word' id='word_1_872' title='bbox 3404 4766 3505 4822; x_wconf 91' lang='lat' dir='ltr'>Dei</span> <span class='ocrx_word' id='word_1_873' title='bbox 3560 4770 3683 4837; x_wconf 87' lang='lat' dir='ltr'>post</span> 
     </span>
    </p>
   </div>
   <div class='ocr_carea' id='block_1_112' title="bbox 2082 4848 3656 4921">
    <p class='ocr_par' dir='ltr' id='par_1_112' title="bbox 2082 4848 3656 4921">
     <span class='ocr_line' id='line_1_112' title="bbox 2082 4848 3656 4921; baseline -0.01 -16"><span class='ocrx_word' id='word_1_874' title='bbox 2082 4849 2337 4907; x_wconf 86' lang='lat' dir='ltr'>eumdem</span> <span class='ocrx_word' id='word_1_875' title='bbox 2365 4848 2660 4921; x_wconf 78' lang='lat' dir='ltr'>Scriptura</span> <span class='ocrx_word' id='word_1_876' title='bbox 2690 4848 3285 4921; x_wconf 75' lang='lat' dir='ltr'>textumrejiciuntur.</span> <span class='ocrx_word' id='word_1_877' title='bbox 3404 4917 3413 4921; x_wconf 25' lang='grc' dir='ltr'><strong><em>Δ</em></strong></span> <span class='ocrx_word' id='word_1_878' title='bbox 3509 4908 3548 4921; x_wconf 46' lang='grc' dir='ltr'>ἢ</span> <span class='ocrx_word' id='word_1_879' title='bbox 3605 4906 3656 4921; x_wconf 50' lang='grc' dir='ltr'><em>Η</em></span> 
     </span>
    </p>
   </div>
   <div class='ocr_carea' id='block_1_113' title="bbox 2158 4908 3682 5003">
    <p class='ocr_par' dir='ltr' id='par_1_113' title="bbox 2158 4908 3682 5003">
     <span class='ocr_line' id='line_1_113' title="bbox 2158 4908 3682 5003; baseline -0.009 -26"><span class='ocrx_word' id='word_1_880' title='bbox 2158 4922 2275 5003; x_wconf 72' lang='grc'>(69)</span> <span class='ocrx_word' id='word_1_881' title='bbox 2305 4921 2441 5003; x_wconf 63' lang='lat' dir='ltr'>Yoci</span> <span class='ocrx_word' id='word_1_882' title='bbox 2472 4908 2675 5003; x_wconf 39' lang='lat' dir='ltr'>{adicies</span> <span class='ocrx_word' id='word_1_883' title='bbox 2711 4934 2839 5003; x_wconf 74' lang='lat' dir='ltr'>mss.</span> <span class='ocrx_word' id='word_1_884' title='bbox 2876 4908 3464 5003; x_wconf 19' lang='lat' dir='ltr'>aliquot‘adjung-unt‘:</span> <span class='ocrx_word' id='word_1_885' title='bbox 3501 4908 3682 5003; x_wconf 56' lang='lat' dir='ltr'>De</span> 
     </span>
    </p>
   </div>
   <div class='ocr_carea' id='block_1_114' title="bbox 2084 4978 3681 5065">
    <p class='ocr_par' dir='ltr' id='par_1_114' title="bbox 2084 4978 3681 5065">
     <span class='ocr_line' id='line_1_114' title="bbox 2084 4978 3681 5065; baseline -0.011 -16"><span class='ocrx_word' id='word_1_886' title='bbox 2084 4978 2177 5065; x_wconf 76' lang='lat' dir='ltr'>qui</span> <span class='ocrx_word' id='word_1_887' title='bbox 2204 4978 2443 5065; x_wconf 69' lang='lat' dir='ltr'>faciunt,</span> <span class='ocrx_word' id='word_1_888' title='bbox 2464 5000 2513 5065; x_wconf 86' lang='lat' dir='ltr'>et</span> <span class='ocrx_word' id='word_1_889' title='bbox 2528 4989 2898 5065; x_wconf 76' lang='lat' dir='ltr'>contradicunt</span> <span class='ocrx_word' id='word_1_890' title='bbox 2920 5005 2933 5050; x_wconf 83' lang='lat'>,</span> <span class='ocrx_word' id='word_1_891' title='bbox 2964 4978 3224 5065; x_wconf 23' lang='lat' dir='ltr'>unusne):</span> <span class='ocrx_word' id='word_1_892' title='bbox 3247 4978 3353 5065; x_wconf 71' lang='lat' dir='ltr'>his,</span> <span class='ocrx_word' id='word_1_893' title='bbox 3370 4978 3681 5065; x_wconf 25' lang='lat' dir='ltr'>IetcuSimi-</span> 
     </span>
    </p>
   </div>
   <div class='ocr_carea' id='block_1_115' title="bbox 2086 5050 3682 5134">
    <p class='ocr_par' dir='ltr' id='par_1_115' title="bbox 2086 5050 3682 5134">
     <span class='ocr_line' id='line_1_115' title="bbox 2086 5050 3682 5134; baseline -0.011 -13"><span class='ocrx_word' id='word_1_894' title='bbox 2086 5050 2214 5121; x_wconf 62' lang='grc' dir='ltr'>Ῐὶιθιἔ</span> <span class='ocrx_word' id='word_1_895' title='bbox 2240 5066 2403 5121; x_wconf 89' lang='lat' dir='ltr'>etiam</span> <span class='ocrx_word' id='word_1_896' title='bbox 2419 5050 2597 5121; x_wconf 52' lang='lat' dir='ltr'>&#39;infra.</span> <span class='ocrx_word' id='word_1_897' title='bbox 2629 5068 2749 5133; x_wconf 88' lang='lat' dir='ltr'>post</span> <span class='ocrx_word' id='word_1_898' title='bbox 2777 5058 2944 5134; x_wconf 87' lang='lat' dir='ltr'>verba</span> <span class='ocrx_word' id='word_1_899' title='bbox 2968 5055 3262 5134; x_wconf 62' lang='lat' dir='ltr'>assentiant</span> <span class='ocrx_word' id='word_1_900' title='bbox 3286 5059 3461 5134; x_wconf 74' lang='lat' dir='ltr'>autern</span> <span class='ocrx_word' id='word_1_901' title='bbox 3485 5050 3682 5121; x_wconf 83' lang='lat' dir='ltr'>facien-</span> 
     </span>
    </p>
   </div>
   <div class='ocr_carea' id='block_1_116' title="bbox 2085 5126 3682 5207">
    <p class='ocr_par' dir='ltr' id='par_1_116' title="bbox 2085 5126 3682 5207">
     <span class='ocr_line' id='line_1_116' title="bbox 2085 5126 3682 5207; baseline -0.012 -15"><span class='ocrx_word' id='word_1_902' title='bbox 2085 5138 2239 5203; x_wconf 77' lang='lat' dir='ltr'>tibus,</span> <span class='ocrx_word' id='word_1_903' title='bbox 2272 5136 2592 5207; x_wconf 83' lang='lat' dir='ltr'>adnectunt,</span> <span class='ocrx_word' id='word_1_904' title='bbox 2626 5126 2711 5207; x_wconf 59' lang='lat' dir='ltr'>:l_)e</span> <span class='ocrx_word' id='word_1_905' title='bbox 2752 5132 2832 5186; x_wconf 86' lang='lat' dir='ltr'>his</span> <span class='ocrx_word' id='word_1_906' title='bbox 2875 5134 3046 5207; x_wconf 82' lang='lat' dir='ltr'>(unus</span> <span class='ocrx_word' id='word_1_907' title='bbox 3082 5127 3167 5207; x_wconf 54' lang='lat' dir='ltr'>fre</span> <span class='ocrx_word' id='word_1_908' title='bbox 3207 5126 3337 5207; x_wconf 84' lang='lat' dir='ltr'>his),</span> <span class='ocrx_word' id='word_1_909' title='bbox 3369 5126 3462 5193; x_wconf 89' lang='lat' dir='ltr'>qui</span> <span class='ocrx_word' id='word_1_910' title='bbox 3506 5134 3682 5207; x_wconf 50' lang='lat' dir='ltr'>asse]:-</span> 
     </span>
    </p>
   </div>
   <div class='ocr_carea' id='block_1_117' title="bbox 2087 5198 3681 5277">
    <p class='ocr_par' dir='ltr' id='par_1_117' title="bbox 2087 5198 3681 5277">
     <span class='ocr_line' id='line_1_117' title="bbox 2087 5198 3681 5277; baseline -0.012 -15"><span class='ocrx_word' id='word_1_911' title='bbox 2087 5198 2586 5277; x_wconf 38' lang='lat' dir='ltr'>tiunt&#39;facientibus;</span> <span class='ocrx_word' id='word_1_912' title='bbox 2621 5205 2830 5277; x_wconf 42' lang='lat' dir='ltr'>ferum</span> <span class='ocrx_word' id='word_1_913' title='bbox 2874 5201 2932 5277; x_wconf 83' lang='lat' dir='ltr'>bi</span> <span class='ocrx_word' id='word_1_914' title='bbox 2970 5198 3118 5277; x_wconf 78' lang='lat' dir='ltr'>tituli</span> <span class='ocrx_word' id='word_1_915' title='bbox 3167 5205 3316 5275; x_wconf 77' lang='lat' dir='ltr'>sunt,</span> <span class='ocrx_word' id='word_1_916' title='bbox 3360 5198 3681 5277; x_wconf 61' lang='lat' dir='ltr'>emargim-</span> 
     </span>
    </p>
   </div>
   <div class='ocr_carea' id='block_1_118' title="bbox 2084 5269 3430 5339">
    <p class='ocr_par' dir='ltr' id='par_1_118' title="bbox 2084 5269 3430 5339">
     <span class='ocr_line' id='line_1_118' title="bbox 2084 5269 3430 5339; baseline -0.013 -4"><span class='ocrx_word' id='word_1_917' title='bbox 2084 5280 2187 5336; x_wconf 91' lang='lat' dir='ltr'>bus</span> <span class='ocrx_word' id='word_1_918' title='bbox 2217 5269 2273 5333; x_wconf 82' lang='lat' dir='ltr'>in</span> <span class='ocrx_word' id='word_1_919' title='bbox 2316 5287 2531 5333; x_wconf 85' lang='lat' dir='ltr'>textum</span> <span class='ocrx_word' id='word_1_920' title='bbox 2560 5292 2591 5331; x_wconf 91' lang='lat' dir='ltr'>a</span> <span class='ocrx_word' id='word_1_921' title='bbox 2621 5273 2864 5329; x_wconf 90' lang='lat' dir='ltr'>librariis</span> <span class='ocrx_word' id='word_1_922' title='bbox 2893 5269 3170 5326; x_wconf 86' lang='lat' dir='ltr'>incautius</span> <span class='ocrx_word' id='word_1_923' title='bbox 3196 5269 3430 5339; x_wconf 91' lang='lat' dir='ltr'>trajecti.</span> 
     </span>
    </p>
   </div>
   <div class='ocr_carea' id='block_1_119' title="bbox 2161 5333 3685 5421">
    <p class='ocr_par' dir='ltr' id='par_1_119' title="bbox 2161 5333 3685 5421">
     <span class='ocr_line' id='line_1_119' title="bbox 2161 5333 3685 5421; baseline -0.014 -14"><span class='ocrx_word' id='word_1_924' title='bbox 2161 5333 2277 5421; x_wconf 83' lang='lat'><strong>(61)</strong></span> <span class='ocrx_word' id='word_1_925' title='bbox 2312 5350 2435 5405; x_wconf 82' lang='lat' dir='ltr'>Vet.</span> <span class='ocrx_word' id='word_1_926' title='bbox 2466 5348 2625 5421; x_wconf 88' lang='lat' dir='ltr'>edit.,</span> <span class='ocrx_word' id='word_1_927' title='bbox 2672 5346 2939 5421; x_wconf 79' lang='lat' dir='ltr'>gloriatur</span> <span class='ocrx_word' id='word_1_928' title='bbox 2979 5342 3096 5421; x_wconf 68' lang='lat' dir='ltr'>fore</span> <span class='ocrx_word' id='word_1_929' title='bbox 3122 5358 3175 5421; x_wconf 81' lang='lat' dir='ltr'>se</span> <span class='ocrx_word' id='word_1_930' title='bbox 3217 5333 3374 5421; x_wconf 67' lang='lat' dir='ltr'>tatem</span> <span class='ocrx_word' id='word_1_931' title='bbox 3394 5351 3415 5398; x_wconf 89' lang='lat'>;</span> <span class='ocrx_word' id='word_1_932' title='bbox 3440 5333 3596 5387; x_wconf 85' lang='lat' dir='ltr'>Rom.</span> <span class='ocrx_word' id='word_1_933' title='bbox 3629 5334 3685 5385; x_wconf 86' lang='lat' dir='ltr'>et</span> 
     </span>
    </p>
   </div>
   <div class='ocr_carea' id='block_1_120' title="bbox 2088 5412 3662 5492">
    <p class='ocr_par' dir='ltr' id='par_1_120' title="bbox 2088 5412 3662 5492">
     <span class='ocr_line' id='line_1_120' title="bbox 2088 5412 3662 5492; baseline 0.004 -15"><span class='ocrx_word' id='word_1_934' title='bbox 2088 5412 2217 5479; x_wconf 77' lang='lat' dir='ltr'>mss.</span> <span class='ocrx_word' id='word_1_935' title='bbox 2243 5412 2410 5492; x_wconf 79' lang='lat' dir='ltr'>prope</span> <span class='ocrx_word' id='word_1_936' title='bbox 2439 5419 2507 5475; x_wconf 90' lang='lat' dir='ltr'>ad</span> <span class='ocrx_word' id='word_1_937' title='bbox 2542 5412 2738 5492; x_wconf 68' lang='lat' dir='ltr'>unum,</span> <span class='ocrx_word' id='word_1_938' title='bbox 2764 5412 3216 5492; x_wconf 39' lang='grc' dir='ltr'>ριονίιιιιιν-[ονιεΞ</span> <span class='ocrx_word' id='word_1_939' title='bbox 3247 5414 3351 5486; x_wconf 55' lang='lat' dir='ltr'>etc.</span> <span class='ocrx_word' id='word_1_940' title='bbox 3388 5472 3481 5492; x_wconf 43' lang='grc' dir='ltr'>,η-</span> <span class='ocrx_word' id='word_1_941' title='bbox 3515 5470 3662 5492; x_wconf 28' lang='grc' dir='ltr'>μμ,</span> 
     </span>
    </p>
   </div>
   <div class='ocr_carea' id='block_1_121' title="bbox 2161 5438 3683 5565">
    <p class='ocr_par' dir='ltr' id='par_1_121' title="bbox 2161 5438 3683 5565">
     <span class='ocr_line' id='line_1_121' title="bbox 2161 5438 3662 5492; baseline -0.014 -15"><span class='ocrx_word' id='word_1_942' title='bbox 2161 5438 2217 5478; x_wconf 69' lang='lat' dir='ltr'>t8.</span> <span class='ocrx_word' id='word_1_943' title='bbox 2279 5438 2410 5492; x_wconf 86' lang='lat' dir='ltr'>rope</span> <span class='ocrx_word' id='word_1_944' title='bbox 2439 5438 2507 5475; x_wconf 87' lang='lat' dir='ltr'>an</span> <span class='ocrx_word' id='word_1_945' title='bbox 2542 5438 2738 5483; x_wconf 87' lang='lat' dir='ltr'>unum,</span> <span class='ocrx_word' id='word_1_946' title='bbox 2764 5438 3210 5489; x_wconf 72' lang='lat' dir='ltr'>gtormturlurw,</span> <span class='ocrx_word' id='word_1_947' title='bbox 3247 5438 3351 5486; x_wconf 56' lang='grc' dir='ltr'>σευ.</span> <span class='ocrx_word' id='word_1_948' title='bbox 3392 5472 3403 5483; x_wconf 49' lang='grc'><strong>.</strong></span> <span class='ocrx_word' id='word_1_949' title='bbox 3554 5470 3564 5481; x_wconf 75' lang='lat'>_</span> <span class='ocrx_word' id='word_1_950' title='bbox 3651 5471 3662 5482; x_wconf 72' lang='lat'><em>_</em></span> 
     </span>
     <span class='ocr_line' id='line_1_122' title="bbox 2161 5438 3683 5565; baseline -0.014 -15"><span class='ocrx_word' id='word_1_951' title='bbox 2161 5438 2279 5565; x_wconf 50' lang='grc' dir='ltr'>(δέ)</span> <span class='ocrx_word' id='word_1_952' title='bbox 2304 5493 2462 5549; x_wconf 82' lang='lat' dir='ltr'>Rom.</span> <span class='ocrx_word' id='word_1_953' title='bbox 2494 5489 2651 5558; x_wconf 89' lang='lat' dir='ltr'>edit.,</span> <span class='ocrx_word' id='word_1_954' title='bbox 2679 5489 2930 5560; x_wconf 78' lang='lat' dir='ltr'>facientes</span> <span class='ocrx_word' id='word_1_955' title='bbox 2963 5486 3102 5542; x_wconf 89' lang='lat' dir='ltr'>enim</span> <span class='ocrx_word' id='word_1_956' title='bbox 3120 5480 3353 5549; x_wconf 75' lang='lat' dir='ltr'>nefaria,</span> <span class='ocrx_word' id='word_1_957' title='bbox 3382 5472 3484 5529; x_wconf 76' lang='lat' dir='ltr'>illa</span> <span class='ocrx_word' id='word_1_958' title='bbox 3509 5471 3683 5529; x_wconf 77' lang='lat' dir='ltr'>vindi-</span> 
     </span>
    </p>
   </div>
   <div class='ocr_carea' id='block_1_122' title="bbox 2088 5571 2227 5622">
    <p class='ocr_par' dir='ltr' id='par_1_122' title="bbox 2088 5571 2227 5622">
     <span class='ocr_line' id='line_1_123' title="bbox 2088 5571 2227 5622; baseline -0.022 0"><span class='ocrx_word' id='word_1_959' title='bbox 2088 5571 2227 5622; x_wconf 88' lang='lat' dir='ltr'>cant.</span> 
     </span>
    </p>
   </div>
  </div>
