4150 6194
477 250 547 305 67

1495 246 1591 299 AD
1632 243 1868 300 OPERA
1906 240 1961 296 S.
2002 238 2337 297 AMBROSII
2374 238 2760 295 APPENDIX.

3709 238 3786 295 68

479 371 633 443 pejor
668 386 785 427 esse
812 369 1275 443 deprehendatur.
1308 367 1474 425 Fallit
1499 367 1669 434 enim,
1697 373 1759 421 ut
1787 365 1919 420 dum
1959 379 2073 436 pu-
2098 371 2149 428 Α
2180 363 2658 433 contemnendam,
2690 378 2846 436 quael
2896 376 3007 418 non
3037 368 3322 418 curantem
3366 375 3452 415 res
3485 359 3757 419 humanas
3782 386 3797 424 :

479 459 718 516 niendus
742 460 833 528 sit,
865 459 1074 514 honore
1103 458 1305 530 dignus
1336 464 1609 530 appareat.

553 551 735 617 (Vers.
793 550 874 621 2.)
948 574 966 597 ε
1007 550 1224 605 Scimus
1270 557 1449 604 autem
1504 544 1764 619 quoniam
1801 542 2079 615 judicium

477 641 577 698 Dei
609 650 690 697 est
709 640 1011 697 secundum
1046 639 1331 694 veritatem
1366 638 1423 691 in
1443 652 1535 691 eos
1562 634 1655 707 qui
1685 634 1818 689 talia
1836 643 2024 704 agunt.
2050 658 2068 681 ι

480 730 595 787 Hoc
622 740 723 799 est,
771 747 883 787 non
930 730 1244 801 ignoramus
1288 731 1459 783 Deum
1486 725 1863 796 judicaturum
1897 724 1965 779 de
1995 721 2083 778 his

479 819 539 875 in
581 819 835 887 veritate,
878 820 1097 893 quando
1142 804 1241 872 nos
1282 816 1386 888 ipsi
1433 815 1501 870 de
1540 813 1627 869 his
1655 812 1991 885 judicamus.
2024 810 2082 867 Si

481 909 629 964 enim
666 909 827 964 nobis
861 908 1137 979 displicet,
1169 911 1373 976 quanto
1416 901 1587 974 magis
1616 904 1749 968 Deo,
1781 899 1876 973 qui
1912 900 2084 970 magis

473 997 658 1070 justus
703 1008 784 1054 est
823 1004 875 1051 et
922 1013 1059 1068 opus
1107 1010 1269 1050 suum
1311 993 1559 1049 zelatur!
1599 992 1660 1046 In
1694 991 1923 1047 veritate
1956 992 2083 1062 erg‘o

480 1104 605 1141 cum
640 1086 775 1141 dicit
800 1083 1181 1155 judicaturum
1223 1083 1394 1136 Deum
1435 1081 1503 1136 de
1542 1080 1651 1148 his,
1694 1086 1958 1135 terrorem
1986 1080 2085 1135 in-

477 1176 654 1235 cutit;
704 1183 767 1229 ut
806 1188 966 1245 quem
1010 1170 1067 1226 hi
1107 1169 1301 1243 perfidi
1348 1170 1690 1226 incuriosum
1728 1169 1945 1237 dicunt,
1979 1171 2084 1225 iste

480 1265 657 1320 malos
703 1262 1008 1318 secundum
1045 1260 1335 1316 veritatem
1379 1260 1525 1316 dicat
1547 1258 1949 1331 judicaturum,
1981 1260 2085 1317 hoc

479 1362 581 1420 est,
617 1352 904 1407 verissime
951 1350 1177 1406 reddere
1210 1350 1511 1406 secundum
1543 1365 1855 1405 mensuram
1895 1350 2082 1407 unius-

479 1442 749 1515 cujusque
793 1451 845 1498 et
875 1458 986 1497 non
1016 1457 1252 1513 parcere.
1788 1490 1811 1511 λ

472 1600 481 1605 Α
555 1532 737 1603 (Vers.
771 1532 852 1603 3.)
919 1554 935 1576 ε
967 1530 1270 1584 Existimas
1300 1537 1480 1584 autem
1521 1529 1648 1597 hoc,
1689 1547 1722 1585 o
1769 1529 1955 1598 homo,
1987 1529 2084 1603 qui

474 1624 694 1697 judicas
724 1623 790 1679 de
830 1622 899 1678 iis
942 1622 1037 1694 qui
1067 1621 1198 1676 talia
1226 1629 1416 1692 agunt,
1462 1628 1517 1676 et
1562 1620 1696 1677 facis
1727 1637 1825 1687 ea;
1869 1620 1999 1693 quia
2024 1627 2085 1676 tu

2189 454 2462 527 intelligat
2490 463 2674 511 autem
2706 453 2830 510 ideo
2868 468 2899 508 a
2944 467 3000 508 se
3043 449 3402 518 dissimulari,
3431 452 3563 523 quia
3594 467 3707 507 non
3737 452 3803 507 in

2190 544 2291 601 hac
2322 545 2436 601 vita
2458 544 2732 616 judicium
2766 543 2864 599 Dei
2894 542 3225 614 promissum
3250 548 3332 596 est
3354 539 3625 607 futurum,
3659 541 3803 598 utin

2191 644 2425 691 ventura
2454 636 2571 691 vita
2598 635 2861 708 poeniteat
2892 632 3051 687 illum
3076 630 3321 703 judicem
3351 632 3526 686 Deum
3551 646 3662 685 non
3682 647 3803 687 cre-

2192 724 2397 780 didisse
2429 724 2549 797 (64)
2582 743 2592 779 :
2628 725 2687 779 in
2714 739 2874 796 pmna
2903 722 3049 777 enim
3082 723 3296 793 positus
3326 720 3444 776 sine
3476 720 3657 776 fructu
3688 736 3804 793 poe-

2193 814 2461 880 nitentiae,
2516 814 2841 885 prenitebit;
2901 811 3032 883 quia
3074 828 3187 866 non
3233 808 3473 866 credidit
3512 807 3801 880 judicium

2193 904 2313 969 Dei,
2343 903 2489 976 quod
2519 903 2673 959 videt
2702 918 2914 956 verum.
2950 901 3176 957 Necesse
3207 909 3288 955 est
3332 898 3479 955 enim
3522 906 3582 953 ut
3613 898 3804 955 acrius

2132 991 2145 1005 ‘
2194 994 2536 1062 emendetur,
2621 995 2735 1049 imo
2810 993 2988 1065 poenis
3054 992 3389 1065 perennibus
3452 997 3799 1062 torqueatur,

2194 1100 2355 1157 quem
2386 1084 2668 1157 patientiae
2700 1083 3092 1156 longanimitas
3119 1099 3232 1139 non
3261 1080 3595 1138 emendavit.
3632 1081 3803 1138 Seve-

2194 1174 2409 1228 rissime
2440 1173 2702 1247 loquitur,
2726 1172 2906 1229 sciens
2929 1173 3223 1244 malignam
3244 1180 3484 1228 mentem
3506 1186 3617 1226 non
3637 1185 3803 1244 posse

2194 1262 2301 1318 nisi
2333 1261 2530 1317 timore
2557 1278 2588 1317 a
2616 1261 2772 1318 vitiis
2800 1262 2962 1318 facile
2991 1260 3259 1317 revocari.

2268 1352 2451 1424 (Vers.
2484 1352 2540 1419 5,
2576 1352 2658 1423 6.)
2706 1375 2725 1399 ι
2757 1351 3071 1408 Secundum
3099 1351 3362 1408 duritiam
3407 1361 3588 1410 autem
3620 1362 3797 1423 tuam,

2193 1449 2247 1496 et
2285 1440 2635 1513 impmnitens
2672 1459 2767 1498 cor
2794 1442 3132 1499 thezaurizas
3170 1440 3272 1497 tibi
3301 1439 3440 1496 iram
3467 1441 3524 1497 in
3554 1441 3646 1498 die
3676 1443 3798 1513 iraa,

2194 1538 2246 1586 et
2276 1530 2631 1588 revelationis
2666 1530 2805 1603 justi
2833 1530 3031 1604 judicii
3066 1530 3190 1597 Dei,
3220 1529 3317 1603 qui
3348 1529 3539 1587 reddet
3565 1531 3801 1588 unicui-

2193 1636 2297 1693 que
2334 1621 2639 1678 secundum
2686 1637 2851 1694 opera
2901 1637 3017 1678 sua.
3058 1646 3077 1669 ι
3134 1619 3526 1692 Impunitatem
3573 1636 3801 1694 sperans

483 1714 711 1786 efiugies
742 1712 1019 1785 judicium
1061 1710 1211 1766 Dei?
1254 1734 1273 1757 »
1338 1711 1453 1766 Hoc
1498 1719 1601 1778 est,
1646 1711 1918 1783 numquid
1957 1710 2087 1783 quia
2118 1738 2162 1798 Β
2193 1721 2561 1783 peccatorum,
2620 1728 2733 1767 non
2791 1713 2968 1769 solum
3029 1711 3192 1768 durat
3249 1710 3692 1769 inconvertibilis
3743 1718 3802 1768 et

480 1804 579 1861 tibi
604 1819 834 1859 examen
865 1801 1055 1858 datum
1091 1808 1171 1857 est
1194 1801 1478 1873 potestatis
1503 1800 1797 1873 judicandi
1829 1800 1896 1856 de
1926 1800 2086 1856 malis

478 1903 533 1950 et
566 1893 791 1965 stupris,
842 1908 969 1949 eum
1012 1890 1200 1946 eadem
1234 1908 1378 1964 agas.
1422 1900 1478 1947 et
1523 1907 1651 1957 non,
1682 1899 1764 1947 est
1806 1890 1903 1964 qui
1934 1900 1987 1953 te
2016 1890 2085 1946 ad

479 1998 720 2054 praesens
749 1980 988 2052 judicet,
1027 1979 1252 2051 effugies
1291 1978 1569 2050 judicium
1614 1981 1764 2036 Dei?
1794 1981 1914 2037 Non
1962 1979 2085 2034 uti-

479 2087 622 2145 que;
664 2070 793 2144 quia
839 2071 883 2125 si
911 2070 1188 2141 judicium
1226 2070 1325 2124 Dei
1358 2070 1415 2124 in
1441 2069 1649 2125 mundo
1678 2069 1925 2136 evasisti,
1956 2069 2087 2141 quia

484 2167 667 2223 omnis
710 2166 827 2223 haec
874 2173 1110 2237 potestas
1151 2173 1203 2221 et
1245 2163 1517 2236 judicium
1551 2162 1618 2219 ab
1665 2179 1728 2218 eo
1767 2171 1869 2222 est.
1915 2162 1969 2217 in
2002 2163 2083 2217 fu-

485 2264 669 2313 turum
711 2271 822 2311 non
872 2255 1068 2310 evades
1119 2254 1259 2324 (63).
1312 2254 1412 2308 Per
1458 2270 1513 2309 se
1559 2252 1706 2307 enim
1734 2252 2086 2323 judicaturus

481 2356 565 2402 est
607 2347 773 2412 Deus,
803 2344 947 2416 apud
979 2359 1141 2416 quem
1172 2352 1345 2397 cessat
1370 2342 1616 2397 adulatio
1637 2349 1691 2396 et
1729 2358 2083 2413 personarum

481 2435 746 2508 acceptio.
771 2438 884 2490 Aut
904 2441 1048 2489 certe
1071 2432 1117 2487 si
1133 2431 1345 2503 justum
1368 2433 1535 2488 alicui
1558 2432 1798 2499 videtur,
1819 2441 1879 2488 ut
1900 2430 1992 2502 huj
2004 2449 2085 2487 us-

482 2524 633 2580 modi
662 2523 929 2579 immunis
955 2540 987 2578 a
1020 2540 1178 2594 paena
1198 2524 1289 2586 sit,
1315 2522 1483 2577 dicat.
1517 2522 1674 2589 Quod
1700 2522 1742 2577 si
1770 2520 1982 2592 justum
2006 2529 2087 2577 est

484 2621 547 2669 ut
575 2630 685 2668 non
717 2613 931 2680 evadat,
955 2612 1141 2668 credat
1161 2613 1334 2667 Deum
1351 2610 1731 2682 judicaturum
1760 2620 1853 2678 ;ut
1868 2618 1921 2666 et
1941 2611 2087 2683 quod

480 2700 689 2774 justum
720 2717 834 2757 esse
848 2700 1063 2772 judicat
1088 2716 1279 2770 verum
1304 2700 1396 2767 sit,
1426 2709 1480 2755 et
1500 2700 1813 2771 impleatur,
1838 2709 1891 2755 et
1912 2702 2086 2755 Deum

486 2793 830 2849 conditorem
894 2790 1086 2846 mundi
1133 2790 1488 2862 providenter
1535 2798 1589 2845 et
1642 2790 1857 2846 curiose
1907 2789 2088 2862 operis

488 2881 574 2936 sui
633 2882 832 2936 merita
883 2881 1161 2953 requirere
1220 2880 1475 2935 fateatur.
1528 2880 1582 2935 Si
1641 2880 1786 2935 enim
1844 2880 1976 2935 fecit
2035 2888 2090 2935 et

485 2970 738 3039 negligit,
790 2972 968 3024 malus
1015 2969 1204 3039 opifex
1256 2969 1509 3036 dicitur;
1551 2970 1680 3040 quia
1722 2985 1817 3040 per
1857 2969 1913 3024 id
1940 2968 2087 3040 quod

482 3058 733 3129 negligit,
780 3072 893 3112 non
934 3057 1079 3111 bona
1125 3073 1181 3111 se
1210 3056 1424 3124 fecisse,
1457 3074 1577 3129 qua:
1622 3058 1772 3125 fecit,
1806 3059 2083 3124 ostendit;

482 3148 577 3203 sed
605 3148 735 3218 quia
778 3147 922 3201 bona
966 3145 1158 3199 fecisse
1191 3145 1373 3215 negari
1406 3160 1517 3200 non
1558 3154 1733 3217 potest
1768 3146 2085 3217 (indignum

482 3246 564 3293 est
596 3240 741 3292 enim
771 3243 825 3291 et
850 3235 1213 3307 improbabile
1232 3235 1442 3291 bonum
1464 3238 1608 3291 mala
1636 3236 1875 3309 fecisse),
1897 3254 2085 3293 curam

482 3342 673 3382 eorum
720 3341 938 3382 necesse
967 3334 1048 3381 est
1090 3335 1152 3381 ut
1199 3325 1418 3381 dicatur
1462 3342 1657 3398 agere;
1699 3328 1830 3399 quia
1880 3335 2087 3382 contu-

482 3418 647 3472 melia
692 3414 809 3487 ejus
854 3415 959 3472 erit
1004 3424 1057 3471 et
1105 3415 1403 3483 accusatio,
1456 3416 1503 3470 si
1539 3417 1809 3471 bonorum
1856 3432 1889 3471 a
1924 3432 1979 3471 se
2010 3415 2085 3470 fa-

482 3522 696 3571 ctorum
732 3513 1012 3583 negligens
1044 3511 1375 3579 inducatur;
1418 3510 1620 3585 quippe
1649 3527 1771 3567 cum
1799 3509 1918 3582 ejus
1947 3519 2088 3567 nutu

483 3617 547 3658 ac
576 3600 924 3673 providentia
953 3601 1069 3655 vita
1097 3600 1214 3672 ipsa
1249 3609 1585 3656 sustentetur
1615 3600 1924 3656 ministerio
1967 3601 2087 3654 ele-

482 3698 818 3759 mentorum,
862 3692 1005 3746 sicut
1050 3690 1163 3762 ipse
1200 3689 1473 3745 Dominus
1502 3689 1676 3746 dicit:
1733 3713 1751 3738 ι
1779 3689 1883 3758 Qui
1913 3691 2085 3746 solem

484 3795 643 3835 suum
672 3778 807 3835 oriri
854 3780 987 3836 facit
1014 3795 1177 3851 super
1203 3779 1377 3836 bonos
1418 3789 1472 3836 et
1504 3780 1698 3848 malos,
1739 3787 1792 3836 et
1819 3784 1914 3842 37
1944 3779 2087 3852 pluit

483 3891 646 3948 super
674 3875 854 3948 justos
883 3885 937 3933 et
984 3876 1218 3947 injustos
1257 3878 1474 3947 (Matth.
1505 3894 1559 3945 v,
1594 3876 1710 3948 45).
1750 3902 1768 3925 ›
1823 3878 1929 3945 Qui
1959 3892 2086 3947 ergo

482 3975 707 4039 praestat
762 3983 973 4036 curam,
1026 3982 1137 4021 non
1185 3966 1297 4037 agit
1358 3981 1683 4022 conservare
1732 3967 1879 4038 quod
1930 3966 2083 4035 fecit,

482 4066 545 4115 ut
606 4068 853 4116 amantes
926 4053 989 4115 se'
1055 4067 1391 4127 remuneret,
1462 4070 1886 4132 spernentesque
1957 4076 2083 4116 con-

481 4147 706 4209 demnet
725 4151 753 4208 ?

556 4240 739 4311 (Vers.
760 4240 842 4312 4.)
886 4266 904 4288 ι
925 4243 1011 4297 An
1040 4241 1267 4298 divitias
1286 4239 1552 4297 bonitatis
1573 4238 1710 4311 ejus,
1732 4246 1786 4295 et
1806 4239 2083 4312 patientiae

482 4339 537 4386 et
603 4332 1037 4403 longanimitatis
1102 4335 1431 4402 contemnis,
1499 4333 1758 4404 ignorans
1821 4333 2082 4406 quoniam

480 4419 701 4477 bonitas
744 4421 844 4476 Dei
893 4421 960 4477 ad
1014 4423 1391 4493 paenitentiam
1446 4431 1499 4477 te
1545 4422 1853 4494 provocat?
1883 4447 1900 4469 ι
1954 4422 2081 4477 Haec

482 4508 641 4578 dicit,
671 4518 733 4566 ut
762 4525 873 4565 non
896 4509 1009 4581 jam
1041 4527 1097 4565 se
1132 4520 1285 4582 putet
1310 4511 1569 4575 evasisse,
1596 4512 1640 4565 si
1673 4512 1832 4567 illum
1862 4509 2080 4567 bonitas

480 4599 581 4655 Dei
604 4600 813 4672 patitur
827 4599 925 4656 diu
946 4609 1259 4672 peccantem
1290 4619 1301 4657 :
1332 4616 1433 4657 nec
1445 4600 1766 4672 patientiam
1788 4600 1907 4673 ejus
1927 4610 2081 4674 putet

557 4812 674 4889 (63)
715 4813 814 4872 Ms.
864 4814 1050 4884 Corh.,
1101 4816 1217 4872 Non
1254 4818 1366 4873 vult
1394 4816 1554 4886 hujus
1598 4816 1679 4872 rei
1713 4816 2080 4889 impunitatem

480 4887 547 4943 ab
573 4888 654 4966 liis
683 4889 1078 4969 sperare,_quia
1098 4889 1353 4969 injustam
1382 4896 1458 4944 est
1485 4887 1913 4969 quibusexa‘meu
1933 4896 2076 4969 pote-

481 4959 634 5015 statis
665 4959 845 5012 datum
870 4965 945 5013 est
971 4961 1033 5014 de
1059 4961 1216 5015 malis
1242 4963 1318 5014 vel
1347 4962 1548 5031 stupris
1587 4960 1890 5028 hujusmodi
1913 4959 2079 5029 judi-

481 5047 622 5097 care,
661 5046 777 5083 cum
806 5031 911 5085 sint
955 5033 1101 5098 tates,
1148 5033 1387 5102 effugere.
1421 5031 1559 5099 Quia
1601 5034 1647 5086 si
1683 5034 1839 5099 deest,
1884 5033 2075 5102 inquit,

481 5102 553 5158 ad
574 5118 807 5175 praesens
832 5104 923 5175 qui
952 5104 1013 5157 de
1052 5110 1096 5175 te
1106 5102 1329 5171 judicet,
1360 5106 1581 5175 e/fugere
1620 5110 1791 5159 tamen
1810 5104 2077 5173 judicium

479 5174 579 5230 Dei
605 5190 712 5227 non
744 5173 944 5245 poteris
975 5175 1031 5227 in
1057 5174 1263 5245 futuro.

556 5246 674 5316 (64)
707 5245 835 5301 Mss.
881 5246 1114 5315 Remig,
1159 5245 1347 5313 C0rb.,
1394 5245 1608 5302 Thuan.
1657 5255 1711 5302 et
1751 5246 1931 5315 Colb.,
1969 5264 2077 5303 non

480 5317 787 5385 credidisse,
812 5317 905 5388 qui
951 5324 1009 5371 ut
1036 5325 1291 5372 terrorem
1330 5316 1506 5387 futuri
1545 5318 1743 5387 judicii
1786 5320 1870 5373 sui
1897 5325 2076 5374 osten—

482 5389 641 5456 deret,
673 5395 720 5444 et
747 5388 1059 5461 patientiam
1104 5406 1212 5444 non
1238 5391 1683 5455 contemnendam,
1715 5391 1796 5445 ait
1825 5409 1836 5446 :
1892 5391 2074 5459 Tacui,

482 5460 969 5541 numquid’semp‘er
1013 5460 1589 5541 tacebo?._H_ujusmodi
1615 5463 1835 5541 argenta
1868 5460 2076 5541 judicio

477 5531 683 5605 positus
730 5535 841 5588 sine
869 5531 1069 5605 Truetu
1108 5533 1394 5605 paenitebit,
1444 5533 1623 5588 videns
1657 5531 1926 5603 judicium
1954 5533 2072 5605 Dei,

482 5600 624 5671 quod
661 5600 895 5673 negavit,
932 5600 1225 5674 futurum;
1262 5609 1322 5658 ut
1357 5600 1446 5659 nec
1480 5600 1737 5676 pudorem
1781 5605 1968 5661 habeat
1992 5600 2075 5659 de-

2118 3105 2161 3165 Ο

2111 4472 2161 4532 D

2194 1801 2563 1858 intractabilis
2598 1819 2861 1860 manens:
2913 1800 3009 1858 sed
3050 1800 3233 1857 adhuc
3281 1799 3537 1856 acerbius
3584 1809 3794 1871 peccat,

2195 1907 2419 1949 securus
2445 1892 2594 1965 quod
2638 1909 2749 1949 non
2796 1892 2868 1949 sit
2895 1891 3039 1949 ultio
3075 1890 3281 1959 futura,
3318 1906 3413 1946 cor
3448 1888 3656 1946 habens
3679 1890 3799 1946 im-

2194 1983 2489 2055 pmnitens,
2547 1982 2806 2054 ignorans
2860 1982 2990 2056 quia
3035 1981 3174 2038 iram
3229 1981 3335 2038 sibi
3390 1989 3680 2053 congregat
3738 1980 3797 2036 in

2195 2077 2286 2134 die
2308 2078 2423 2133 irae.
2456 2076 2682 2133 Necesse
2716 2083 2798 2132 est
2825 2074 2974 2130 enim
2992 2074 3211 2131 saeviori
3243 2088 3403 2147 pmna
3421 2085 3481 2130 ut
3503 2074 3795 2145 plectatur,

2195 2166 2308 2224 imo
2348 2167 2584 2225 flammis
2635 2165 2971 2240 perennibus
3010 2173 3348 2239 torqueatur,
3383 2164 3476 2238 qui
3509 2164 3668 2237 longa
3694 2164 3798 2220 Dei

2197 2258 2462 2331 patientia
2501 2274 2613 2314 non
2642 2258 2819 2314 solum
2852 2273 2909 2313 se
2937 2256 3228 2313 emendare
3253 2256 3453 2322 noluit,
3485 2253 3577 2310 sed
3615 2253 3800 2311 adhuc

2193 2348 2401 2405 addens
2438 2348 2506 2405 ad
2555 2354 2933 2420 contemptum
2983 2346 3334 2418 exaggeravit
3378 2353 3617 2417 peccata.
3667 2344 3799 2401 Dies

2197 2440 2291 2494 iraa
2323 2449 2404 2495 est
2434 2438 2835 2511 peccatoribus,
2886 2453 2994 2510 quo
3024 2438 3351 2510 punientur;
3384 2436 3509 2492 ideo
3544 2436 3677 2508 ipsis
3712 2445 3798 2492 est

2197 2528 2298 2596 ira,
2328 2529 2457 2602 quia
2497 2529 2614 2600 (65)
2662 2527 2911 2584 sentiunt
2950 2544 3166 2600 pmnam
3215 2528 3273 2582 in
3321 2527 3411 2583 die
3440 2526 3796 2582 revelationis

2189 2615 2328 2688 justi
2365 2617 2562 2688 judicii
2595 2616 2714 2673 Dei.
2750 2616 3104 2673 Revelabitur
3130 2616 3299 2684 enim,
3334 2615 3389 2671 id
3427 2623 3511 2672 est
3540 2630 3795 2687 agnosce-

2197 2713 2306 2773 tur,
2335 2706 2483 2779 quod
2518 2706 2681 2762 modo
2718 2705 2966 2761 futurum
3000 2713 3264 2776 negatur;
3300 2704 3531 2776 ideoque
3556 2720 3678 2759 cum
3710 2720 3797 2759 os-

2196 2796 2463 2863 tenditur,
2523 2794 2671 2867 quod
2720 2811 2832 2850 non
2877 2811 2991 2850 esse
3040 2795 3306 2861 creditur,
3356 2803 3651 2849 reveletur.
3696 2791 3797 2847 His

2195 2884 2340 2940 enim
2372 2884 2703 2952 ostenditur,
2733 2885 2826 2956 qui
2863 2892 3081 2954 negant,
3114 2882 3261 2955 quod
3309 2882 3658 2939 credentibus
3685 2896 3798 2937 ma-

2196 2977 2457 3032 nifestum
2498 2983 2618 3042 est;
2672 2983 2733 3031 ut
2774 2974 3142 3030 confiteantur
3185 2971 3351 3029 etiam
3385 2972 3546 3029 inviti
3579 2971 3797 3044 justum

2189 3066 2465 3140 judicium
2536 3067 2658 3134 Dei,
2714 3082 2841 3122 cum
2892 3064 3193 3138 unicuique
3245 3063 3436 3121 reddet
3487 3062 3792 3119 secundum

2195 3174 2359 3229 opera
2413 3175 2528 3215 sua.
2588 3156 2870 3230 Numquid
2920 3173 3030 3212 non
3097 3156 3216 3212 haec
3263 3154 3582 3212 fatebuntur
3642 3152 3796 3225 juste

2194 3248 2313 3304 fieri
2346 3249 2486 3319 (66),
2515 3264 2639 3305 cum
2668 3246 2911 3303 viderint
2940 3246 3085 3301 mala
3111 3245 3351 3301 invicem
3381 3245 3524 3302 facta
3550 3243 3798 3301 ulcisci?

2271 3338 2450 3409 (Vers.
2477 3339 2555 3410 7.)
2597 3363 2614 3385 ι
2635 3337 2708 3392 Iis
2738 3336 2831 3409 qui
2854 3334 3152 3392 secundum
3176 3335 3494 3407 patientiam
3518 3334 3793 3406 boni~ope-

2196 3428 2295 3495 ris,
2312 3428 2541 3499 gloriam
2566 3436 2619 3483 et
2647 3426 2933 3493 honorem,
2957 3434 3009 3481 et
3033 3425 3524 3497 incorruptionem,
3548 3440 3794 3498 quaeren-

2194 3517 2343 3574 tibus
2362 3519 2531 3574 vitam
2547 3526 2852 3574 aeternam.-
2886 3516 3158 3584 Quoniam
3168 3515 3442 3589 judicium
3465 3516 3564 3572 Dei
3579 3515 3793 3588 justum

2195 3607 2548 3681 przedicatum
2572 3614 2672 3674 est,
2705 3606 2864 3680 quale
2892 3616 3075 3663 autem
3097 3606 3258 3662 bonis
3287 3606 3536 3663 futurum
3563 3613 3664 3674 est,
3686 3604 3795 3661 de-

2195 3701 2425 3757 claravit
2456 3700 2573 3769 (67)
2602 3719 2613 3756 :
2638 3699 2739 3756 bos
2768 3700 2906 3757 dicit
2924 3700 3043 3773 qui,
3073 3699 3392 3772 patientiam
3413 3699 3514 3756 Dei
3534 3700 3789 3767 scientes,

2195 3790 2393 3863 partim
2411 3788 2479 3845 ad
2493 3790 2915 3862 correptionem,
2935 3789 3130 3861 partim
3154 3789 3221 3846 ad
3242 3788 3501 3861 majorem
3519 3789 3792 3845 ultionem

2196 3896 2307 3935 non
2330 3897 2387 3936 se
2406 3879 2800 3951 corrigentium
2831 3879 3115 3952 protelari,
3148 3880 3393 3952 priorum
3425 3894 3651 3951 operum
3674 3894 3792 3951 poe-

2194 3970 2432 4026 nitentes
2468 3969 2605 4025 bene
2642 3979 2950 4037 versantur,
2979 3952 3108 4026 freti
3148 3968 3351 4026 ﬁducia
3378 3967 3509 4025 ﬁdei
3538 3986 3552 4035 ;
3594 3984 3664 4024 ne
3693 3966 3792 4023 diu

2194 4060 2286 4115 hic
2308 4060 2472 4132 positi
2510 4060 2772 4115 damnum
2814 4059 3100 4116 incurrant
3138 4060 3421 4133 promissae
3442 4060 3594 4116 vitae.
3624 4056 3790 4114 Dabit

2193 4164 2320 4220 ergo
2365 4150 2444 4204 eis
2503 4172 2521 4195 ι
2553 4147 2779 4220 gloriam
2830 4158 2884 4205 et
2922 4148 3261 4205 honorem:.
3303 4150 3375 4205 Et
3424 4163 3492 4204 ne
3533 4162 3645 4203 non
3683 4145 3791 4204 hoc

2192 4239 2353 4295 valde
2404 4254 2661 4311 magnum
2708 4238 2773 4295 ad
2821 4240 3283 4312 comparationem
3327 4239 3613 4312 praesentis
3658 4238 3789 4295 vita

2192 4328 2494 4397 videretur,
2523 4329 2653 4402 quia
2680 4335 2734 4385 et
2769 4327 2861 4384 hic
2891 4329 3113 4400 gloriosi
3135 4328 3397 4385 videntur
3424 4336 3477 4385 et
3505 4326 3784 4397 honorati,

2191 4417 2444 4489 adjecit:
2503 4442 2521 4465 ε
2576 4418 2644 4474 Et
2702 4418 3192 4490 incorruptionem,
3239 4444 3258 4467 ι
3332 4426 3393 4475 ut
3440 4434 3509 4473 ex
3565 4433 3629 4473 eo
3679 4415 3787 4473 alia

2191 4506 2365 4580 gloria
2413 4518 2467 4565 et
2495 4510 2633 4565 alter
2664 4508 2842 4565 honor
2886 4508 3307 4580 intelligeretur,
3336 4506 3556 4582 quando
3589 4508 3787 4565 incor-

2188 4598 2372 4671 ruptio
2400 4598 2567 4655 simul
2596 4598 2972 4657 comitabitur.
3019 4599 3081 4653 In
3120 4598 3375 4671 praesenti
3420 4596 3568 4651 enim
3608 4595 3786 4652 honor

2180 4817 2449 4889 peccandi,
2483 4817 2610 4886 quia
2639 4816 3085 4885 longanimitatem
3116 4814 3365 4870 bonitatis
3383 4814 3483 4870 Dei
3502 4811 3782 4869 ridendum

2182 4889 2409 4960 putavit.
2444 4889 2675 4953 Necesse,
2709 4896 2813 4960 etc.

2261 4961 2377 5031 (65)
2418 4963 2572 5015 Rom.
2606 4959 2764 5025 edit.,
2795 4958 2909 5011 ideo
2943 4956 3105 5031 lapsis
3146 4962 3221 5012 est
3247 4956 3499 5031 ir_a,_qu_i,
3539 4956 3783 5031 etc._Se-

2186 5027 2375 5103 quenti
2408 5041 2587 5087 autem
2630 5046 2791 5085 versu
2815 5045 2916 5083 ms.
2942 5029 3157 5103 Bemig.
3194 5036 3247 5103 et
3267 5027 3427 5084 Corb.
3454 5027 3570 5083 haec
3596 5027 3778 5082 effert:

2184 5099 2619 5173 Mani/catamiti:
2647 5118 2785 5156 emm
2814 5099 2954 5173 quod
2995 5099 3423 5173 moitbfutui'um
3450 5106 3693 5173 negatur,
3727 5106 3784 5152 ut

2184 5169 2532 5246 conﬁteantur
2558 5174 2714 5229 etiam
2744 5172 2896 5226 iuuiti
2914 5169 3121 5246 justum
3141 5170 3407 5240 judicium
3439 5169 3560 5246 Dei,
3591 5171 3785 5246 viden-

2187 5253 2257 5301 tes
2282 5242 2438 5301 reddi
2469 5246 2747 5314 unicuique
2789 5243 3069 5298 secundum
3111 5260 3273 5314 opera
3317 5259 3436 5298 sua.
3472 5243 3548 5298 Iis
3572 5242 3782 5314 quidem

2184 5318 2277 5388 qui
2303 5318 2581 5373 secundum
2607 5315 2935 5388 patientiam,
2970 5324 3074 5388 etc.

2282 5391 2373 5461 66)
2408 5384 2853 5461 Nonnullimss.,_
2874 5404 2982 5442 non
3007 5385 3308 5461 e/fabuntur
3326 5384 3471 5461 juste
3495 5385 3637 5457 ﬁeri.

2282 5392 2373 5461 66)
2408 5392 2672 5444 Nonnulli
2696 5404 2847 5455 mss.,
2874 5404 2982 5442 non
3007 5392 3308 5457 e/fabuntur
3326 5392 3471 5455 juste
3495 5392 3637 5457 ﬁeri.

2257 5392 2389 5540 £67)
2420 5462 2575 5540 Rom.
2626 5458 2799 5540 edit.,_
2824 5459 3033 5540 justum
3058 5458 3406 5540 .priedicavit,
3452 5472 3591 5511 nunc
3622 5455 3783 5527 quate

2183 5529 2331 5587 bouis
2356 5529 2603 5602 futurum
2638 5538 2732 5601 est,
2763 5532 3023 5597 declarat,
3048 5529 3117 5585 iis
3140 5529 3397 5585 uidelicet.
