4150 6194
372 224 444 280 69
1308 266 1321 283 .
1494 229 1855 288 COMMENT.
1898 233 1965 288 ΙΝ
2006 234 2221 291 EPIST.
2264 238 2358 292 AD
2396 239 2563 295 HOM.
3646 255 3711 309 70

372 352 463 408 vel
494 351 671 423 gloria
702 351 1024 425 frequenter
1051 351 1331 409 amittitur
1360 371 1375 421 ;
1422 355 1552 428 quia
1598 358 1981 431 corruptibilis
2002 366 2051 424 A
2083 361 2229 432 apud
2255 363 2450 420 Deum.
2485 392 2502 411 ι
2555 366 2823 433 Quoniam
2854 372 3096 427 ostendit
3122 373 3376 430 Judaeum
3408 376 3528 433 sive
3549 378 3699 436 Grai.

373 450 455 498 est
484 439 579 514 qui
610 440 725 509 dat,
758 450 813 497 et
842 440 993 514 quod
1014 440 1129 510 dat,
1157 451 1211 498 et
1241 441 1338 516 qui
1367 446 1607 518 accipit;
1642 448 1699 504 in
1721 448 1809 505 die
1830 451 1976 508 enim

366 529 572 602 judicii
620 530 719 586 Dei
778 530 1220 602 incorruptibilis
1260 531 1375 603 jam
1424 535 1646 592 dabitur
1700 537 1878 595 honor
1927 548 1981 597 et

371 618 572 691 gloria,
605 626 668 674 ut
698 619 808 674 sint
842 627 953 674 tota
978 627 1184 675 aeterna
1216 620 1333 694 (68)
1368 642 1379 678 :
1423 624 1539 696 ipsa
1589 627 1735 684 enim
1778 630 1979 700 gloriﬁ-

372 709 597 765 caliitur
636 709 963 777 substantia,
1023 710 1255 783 quadam
1308 713 1695 773 immutatione
1745 722 1979 775 merito-

371 816 522 856 rum.
581 799 649 856 Hi
694 816 820 871 ergo
873 808 1130 872 quierunt
1185 802 1355 859 vitam
1401 814 1681 874 aeternam,
1731 810 1825 882 qui
1870 825 1981 865 non

373 890 557 947 solum
588 888 746 945 bonae
777 890 1138 961 professionis
1166 901 1317 961 sunt,
1349 893 1443 949 sed
1473 904 1526 950 et
1558 896 1703 952 vitm.

449 989 636 1060 (Vers.
665 990 747 1061 8.)
803 1014 822 1037 ι
855 990 928 1045 lis
959 1006 1091 1046 vero
1134 991 1229 1063 qui
1278 1008 1348 1047 ex
1377 995 1750 1063 contentione,
1794 1003 1847 1052 et
1886 997 1980 1069 qui

373 1075 642 1134 difﬁdunt
671 1081 918 1150 veritati,
950 1083 1216 1139 obediunt
1255 1093 1437 1141 autem
1468 1086 1772 1161 iniquitati,
1821 1088 1902 1145 ira
1929 1100 1983 1147 et

374 1169 716 1242 indignatio,
748 1173 1032 1231 tribulatio
1057 1183 1112 1230 et
1138 1178 1414 1248 angustia,
1453 1204 1470 1225 ι
1524 1179 1629 1236 hoc
1657 1188 1739 1237 est
1790 1182 1983 1238 iterata

377 1261 657 1329 angustia.
704 1261 1025 1321 Diﬁidentes
1071 1264 1139 1320 de
1192 1265 1381 1322 futuro
1446 1269 1545 1324 Dei
1610 1267 1827 1341 judicio
1888 1287 1983 1342 per

377 1350 688 1420 Christum,
721 1370 821 1410 nac
857 1372 952 1426 per
981 1356 1085 1415 hoc
1103 1367 1159 1415 et
1189 1359 1514 1431 patientiam
1546 1369 1977 1431 contemnentes,

370 1441 723 1498 contendunt
743 1460 1009 1503 evacuate
1030 1448 1193 1513 illud.
1217 1467 1346 1507 cum
1367 1451 1440 1507 sit
1472 1469 1661 1509 verum
1683 1460 1738 1509 et
1762 1454 1976 1510 stabile.

383 1555 403 1579 α
434 1532 687 1590 Credunt
722 1542 907 1591 autem
951 1536 1265 1609 iniquitati;
1299 1565 1317 1587 ι
1382 1542 1647 1614 iniquitas
1696 1553 1777 1600 est
1830 1544 1979 1600 enim

371 1636 573 1691 negare
630 1622 781 1694 quod
836 1624 983 1679 Deus
1039 1626 1289 1685 futurum
1347 1632 1625 1703 praedixit.
1680 1633 1807 1690 Tria
1852 1652 1980 1708 ergo

2087 472 2214 512 cum
2233 473 2343 513 non
2373 457 2581 531 despici
2604 478 2632 517 a
2652 464 2786 531 Deo,
2814 463 2860 520 si
2882 472 3067 524 tamen
3090 468 3278 527 credat
3303 470 3363 527 in
3387 471 3694 543 Christum,

2091 548 2185 604 sed
2213 559 2436 621 accepto
2464 551 2594 607 ferri
2628 555 2896 613 ambobus
2921 556 3199 629 justitiam
3248 561 3378 620 ﬁdei
3408 582 3421 631 ;
3455 564 3534 623 sic
3583 566 3698 623 ite-

2092 655 2213 694 rum
2267 656 2375 695 non
2435 642 2718 700 credentes
2769 647 2974 716 pariter
3019 665 3136 706 reos
3184 668 3320 715 esse.
3365 653 3495 727 quia
3526 656 3699 728 magis

2094 727 2273 784 oberit
2303 731 2659 787 circumcisio
2686 733 2804 789 sine
2835 736 2962 803 ﬁde,
3004 748 3057 795 et
3090 741 3333 811 pioderit
3363 745 3695 816 praeputium

2091 833 2188 888 per
2218 817 2420 874 fidem:
2456 836 2518 876 ac
2548 837 2642 891 per
2695 822 2801 879 hoc
2831 825 2989 881 docet
3034 844 3386 898 personarum
3436 843 3699 907 accepto-

2095 921 2209 960 rem
2242 909 2413 963 Deum
2448 925 2558 964 non
2587 926 2724 966 esse.
2756 913 2867 969 Nec
2895 915 3043 970 enim
3088 920 3505 992 praerogativam
3540 940 3696 996 gene-

2093 994 2170 1047 ris
2209 996 2482 1069 sequitur,
2512 1005 2575 1055 ut
2604 999 2946 1058 difﬁdentem
2979 1006 3243 1076 suscipiat
3265 1025 3429 1066 causa
3453 994 3695 1085 patrum,

2095 1090 2191 1137 aut
2228 1085 2541 1142 credentem
2576 1086 2802 1159 abjiciat
2851 1107 2882 1144 a
2920 1108 2977 1146 se
3034 1103 3256 1164 propter
3306 1096 3697 1171 indignitatem

2099 1184 2431 1245 parentum;
2481 1176 2575 1233 sed
2622 1193 3071 1254 unumquemque
3117 1186 3340 1258 proprio
3375 1190 3575 1247 merito
3602 1198 3699 1247 aut

2096 1277 2414 1325 remunerat
2438 1277 2534 1325 aut
2559 1270 2910 1329 condemnat.

2166 1368 2348 1439 (Vers.
2389 1368 2502 1435 12.)
2554 1395 2571 1416 ι
2595 1368 2924 1444 Quicunque
2951 1372 3100 1429 enim
3131 1374 3250 1433 sine
3280 1377 3397 1451 lege
3441 1396 3694 1453 peccave-

2089 1464 2241 1523 runt,
2271 1457 2390 1513 sine
2420 1458 2534 1530 lege
2553 1468 2608 1515 et
2634 1460 2913 1531 peribunt.
2948 1488 2967 1509 ι
3009 1463 3298 1531 Quomodo
3338 1476 3520 1540 potest
3577 1472 3696 1530 sine

2090 1546 2207 1617 lego
2242 1547 2479 1616 peccari,
2509 1565 2636 1605 cum
2668 1567 2859 1607 omnes
2907 1552 3075 1609 simul
3121 1554 3330 1612 subditi
3370 1558 3545 1616 simus
3590 1562 3698 1635 legi

2090 1636 2379 1692 naturali?
2409 1637 2516 1694 Sed
2545 1638 2613 1695 de
2655 1640 2864 1712 Moysis
2905 1643 3019 1713 lege
3075 1642 3231 1713 dicit,
3265 1646 3357 1702 cui
3394 1648 3569 1705 Judaei
3600 1650 3694 1707 ob-

370 1711 484 1767 alia
536 1712 722 1784 posuit
769 1713 1149 1775 incredulitati
1218 1720 1512 1794 condigna,
1560 1723 1786 1781 dicens:
1854 1751 1872 1773 ‹
1902 1728 1987 1783 Ira
2018 1725 2060 1786 Β
2091 1724 2248 1781 noxii
2278 1734 2428 1793 sunt,
2471 1726 2601 1783 dum
2630 1711 3046 1799 nonicredunt;
3095 1711 3309 1791 necnon
3340 1744 3395 1792 et
3439 1739 3693 1809 gentiles,

371 1808 429 1857 et
460 1800 793 1873 indignatio,
840 1812 897 1861 et
941 1810 1217 1879 angustia.
1253 1834 1272 1856 ι
1332 1811 1419 1867 Ira
1470 1819 1553 1868 est
1603 1814 1753 1870 enim
1785 1831 1896 1871 non
1930 1815 1981 1872 ei

376 1888 477 1962 qui
515 1887 746 1960 judicat,
802 1891 900 1949 sed
952 1894 1036 1950 illi
1077 1897 1173 1968 qui
1201 1895 1508 1969 judicatur,
1549 1900 1682 1958 dum
1729 1903 1793 1959 ﬁt
1833 1921 1980 1963 reus.

378 1986 550 2042 Irasci
578 1988 723 2044 enim
753 1988 964 2047 dicitur
991 1993 1156 2063 Deus,
1189 2002 1252 2051 ut
1283 1996 1668 2056 vindicaturus
1686 2001 1977 2074 credatur;

378 2097 507 2137 nam
553 2081 652 2137 Dei
702 2092 900 2140 natura
947 2086 1015 2142 ab
1046 2086 1130 2143 his
1182 2091 1529 2162 passionibus
1578 2096 1845 2155 immunis
1878 2106 1975 2156 est.

373 2169 447 2226 Et
486 2176 548 2224 ut
574 2186 686 2226 non
723 2173 903 2228 solum
936 2174 1119 2244 irasci,
1156 2178 1251 2234 sed
1280 2188 1333 2239 et
1376 2182 1660 2241 vindicare
1702 2187 1977 2259 credatur,

372 2258 615 2331 adjecit:
664 2286 684 2307 ε
720 2262 792 2317 Ει
834 2262 1183 2336 indignatio;
1228 2294 1245 2317 ι
1306 2270 1614 2344 indignatio
1664 2284 1766 2345 est,
1815 2258 1978 2350 quam

373 2355 615 2413 addento
690 2356 786 2413 38
849 2377 1015 2433 super
1061 2364 1223 2434 iram,
1281 2366 1543 2439 injuriam
1589 2389 1743 2429 suam
1802 2377 1978 2433 Deum

345 2448 792 2511 .vindicaturum
825 2453 1117 2525 signiﬁcat.
1150 2460 1422 2530 Angustias
1441 2478 1572 2518 vero
1597 2472 1749 2535 sunt,
1778 2466 1979 2539 quibus

373 2548 650 2605 sententia
675 2551 1007 2608 constrictus
1037 2553 1396 2614 tribulabitnr
1427 2560 1484 2615 in
1519 2578 1695 2634 poena.

446 2645 635 2717 (Vers.
676 2647 758 2719 9.)
807 2672 825 2694 ι
854 2648 1028 2721 Super
1054 2667 1273 2709 omnem
1304 2657 1543 2715 animam
1581 2660 1824 2721 hominis
1853 2684 1976 2740 ope-

372 2734 551 2791 rantis
604 2737 837 2793 malum.
893 2763 911 2784 -
975 2740 1036 2795 In
1078 2741 1186 2799 hoc
1231 2760 1394 2815 opere
1444 2764 1557 2804 non
1614 2752 1792 2809 solum
1834 2734 1976 2813 facta

369 2823 671 2896 signiﬁcat,
721 2825 817 2882 sed
861 2835 916 2883 et
966 2828 1208 2900 perﬁdiae
1239 2834 1653 2905 professionem.
1694 2843 1771 2897 De
1801 2842 1975 2901 incre-

368 2913 505 2971 dulo
539 2916 692 2971 enim
720 2916 896 2986 dicit;
929 2926 984 2974 et
1006 2919 1128 2976 ideo
1148 2938 1312 2995 super
1331 2926 1571 2984 animam
1593 2930 1759 3001 dixit,
1785 2943 1846 2990 ut
1866 2935 1972 3008 spi-

370 3005 631 3062 ritualem
662 3022 879 3078 poenam
911 3009 1208 3082 intelligas,
1255 3029 1367 3071 non
1414 3020 1793 3090 corporalem;
1845 3005 1975 3097 quia

371 3096 560 3150 anima
592 3095 972 3153 invisibilihus
1000 3101 1176 3171 poenis
1203 3104 1525 3162 arctabitur.

464 3203 685 3259 Judaei
722 3205 985 3277 primum,
1042 3216 1096 3263 et
1138 3208 1332 3268 Graeci.
1382 3236 1402 3260 ι
1459 3215 1683 3290 Semper
1722 3219 1971 3280 Judaeum

370 3294 668 3364 anteponit
711 3297 1069 3368 praerogativa
1121 3298 1367 3369 Patrum,
1421 3312 1483 3360 ut
1540 3315 1634 3362 aut
1682 3321 1975 3369 coronetur

369 3382 609 3456 primus,
656 3393 751 3439 aut
796 3384 1128 3454 damnetur;
1180 3388 1308 3461 quia
1337 3393 1565 3451 credens
1594 3395 1974 3458 honorificen-

368 3473 483 3529 tior
540 3482 623 3530 est
676 3483 903 3547 propter
942 3477 1241 3546 Abraham,
1298 3480 1555 3541 difﬁdens
1605 3498 1787 3546 autem
1820 3492 1974 3564 pejus

370 3564 695 3622 tractandus
739 3574 857 3633 est;
901 3567 1032 3640 quia
1077 3568 1284 3625 donum
1346 3574 1678 3644 promissum
1727 3582 1974 3652 patribus

369 3653 658 3710 refutavit.

443 3760 633 3831 (Vers.
668 3761 783 3834 10.)
820 3786 839 3809 ι
886 3762 1074 3821 Gloria
1107 3776 1290 3824 autem
1325 3778 1380 3826 et
1420 3770 1600 3829 honor
1618 3782 1672 3831 et
1691 3792 1797 3849 pax
1819 3780 1972 3838 omni

368 3851 620 3922 operanti
653 3850 887 3920 bonum,
917 3854 1108 3910 Judreo
1136 3856 1400 3928 primum,
1432 3868 1486 3917 et
1514 3863 1726 3923 Graeco.
1765 3892 1784 3916 ι
1829 3870 1971 3938 Quo-

368 3942 536 3998 modo
567 3943 871 3999 incredulis
900 3954 1003 4002 tria
1023 3949 1261 4018 pmnalia
1289 3952 1492 4022 posuit,
1529 3972 1608 4012 sic
1635 3966 1687 4013 et
1715 3958 1973 4021 ﬁdelibus

369 4040 478 4089 tria
512 4033 830 4105 magniﬁca,
860 4042 923 4092 ut
951 4034 1213 4093 honorem
1235 4037 1471 4098 habeant
1514 4047 1793 4116 geminum
1829 4054 1969 4126 (69),

372 4125 527 4199 quasi
549 4124 653 4180 ﬁlii
675 4127 805 4193 Dei;
828 4127 1004 4199 gloria
1026 4129 1099 4184 sit
1119 4144 1219 4200 pro
1249 4130 1663 4203 immutatione;
1690 4156 1795 4211 pax
1818 4124 1970 4213 vero,

370 4230 438 4271 eo
468 4216 614 4289 quod
642 4216 783 4272 bene
812 4220 1065 4276 viventes
1093 4220 1267 4294 quieti
1293 4233 1455 4281 erunt
1483 4225 1542 4282 in
1579 4228 1788 4301 futuro,
1820 4234 1973 4290 nulla

371 4304 789 4378 perturbatione
831 4309 1093 4365 commoti
1123 4328 1137 4379 ;
1191 4313 1394 4386 quippe
1423 4316 1554 4389 quia
1590 4324 1774 4378 omnis
1805 4323 1972 4381 homo

369 4409 403 4450 a
428 4396 724 4453 contrariis
770 4412 828 4454 se
878 4396 1180 4470 abstinens,
1220 4403 1366 4475 apud
1397 4403 1646 4477 judicem
1672 4409 1838 4470 habet
1865 4430 1973 4486 pa-

368 4499 492 4540 cem
530 4484 672 4557 (70).

444 4592 634 4662 (Vere.
683 4594 795 4667 11.)
842 4620 860 4644 ι
888 4596 1009 4654 Non
1049 4597 1197 4655 enim
1237 4616 1592 4672 personarum
1624 4608 1869 4681 acceptio
1893 4618 1975 4667 est

446 4778 568 4854 (68)
600 4781 803 4863 Omnes
825 4783 956 4841 edit.
988 4801 1052 4842 ac
1080 4803 1209 4844 mss.
1240 4790 1483 4863 quidam,
1530 4800 1636 4850 tota
1673 4795 1781 4852 vita
1813 4804 1975 4853 (eter-

366 4881 441 4937 ng
469 4862 717 4937 :_melius
736 4880 867 4937 vero
889 4866 947 4920 in
968 4868 1092 4923 aliis
1111 4887 1169 4920 το
1186 4862 1297 4925 vita
1318 4871 1614 4930 omittitur.
1640 4877 1760 4933 Non
1783 4890 1974 4937 autem

368 4931 451 4991 it'a
500 4933 637 4988 bene
680 4936 825 5016 quod
858 4954 957 5009 pro
983 4940 1392 5013 gloriﬁcabitur,
1424 4948 1680 5002 nonnulli
1702 4931 1975 5008 Εοὶιῗιὶᾶῖ

367 5005 533 5061 bent.
567 5008 834 5061 alortabtt.

409 5012 533 5061 ent.
567 5012 834 5062 aloriabit.

448 5023 533 5059 nt.
565 5023 834 5076 glortaou.

448 5076 740 5161 (δειλιιεξ.
791 5078 936 5135 haud
985 5084 1164 5161 pauci,
1222 5086 1447 5161 habeant
1517 5092 1823 5161 genuinum,
1881 5103 1976 5151 aut

366 5149 898 5236 hnnoriﬁceutiam...
957 5149 1258 5236 genuinam.
1296 5149 1608 5236 Continuo
1650 5180 1776 5219 \ero
1806 5149 1972 5236 ’post,

367 5220 471 5276 ubi
518 5228 628 5276 vet.
678 5222 814 5279 edit.
857 5241 922 5307 a_c
958 5220 1118 5293 inss.,
1152 5230 1340 5307 ⁸ξλιοήα
1368 5234 1438 5287 sit
1461 5220 1972 5307 proimmulat'ione:

442 5309 488 5346 ,τ
516 5310 727 5379 cero‘eo
753 5297 930 5366 quod;
952 5297 1372 5379 nonnulli,_pa.r
1404 5297 1522 5379 vero
1542 5306 1776 5379 ethonor
1803 5297 1971 5379 quod;

442 5310 488 5346 ,τ
516 5310 639 5348 vero
669 5310 727 5349 eo
753 5310 930 5366 quoa;
952 5310 1233 5368 nonnulli,
1261 5318 1372 5371 pax
1404 5322 1522 5359 vero
1542 5310 1776 5362 ethonor
1803 5311 1971 5379 quod;

364 5310 533 5421 ἔξω.
606 5364 743 5421 edit.
812 5379 1150 5451 reposuerat,
1206 5373 1433 5444 gloriam
1483 5376 1540 5431 in
1592 5378 1972 5451 immutatione,

362 5451 551 5509 pacgin
576 5452 701 5509 vero
728 5455 785 5492 eo
814 5440 974 5509 quod,
1015 5449 1119 5499 etc.

443 5507 566 5579 (70)
614 5508 779 5566 Rom.
825 5507 1000 5573 edita
1060 5513 1128 5569 ab
1178 5514 1489 5575 adversario
1533 5537 1586 5576 se
1637 5522 1972 5581 abstinens...

366 5585 614 5651 acceptor
650 5587 727 5636 est
754 5581 915 5638 Deus.

2005 3086 2055 3150 C

2090 1812 2186 1870 sed
2230 1813 2564 1886 jamdudum
2593 1836 2607 1885 ;
2664 1818 2794 1892 quia
2833 1819 3131 1894 adjungere
3165 1839 3222 1880 se
3252 1823 3334 1880 illi
3370 1827 3691 1886 noluerunt.

2092 1902 2214 1959 Non
2268 1905 2554 1965 credentes
2603 1924 2731 1981 ergo
2781 1911 3013 1982 gentiles
3064 1912 3277 1986 duplici
3326 1931 3518 1987 genere
3551 1917 3695 1975 ﬁunt

2091 1992 2169 2047 rei
2196 2010 2207 2047 :
2238 1995 2367 2066 quia
2397 2012 2574 2070 neque
2606 1998 2713 2069 legi
2738 1998 2879 2056 datae
2927 2017 3024 2073 per
3053 2003 3279 2077 Moysen
3325 2015 3691 2078 assenserunt,

2090 2097 2267 2157 neque
2325 2084 2533 2142 Christi
2592 2088 2823 2157 gratiam
2876 2101 3238 2163 receperunt;
3288 2094 3417 2151 ideo
3463 2096 3695 2169 dignum

2090 2181 2172 2229 est
2214 2183 2276 2229 ut
2318 2185 2566 2249 pereant.
2615 2178 2790 2250 Igitur
2844 2180 2989 2238 sicut
3034 2183 3128 2254 qui
3173 2184 3292 2241 sine
3340 2186 3455 2258 lege
3486 2194 3693 2260 peccat,

2089 2273 2328 2345 peribit;
2364 2274 2440 2330 ita
2471 2284 2525 2332 et
2551 2277 2645 2350 qui
2677 2279 2797 2335 sine
2828 2281 2945 2351 lege
2978 2282 3150 2353 legem
3180 2287 3504 2355 servaverit,
3533 2287 3695 2359 justi-

2089 2362 2367 2421 ﬁcabitur.
2401 2366 2684 2424 Justitiam
2716 2369 2863 2425 enim
2907 2373 3237 2430 naturaliter
3272 2392 3517 2446 servans,
3571 2395 3691 2436 cus-

2088 2462 2172 2510 tos
2223 2456 2357 2527 legis
2406 2467 2508 2514 est.
2554 2485 2573 2508 ι
2602 2460 2656 2517 Si
2709 2462 2856 2518 enim
2892 2461 3045 2533 justo
3100 2481 3209 2521 non
3252 2476 3333 2523 est
3383 2469 3471 2525 lex
3518 2471 3696 2542 posita

2090 2544 2148 2616 (Ι
2180 2545 2312 2601 Tim.
2347 2564 2385 2606 ι.
2418 2547 2500 2619 9),
2532 2572 2551 2595 ι
2596 2549 2692 2605 sed
2733 2551 2993 2622 injustis:
3029 2554 3124 2626 qui
3156 2571 3267 2611 non
3298 2566 3509 2628 peccat,
3555 2560 3693 2616 ami-

2085 2656 2182 2697 cus
2215 2643 2353 2714 legis
2385 2651 2485 2700 est.
2520 2644 2663 2700 Huic
2702 2647 2820 2701 sola
2858 2647 2994 2704 ﬁdes
3025 2647 3202 2714 deest,
3248 2666 3345 2721 per
3375 2666 3539 2724 quam
3596 2654 3692 2711 ﬁat

2086 2730 2399 2801 perfectus;
2440 2732 2569 2804 quia
2599 2732 2741 2787 nihil
2776 2734 2858 2789 illi
2894 2736 3135 2805 proderit
3166 2737 3311 2807 apud
3362 2741 3537 2795 Deum
3568 2742 3687 2798 abs-

2084 2818 2261 2875 tinere
2303 2837 2334 2875 a
2376 2821 2688 2890 contrariis,
2742 2822 2851 2878 nisi
2902 2824 3065 2880 ﬁdem
3099 2825 3156 2881 in
3186 2828 3361 2883 Deum
3391 2831 3683 2902 acceperit,

2082 2916 2144 2963 ut
2174 2909 2245 2964 sit
2283 2907 2467 2980 justus
2520 2927 2616 2982 per
2663 2918 2932 2985 utraque;
2983 2914 3114 2986 quia
3147 2915 3246 2971 illa
3294 2920 3557 2989 temporis
3597 2918 3684 2991 ju-

2083 2996 2233 3053 stitia
2261 3007 2363 3067 est,
2392 2998 2508 3055 haec
2530 3001 2873 3057 aeternitatis.

2168 3114 2186 3136 ι
2216 3089 2288 3144 Ει
2317 3089 2633 3164 quicunque
2682 3091 2739 3147 in
2794 3093 2910 3164 lege
2938 3104 3327 3165 peccaverunt,
3374 3113 3471 3170 per
3509 3098 3684 3171 legem

2076 3177 2478 3250 judicabuntur
2509 3183 2648 3251 (71).
2682 3207 2700 3229 ι
2743 3182 3019 3249 Quoniam
3051 3185 3227 3243 Judaei
3256 3188 3425 3259 legem
3459 3188 3685 3261 habent,

2082 3269 2143 3324 in
2172 3285 2278 3342 qua
2308 3270 2456 3326 salus
2485 3269 2600 3326 illis
2630 3272 2900 3343 promissa
2929 3281 3048 3341 est;
3082 3291 3194 3332 non
3241 3276 3546 3348 credentes,
3594 3279 3683 3335 vel

2082 3375 2195 3415 non
2225 3360 2551 3431 recipientes
2579 3363 2934 3433 promissum,
2958 3380 3053 3436 per
3073 3365 3245 3437 legem
3261 3364 3681 3439 judicabuntur,

2081 3448 2184 3505 sub
2218 3466 2327 3523 qua
2367 3449 2650 3508 vixerunt.
2700 3453 2823 3524 Ipsa
2851 3455 2999 3509 enim
3034 3465 3343 3525 accusante,
3377 3473 3565 3530 poenas
3591 3474 3683 3516 ex-

2082 3542 2334 3609 solvent;
2381 3558 2507 3598 nam
2556 3559 2723 3615 prope
2776 3544 2994 3615 gravior
3038 3546 3352 3603 Judaeorum
3392 3564 3557 3605 causa
3603 3558 3685 3607 est

2082 3632 2228 3705 apud
2253 3649 2346 3691 eos
2375 3634 2543 3707 ipsos,
2576 3652 2739 3710 quam
2773 3637 3041 3708 gentium.
3074 3638 3228 3696 Sicut
3256 3640 3406 3697 enim
3454 3640 3680 3698 creden-

2084 3731 2163 3778 tes
2218 3724 2608 3795 praeferuntur,
2672 3726 2748 3782 ita
2816 3735 2872 3783 et
2931 3743 3056 3784 cum
3131 3728 3414 3798 difﬁdunt,
3469 3730 3684 3804 pejores

2064 3810 2483 3888 inveniuntur:
2537 3813 2661 3886 plus
2711 3815 2860 3871 enim
2891 3816 3156 3889 displicet.
3181 3819 3275 3891 qui
3306 3821 3453 3892 quod
3491 3821 3687 3879 habuit

2079 3902 2288 3971 amisit,
2314 3918 2477 3974 quam
2517 3902 2609 3975 qui
2653 3906 2796 3978 quod
2831 3923 2944 3964 non
2973 3910 3233 3981 speravit,
3281 3912 3540 3985 consequi
3572 3926 3685 3967 non

2082 3991 2283 4063 potuit.
2318 3993 2425 4048 Iste
2453 3993 2601 4049 enim
2636 4011 2745 4051 non
2778 3997 3011 4054 intravit
3056 4000 3113 4055 in
3146 4000 3349 4070 regiam
3399 3999 3544 4071 (72),
3589 4000 3685 4055 ille

2082 4081 2228 4137 foras
2258 4081 2456 4139 missus
2484 4093 2586 4140 est.
3330 4156 3334 4159 I

2157 4170 2347 4241 (Vers.
2391 4173 2505 4244 13.)
2553 4196 2571 4218 ε
2600 4174 2720 4230 Non
2752 4174 2900 4230 enim
2926 4174 3206 4231 auditores
3234 4175 3369 4247 legis
3384 4173 3523 4247 justi
3553 4184 3686 4234 sunt

2081 4260 2227 4333 apud
2273 4263 2468 4331 Deum,
2511 4264 2606 4320 sed
2653 4265 2887 4322 factores
2947 4265 3083 4337 legis
3130 4264 3610 4336 justiﬁcahuntur.
3650 4290 3670 4315 ι

2082 4350 2201 4407 Hoc
2229 4350 2386 4418 dicit,
2410 4351 2540 4424 quia
2566 4369 2675 4408 non
2706 4353 2762 4408 hi
2780 4352 2918 4424 justi
2939 4362 3070 4410 sunt
3097 4357 3191 4427 qui
3221 4354 3456 4411 audiunt
3486 4356 3684 4428 legem,

2003 4460 2052 4520 D
2083 4440 2179 4496 sed
2228 4441 2321 4514 qui
2366 4443 2600 4501 credunt
2639 4443 2697 4499 in
2750 4444 3054 4514 Christum,
3114 4463 3277 4519 quem
3356 4447 3542 4505 eadem
3594 4450 3685 4506 lex

2086 4532 2375 4603 promisit:
2416 4541 2469 4589 et
2514 4534 2619 4591 hoc
2670 4542 2752 4591 est
2793 4535 2971 4593 facere
3014 4537 3208 4608 legem.
3258 4536 3454 4594 Omnis
3500 4546 3684 4595 autem

2082 4635 2217 4676 non
2242 4620 2376 4678 facit
2416 4622 2613 4695 legem,
2667 4624 2764 4697 qui
2810 4641 2923 4682 non
2969 4626 3146 4683 credit
3203 4627 3343 4699 legi;
3388 4626 3522 4684 dum
3572 4643 3686 4685 non

2159 4809 2280 4889 (7.1).
2320 4810 2447 4868 Mss.
2496 4811 2750 4884 aliquot.,
2788 4812 3203 4889 judicabuntur.
3274 4816 3419 4874 Sicut
3466 4820 3684 4889 gentiles

2083 4898 2145 4936 ar.
2174 4882 2222 4935 si
2264 4882 2671 4958 legemnaturm
2702 4886 3022 4958 custodiant,
3064 4888 3314 4958 peribunt
3359 4882 3529 4945 tamira
3578 4892 3686 4946 nisi

2084 4955 2379 5025 acceperint
2415 4955 2568 5026 ﬁdem
2603 4956 2830 5023 Christi;
2882 4955 3081 5025 major-
3106 4961 3244 5014 enim
3283 4978 3443 5017 causa
3473 4968 3548 5017 est
3583 4979 3680 5017 so-

2088 5025 2195 5080 lum
2223 5026 2680 5105 Denmpro/iteri,
2710 5029 2850 5105 quod
2879 5030 3026 5105 Duas
3056 5047 3191 5105 unus
3224 5031 3310 5105 sit,
3333 5051 3491 5105 quam
3510 5052 3545 5089 a
3573 5050 3683 5089 εω-

2087 5100 2212 5172 teris
2267 5099 2527 5172 abstinere
2564 5100 2835 5170 peccatis;
2871 5102 2976 5156 haec
3033 5103 3170 5157 enim
3226 5099 3529 5161 Dei-causa
3585 5110 3678 5172 est,

2083 5167 2183 5223 illa
2237 5176 2465 5254 nostra.“
2502 5167 2584 5254 Ita
2642 5179 2689 5254 et
2735 5172 2909 5254 Judmi
2953 5174 3046 5228 sub
3097 5176 3214 5254 Iege_
3252 5184 3472 5254 agentes,
3513 5193 3547 5254 ᾳ

2084 5241 2316 5318 accusati
2340 5240 2767 5318 judicabuntur:
2799 5244 2930 5314 quia
2958 5262 3062 5300 non
3108 5240 3367 5318 recipiant
3411 5240 3681 5303 Christum

2084 5310 2142 5365 in
2186 5313 2288 5396 lege
2324 5314 2664 5393 promissum.
2701 5310 2881 5396 ΔΕιξξιτὶ
2916 5334 3149 5396 quwras,
3193 5310 3371 5396 major
3402 5318 3577 5396 dolor
3606 5321 3683 5370 est

2083 5384 2345 5453 gentibus;
2397 5384 2565 5459 ‘pejus
2638 5392 2711 5441 est
2762 5388 2899 5442 enim
2926 5384 3353 5459 promissionem
3417 5384 3676 5455 amisisse,

2084 5456 2412 5540 ᾳιιᾳῃιυᾳειρά
2440 5457 2755 5540 desperavit,
2786 5476 2894 5514 non
2920 5456 3210 5540 accepisse:_
3248 5527 3258 5538 _

2160 5526 2277 5597 (72)
2308 5528 2437 5584 Mss.
2471 5526 2800 5602 complures,
2854 5547 2961 5585 non
2990 5526 3211 5587 intravit
3237 5527 3293 5580 in
3326 5542 3565 5600 regnum.
