4136 6194
482 269 544 324 71
1499 267 1593 321 AD
1635 264 1872 321 OPERA
1910 266 1964 320 S.
2008 263 2351 320 AMBROSII
2396 262 2776 318 APPENDIX.
3728 261 3798 316 72

482 394 678 467 recipit
722 393 811 449 cui
858 393 946 448 lex
994 391 1371 448 testimonium
1420 389 1689 462 perhibet.
1738 387 1841 454 Qui
1888 396 2070 443 autem
2096 391 2146 449 A
2176 386 2499 455 Dominicis,
2531 387 2886 443 defendentes
2925 403 2980 442 se
3008 386 3345 442 conscientia
3372 385 3430 442 in
3460 384 3796 460 diejudicii,

483 483 542 537 in
588 484 702 554 lege
754 498 865 537 non
917 480 1137 536 videtur
1179 497 1312 547 esse,
1363 480 1492 552 quia
1537 478 1958 534 incircumcisus
2006 486 2086 533 est

483 585 665 636 carne,
697 568 872 624 credit
892 575 1071 623 autem
1106 567 1162 621 in
1195 565 1496 633 Christum,
1532 565 1622 621 hic
1669 565 1861 620 fecisse
1912 567 2082 638 legem

483 659 706 714 dicitur.
757 659 827 713 Et
869 657 963 712 ille
1012 658 1106 728 qui
1155 656 1292 711 dicit
1347 657 1403 710 in
1449 657 1563 726 lege
1611 671 1745 722 esse,
1779 654 1835 708 id
1867 663 1948 709 est
1978 655 2085 708 Ju-

483 747 652 814 daeus,
709 746 928 802 auditor
996 747 1128 818 legis
1183 746 1263 813 ﬁt,
1331 761 1442 800 non
1500 744 1710 812 factor;
1779 743 1908 815 quia
1972 759 2084 797 non

484 837 660 892 credit
710 837 828 908 (73)
879 837 936 892 in
986 835 1265 891 Christum
1325 836 1588 905 scriptum
1638 835 1694 888 in
1751 835 1889 903 lege,
1941 832 2085 887 sicut

483 925 630 980 dixit
678 925 970 997 Philippus
1017 924 1083 979 ad
1139 924 1472 980 Nathanael:
1544 947 1561 969 ι
1614 922 1786 988 Quem
1846 921 1903 975 in
1969 923 2086 992 lege

484 1016 704 1089 scripsit
750 1016 964 1087 Moyses
1030 1022 1083 1070 et
1141 1013 1439 1086 prophetae,
1513 1008 1828 1066 invenimus
1901 1010 2084 1064 Jesum

487 1105 668 1175 (Joan.
703 1123 740 1173 1,
773 1102 890 1176 45).
927 1128 945 1151 ι

562 1199 656 1256 39
694 1202 876 1272 (Vers.
930 1199 1043 1269 14.)
1092 1224 1108 1245 ι
1141 1198 1278 1255 Cum
1323 1199 1469 1253 enim
1519 1207 1706 1270 gentes
1760 1213 1879 1269 qua:
1911 1198 2083 1269 legem

482 1307 594 1347 non
648 1289 872 1355 habent,
917 1288 1242 1343 naturaliter
1270 1304 1390 1359 quae
1439 1287 1570 1358 legis
1600 1295 1747 1355 sunt,
1783 1287 2011 1342 faciunt.
2052 1312 2069 1334 ι

483 1379 684 1435 Gentes
714 1377 1056 1434 Christianos
1076 1375 1212 1432 dicit
1233 1376 1342 1430 alio
1361 1378 1480 1430 loco
1509 1392 1519 1429 :
1562 1402 1578 1422 ε
1602 1375 1773 1432 Vobis
1794 1376 2086 1442 enimjdico

481 1467 753 1538 gentibus,
779 1467 906 1540 quia
928 1465 1300 1522 incircumcisi
1326 1481 1502 1537 neque
1534 1465 1872 1533 neomenias,
1906 1482 2084 1538 neque

483 1555 799 1625 Sabbatum,
835 1573 1010 1629 neque
1040 1572 1285 1612 escarum
1310 1557 1482 1626 legem
1505 1562 1728 1610 servant
1764 1556 1993 1624 (Coloss.
2019 1572 2080 1624 ιι,

485 1646 599 1718 16),
631 1654 684 1702 et
713 1647 848 1702 duce
880 1655 1075 1701 natura
1104 1646 1336 1702 credunt
1382 1645 1441 1699 in
1471 1646 1644 1700 Deum
1696 1653 1749 1699 et
1780 1644 2081 1712 Christum,

2193 476 2322 548 quia
2363 495 2474 532 non
2527 477 2791 548 cogitavit
2822 493 2877 533 se
2931 477 3127 532 debere
3159 476 3401 544 credere,
3434 485 3489 532 et
3511 477 3800 549 judicetur

2195 581 2303 620 non
2335 567 2486 637 quasi
2523 568 2846 634 malevolus,
2904 566 2998 622 sed
3043 567 3196 639 quasi
3233 568 3526 638 ignorans:
3578 584 3689 623 non
3721 577 3798 624 ta-

2195 671 2320 710 men
2351 656 2467 711 sine
2499 674 2657 728 poena
2698 657 2950 724 futuros;
2987 657 3114 729 quia
3138 656 3194 711 id
3225 673 3335 711 non
3368 656 3497 712 licet
3518 657 3795 730 ignorare.

2195 745 2394 800 Gentes
2425 745 2570 799 enim
2603 745 2814 817 duplici
2845 763 3039 817 genere
3079 746 3372 816 signiﬁcat,
3406 754 3518 802 tam
3559 749 3801 804 creden—

2194 841 2274 890 tes
2302 853 2464 907 quam
2517 835 2754 903 inﬁdos;
2799 840 3051 909 superius
3098 838 3247 892 enim
3291 838 3357 893 de
3404 838 3657 909 gentibus
3684 856 3797 896 cre-

2196 923 2454 979 dentibus
2501 925 2674 980 dicit:
2731 933 2850 998 post
2899 935 3080 982 autem
3131 927 3365 998 subjecit
3411 927 3576 982 etiam
3623 928 3689 984 de
3719 930 3802 985 eis

2196 1013 2469 1084 gentibus,
2503 1032 2622 1086 quae
2653 1031 2764 1070 non
2795 1016 3062 1083 credunt;
3102 1026 3161 1071 ut
3202 1017 3346 1072 sicut
3376 1033 3471 1088 per
3501 1019 3802 1075 conscien-

2193 1108 2328 1162 tiam
2391 1125 2544 1164 suam
2590 1108 2886 1164 laudantur
2932 1110 3234 1178 credentes,
3282 1110 3359 1166 ita
3411 1118 3464 1166 et
3507 1127 3601 1183 per
3655 1128 3802 1169 con-

2195 1198 2484 1253 scientiam
2529 1215 2680 1254 suam
2752 1208 3081 1256 accusantur
3138 1201 3471 1258 diffidentes.
3533 1202 3801 1270 Quamvis

2196 1286 2342 1340 enim
2373 1287 2478 1341 sibi
2511 1287 2766 1344 videatur
2797 1289 3026 1344 minime
3057 1306 3199 1358 reus,
3246 1290 3340 1363 qui
3372 1307 3481 1345 non
3522 1292 3794 1360 credidit;

2196 1375 2324 1446 quia
2352 1377 2496 1446 apud
2527 1394 2582 1432 se
2613 1385 2844 1434 tractare
2875 1378 3021 1434 istud
3052 1395 3162 1434 non
3214 1380 3412 1451 potuit,
3445 1381 3655 1435 ratione
3703 1390 3800 1437 ta—

2197 1480 2320 1518 men
2345 1466 2739 1535 convincitur;
2774 1469 2902 1541 quia
2934 1486 3042 1525 non
3075 1469 3178 1524 sibi
3232 1470 3404 1525 suasit
3451 1487 3643 1526 verum
3693 1471 3800 1530 hoc

2194 1570 2330 1622 esse,
2389 1557 2535 1628 quod
2585 1565 2638 1613 et
2694 1558 2967 1615 virtutum
3034 1560 3367 1616 testimoniis
3412 1560 3627 1617 viderat
3655 1579 3799 1620 con-

2195 1641 2426 1710 ﬁrmari,
2455 1653 2509 1700 et
2540 1647 2746 1702 multos
2784 1647 2959 1720 sequi.

482 1735 540 1792 id
569 1744 669 1804 est,
717 1735 775 1792 in
822 1737 1038 1791 Patrem
1088 1743 1141 1790 et
1191 1734 1436 1801 Filium;
1472 1733 1576 1789 hoc
1599 1743 1681 1789 est
1728 1734 1876 1788 enim
1909 1733 2082 1806 legem
2116 1755 2162 1816 B
2268 1730 2407 1787 Puto
2436 1734 2603 1788 etiam
2652 1735 2732 1792 sic
2770 1753 2926 1808 posse
2957 1737 3214 1810 intelligi,
3248 1738 3294 1794 si
3325 1745 3442 1796 tota
3471 1740 3702 1812 quastio
3730 1739 3799 1797 de

483 1843 698 1883 servare
721 1869 736 1894 ,
771 1828 945 1882 Deum
978 1825 1111 1896 legis
1140 1841 1450 1897 agnoscere.
1485 1825 1670 1880 Prima
1699 1824 1847 1880 enim
1875 1824 2085 1897 sapien-

483 1918 573 1974 tiae
617 1933 739 1990 pars
783 1917 900 1973 haec
943 1924 1044 1986 est,
1094 1915 1287 1971 timere
1343 1917 1516 1972 Deum
1563 1916 1800 1984 Patrem,
1855 1932 1925 1971 ex
1977 1931 2086 1988 quo

483 2014 615 2064 sunt
645 2006 860 2062 omnia:
904 2016 958 2063 et
1005 2005 1306 2062 Dominum
1353 2006 1536 2061 Jesum
1578 2004 1786 2061 Filium
1819 2006 1957 2078 ejus,
1992 2021 2087 2077 per

484 2117 646 2173 quem
672 2108 801 2156 sunt
825 2099 1027 2155 omnia.
1079 2101 1200 2172 Ipsa
1239 2114 1365 2171 ergo
1397 2107 1593 2153 natura
1625 2096 1848 2170 pr0prio
1870 2095 2085 2168 judicio

484 2191 796 2249 Creatorem
828 2207 986 2246 suum
1009 2189 1274 2263 agnoscit,
1308 2204 1420 2244 non
1470 2204 1564 2260 per
1611 2188 1810 2258 legem,
1853 2186 1947 2242 sed
1991 2204 2087 2258 per

484 2281 753 2337 rationem
784 2289 992 2336 natura:
1018 2297 1030 2346 ;
1060 2295 1198 2350 opus
1224 2277 1370 2333 enim
1401 2276 1654 2349 Opiﬁcem
1685 2275 1862 2332 cernit
1904 2275 1962 2331 in
2006 2292 2081 2331 se.

560 2381 741 2454 (Vers.
776 2380 888 2451 15.)
935 2403 952 2426 ι
1002 2379 1070 2434 Hi
1123 2379 1294 2448 legem
1341 2393 1452 2430 non
1497 2374 1780 2444 habentes,
1826 2375 1931 2447 ipsi
1979 2374 2083 2430 sibi

484 2479 614 2529 sunt
643 2471 752 2538 lex,
786 2469 881 2542 qui
910 2466 1208 2524 ostendunt
1246 2481 1382 2536 Opus
1413 2463 1548 2535 legis
1575 2463 1839 2535 scriptum
1869 2464 1923 2518 in
1953 2481 2086 2520 cor-

483 2562 648 2619 dibus
696 2561 828 2616 suis.
857 2586 875 2608 ι
936 2558 1085 2615 Idem
1135 2574 1324 2613 sensus
1361 2563 1477 2623 est;
1531 2554 1658 2628 quia
1709 2555 1842 2610 dum
1891 2563 2087 2610 natura

489 2652 628 2709 duce
657 2651 910 2718 credunt,
945 2667 1082 2723 opus
1115 2649 1245 2720 legis
1283 2646 1580 2702 ostendunt
1627 2663 1736 2701 non
1784 2663 1879 2718 per
1927 2647 2085 2702 litte-

484 2758 625 2806 ram,
676 2740 767 2796 sed
821 2755 917 2812 per
963 2737 1378 2794 conscientiam.
1413 2736 1562 2807 Opus
1607 2744 1788 2790 autem
1837 2737 1970 2808 legis
2005 2745 2086 2792 est

497 2830 652 2897 ﬁdes,
684 2846 847 2902 quam
880 2845 1002 2886 cum
1036 2827 1200 2884 dictis
1229 2826 1454 2881 exhibet
1495 2827 1627 2894 Deo,
1660 2828 1897 2881 naturali
1938 2825 2084 2898 judi-

486 2918 574 2975 cio
607 2919 849 2974 ostendit
878 2918 1227 2988 semetipsum
1258 2917 1429 2986 legem
1459 2913 1562 2968 sibi
1607 2931 1748 2982 esse;
1781 2917 1911 2986 quia
1938 2915 2084 2989 quod

487 3007 712 3062 mandat
741 3007 850 3074 lex,
884 3007 1032 3061 ultro
1063 3005 1214 3069 facit,
1247 3012 1309 3058 ut
1339 3001 1524 3057 credat
1547 3001 1602 3056 in
1634 3003 1938 3059 Christum.

571 3122 589 3146 ι
617 3097 1020 3152 Testimonium
1074 3094 1338 3150 reddente
1377 3094 1511 3165 ipsis
1559 3094 1897 3150 conscientia
1926 3096 2083 3168 ipso-
2115 3125 2158 3184 Ο

479 3203 622 3244 rum.
683 3211 700 3233 ι
762 3187 919 3241 Teste
975 3184 1237 3240 interiore
1283 3183 1617 3239 conscientia
1681 3202 1779 3240 sua
1824 3185 2075 3255 credunt,

479 3279 608 3352 quia
638 3277 843 3335 conscii
875 3277 982 3332 sibi
1004 3283 1134 3331 sunt
1161 3274 1457 3331 convenire
1487 3275 1614 3340 sibi,
1646 3275 1792 3346 quod
1821 3277 2072 3347 credunt;

477 3385 780 3441 congruum
830 3376 911 3424 est
954 3367 1100 3422 enim
1159 3373 1422 3422 creaturae
1487 3364 1706 3420 credere
1743 3376 1796 3423 et
1827 3367 2077 3422 venerari

477 3473 636 3512 suum
671 3455 1025 3514 Conditorem
1053 3474 1064 3511 :
1101 3472 1201 3511 nec
1225 3451 1525 3509 absurdum
1559 3459 1660 3521 est,
1693 3462 1754 3509 ut
1786 3455 2076 3513 dominum

476 3561 670 3601 servus
697 3555 972 3617 agnoscat.

552 3644 735 3714 (Vers.
771 3645 884 3716 16.)
929 3669 946 3691 ε
978 3646 1049 3701 Ει
1078 3645 1223 3702 inter
1264 3664 1321 3703 se
1369 3647 1795 3718 cogitationibus
1837 3645 2074 3701 invicem

474 3733 886 3806 accusantibus,
925 3744 1019 3791 aut
1066 3736 1231 3791 etiam
1271 3735 1717 3804 defendentibus,
1769 3737 1827 3790 in
1853 3734 1942 3790 die
1970 3749 2077 3806 qua

473 3822 754 3896 judicabit
783 3827 929 3880 Deus
958 3827 1172 3882 occulta
1205 3825 1514 3895 hominum,
1548 3826 1849 3882 secundum
1880 3826 2077 3880 Evan-

476 3917 679 3988 gelium
712 3932 915 3983 meum,
949 3933 1045 3988 per
1073 3916 1254 3972 Jesum
1288 3916 1570 3973 Christum
1620 3916 1917 3972 Dominum
1966 3930 2076 3968 no-

475 4013 671 4063 strum.
706 4031 724 4052 ι
787 4005 1058 4073 Quoniam
1127 4004 1345 4060 Iudaeos
1399 4005 1711 4060 diﬂidentes
1758 4021 1852 4076 per
1901 4005 2074 4074 legem

475 4096 622 4152 dixit
661 4095 993 4168 judicandos
1047 4095 1164 4150 fore
1221 4095 1337 4165 (lex
1395 4111 1543 4150 enim
1595 4095 1720 4150 illos
1775 4091 2072 4160 accusabit,

475 4202 595 4259 quas
636 4185 919 4242 Christum
951 4184 1064 4240 illis
1093 4182 1368 4257 promisit,
1401 4187 1564 4256 Quem
1596 4182 1907 4238 venientem
1941 4181 2076 4237 reci-

476 4291 602 4349 pere
647 4274 1005 4344 noluerunt);
1059 4282 1243 4346 gentes
1289 4280 1493 4341 autem,
1528 4289 1647 4345 quae
1681 4274 1852 4344 legem
1885 4271 2076 4342 utique

475 4379 587 4419 non
618 4362 842 4429 habent,
876 4378 970 4433 per
999 4362 1390 4418 conscientiam
1420 4361 1838 4433 judicabuntur,
1871 4360 1916 4416 si
1949 4376 2077 4416 cre-

475 4452 603 4509 dere
640 4451 941 4528 noluerint.
985 4451 1235 4505 Primum
1288 4451 1511 4523 quidem
1541 4459 1884 4507 accusatores
1913 4459 2075 4504 erunt

475 4541 706 4614 gentiles
743 4540 1026 4596 credentes
1054 4555 1166 4594 non
1195 4539 1537 4594 credentium
1570 4539 1892 4611 gentilium;
1934 4547 2078 4594 Sicut

473 4629 679 4686 Iudaeis
704 4645 816 4684 non
845 4627 1197 4685 credentibus
1225 4627 1362 4685 dicit
1392 4628 1660 4683 Dominus
1689 4629 1756 4685 de
1785 4627 2074 4700 discipulis

475 4719 624 4775 suis:
671 4743 688 4765 ι
725 4718 831 4790 Ipsi
860 4716 1075 4788 judices
1104 4717 1274 4773 vestri
1323 4724 1489 4772 erunt
1540 4719 1749 4787 (Matth.
1798 4735 1896 4787 x11,
1940 4719 2068 4789 27);

475 4807 605 4881 quia
651 4807 880 4880 perﬁdia
917 4807 1234 4862 Iudaeorum
1272 4806 1618 4877 judicabitur
1648 4808 1754 4864 ﬁde
1784 4811 2074 4882 apostolo-

474 4912 618 4963 rum,
672 4896 766 4968 qui
804 4913 930 4952 cum
978 4913 1046 4950 ex
1099 4897 1228 4968 ipsis
1277 4905 1478 4961 essent,
1524 4897 1641 4952 illis
1669 4897 2070 4966 difﬁdentibus,

473 4986 852 5042 crediderunt.
923 4985 1133 5041 Deinde
1179 4987 1605 5058 cogitationibus
1671 4989 1786 5044 suis
1839 5005 2074 5045 accusa-

472 5073 681 5131 buntur
732 5075 982 5148 gentiles,
1033 5077 1078 5132 si
1126 5078 1443 5148 compuncti
1489 5071 1764 5134 Creatoris
1812 5079 1973 5134 ﬁdem
2019 5087 2072 5134 et

472 5167 736 5224 virtutem
768 5166 1048 5222 noluerint
1085 5166 1303 5222 credere
1329 5185 1340 5222 :
1371 5175 1464 5222 aut
1494 5166 1540 5221 si
1571 5174 1794 5238 stupore
1825 5168 2070 5240 quodam

471 5274 583 5315 non
631 5256 983 5315 considerant
1024 5256 1166 5329 (71s),
1206 5265 1267 5313 ut
1323 5257 1548 5314 credant
1599 5257 1786 5312 verbis
1823 5266 1876 5313 et
1907 5257 2071 5329 gestis

545 5429 661 5501 (73)
695 5425 883 5487 Codex
915 5425 1078 5501 Corb.
1110 5434 1171 5501 et
1193 5425 1288 5501 alii
1330 5425 1616 5493 nonnulli,
1650 5426 1777 5501 quia
1833 5426 2071 5501 quiedi-

471 5496 682 5568 cmttui',
715 5519 819 5556 non
860 5498 1193 5568 transfundit
1211 5498 1284 5553 ad
1313 5504 1550 5564 mentem,
1581 5515 1687 5552 non
1715 5496 1891 5566 factor
1945 5497 2069 5569 legis

471 5571 549 5642 ﬁt.
581 5573 669 5642 sed
694 5573 912 5627 auditor
934 5588 956 5636 ;
981 5588 1087 5626 non
1117 5571 1254 5625 enim
1280 5570 1466 5635 credit,
1495 5577 1604 5642 etc.

544 5641 662 5713 (74)
694 5644 851 5700 Rom.
901 5642 1058 5713 edit.,
1109 5649 1322 5713 stupore
1364 5641 1595 5711 quodam
1639 5640 1862 5697 alienati
1904 5658 1939 5697 α
1979 5642 2067 5697 via

2197 1824 2453 1895 gentibus
2483 1826 2834 1884 credentibus
2861 1830 2980 1902 (75)
3005 1830 3214 1886 dixisse
3243 1831 3517 1900 credatur,
3541 1832 3670 1905 quia
3697 1833 3795 1890 ait:

2213 1940 2228 1961 ι
2261 1914 2403 1982 Quid
2434 1916 2574 1972 mihi
2605 1917 2672 1974 de
2702 1919 2772 1975 iis
2813 1921 2908 1992 qui
2947 1920 3082 1976 foris
3110 1929 3258 1990 sunt,
3285 1920 3536 1993 judicare
3569 1923 3619 1993 (1
3654 1923 3793 1986 Cor.

2195 2022 2252 2073 v,
2287 2007 2377 2077 12)
2408 2008 2436 2063 ⁸1
2465 2034 2483 2056 ι
2522 2009 2614 2078 Et,
2646 2035 2664 2056 ι
2705 2010 2813 2077 Qui
2846 2028 2955 2067 non
2986 2012 3305 2081 crediderit,
3340 2013 3542 2087 inquit,
3569 2013 3684 2087 jam
3708 2013 3799 2086 ju-

2197 2094 2413 2153 dicatus
2434 2105 2515 2153 est
2565 2100 2749 2171 (Joan.
2788 2119 2872 2171 1n,
2903 2101 3015 2174 18).
3050 2128 3068 2151 ›
3121 2103 3213 2172 Ει,
3260 2128 3278 2150 ι
3307 2102 3448 2170 Quia
3466 2119 3576 2159 non
3607 2119 3800 2160 resur-

2197 2194 2332 2256 gunt
2361 2187 2520 2259 impii
2554 2188 2612 2243 in
2637 2188 2852 2260 judicio
2885 2192 3060 2262 (Psat.
3095 2209 3132 2260 1,
3164 2192 3247 2264 5).
3281 2218 3300 2241 ι
3345 2192 3473 2248 Sine
3504 2194 3620 2267 lege
3648 2194 3797 2250 enim

2196 2286 2502 2348 peccantes,
2549 2278 2667 2336 sine
2716 2281 2833 2353 lege
2874 2290 2928 2338 et
2966 2283 3261 2354 peribunt:
3306 2300 3370 2340 ac
3405 2300 3501 2356 per
3532 2283 3638 2342 hoc
3671 2294 3799 2342 ante

2195 2367 2439 2423 tribunal
2495 2367 2703 2426 Christi
2747 2379 2892 2426 stare
2940 2388 3052 2427 non
3122 2381 3404 2444 poterunt,
3465 2381 3520 2430 et
3571 2374 3799 2432 reddere

2195 2471 2425 2524 causas;
2478 2457 2609 2530 quia
2657 2469 3003 2532 resurgentes
3046 2462 3320 2517 ducentur
3367 2463 3435 2518 ad
3466 2463 3800 2534 gehennam.

2195 2544 2285 2598 Illi
2324 2545 2470 2600 enim
2507 2563 2643 2620 quos
2674 2548 2811 2604 dicit
2837 2549 3078 2606 invicem
3109 2551 3540 2622 cogitationibus
3565 2552 3680 2609 suis
3712 2570 3798 2610 ac-

2193 2635 2373 2690 cusari
2403 2645 2497 2691 aut
2518 2637 2740 2692 defendi
2767 2639 2823 2692 in
2855 2639 2943 2694 die
2968 2639 3169 2711 judicii
3193 2641 3314 2708 Dei,
3346 2641 3646 2699 Christiani
3669 2650 3800 2698 sunt

2197 2722 2258 2790 ii,
2288 2724 2386 2795 qui
2417 2723 2738 2782 discordant
2767 2745 2798 2782 a
2827 2728 3100 2786 catholica
3127 2731 3378 2800 veritate,
3429 2731 3649 2788 diversa
3677 2750 3797 2789 sen-

2195 2812 2399 2870 tientes
2445 2816 2512 2872 de
2557 2817 2802 2884 Christo,
2842 2827 2935 2874 aut
2970 2820 3038 2875 de
3079 2837 3242 2878 sensu
3276 2822 3409 2894 legis
3439 2824 3800 2880 Intraditione

2194 2905 2475 2974 Ecclesiae,
2509 2907 2626 2964 sive
2649 2908 3028 2982 Cataphrygae,
3062 2911 3179 2967 sive
3205 2912 3521 2981 Novatiani,
3552 2913 3668 2968 sive
3688 2914 3797 2968 Do-

2195 2996 2431 3065 natiani,
2479 3006 2573 3053 aut
2619 2999 2800 3054 caeteri
2858 2999 3125 3057 haeretici.
3177 3001 3384 3057 Horum
3435 3002 3797 3072 cogitationes

2196 3088 2435 3146 invicem
2475 3106 2531 3146 se
2562 3092 2894 3149 accusabant
2938 3093 2995 3148 in
3026 3094 3116 3150 die
3139 3093 3341 3166 judicii
3369 3113 3381 3163 ;
3415 3094 3460 3150 si
3514 3093 3795 3149 intellexit

2187 3179 2310 3251 quis
2338 3196 2524 3235 veram
2556 3197 2671 3237 esse
2702 3183 3032 3239 catholicam
3074 3184 3403 3253 doctrinam,
3437 3192 3490 3240 et
3538 3199 3606 3239 ne
3634 3182 3792 3238 vide-

2186 3276 2337 3323 retur
2383 3269 2726 3338 emendatus,
2788 3273 2945 3344 sequi
2989 3273 3193 3340 noluit,
3250 3273 3577 3330 erubescens
3628 3271 3697 3328 ab
3729 3288 3793 3328 eo

2189 3357 2334 3430 quod
2363 3359 2461 3413 diu
2489 3360 2670 3413 tenuit
2711 3360 2986 3428 recedere,
3020 3361 3079 3415 in
3108 3361 3199 3417 die
3222 3361 3425 3431 judicii
3457 3361 3792 3432 cogitatione

2187 3464 2285 3502 sua
2320 3447 2684 3504 accusabitur.
2719 3450 2853 3503 Duae
2883 3447 3031 3503 enim
3063 3449 3424 3521 cogitationes
3456 3450 3513 3504 in
3561 3450 3792 3506 homine

2188 3537 2424 3593 invicem
2459 3554 2514 3593 se
2545 3537 2900 3606 accusabunt,
2939 3537 3085 3593 bona
3113 3546 3167 3594 et
3198 3539 3358 3594 mala.
3391 3540 3544 3596 Bona
3573 3548 3791 3596 accusat

2188 3627 2409 3695 malam,
2433 3627 2562 3699 quia
2588 3627 2930 3684 contradixit
2980 3628 3199 3684 veritati
3227 3645 3237 3684 :
3267 3629 3410 3684 mala
3458 3627 3659 3684 iterum
3691 3645 3792 3684 ac-

2187 3726 2339 3773 cusat
2365 3717 2587 3786 bonam,
2626 3718 2756 3790 quia
2787 3735 2898 3774 non
2928 3726 3114 3775 secuta
3143 3727 3244 3786 est,
3278 3725 3340 3773 ut
3367 3719 3569 3775 sensit:
3615 3726 3668 3774 et
3696 3735 3790 3790 per

2187 3806 2293 3862 hoc
2317 3808 2678 3863 constituitur
2707 3825 2854 3877 reus,
2887 3809 2981 3880 qui
3015 3809 3301 3880 cogitavit,
3320 3809 3565 3864 sentiens
3586 3809 3787 3865 bonam

2186 3906 2240 3952 et
2269 3913 2454 3951 veram
2505 3913 2620 3952 esse
2657 3897 2956 3954 Ecclesiam
3001 3898 3355 3966 catholicam,
3399 3906 3454 3954 et
3484 3897 3789 3969 permansit

2187 3987 2246 4042 in
2277 3986 2470 4042 haeresi
2504 3987 2592 4042 vel
2614 3987 2927 4043 schismate.
2962 3987 3098 4059 Ejus
3127 3997 3307 4044 autem
3341 3987 3703 4060 cogitationes
3727 4003 3787 4044 se

2187 4079 2425 4135 invicem
2459 4078 2779 4147 defendent,
2816 4079 2910 4151 qui
2965 4095 3180 4151 semper
3213 4079 3321 4135 hoc
3356 4078 3642 4149 cogitavit,
3688 4095 3784 4151 pu-

2184 4183 2308 4232 tans
2335 4177 2473 4232 utile
2499 4174 2594 4230 40
2634 4176 2783 4248 quod
2817 4184 3038 4232 secutus
3068 4185 3169 4232 est.
3203 4177 3464 4234 Dicturus
3492 4184 3572 4233 est
3598 4176 3781 4232 enim:

2185 4266 2410 4338 Semper
2432 4265 2489 4320 in
2509 4263 2939 4336 cogitationibus
2961 4265 3098 4321 meis
3118 4264 3224 4322 hoc
3246 4267 3435 4339 putavi
3457 4267 3610 4334 utile,
3636 4263 3784 4338 quod

2185 4364 2402 4412 secutus
2431 4371 2580 4410 sum:
2616 4354 2733 4412 haec
2762 4355 2869 4412 fuit
2901 4354 3036 4412 ﬁdes
3067 4373 3206 4412 mea.
3243 4357 3342 4411 Hic
3372 4355 3638 4410 leviorem
3692 4355 3782 4410 ha-

2185 4443 2335 4500 bebit
2391 4460 2632 4513 causam,
2692 4444 2948 4517 quamvis
3014 4444 3419 4500 emendandum
3473 4442 3584 4511 sit;
3645 4444 3777 4516 quia

2184 4550 2215 4589 a
2244 4533 2583 4590 conscientia
2624 4551 2722 4590 sua
2762 4551 2872 4590 non
2927 4533 3272 4591 accusabitur
3325 4533 3383 4588 in
3442 4533 3533 4589 die
3557 4532 3782 4605 judicii.

2183 4625 2296 4681 Hoc
2345 4626 2508 4682 modo
2549 4625 2949 4698 judicabuntur
2997 4625 3212 4682 occulta
3267 4625 3554 4681 hominum
3600 4625 3655 4680 in
3692 4624 3782 4680 die

2175 4712 2375 4785 judicii
2424 4717 2523 4771 Dei
2580 4740 2598 4763 ‹
2652 4732 2748 4790 per
2787 4717 2972 4772 Jesum
3025 4714 3307 4773 Christum
3339 4715 3638 4771 Dominum
3671 4730 3782 4770 no-

2181 4813 2376 4861 strum.
2412 4830 2430 4854 ι

2255 4899 2434 4969 (Vers.
2472 4899 2584 4969 17.)
2627 4924 2643 4944 ε
2675 4899 2731 4954 Si
2752 4906 2933 4953 autem
2967 4906 3028 4953 tu
3049 4897 3270 4954 Iudaeus
3299 4897 3765 4968 cognominaris.-

2181 4987 2494 5059 Cognonien
2514 4987 2688 5043 Judaei
2719 4995 2821 5052 est,
2844 4987 2972 5058 quia
2994 5003 3063 5042 ex
3094 4987 3455 5060 prazrogaliva
3487 4995 3778 5059 parentum

2180 5085 2280 5143 est,
2314 5082 2374 5131 ut
2403 5076 2660 5131 dicantur
2691 5075 2970 5128 Israelitaa.
3004 5076 3075 5130 Et
3119 5083 3299 5130 tamen
3339 5075 3383 5128 si
3418 5081 3596 5130 totum
3627 5073 3779 5128 veli-

2181 5184 2302 5222 mus
2330 5167 2476 5239 quod
2514 5166 2581 5221 ad
2613 5182 2829 5221 causam
2863 5165 3123 5236 pertinet,
3157 5164 3643 5236 comprehendere,
3672 5180 3779 5220 co-

2179 5274 2416 5329 gnomen
2463 5257 2667 5312 Iudaeis
2702 5255 2983 5329 tripartito
3029 5272 3225 5329 genere
3255 5255 3623 5327 signiﬁcatum
3657 5254 3775 5328 (76)

2176 5427 2294 5493 Dei,
2329 5442 2435 5481 non
2465 5425 2808 5495 crediderint,
2841 5433 2947 5483 etc.

2250 5499 2366 5569 (75)
2400 5498 2602 5554 Omnes
2639 5493 2800 5567 edit.,
2849 5499 2910 5553 de
2959 5495 3195 5569 gentibus
3240 5513 3356 5569 non
3408 5493 3772 5569 credentibus:

2178 5566 2533 5643 insistcontra
2563 5587 2731 5643 prope
2772 5566 3019 5643 universi
3058 5566 3364 5643 excludunt
3405 5567 3771 5643 negationem.

2249 5640 2366 5712 (76)
2418 5642 2499 5697 Ita
2527 5638 2683 5699 mss:
2711 5642 2994 5716 plerique;
3039 5640 3136 5698 alii
3178 5648 3360 5696 autem
3401 5638 3679 5706 nonnulli,
3712 5653 3775 5696 ac
