4136 6194
260 302 317 362 73
1319 301 1681 360 COMMENT.
1723 302 1796 360 IN
1831 299 2053 359 EPIST.
2096 301 2193 358 AD
2228 300 2400 360 BOM.
3471 305 3540 366 74

254 427 487 486 debemus
510 427 814 485 advertere.
846 428 1094 485 Primum
1116 428 1245 501 quia
1272 428 1375 485 ﬁlii
1409 436 1538 485 sunt
1558 427 1812 496 Abrahae,
1843 433 1892 493 Α
1920 427 2277 499 promissum.
2341 452 2361 476 ι
2389 426 2496 495 Qui
2523 426 2667 484 dicis
2693 443 2806 484 non
2839 426 3252 496 mmehandum,
3285 429 3540 488 moecha-

254 522 335 594 qui
383 536 472 593 per
524 520 653 577 ﬁdei
698 538 811 578 suae
849 521 1105 578 meritum
1139 529 1293 595 pater
1321 522 1536 594 positus
1560 532 1644 579 est
1671 538 1821 578 cun-

252 618 439 667 ctarum
470 611 735 681 gentium.
758 610 967 668 Deinde
994 619 1216 684 propter
1244 612 1535 684 Jacob,qui
1557 627 1825 684 augmen-

253 699 415 756 taudae
459 699 588 755 ﬁdei
615 700 783 771 gratia
814 701 978 757 Israel
1009 702 1313 773 appellatus
1342 710 1442 769 est;
1477 709 1656 772 coepta
1682 701 1832 757 enim

250 789 408 861 patris
453 788 694 861 dignitas
730 789 1056 846 nobilitatur
1082 792 1142 846 in
1172 790 1325 845 ﬁliis.
1360 789 1546 845 Tertio
1570 805 1684 844 non
1709 805 1837 845 ma-

250 879 321 951 gis
353 887 566 950 propter
598 879 818 949 Judam,
857 878 952 936 sed
999 887 1223 951 propter
1249 878 1573 945 Christum;
1609 878 1737 949 quia
1764 894 1836 933 ex

250 967 382 1022 Iuda
416 975 563 1023 ortus
610 976 691 1024 est
720 968 1031 1024 secundum
1060 984 1306 1035 carnem,
1336 966 1512 1023 Judaei
1542 967 1837 1039 cognomi-

245 1065 474 1125 nantur;
530 1058 662 1130 quia
709 1057 769 1111 in
797 1055 941 1113 Iuda
976 1054 1083 1113 hoc
1112 1055 1485 1127 signiﬁcatum
1533 1063 1640 1124 est,
1686 1055 1834 1128 quod

245 1146 480 1201 futurum
503 1152 621 1201 erat
649 1144 708 1199 in
738 1143 979 1201 Christo.
1010 1143 1231 1200 Dictum
1264 1152 1344 1200 est
1371 1145 1521 1200 enim
1547 1162 1559 1200 :
1606 1168 1625 1191 ‹
1658 1143 1833 1201 Judas

242 1235 339 1292 erit
391 1234 508 1290 dux
570 1243 752 1290 vester
799 1233 996 1306 (ludio.
1030 1250 1128 1301 xx,
1163 1233 1297 1305 18);
1342 1260 1359 1281 ι
1401 1241 1474 1302 et,
1538 1258 1555 1281 ι
1588 1233 1748 1302 Iuda,
1780 1243 1833 1291 te

238 1323 552 1380 collaudant
604 1323 797 1378 fratres
844 1322 924 1378 tui
977 1322 1132 1394 (Gen.
1185 1339 1342 1392 xux,
1373 1323 1455 1395 8).
1490 1348 1509 1372 ι
1550 1324 1683 1391 Quae
1715 1325 1835 1381 laus

240 1411 363 1468 data
408 1412 559 1468 Iudae
590 1428 699 1467 non
731 1410 1013 1483 probatur,
1043 1411 1140 1468 sed
1170 1411 1418 1481 Christo,
1451 1429 1613 1486 quem
1644 1430 1835 1470 omnes

241 1501 480 1573 quotidie
524 1500 860 1569 collaudant,
918 1500 958 1556 ii
1002 1517 1141 1573 quos
1176 1502 1374 1559 fratres
1419 1519 1547 1560 suos
1576 1503 1835 1575 dignatus

245 1598 318 1645 est
342 1590 635 1661 appellare.
680 1591 800 1661 Ipse
829 1589 978 1646 enim
1014 1590 1162 1645 dixit
1182 1591 1551 1649 mulieribus:
1600 1616 1616 1639 ι
1648 1594 1750 1661 Ite,
1781 1600 1836 1650 et

246 1676 403 1734 dicite
434 1678 699 1735 fratribus
727 1678 884 1749 meis,
901 1678 1031 1752 quia
1051 1680 1300 1752 praecedo
1329 1698 1429 1737 vos
1458 1682 1518 1737 in
1549 1681 1832 1739 Galilaeam

1937 516 2033 572 ris.
2094 540 2113 563 ι
2172 515 2466 573 Adulteras
2514 526 2699 574 autem
2743 517 2941 589 legem,
2991 516 3214 590 quando
3247 518 3540 577 veritatem

1939 604 2147 662 Christi
2193 605 2369 673 tollis,
2410 613 2463 661 et
2498 606 2845 664 mendacium
2871 607 3050 679 ponis.
3086 606 3242 663 Unde
3270 609 3380 665 alio
3411 610 3535 667 loco

1939 694 2112 752 dicit:
2172 720 2190 743 ι
2220 695 2634 753 Adulteratores
2662 696 2819 753 verbi
2847 698 2945 754 Dei
2978 698 3069 771 (ΙΙ
3099 698 3227 755 Cor.
3259 716 3321 768 Ir,
3357 700 3472 771 17).
3505 724 3526 748 ι

2027 810 2046 834 ι
2087 785 2194 853 Qui
2241 786 2545 843 exsecraris
2585 786 2753 856 idola,
2786 787 3135 860 sacrilegium
3175 788 3331 855 facis.
3368 814 3386 836 υ
3431 790 3542 846 Sa-

1943 874 2179 947 crilegus
2225 892 2302 944 es,
2354 876 2573 949 quando
2603 876 2886 935 Christum
2908 893 3069 950 quem
3098 880 3191 935 lex
3219 886 3273 935 et
3305 878 3541 953 prophe-

1946 963 2086 1020 ticus
2142 981 2323 1021 sermo
2368 967 2543 1022 Deum
2594 965 2933 1038 signiﬁcant,
2989 982 3179 1039 negas;
3227 968 3364 1027 dicit
3391 969 3542 1027 enim

1940 1053 2108 1110 Isaias
2132 1071 2144 1110 :
2190 1080 2207 1101 ε
2236 1054 2378 1122 Quia
2411 1055 2471 1110 in
2500 1062 2555 1111 te
2583 1064 2666 1113 est
2694 1058 2867 1125 Deus,
2895 1064 2950 1113 et
2970 1072 3085 1112 non
3113 1065 3197 1114 est
3224 1057 3367 1115 Deus
3393 1076 3544 1132 prae-

1940 1151 2024 1199 ter
2079 1150 2150 1200 te.
2212 1144 2293 1199 Tu
2347 1161 2405 1201 es
2455 1145 2605 1202 enim
2648 1147 2819 1215 Deus,
2851 1153 2905 1201 et
2932 1146 3355 1204 nesciebamus:
3399 1151 3545 1206 Deus

1938 1233 2104 1289 Israel
2133 1232 2380 1289 salvator
2409 1235 2546 1305 (Isa.
2575 1250 2708 1303 va,
2742 1232 2830 1302 14,
2864 1234 2977 1305 15).
3012 1258 3030 1280 ι
3074 1235 3343 1308 Nunquid
3371 1236 3545 1294 Judaei

1939 1320 2007 1377 de
2037 1322 2150 1378 Deo
2180 1322 2338 1379 Patre
2376 1322 2632 1379 dicebant
2658 1340 2669 1379 :
2748 1346 2765 1370 ι
2793 1322 2875 1377 Tu
2897 1322 3046 1378 enim
3077 1339 3135 1379 es
3159 1325 3326 1391 Deus,
3356 1332 3412 1382 et
3439 1341 3547 1382 ne-

1941 1411 2285 1479 sciebamus;
2330 1436 2348 1459 ι
2405 1428 2530 1468 cum
2561 1419 2679 1467 tota
2705 1411 2798 1468 lex
2826 1411 2926 1468 Dei
2955 1412 3134 1469 Patris
3161 1415 3546 1473 auctoritatem

1942 1499 2227 1571 praedicet,
2262 1517 2331 1557 ex
2360 1518 2468 1575 quo
2498 1509 2631 1557 sunt
2659 1501 2848 1557 omnia
2876 1502 2905 1558 ‘1'
2928 1500 3038 1558 Sed
3077 1504 3216 1575 quia
3242 1504 3419 1561 Filius
3445 1505 3546 1561 Dei

1941 1606 2155 1663 semper
2196 1591 2419 1665 quidem
2449 1592 2725 1664 apparuit,
2757 1590 2971 1649 latebat
3000 1601 3184 1649 autem
3214 1593 3337 1667 quis
3365 1603 3504 1651 esset
3528 1611 3541 1651 :

1940 1696 2067 1737 cum
2124 1690 2249 1753 post
2297 1680 2755 1738 resurrectionem
2810 1682 3185 1754 cognoscitur,
3243 1681 3457 1740 dicitur
3495 1682 3547 1739 ei

245 1767 438 1839 (Matth.
482 1786 686 1839 xxvm,
733 1771 807 1837 7).
856 1796 874 1819 ι
931 1771 1065 1838 Quis
1104 1771 1251 1827 enim
1296 1789 1408 1829 non
1447 1773 1634 1830 laudet
1679 1790 1831 1843 eum,
1863 1789 1910 1849 Β
1940 1768 1999 1824 in
2036 1771 2427 1828 confessione:
2484 1795 2503 1819 ι
2557 1770 2641 1825 Tu
2669 1770 2818 1826 enim
2872 1787 2930 1827 es
2975 1772 3147 1840 Deus,
3180 1778 3235 1828 et
3266 1772 3547 1831 nescieba-

243 1861 387 1934 cujus
436 1861 714 1919 beneﬁcio
756 1862 949 1918 vivit?
987 1864 1288 1936 Apostolus
1333 1881 1462 1935 ergo
1494 1865 1597 1921 sub
1627 1864 1732 1922 hac
1764 1866 1835 1921 si-

244 1951 609 2023 gniﬁcatione,
643 1968 763 2024 quae
811 1951 1086 2024 posterior
1122 1969 1377 2022 numero,
1417 1952 1513 2009 sed
1541 1954 1837 2025 perfectior

242 2041 424 2097 merito
443 2048 551 2109 est,
582 2048 759 2097 totum
800 2040 982 2096 voluit
1004 2040 1438 2113 comprehendi:
1473 2042 1621 2115 quod
1657 2043 1835 2100 Judaei

244 2146 346 2186 non
376 2130 775 2205 intelligentes,
806 2147 1010 2188 nomen
1048 2130 1154 2187 sibi
1184 2132 1422 2189 carnalis
1450 2132 1605 2189 Judae
1634 2132 1837 2190 defen-

244 2220 392 2280 dunt.

306 2312 493 2383 (Vers.
550 2313 665 2387 18.)
739 2339 757 2363 ι
805 2316 876 2371 Et
899 2313 1194 2389 requiescis
1230 2314 1288 2370 in
1329 2315 1466 2387 lege,
1499 2321 1555 2371 et
1582 2314 1836 2388 gloriaris

243 2399 296 2457 in
324 2403 455 2472 Deo,
488 2413 547 2461 et
575 2404 722 2460 nosti
752 2405 1093 2461 voluntatem
1116 2404 1256 2477 ejus,
1276 2413 1330 2461 et
1357 2404 1558 2477 probas
1586 2403 1833 2474 utiliora,

240 2490 545 2549 instructus
596 2508 692 2565 per
731 2494 925 2566 legem.
956 2515 976 2540 ι
1017 2494 1139 2550 Νοη
1174 2510 1432 2565 magnum
1470 2493 1632 2550 valde
1654 2493 1835 2550 videri

244 2580 376 2649 vult,
418 2582 466 2637 si
518 2581 744 2639 Iudaeus
790 2582 1008 2650 credat;
1046 2583 1248 2656 quippe
1277 2599 1400 2639 cum
1433 2582 1507 2638 sit
1532 2583 1837 2639 instructus

241 2684 331 2741 per
357 2671 535 2745 legem
562 2689 574 2727 :
608 2672 980 2744 periculosum
1011 2682 1192 2729 autem
1222 2672 1382 2730 valde
1404 2673 1451 2729 si
1482 2690 1595 2730 non
1624 2672 1831 2743 credat;

240 2759 430 2817 ducem
476 2763 631 2819 enim
662 2763 827 2821 habet
856 2765 1048 2836 legem.
1098 2764 1205 2822 Sed
1235 2773 1297 2820 ut
1343 2774 1694 2838 praeponatur
1721 2782 1833 2822 cre-

240 2845 388 2918 dens,
420 2851 686 2906 meritum
716 2850 848 2907 facit
888 2851 1144 2917 Patrum;
1192 2851 1323 2924 quia
1350 2852 1606 2925 quamvis
1633 2852 1836 2925 aliquis

238 2951 327 3007 per
349 2953 406 2995 se
433 2938 649 3008 ﬂoreat,
676 2940 949 2997 erubescit
976 2948 1163 2997 tamen
1197 2940 1257 2995 in
1281 2940 1419 2997 suis.

304 3027 491 3099 (Vers.
552 3030 638 3097 19,
695 3029 811 3100 20.)
878 3054 897 3078 ι
948 3028 1303 3101 Conﬁdisque
1350 3036 1402 3085 te
1434 3029 1615 3101 ipsum
1641 3028 1836 3085 ducem

235 3134 345 3176 esse
396 3138 697 3189 caecorum,
744 3122 934 3177 lumen
972 3137 1164 3177 eorum
1182 3120 1290 3203 tqui
1326 3120 1382 3175 in
1414 3119 1655 3177 tenebris
1686 3127 1836 3188 sunt,
1870 3150 1914 3213 Ο

236 3210 581 3267 eruditorem
606 3210 991 3282 insipientum,
1022 3209 1344 3282 magistrum
1373 3207 1698 3274 infantium,
1728 3208 1837 3265 ba-

234 3298 461 3357 bentem
491 3301 725 3357 formam
752 3301 995 3358 scientiae
1020 3309 1074 3358 et
1101 3301 1350 3357 veritatis
1381 3300 1440 3355 in
1469 3301 1605 3372 lege.
1636 3325 1654 3348 ι
1697 3300 1837 3356 Vera

232 3398 357 3447 sunt
388 3391 515 3449 haec
547 3410 560 3458 ;
596 3391 725 3464 quia
755 3392 891 3463 legis
919 3391 1314 3448 documentum
1345 3390 1451 3448 hoc
1474 3399 1578 3459 est,
1611 3390 1835 3447 erudire

237 3477 543 3551 imperitos,
578 3489 633 3537 et
658 3482 772 3537 Deo
802 3479 1072 3552 subjicere
1100 3480 1362 3554 profanos
1394 3498 1407 3536 :
1442 3480 1531 3537 vel
1562 3480 1631 3536 ab
1661 3479 1834 3536 idolo-

239 3566 404 3627 latriae
452 3573 677 3628 cultura
719 3570 922 3644 impios
967 3571 1354 3644 promissione,
1410 3587 1530 3644 quae
1581 3570 1725 3626 facta
1753 3578 1835 3627 est

236 3674 325 3729 per
369 3662 575 3734 legem,
630 3660 701 3717 ad
751 3660 1000 3717 melioris
1046 3660 1162 3733 spei
1210 3660 1471 3717 ﬁduciam
1511 3676 1829 3732 provocare.

234 3746 393 3807 Recte
438 3766 574 3823 ergo
613 3750 884 3823 gloriatur
920 3749 980 3805 in
1017 3748 1107 3806 his
1136 3749 1270 3822 legis
1299 3749 1513 3819 doctor,
1544 3749 1674 3822 quia
1710 3749 1836 3805 for-

236 3851 369 3894 mam
421 3839 602 3895 tradit
648 3838 920 3896 veritatis.
979 3838 1037 3894 Si
1092 3846 1273 3894 autem
1316 3854 1430 3894 non
1482 3837 1684 3909 recipit
1706 3854 1833 3894 eum

236 3938 387 3996 quem
441 3928 543 3983 lex
580 3927 855 3999 promisit,
912 3926 1117 3983 frustra
1150 3927 1417 4000 gloriatur
1464 3926 1532 3982 de
1574 3928 1711 3998 lege,
1740 3926 1832 3983 cui

237 4013 489 4086 injuriam
546 4016 699 4087 facit,
759 4018 891 4074 dum
937 4017 1218 4075 Christum
1262 4018 1473 4091 spernit
1498 4017 1830 4090 promissum

237 4101 289 4158 in
340 4106 503 4180 lege;
562 4115 617 4162 et
672 4123 773 4164 nec
815 4105 931 4179 jam
987 4106 1236 4163 eruditor
1290 4106 1396 4162 erit
1446 4105 1831 4177 insipientium

235 4211 329 4254 nec
372 4201 642 4274 magister
684 4199 1003 4268 infantium,
1060 4215 1162 4255 nec
1188 4199 1378 4255 lumen
1406 4214 1619 4267 eorum,
1651 4196 1745 4271 qui
1772 4196 1830 4252 in

234 4287 467 4346 tenebris
518 4298 691 4357 sunt;
740 4288 835 4345 sed
879 4288 995 4344 dux
1023 4289 1273 4345 omnium
1304 4288 1503 4344 horum
1537 4287 1607 4344 ad
1635 4286 1833 4360 perdi-

230 4373 452 4434 tionem.

1942 1877 2085 1917 mus.
2138 1883 2157 1907 ι
2217 1861 2290 1916 Et
2330 1858 2425 1933 qui
2455 1859 2752 1932 putabatur
2780 1859 2838 1914 in
2872 1858 2988 1933 lege
3016 1866 3237 1916 tantum
3296 1862 3544 1934 angelus,

1942 1958 1998 2007 et
2025 1950 2143 2007 dux
2170 1949 2447 2006 exercitus
2474 1948 2700 2006 Domini
2725 1966 2737 2005 :
2777 1956 2833 2006 at
2861 1965 2988 2006 cum
3015 1949 3349 2023 intelligitur
3367 1951 3546 2007 Filius

1943 2057 2061 2097 esse
2106 2039 2229 2108 Dei,
2280 2039 2486 2096 dicitur
2524 2039 2574 2096 ei
2602 2056 2732 2097 cum
2764 2040 3065 2113 gratiarum
3093 2041 3348 2099 actione:
3414 2066 3433 2090 ι
3462 2041 3547 2098 Tn

1946 2131 2095 2186 enim
2125 2146 2182 2186 es
2206 2132 2375 2197 Deus,
2406 2136 2461 2186 et
2484 2129 2883 2187 nesciebamus.
2918 2154 2937 2178 -
2978 2131 3082 2187 Per
3110 2129 3216 2189 hoc
3232 2148 3361 2205 ergo
3377 2131 3546 2206 signi-

1944 2218 2073 2275 ficat
2102 2219 2232 2293 quia
2260 2219 2374 2291 ipse
2413 2227 2554 2276 esset
2586 2237 2599 2287 ;
2642 2220 2738 2293 qui
2765 2227 3092 2293 apparuerat
3122 2221 3345 2295 quidem
3377 2222 3543 2295 patri-

1945 2307 2131 2367 archis
2189 2308 2305 2381 (78)
2357 2308 2416 2364 in
2467 2310 2663 2377 Deum,
2718 2317 2772 2366 et
2817 2316 2941 2383 post
2970 2310 3289 2369 incarnatus
3318 2319 3420 2382 est,
3449 2310 3545 2369 sed

1943 2416 2056 2456 non
2086 2399 2267 2456 fuerat
2303 2400 2617 2456 intellectus
2645 2399 2715 2457 ab
2744 2401 3025 2460 omnibus.

2018 2488 2200 2561 (Vers.
2244 2489 2361 2563 23.)
2400 2515 2418 2537 ι
2446 2489 2552 2557 Qui
2580 2489 2639 2546 in
2669 2491 2784 2563 lege
2814 2491 3192 2566 gloriaris,per
3220 2492 3545 2565 prmvarica-

1944 2578 2151 2636 tionem
2211 2579 2347 2651 legis
2388 2581 2564 2636 Deum
2608 2579 2930 2638 inhonoras.
2963 2605 2983 2629 ι
3024 2588 3116 2644 41
3148 2581 3546 2640 Prmvaricator

1945 2678 2082 2752 legis
2133 2696 2213 2746 es,
2251 2680 2472 2752 quando
2499 2697 2721 2737 sensum
2750 2681 2909 2753 legis,
2943 2682 3039 2754 qui
3069 2681 3135 2737 de
3165 2680 3545 2739 incarnatione

1945 2778 2000 2825 et
2045 2769 2340 2825 divinitate
2397 2769 2605 2827 Christi
2636 2779 2740 2835 est,
2772 2771 3056 2842 praeteris:
3089 2777 3144 2826 et
3166 2772 3341 2826 Deum
3373 2770 3547 2827 inho-

1944 2873 2128 2927 noras,
2170 2857 2301 2912 dum
2332 2856 2716 2913 testimonium
2746 2856 2885 2929 ejus,
2923 2856 3070 2931 quod
3098 2855 3252 2914 dedit
3296 2856 3365 2914 de
3398 2858 3545 2915 Filio

1945 2964 2069 3014 suo,
2100 2963 2213 3002 non
2253 2946 2472 3019 recipis.
2520 2947 2641 3018 Ipse
2667 2946 2817 3003 enim
2846 2945 2992 3003 dixit
3017 2963 3029 3002 :
3087 2972 3105 2995 ε
3130 2945 3233 3003 Hic
3259 2954 3341 3003 est
3368 2947 3545 3004 Filius

1945 3053 2101 3093 meus
2121 3036 2357 3093 dilectus
2390 3036 2605 3109 (Matth.
2635 3053 2721 3105 III,
2759 3035 2872 3109 17).
2905 3060 2924 3084 ι

2019 3122 2200 3199 (Vers.
2253 3126 2369 3199 24.)
2438 3151 2456 3175 ι
2497 3127 2711 3183 Nomen
2737 3125 2885 3182 enim
2914 3126 3014 3183 Dei
3043 3142 3141 3199 per
3164 3142 3265 3184 vos
3291 3125 3542 3201 blasphe-

1943 3223 2125 3271 matur
2176 3217 2321 3273 inter
2370 3222 2577 3289 gentes,
2634 3216 2779 3273 sicut
2831 3215 3100 3288 scriptum
3147 3225 3229 3273 est
3278 3217 3414 3290 (Isa.
3440 3234 3539 3287 LII,

1941 3306 2023 3375 5).
2074 3329 2092 3353 ι
2159 3306 2275 3362 Hoc
2329 3305 2476 3362 dixit
2518 3304 2686 3362 Isaias
2726 3304 3020 3378 propheta,
3050 3305 3182 3377 quia
3208 3306 3310 3361 Dei
3336 3322 3540 3362 nomen

1942 3391 2353 3465 blasphematur
2380 3394 2527 3450 inter
2552 3401 2740 3465 gentes
2761 3435 2776 3461 ,
2814 3392 3034 3465 quando
3063 3391 3279 3449 Iudaeos
3308 3408 3409 3464 pro
3445 3409 3541 3448 no-

1940 3482 2030 3539 xis
2076 3482 2191 3539 suis
2248 3482 2483 3539 traditos
2542 3481 2649 3538 sibi
2677 3497 2791 3538 non
2822 3480 3210 3539 advertebant:
3245 3482 3340 3537 sed
3375 3480 3542 3538 idolis

1941 3574 2057 3629 suis
2094 3570 2301 3630 dabant
2344 3573 2566 3645 glorias,
2623 3573 2780 3646 quasi
2825 3571 3141 3628 Judaeorum
3170 3572 3346 3628 Deum
3374 3571 3539 3628 vicis~

1941 3670 2063 3719 sent
2101 3662 2157 3717 in
2186 3662 2390 3719 Iudaeis
2420 3662 2499 3718 Ita
2527 3669 2580 3717 et
2612 3670 2861 3733 tempore
2892 3661 3269 3733 apostolorum
3310 3661 3412 3717 Dei
3440 3677 3538 3718 no-

1941 3768 2067 3808 men
2095 3751 2578 3823 blasphemabatur
2606 3752 2664 3807 in
2696 3751 2949 3819 Christo;
2984 3750 3114 3824 quia
3138 3749 3311 3806 Judaei
3367 3749 3541 3808 Chri-

1940 3848 2086 3897 stum
2139 3843 2313 3897 Deum
2366 3840 2638 3913 negando,
2694 3840 3149 3912 blasphemabant
3186 3846 3241 3895 et
3299 3840 3537 3898 Patrem.

1939 3929 2085 3987 sicut
2112 3928 2252 3986 dicit
2273 3930 2545 3987 Dominus
2575 3946 2587 3984 :
2627 3953 2645 3977 ι
2675 3928 2779 3996 Qui
2807 3946 2893 3985 me
2918 3929 3135 4002 recipit,
3174 3945 3285 3985 non
3321 3946 3409 3986 me
3441 3944 3540 3984 re—

1938 4020 2095 4092 cipit,
2155 4019 2250 4075 sed
2312 4036 2437 4076 eum
2496 4021 2591 4094 qui
2639 4036 2725 4077 me
2773 4020 2925 4075 misit
2974 4020 3128 4092 (Luc.
3160 4035 3241 4086 1x,
3266 4018 3381 4089 48).
3413 4041 3432 4064 ι
3466 4017 3539 4071 Et

1939 4107 2063 4165 ideo
2092 4108 2237 4166 inter
2265 4118 2450 4181 gentes
2477 4108 2978 4181 blasphemabatur,
3030 4106 3159 4179 quia
3187 4103 3538 4161 credentibus

1940 4198 2198 4270 gentibus
2225 4199 2399 4255 Judaei
2427 4199 2654 4255 suadere
2686 4197 3009 4253 nitebantur
3038 4191 3322 4252 Christum
3359 4194 3535 4249 Deum

1938 4306 2051 4345 non
2079 4290 2437 4357 credendum,
2472 4299 2533 4344 ut
2553 4286 2962 4359 blasphemium
2996 4282 3251 4357 gentibus
3279 4301 3311 4341 a
3332 4285 3535 4343 Iudaeis

1938 4379 2027 4435 vel
2055 4379 2283 4436 Photini
2312 4377 2631 4434 auctoribus
2665 4376 2737 4432 sit
2767 4373 3095 4447 profectum.

302 4466 484 4537 (Vers.
525 4468 642 4542 21.)
688 4495 706 4517 ε
733 4469 839 4538 Qui
870 4486 999 4542 ergo
1014 4468 1185 4525 alium
1216 4467 1399 4536 doces,
1514 4467 1696 4561 ipsum
1716 4483 1830 4523 non
1861 4502 1911 4561 D
1975 4555 1990 4561 _
2015 4469 2197 4541 (Vers.
2219 4467 2334 4540 25.)
2382 4492 2399 4515 ι
2432 4464 2795 4561 Circumcisio
2812 4461 3035 4551 quidem
3056 4462 3278 4561 prodest
3296 4462 3342 4561 si
3360 4464 3532 4561 legem

228 4550 402 4612 doces.
461 4584 481 4607 .

229 4641 340 4715 lege
390 4655 447 4703 et
502 4649 625 4706 Deo
660 4649 794 4716 sint,
842 4656 898 4705 te
946 4648 1127 4722 ipsum
1166 4664 1278 4704 non
1324 4646 1543 4720 arguis:
1575 4644 1831 4702 difﬁdens

227 4734 369 4790 enim
400 4736 470 4793 de
495 4736 726 4794 Christo
748 4739 804 4794 in
825 4739 941 4812 lege
956 4738 1248 4812 promisso,
1283 4738 1341 4795 in
1361 4737 1557 4795 iisdem
1589 4752 1709 4810 quae
1732 4752 1831 4792 ar-

229 4822 365 4893 guis,
396 4825 698 4883 inveniris.

295 4915 487 4987 (Vers.
525 4917 645 4988 22.)
692 4942 710 4965 ι
734 4916 841 4985 Qui
870 4918 1171 4991 praedicans
1197 4934 1311 4975 non
1330 4917 1652 4986 furandum,
1680 4916 1827 4974 fura-

228 5016 407 5071 128;:

229 5091 366 5165 (77).
396 5097 549 5152 Dum
579 5095 727 5153 enim
757 5095 923 5153 ﬁdem
949 5096 1157 5154 Christi
1183 5113 1279 5169 per
1316 5098 1517 5153 malam
1546 5096 1828 5168 interpre-

229 5183 500 5241 tationem
532 5185 793 5259 subripis,
822 5201 990 5259 negas
1019 5183 1300 5245 Christum
1331 5195 1584 5245 nostrum
1613 5185 1673 5241 in
1709 5185 1826 5257 lege

229 5390 332 5458 vet.
380 5380 548 5458 edit.,
609 5384 881 5457 tripartito
937 5400 1119 5458 genere
1157 5383 1608 5457 signiﬁcandum;
1661 5383 1821 5442 Rom.

226 5452 352 5511 edit.
364 5501 377 5512 .
390 5500 403 5512 .
437 5452 764 5514 deﬁcatam.

292 5527 418 5599 (77)
469 5529 633 5585 Rom.
676 5528 835 5598 edit.,
883 5529 977 5584 hoc
1006 5535 1099 5599 est,
1138 5544 1254 5585 cum
1282 5543 1440 5599 negas
1470 5528 1740 5585 Christum
1767 5526 1826 5582 in

228 5594 327 5667 lege
361 5594 746 5674 promissum,
950 5600 1063 5669 ejus
1084 5594 1184 5674 per
1210 5594 1823 5674 malamqinterpretatio-

226 5682 335 5724 nem
382 5672 668 5743 subripis:
715 5670 851 5744 facis
895 5673 1033 5729 enim
1085 5670 1228 5745 quod
1265 5670 1532 5744 praedicas
1571 5670 1693 5743 ﬁeri
1717 5686 1826 5726 non

399 5769 652 5830 PATROL.
692 5770 872 5831 XVII.

470 5006 615 5063 facis
668 5006 819 5063 enim
874 5008 1022 5081 quod
1047 5008 1314 5081 pradicas
1342 5007 1463 5063 ﬁeri
1488 5023 1601 5063 non
1629 5006 1828 5062 debere
1860 5001 1877 5015 ⁶

554 4559 669 4616 Hoc
716 4567 818 4629 est,
848 4567 911 4616 tu
936 4559 1033 4633 qui
1064 4558 1297 4632 gentiles
1327 4556 1510 4629 arguis
1538 4555 1685 4630 quod
1714 4557 1832 4612 sine
1863 4547 1909 4561 υ
1941 4555 2214 4614 observes.
2274 4582 2293 4605 ι
2346 4557 2529 4613 Potest
2580 4554 2692 4612 dici
2750 4570 2778 4610 e
2827 4547 3054 4610 contra:
3089 4551 3145 4609 Si
3180 4552 3402 4624 prodest
3429 4552 3534 4610 cir-

1938 4646 2230 4716 cumcisio,
2252 4664 2351 4703 cur
2378 4644 2819 4719 praetermittitur
2853 4642 2882 4699 ?
2929 4642 3034 4699 Sed
3078 4650 3211 4698 tunc
3234 4640 3457 4713 prodest
3484 4641 3532 4697 si

1939 4735 2114 4809 legem
2165 4735 2441 4791 observes.
2495 4733 2754 4789 Tenenda
2780 4748 2910 4803 ergo
2955 4730 3306 4788 circumcisio
3342 4737 3450 4798 est;
3479 4737 3534 4787 et

1936 4831 2001 4880 ut
2055 4824 2231 4897 possit
2284 4823 2562 4896 prodesse,
2612 4820 2882 4878 servanda
2925 4828 3008 4877 est
3050 4821 3162 4876 lex.
3209 4819 3353 4888 Quid
3404 4837 3532 4893 ergo

1936 4914 2224 4986 prohibuit
2252 4913 2401 4987 quod
2429 4911 2706 4986 prodesse,
2742 4909 2789 4967 si
2811 4909 2901 4966 lex
2930 4918 3200 4976 servetur,
3231 4909 3473 4967 ostendit
3502 4910 3532 4967 ?

1936 5004 2172 5062 Videtur
2200 5020 2329 5076 ergo
2356 5004 2497 5059 male
2528 5000 2892 5076 prohibitum,
2920 4999 3068 5073 quod
3097 5015 3207 5054 non
3226 5014 3392 5071 perse
3421 4997 3530 5055 dis-

1935 5094 2123 5166 plicet,
2153 5093 2249 5150 sed
2279 5111 2374 5166 per
2411 5093 2639 5150 alterius
2670 5089 3057 5163 negligentiam
3090 5086 3345 5145 frustrari
3377 5088 3529 5145 dici—

1934 5192 2045 5243 tur.
2105 5210 2123 5233 ι
2173 5184 2232 5242 Si
2260 5191 2444 5241 autem
2474 5180 2863 5255 praevaricator
2888 5178 3024 5252 legis
3057 5178 3154 5249 sis,
3175 5176 3527 5237 circumcisio

1931 5379 2128 5436 debere.

2006 5453 2124 5526 (78)
2168 5450 2298 5526 Post
2337 5465 2552 5526 vocem,
2592 5446 2944 5526 patriarcha,
2976 5446 3337 5526 expunxerat
3360 5440 3519 5497 Rom.

1933 5511 2065 5581 edit.
2104 5511 2166 5579 'm
2210 5524 2398 5580 Deum.
2432 5511 2695 5578 Ubi'v‘ero
2723 5511 2941 5586 eadem,
2970 5534 3033 5574 ac
3052 5511 3181 5570 "vet.
3229 5511 3362 5567 edit.
3394 5526 3522 5569 cum

1932 5612 2063 5652 mss.
2118 5595 2349 5668 aliquot,
2374 5595 2686 5668 intellectus
2723 5593 2795 5668 ab
2848 5588 3181 5668 hominibush
3214 5598 3343 5640 mss.
3375 5599 3521 5641 com-

1931 5668 2117 5740 plures
2144 5654 2347 5724 mélius
2368 5667 2577 5738 legunt,
2608 5665 2896 5721 intellectus
2927 5658 2993 5714 ab
3019 5654 3277 5712 omnibus.

3289 5846 3294 5849 ᾗ
3310 5754 3343 5813 3
