4150 6194
572 225 641 282 75
1588 225 1686 281 AD
1723 222 1958 281 OPERA
1994 224 2051 280 S.
2092 223 2426 282 AMBROSII
2462 223 2841 281 APPENDIX.
3801 228 3872 284 76

570 364 665 414 tua
697 358 1028 430 praeputium
1071 357 1215 417 facta
1246 366 1373 416 est.-
1418 358 1533 415 Hoc
1558 368 1645 414 est
1669 358 1815 430 quod
1845 358 2003 425 dicit,
2035 359 2166 431 quia
2192 362 2243 421 A
2271 360 2564 417 similiter:
2630 386 2648 409 ι
2696 359 3090 418 Circumcidite
3122 362 3455 433 praeputium
3485 361 3672 419 cordis
3696 363 3869 420 vsstri

570 448 617 503 si
648 447 740 503 lex
776 456 991 504 servata
1020 464 1133 505 non
1169 449 1357 516 fuerit,
1405 447 1626 503 Judaeus
1657 447 1878 523 gentilis
1904 447 2157 503 edicitur.

570 535 676 592 Sed
730 537 1209 593 circumcisionem
1257 554 1356 608 pro
1412 551 1606 607 genere
1659 536 1844 607 posuit
1872 535 2156 604 Abrahae;

571 626 699 699 quia
753 643 823 681 ex
880 627 1158 683 Abraham
1198 626 1547 683 circumcisio
1582 644 1594 681 :
1642 641 1743 681 nec
1773 625 1921 681 enim
1951 635 2163 697 poterat

570 717 990 789 aediﬁcare,quae
1016 717 1380 772 destruxerat.
1414 716 1527 770 Hoc
1558 715 1706 770 enim
1738 717 1836 783 ait,
1878 724 1939 770 ut
1968 715 2163 772 docent

571 815 704 863 tunc
732 806 988 878 prodesse
1016 822 1084 860 ex
1116 820 1309 875 genere
1339 802 1575 858 Abrahae
1605 820 1741 870 esse,
1775 803 1819 858 si
1866 803 1956 859 lex
1985 820 2161 859 serve-

569 906 683 963 tur,
717 894 773 950 id
803 902 901 960 est,
934 894 979 947 si
1014 893 1070 947 in
1095 892 1376 949 Christum
1409 892 1687 960 credatur,
1737 891 1830 963 qui
1862 893 2163 962 promissus

568 993 651 1040 est
699 981 955 1047 Abrahae;
994 980 1125 1053 quia
1157 989 1210 1035 et
1237 997 1397 1036 suum
1430 980 1689 1035 meritum
1720 979 1923 1035 habent
1945 980 2164 1051 justiﬁ-

566 1073 674 1128 cati
695 1087 792 1143 per
819 1071 1009 1138 ﬁdem,
1042 1077 1095 1124 et
1124 1070 1335 1125 honore
1366 1070 1587 1124 Patrum
1609 1068 1999 1123 sublimantur.
2034 1069 2162 1124 Om-

565 1159 654 1217 nis
700 1162 849 1215 enim
903 1160 1054 1213 salus
1102 1156 1157 1213 in
1212 1157 1328 1228 lege
1373 1157 1441 1212 de
1486 1156 1708 1213 Christo
1760 1164 1860 1211 est.
1906 1157 2008 1212 Hic
2034 1174 2162 1229 ergo

565 1255 750 1305 servat
806 1248 999 1318 legem,
1044 1245 1139 1318 qui
1179 1245 1355 1301 credit
1382 1244 1439 1299 in
1477 1244 1732 1301 Christo:
1764 1244 1809 1301 si
1839 1251 2020 1301 autem
2048 1262 2160 1302 non

564 1336 763 1403 credit,
833 1344 1201 1406 transgressor
1264 1340 1347 1389 est
1412 1333 1583 1405 legis;
1642 1332 1773 1406 quia
1813 1350 1927 1389 non
1966 1335 2162 1406 recipit

564 1425 871 1493 Christum,
913 1440 1074 1497 quem
1126 1424 1215 1479 lex
1264 1422 1331 1478 ad
1375 1422 1829 1494 justiﬁcationem
1862 1433 2159 1481 venturum

562 1514 785 1582 cecinit,
829 1529 994 1586 quam
1033 1512 1152 1584 ipsa
1179 1511 1310 1567 dare
1347 1528 1457 1567 non
1505 1512 1724 1584 potuit;
1784 1520 1839 1568 et
1886 1513 2028 1568 nihil
2076 1513 2161 1569 illi

564 1603 814 1677 proderit
853 1602 965 1659 dici
1022 1601 1199 1657 ﬁlium
1254 1600 1523 1667 Abrahae;
1573 1601 1703 1674 quia
1739 1600 1833 1659 hic
1859 1602 2159 1658 secundum

563 1694 821 1750 meritum
851 1691 1003 1747 ﬁlius
1031 1700 1113 1747 est
1141 1688 1399 1759 Abrahae,
1430 1690 1525 1764 qui
1564 1690 1728 1747 ﬁdem
1764 1692 2032 1765 sequitur,
2065 1708 2159 1764 per

562 1800 724 1856 quam
756 1782 958 1854 dignus
985 1784 1099 1838 Deo
1113 1781 1331 1838 exstitit
1358 1780 1821 1839 Abraham.Unde
1847 1783 1943 1838 ait:
1984 1808 2001 1829 «ι
2025 1782 2157 1840 Cir-

560 1872 832 1931 cumcisio
870 1881 964 1927 tua
992 1871 1324 1944 praeputium
1361 1871 1504 1928 facta
1534 1881 1638 1941 est,
1675 1898 1693 1921 ι
1737 1872 1796 1928 id
1829 1881 1931 1940 est,
1964 1870 2157 1944 gentili

561 1962 761 2018 similis
807 1961 986 2019 factus
1029 1978 1108 2030 es,
1138 1977 1250 2017 non
1278 1960 1505 2018 credens
1532 1961 1589 2017 in
1611 1977 1760 2029 eum,
1791 1960 1885 2034 qui
1914 1961 1973 2016 in
2001 1960 2158 2032 signo

559 2050 1000 2108 circumcisionis
1029 2049 1179 2106 ﬁlius
1200 2050 1500 2122 promissus
1528 2059 1612 2106 est
1637 2049 1873 2106 Abrahae
1904 2050 2045 2122 (79).

635 2140 817 2214 (Vers.
870 2139 982 2211 26.)
1048 2165 1065 2186 -
1111 2139 1167 2195 Si
1197 2139 1367 2211 igitur
1395 2140 1723 2212 praeputium
1749 2138 1996 2211 justitias
2022 2136 2158 2210 legis

559 2229 853 2297 custodiat,
876 2244 1061 2285 nonne
1090 2228 1417 2301 praeputium
1446 2229 1560 2284 illis
1590 2229 1646 2283 in
1676 2228 2155 2285 circumcisionem

560 2319 906 2392 reputabitur
934 2320 962 2376 ?
1012 2344 1031 2366 ι
1089 2318 1312 2374 Iustitia
1360 2319 1495 2391 legis
1539 2317 1674 2374 ﬁdes
1705 2328 1789 2375 est
1818 2317 2152 2386 Christiana,

559 2410 705 2467 sicut
742 2409 852 2465 alio
886 2410 1009 2465 loco
1036 2408 1173 2465 dicit
1205 2425 1217 2463 :
1284 2432 1301 2453 -
1341 2407 1495 2464 Finis
1522 2407 1657 2480 legis
1686 2407 1944 2466 Christus
1974 2406 2041 2462 ad
2067 2405 2155 2478 ju-

558 2499 768 2557 stitiam
818 2499 970 2554 omni
1018 2497 1261 2555 credenti
1307 2498 1477 2569 (Rom.
1509 2514 1569 2565 x,
1598 2496 1678 2570 4).
1712 2522 1730 2545 ι
1770 2497 1898 2554 Ideo
1928 2496 2155 2551 manife-

558 2598 706 2645 stum
755 2595 838 2645 est
884 2587 1016 2660 quia
1043 2586 1088 2642 si
1121 2586 1343 2658 gentilis
1371 2585 1557 2642 credat
1575 2586 1635 2641 in
1664 2584 1972 2657 Christum,
2003 2587 2063 2643 ﬁt
2093 2586 2154 2641 ﬁ-

558 2678 669 2736 lius
698 2677 952 2745 Abrahae,
982 2676 1078 2750 qui
1104 2684 1260 2748 pater
1285 2684 1366 2731 est
1394 2675 1544 2731 ﬁdei.

634 2767 821 2838 (Vers.
867 2766 984 2835 27.)
1057 2790 1074 2812 ι
1133 2765 1203 2821 Et
1236 2764 1513 2835 judicabit
1552 2764 1699 2837 quod
1735 2781 1805 2821 ex
1850 2773 2048 2821 natura
2075 2772 2157 2821 est

558 2856 912 2929 praeputium,
968 2854 1141 2924 legem
1188 2853 1501 2924 perﬁciens,
1540 2862 1613 2922 te,
1662 2855 1758 2926 qui
1788 2872 1883 2926 per
1912 2855 2153 2911 litteram

560 2950 619 2998 et
645 2940 1124 2998 circumcisionem
1152 2940 1541 3010 praevaricator
1567 2957 1624 2995 es
1667 2940 1822 3012 legis.
1852 2966 1870 2988 ι
1916 2941 2156 2998 Credens

562 3028 807 3101 gentilis,
838 3028 977 3084 duce
1007 3033 1221 3093 natura,
1266 3026 1325 3081 in
1358 3026 1661 3095 Christum,
1693 3028 2024 3085 condemnat
2047 3030 2157 3085 Ju-

560 3091 764 3188 daeum,
791 3091 883 3174 cui
915 3117 1005 3172 lex
1031 3091 1358 3187 promiserat
1387 3091 1695 3183 Christum,
1735 3125 1789 3173 et
1836 3118 2156 3176 advenienti

560 3210 612 3265 ei
648 3208 868 3265 credere
912 3208 1113 3264 noluit.
1163 3207 1377 3275 Quanta
1413 3223 1542 3279 ergo
1584 3207 1805 3277 gentilis
1848 3208 2050 3280 dignus
2078 3217 2159 3265 est

560 3298 756 3372 gloria,
788 3297 884 3370 qui
912 3314 1006 3369 per
1033 3297 1208 3353 solam
1256 3304 1508 3352 naturam
1548 3296 1827 3351 intellexit
1854 3305 2156 3366 auctorem,

559 3396 707 3453 sicut
735 3394 874 3451 dicit
905 3396 1098 3450 Petrus
1125 3393 1442 3467 apostolus:
1503 3420 1520 3440 -
1550 3394 1847 3451 Auctorem
1874 3411 2006 3451 vero
2029 3395 2157 3451 vitae

559 3485 918 3541 interfecistis
973 3485 1105 3552 (Act.
1168 3501 1252 3553 ιιι,
1306 3484 1413 3555 l5);
1466 3508 1483 3531 ι
1555 3491 1708 3539 tanto
1736 3484 1909 3556 magis
1938 3482 2159 3542 Iudaeus

560 3573 879 3647 puniendus
916 3580 1017 3641 est,
1055 3572 1152 3646 qui
1198 3589 1376 3645 neque
1423 3589 1519 3644 per
1548 3580 1823 3640 naturam,
1860 3588 2038 3645 neque
2065 3590 2161 3647 per

560 3663 733 3734 legem
773 3661 1054 3718 Christum
1091 3661 1318 3734 agnovit
1346 3668 1644 3717 auctorem.

633 3751 817 3821 (Vers.
847 3749 939 3818 28,
965 3750 1081 3821 29.)
1129 3775 1146 3796 -
1174 3750 1293 3806 Non
1326 3749 1475 3805 enim
1506 3749 1602 3821 qui
1634 3749 1691 3804 in
1724 3751 2038 3821 manifesto,
2067 3752 2159 3808 Ju-

557 3839 709 3897 dzeus
747 3849 864 3907 est;
921 3854 1095 3912 neque
1151 3855 1271 3911 qum
1299 3838 1478 3910 palam
1509 3839 1566 3893 in
1597 3855 1784 3909 carne,
1815 3849 1896 3897 est
1926 3841 2157 3897 circum-

560 3930 698 3986 cisio
732 3947 744 3985 :
778 3928 873 3985 sed
903 3927 997 4000 qui
1031 3928 1088 3982 in
1118 3928 1358 3995 occulto,
1388 3927 1609 3983 Judzeus
1638 3937 1753 3995 est;
1788 3936 1842 3985 et
1868 3929 2156 3986 circumci-

558 4021 641 4078 sio
661 4019 844 4077 cordis
864 4019 922 4074 in
945 4017 1166 4090 spiritu,
1198 4033 1311 4073 non
1349 4017 1567 4072 littera:
1599 4017 1755 4089 cujus
1793 4016 1912 4074 laus
1946 4035 2058 4074 non
2089 4035 2158 4074 ex

557 4108 902 4177 hominibus,
923 4107 1017 4163 sed
1046 4123 1116 4162 ex
1146 4108 1260 4162 Deo
1289 4115 1414 4162 est.-
1458 4107 1579 4163 Non
1609 4113 1691 4162 est
1719 4106 2013 4162 obscurum
2031 4107 2161 4179 quia

559 4197 1036 4254 circumcisionem
1099 4197 1283 4254 carnis
1328 4206 1489 4268 negat
1540 4196 1755 4252 laudem
1806 4195 2007 4251 habere
2040 4196 2154 4266 (80)

557 4285 703 4356 apud
755 4287 930 4341 Deum
983 4288 1109 4357 (nec
1163 4286 1311 4342 enim
1364 4286 1643 4341 Abraham
1678 4285 1801 4341 ideo
1824 4284 2160 4357 justiﬁcatus

560 4382 661 4441 est,
712 4373 842 4445 quia
885 4372 1247 4430 circumcisus
1287 4393 1298 4429 :
1337 4375 1430 4430 sed
1456 4376 1585 4446 quia
1613 4374 1867 4440 credidit,
1893 4373 2158 4445 justiﬁca-

2274 451 2487 519 (Jerem.
2523 451 2683 522 mli).
2713 476 2731 497 ι
2762 452 2877 507 Hoc
2903 450 3050 507 dixit
3076 451 3281 506 Iudaeis
3310 450 3460 507 idola
3484 452 3867 524 sequentibus;

2270 542 2522 597 velamen
2572 550 2657 597 est
2712 542 2861 596 enim
2911 540 3058 596 circa
3102 557 3218 607 cor,
3260 541 3408 613 quod
3454 559 3758 600 conversus
3799 543 3871 600 ad

2271 632 2444 685 Deum
2498 630 2883 696 circumcidit;
2926 629 3056 701 quia
3083 629 3219 684 ﬁdes
3259 630 3439 687 aufert
3467 632 3725 688 nebulam
3773 649 3873 688 er-

2271 718 2433 786 roris,
2478 724 2532 773 et
2571 718 2767 774 tribuit
2798 718 3088 789 perfectam
3122 717 3220 774 Dei
3251 719 3624 791 cognitionem
3654 720 3714 775 in
3748 739 3874 794 my-

2272 806 2438 862 sterio
2494 807 2804 875 Trinitatis,
2848 808 2994 879 quod
3025 808 3368 880 incognitum
3400 818 3515 865 erat
3543 826 3574 864 a
3604 811 3867 867 smculiis.

2273 896 2448 969 Hujus
2476 914 2607 969 ergo
2644 897 3085 953 circumcisionis
3116 898 3235 955 laus
3268 915 3337 954 ex
3368 900 3480 955 Deo
3513 908 3614 969 est,
3650 902 3872 958 occulta

2272 982 2634 1049 hominibus;
2667 984 2850 1039 cordis
2878 983 3029 1040 enim
3062 986 3317 1041 meritum
3347 993 3450 1056 est,
3482 987 3631 1060 quod
3666 990 3872 1062 aspicit

2271 1073 2437 1140 Deus,
2490 1089 2601 1128 non
2649 1072 2854 1129 carnis.
2894 1075 3029 1130 Nam
3074 1074 3390 1131 Iudaeorum
3424 1077 3542 1132 laus
3586 1094 3654 1132 ex
3687 1077 3873 1133 homi-

2271 1160 2435 1216 nibus
2463 1169 2575 1229 est;
2608 1162 2915 1234 gloriantur
2941 1164 3091 1219 enim
3122 1164 3181 1219 in
3212 1164 3394 1220 carnis
3418 1165 3867 1234 circumcisione,

2270 1250 2416 1322 quod
2464 1266 2534 1306 ex
2582 1250 2837 1307 Patribus
2876 1251 2969 1308 sit.
3003 1252 3159 1309 Unde
3188 1252 3333 1309 inter
3360 1261 3557 1310 caetera
3586 1254 3705 1326 (81)
3737 1257 3818 1311 ait
3853 1275 3866 1312 :

2285 1364 2303 1387 ι
2328 1340 2399 1395 Et
2429 1340 2603 1412 gloria
2633 1341 2692 1396 in
2724 1341 2999 1414 pudendis
3027 1358 3239 1411 eorum,
3271 1344 3367 1416 qui
3398 1350 3616 1400 terrena
3640 1346 3870 1418 sapiunt

2274 1430 2534 1502 (Philipp.
2590 1447 2674 1501 ιιι,
2722 1433 2852 1502 19);
2912 1457 2930 1479 ι
2988 1431 3095 1490 hoc
3128 1441 3232 1502 est,
3263 1433 3357 1506 qui
3386 1434 3869 1491 circumcisionem

2269 1519 2453 1576 carnis
2497 1520 2728 1590 gloriam
2777 1529 2991 1593 putant.
3034 1523 3272 1580 Terrena
3305 1524 3454 1579 enim
3483 1523 3647 1595 sapit,
3679 1523 3775 1596 qui
3807 1524 3869 1580 in

2270 1623 2433 1664 carne
2460 1609 2758 1680 gloriatur;
2783 1610 2879 1683 qui
2910 1626 3040 1668 vero
3070 1612 3125 1667 in
3159 1612 3359 1684 spiritu
3376 1612 3662 1685 gloriatur,
3694 1612 3871 1686 hujus

2191 1724 2237 1784 Β
2272 1696 2390 1753 laus
2417 1712 2489 1752 ex
2518 1698 2632 1754 Deo
2663 1705 2779 1767 est;
2810 1698 3011 1771 spiritu
3041 1699 3211 1769 enim,
3244 1716 3355 1756 non
3403 1717 3567 1757 carne
3594 1700 3866 1758 creditur.

2883 1843 3111 1900 CAPUT
3153 1844 3252 1900 III.

2340 1959 2520 2031 (Vers.
2568 1960 2594 2015 1
2640 1967 2695 2015 et
2720 1959 2802 2031 2.)
2853 1985 2871 2007 ι
2903 1960 3047 2028 Quid
3075 1959 3224 2016 enim
3250 1960 3489 2032 amplius
3517 1972 3600 2019 est
3648 1962 3863 2032 Iudaeo,

2264 2055 2359 2105 aut
2388 2064 2510 2121 quas
2529 2048 2746 2105 utilitas
2772 2048 3241 2106 circumcisionis?
3259 2050 3494 2106 Multum
3516 2067 3613 2123 per
3639 2068 3865 2110 omnem

2265 2136 2511 2194 modum.
2545 2138 2794 2193 Primum
2825 2138 3048 2212 quidem
3080 2139 3432 2212 quiacredita
3446 2150 3577 2197 sunt
3604 2141 3720 2197 illis
3749 2144 3866 2199 elo-

2232 2225 2394 2304 ’quia
2436 2225 2556 2281 Dei.
2588 2250 2606 2275 ι
2667 2226 2990 2299 Quanquam
3020 2229 3197 2284 multa
3226 2229 3358 2297 sint,
3389 2246 3511 2302 quae
3541 2230 3611 2285 ad
3640 2231 3867 2288 honori-

2264 2312 2541 2370 ﬁcentiam
2590 2323 2646 2371 et
2695 2315 2953 2370 meritum
3002 2317 3314 2388 pertineant
3342 2318 3571 2374 seminis
3599 2317 3866 2389 Abrahae,

2264 2402 2371 2460 hoc
2416 2411 2602 2460 tamen
2643 2405 2823 2460 solum
2881 2413 3066 2478 aperte
3113 2414 3402 2473 memorat,
3446 2407 3576 2481 quia
3605 2408 3867 2463 maximas

2265 2493 2444 2549 laudis
2473 2510 2666 2549 eorum
2703 2500 2806 2562 est,
2865 2501 2928 2549 ut
2975 2495 3148 2566 legem
3176 2511 3271 2567 per
3313 2511 3476 2567 quam
3513 2496 3868 2553 addiscerent

2263 2592 2475 2640 rectum
2515 2600 2548 2640 a
2592 2599 2850 2656 perverso
2899 2583 3260 2656 distinguere,
3299 2584 3453 2657 digni
3476 2584 3869 2656 judicarentur

2264 2672 2530 2745 accipere,
2578 2680 2640 2728 ut
2692 2681 2815 2745 post
2859 2673 2965 2730 hoc
3012 2674 3252 2746 primum
3290 2680 3488 2730 caetera
3515 2676 3701 2747 qualia
3723 2675 3864 2745 sint,

2264 2764 2478 2834 possint
2501 2762 2758 2835 intelligi.
2791 2762 3063 2830 Quoniam
3093 2773 3274 2821 autem
3295 2763 3500 2821 ludatis
3524 2765 3865 2836 carnalibus,

2265 2851 2322 2907 id
2363 2861 2466 2920 est,
2511 2852 2841 2923 incredulis,
2896 2853 3038 2909 nihil
3071 2853 3335 2926 proﬁcere
3361 2853 3741 2911 testimonium
3774 2871 3867 2927 ge-

2264 2942 2412 2999 neris
2438 2941 2719 3010 ostendit;
2752 2959 2821 2998 ne
2865 2958 3078 3011 omnes,
3120 2942 3175 2998 id
3208 2953 3311 3011 est,
3340 2951 3395 2999 et
3423 2944 3707 3000 credentes
3738 2944 3861 3017 (82)

2264 3032 2405 3087 male
2458 3038 2716 3087 tractasse
2763 3031 3062 3100 videretur,
3114 3032 3275 3090 docet
3306 3034 3542 3089 multum
3572 3033 3714 3090 utile
3742 3050 3865 3092 esse

2268 3120 2472 3177 Judaeis
2517 3119 2891 3188 credentibus,
2941 3120 3072 3193 quia
3117 3120 3221 3176 ﬁlii
3273 3130 3403 3177 sunt
3450 3120 3710 3178 Abrahae.
3761 3123 3865 3181 His

2269 3211 2418 3266 enim
2470 3210 2691 3283 eloquia
2735 3211 2836 3266 Dei
2880 3219 3014 3267 sunt
3065 3212 3294 3281 credita,
3335 3211 3467 3267 dum
3510 3210 3707 3284 legem,
3737 3229 3863 3286 quae

2268 3298 2506 3372 peccatis
2552 3299 2843 3356 hominum
2881 3299 3243 3370 obsoleverat,
3292 3301 3447 3373 quasi
3481 3302 3709 3374 impune
3736 3317 3860 3374 pec-

2269 3396 2485 3445 caretur
2535 3388 2681 3461 apud
2730 3391 2928 3457 Deum,
2985 3390 3182 3447 merito
3233 3392 3458 3447 Patrum
3506 3391 3860 3447 reformatam

2271 3477 2569 3549 accipiunt,
2615 3484 2671 3533 et
2692 3479 2928 3549 populus
2956 3478 3057 3534 Dei
3086 3488 3372 3536 vocantur.
3404 3480 3679 3553 Egyptus
3709 3496 3865 3553 quo-

2272 3582 2376 3639 que
2424 3574 2646 3639 propter
2678 3566 2911 3639 injurias
2941 3568 3165 3623 illorum
3198 3567 3431 3624 diversis
3458 3568 3632 3642 plagis
3668 3585 3860 3642 percu-

2269 3655 2453 3713 titur:
2511 3656 2717 3712 coelesti
2773 3672 2911 3727 pane
2969 3656 3247 3727 cibantur,
3302 3659 3562 3715 omnibus
3604 3658 3863 3731 gentibus

2272 3746 2469 3803 terrori
2515 3753 2667 3816 sunt,
2710 3753 2943 3803 testante
2992 3747 3098 3804 hoc
3144 3747 3334 3805 Rabab
3358 3747 3645 3805 meretrice
3678 3748 3863 3821 (Iosue

2272 3852 2335 3902 ιι,
2368 3836 2425 3907 9)
2449 3854 2460 3891 ;
2495 3836 2696 3909 quibus
2726 3838 2892 3892 etiam
2913 3836 3169 3895 Christus
3197 3838 3519 3894 salvatorad
3535 3837 3863 3895 sanctiﬁca—

2270 3926 2479 3981 tionem
2512 3927 2818 3998 promissus
2846 3936 2947 3983 est.
2962 3927 3090 3983 Ideo
3117 3929 3197 3983 ait
3222 3928 3460 3983 multum
3490 3928 3625 3983 utile
3653 3927 3864 3984 Iudaeis

2273 4030 2368 4086 per
2394 4032 2614 4073 omnem
2646 4015 2897 4084 modum,
2928 4017 3057 4089 quia
3102 4016 3206 4072 ﬁlii
3236 4017 3350 4073 sint
3374 4016 3610 4073 Abrahae
3644 4035 3656 4072 :
3692 4024 3863 4072 ante-

2271 4115 2554 4174 ponuntur
2580 4106 2725 4161 enim
2759 4105 3037 4178 gentibus,
3067 4106 3163 4163 sed
3192 4106 3287 4180 qui
3317 4107 3571 4164 credunt.

2343 4194 2518 4263 (Vers.
2571 4194 2652 4265 3.)
2712 4220 2729 4242 ι
2773 4196 2917 4263 Quid
2950 4195 3099 4251 enim
3147 4196 3194 4251 si
3221 4195 3446 4269 quidam
3490 4198 3715 4253 illorum
3746 4214 3862 4254 non

2269 4285 2668 4343 crediderunt?
2710 4286 2992 4360 Numquid
3030 4286 3388 4344 incredulitas
3436 4288 3661 4342 illorum
3692 4286 3862 4343 ﬁdem

2269 4376 2369 4432 Dei
2396 4377 2734 4434 evacuabit?
2762 4379 2925 4433 Absit
2956 4378 3096 4450 (83).
3129 4404 3147 4426 ι
3204 4380 3326 4435 Non
3362 4379 3567 4452 inquit,
3601 4379 3733 4451 quia
3759 4378 3861 4432 ali-

560 4472 649 4518 tus
704 4471 806 4530 est,
871 4470 1057 4534 postea
1105 4471 1284 4517 autem
1318 4462 1678 4519 circumcisus
1709 4464 1834 4537 est),
1865 4465 2047 4521 cordis
2066 4483 2157 4521 au-
2187 4456 2235 4515 D
2267 4467 2361 4539 qui
2406 4467 2719 4524 Iudaeorum
2768 4468 2988 4525 credere
3034 4471 3353 4538 noluerunt,
3398 4485 3518 4541 quae
3561 4470 3707 4524 Deus
3737 4484 3863 4540 pro-

559 4558 671 4605 tem
729 4551 1211 4607 circumcisionem
1259 4548 1589 4605 laudabilem
1632 4552 1777 4623 apud
1814 4555 1987 4609 Deum
2018 4570 2153 4611 esse.

560 4638 972 4696 Circumcidere
998 4640 1146 4695 enim
1177 4656 1293 4707 cor,
1319 4646 1603 4710 amputato
1631 4655 1836 4710 errore,
1866 4659 2158 4714 agnoscere

561 4740 642 4786 est
692 4731 1026 4789 Creatorem.
1070 4733 1142 4786 Et
1186 4732 1317 4805 quia
1356 4732 1709 4789 circumcisio
1764 4735 1947 4791 cordis
1972 4736 2159 4790 futura

560 4829 697 4889 erat,
740 4822 953 4893 primus
980 4823 1197 4894 Moyses
1239 4822 1421 4878 dixit:
1492 4848 1510 4869 ι
1540 4823 1961 4882 Circumcidetis
1990 4826 2156 4881 duri-

560 4910 694 4967 tiam
723 4911 905 4968 cordis
938 4914 1107 4969 vestri
1141 4914 1320 4985 (Deut.
1349 4929 1409 4981 x,
1443 4913 1555 4984 16).
1588 4937 1606 4960 ι
1658 4914 1731 4969 Et
1755 4915 2018 4972 Jeremias
2057 4923 2156 4979 42

634 5085 751 5159 (79)
810 5086 966 5141 Rom.
1024 5084 1184 5154 edit.,
1224 5102 1286 5142 ac
1331 5086 1489 5159 pauci
1539 5103 1695 5155 mss.,
1743 5087 2157 5145 circumcisio-nis

554 5156 853 5229 promissus
881 5164 955 5211 est
982 5158 1232 5229 Abrahae.

635 5228 752 5299 (80)
787 5229 945 5283 Rom.
979 5228 1139 5295 edit.,
1160 5230 1278 5284 Non
1307 5235 1380 5283 est
1407 5229 1685 5284 obscurum
1710 5229 2157 5286 circumcisionem

558 5300 739 5355 carnis
773 5299 981 5354 laudem
1015 5317 1120 5352 non
1151 5300 1355 5354 habere.

635 5372 753 5443 (81)
788 5370 992 5426 Eadem
1022 5369 1182 5443 edit.,
1213 5386 1337 5425 cum
1360 5387 1471 5426 uno
1498 5381 1594 5429 aut
1621 5373 1796 5429 altero
1822 5389 1976 5442 mss.,
2014 5374 2156 5431 Unde

559 5441 617 5495 in
640 5441 753 5515 alia
773 5443 995 5515 epistola
1020 5442 1172 5515 inter,
1188 5448 1395 5515 cwtera.

633 5514 750 5584 (82)
781 5512 939 5571 Rom.
972 5512 1132 5581 edit.,
1152 5513 1211 5567 id
1237 5520 1312 5568 est
1339 5520 1388 5568 et
1417 5515 1698 5582 credentes,
1724 5522 1773 5571 et
1800 5533 1906 5570 non
1931 5516 2155 5571 creden-

563 5587 632 5639 tes
661 5602 682 5654 ε
732 5585 871 5642 bene
915 5585 1061 5656 aliae,
1113 5600 1177 5645 ac
1206 5600 1336 5643 mss.
1367 5593 1430 5643 ut
1470 5586 1528 5643 in
1557 5596 1748 5655 textu;
1799 5596 1881 5646 est
1907 5587 2080 5658 enim,
2107 5594 2157 5643 et

2267 4557 2419 4612 misit
2463 4556 2595 4613 ﬁliis
2641 4557 2897 4626 Abrahaa,
2931 4557 3138 4615 idcirco
3171 4557 3620 4630 praejudicabitur
3647 4556 3865 4613 caeteris

2265 4646 2488 4714 Iudaeis;
2521 4663 2590 4703 ne
2619 4647 2776 4720 digni
2803 4647 3062 4705 dicantur
3088 4648 3335 4719 accipere
3366 4647 3513 4720 quod
3545 4649 3691 4702 Deus
3720 4662 3867 4717 pro-

2268 4738 2420 4793 misit
2448 4738 2732 4794 ﬁdelibus:
2767 4740 2969 4812 quippe
3000 4756 3127 4795 cum
3157 4740 3237 4796 sic
3264 4739 3409 4796 facta
3436 4740 3511 4794 sit
3538 4737 3864 4810 promissio,

2266 4835 2327 4883 ut
2346 4828 2701 4885 credentibus
2729 4829 3220 4902 proﬁceret.lgitur
3246 4845 3357 4885 non
3376 4827 3698 4900 indignatus
3711 4828 3866 4882 Deus

2266 4926 2490 4991 propter
2518 4918 2746 4974 illorum
2776 4917 3085 4990 perﬁdiam,
3119 4918 3178 4975 id
3205 4925 3308 4987 est,
3339 4917 3679 4984 Iudaeorum,
3702 4914 3866 4970 dabit

2264 5081 2543 5157 credentes
2552 5080 2696 5137 idem
2728 5082 3108 5157 atque,‘etiam
3135 5081 3284 5157 ipsos
3311 5079 3615 5157 credentes.
3703 5147 3738 5157 η
3825 5146 3837 5157 _

2338 5153 2479 5223 (83).
2512 5153 2671 5209 Rom.
2700 5147 2860 5220 edit.,
2891 5147 3067 5222 Absit,
3097 5147 3255 5222 quasi
3290 5153 3463 5207 dicat:
3492 5151 3631 5218 Quia
3657 5147 3859 5223 aliqui,

2258 5219 2516 5306 promisit.
2531 5219 2941 5307 ﬁdelibus.-iVon
2961 5219 3164 5307 inquit,
3194 5224 3386 5306 quippe
3411 5239 3549 5302 cum,
3578 5229 3684 5307 etc.

2264 5292 2323 5377 ΞΡ
2358 5292 2550 5377 ,νξτίίέ
2592 5296 2750 5377 ἱρείη,
2792 5298 2902 5352 Hoc
2939 5292 3089 5377 dicit,
3119 5292 3249 5377 quia
3279 5292 3386 5377 hbn
3409 5292 3867 5377 prwjudicabitm:

2263 5367 2465 5440 Judwis
2503 5362 2846 5437 credentibus,
2878 5387 2941 5423 ne
2986 5362 3144 5440 digiti
3158 5362 3688 5440 dicantur—accipere,
3718 5362 3869 5433 quod

2256 5439 2511 5514 promisit
2540 5440 2681 5495 Deus
2698 5441 2899 5514 caeteais
2917 5439 3289 5514 difﬁdentibus,
3319 5439 3449 5514 quid
3475 5439 3707 5514 Sitifim“!
3731 5449 3865 5514 Pr!"

2261 5505 2444 5566 inissio
2491 5518 2587 5579 est,
2630 5518 2689 5567 ut
2722 5512 2918 5569 donum
2960 5505 3151 5585 gratiae
3192 5511 3307 5581 ejus
3325 5505 3654 5567 credentibus
3678 5505 3871 5579 proﬁ-

2260 5587 2413 5639 ceret.
