4136 6194
252 297 306 351 77
1335 294 1698 353 COMMENT.
1740 294 1813 352 IN
1850 292 2070 350 EPIST.
2114 292 2210 350 AD
2248 294 2398 351 ROM
3465 301 3533 358 78

247 419 449 492 reliquis
496 417 847 475 credentibus
898 418 1070 475 vitam
1126 426 1408 486 aeternam,
1459 434 1625 491 quam
1673 433 1812 489 pro-
1836 420 1887 478 A
1913 416 2193 490 justitiam
2237 416 2607 487 commendat,
2687 418 2823 492 quid
2885 418 3135 477 dicemus
3165 420 3195 478 ?
3247 422 3530 495 Numquid

248 510 381 565 misit
408 509 641 565 futuram
676 526 772 581 per
790 509 952 564 fidem
984 508 1189 566 Christi
1223 528 1237 576 ;
1272 509 1402 581 quia
1427 508 1523 581 qui
1554 525 1666 564 non
1695 523 1809 564 cre-

244 601 499 667 diderunt,
531 600 712 673 ipsise
763 600 1018 672 indignos
1046 600 1295 657 fecerunt
1339 599 1460 656 sine
1489 599 1813 671 praejudicio

245 688 666 745 czeterorumJlis
693 688 858 744 dictis
884 688 1233 745 commendat
1259 688 1542 744 credentes
1562 687 1811 753 Iudaeos;

242 777 358 850 quia
408 777 547 832 nihil
609 777 763 832 obest
801 777 901 845 eis,
933 777 1064 850 quia
1097 776 1259 832 multi
1313 793 1383 832 ex
1422 776 1538 831 illis
1593 776 1819 831 credere

243 872 541 928 noluerunt.

304 961 476 1032 (Vers.
517 960 597 1032 4.)
651 984 670 1007 ι
701 962 801 1017 Est
837 960 985 1016 enim
1026 962 1173 1016 Deus
1227 975 1417 1025 verax,
1470 958 1650 1014 omnis
1707 972 1819 1013 au-

241 1058 339 1107 tem
393 1050 556 1107 homo
607 1050 871 1118 mendax,
930 1050 1078 1105 sicut
1127 1049 1391 1121 scriptum
1424 1055 1507 1103 est
1539 1047 1654 1119 (84)
1693 1066 1705 1103 :
1742 1048 1816 1104 Ut

230 1137 539 1209 justiﬁceris
564 1139 624 1194 in
653 1138 1000 1195 sermonibus
1027 1137 1158 1205 tuis,
1205 1145 1260 1192 et
1290 1137 1478 1192 vincas
1505 1152 1631 1191 cum
1652 1135 1817 1207 judi-

234 1227 366 1284 caris
402 1228 577 1298 (Psal.
602 1246 651 1295 ι,
683 1228 763 1298 6).
798 1252 817 1275 ι
860 1227 927 1282 Ut
956 1226 1196 1282 ﬁrmaret
1253 1224 1400 1297 quod
1456 1240 1621 1296 supra
1648 1224 1813 1293 dixit,

233 1316 376 1390 quod
403 1319 549 1374 Deus
575 1318 633 1373 in
678 1314 1038 1389 promissione
1065 1331 1164 1370 sua
1191 1313 1372 1370 ﬁdelis
1399 1322 1501 1383 est,
1537 1322 1592 1370 et
1627 1315 1813 1372 omnis

232 1408 395 1465 homo
451 1409 724 1465 mendax:
778 1408 1092 1479 exemplum
1148 1407 1533 1480 propheticum
1565 1405 1818 1463 subdidit

235 1513 297 1554 ex
344 1499 556 1569 psalmo
620 1497 1096 1570 quinquagesimo,
1150 1512 1260 1569 quo
1315 1505 1370 1553 et
1424 1498 1601 1552 Deum
1635 1496 1818 1553 verbis

232 1585 662 1657 suisjustiﬁcari,
696 1594 751 1642 et
774 1586 1060 1641 hominem
1092 1585 1410 1643 mendacem
1443 1585 1819 1642 incredulita-

238 1676 299 1730 tis
324 1692 484 1732 causa
512 1675 771 1748 signavit.
804 1676 1109 1748 Utrumque
1151 1675 1300 1731 enim
1332 1675 1533 1746 legitur
1561 1675 1620 1731 in
1674 1674 1819 1732 libro

1921 508 2147 580 iniquus
2176 508 2339 574 Deus,
2368 508 2461 580 qui
2492 507 2659 564 infert
2684 508 2824 564 iram
2857 510 3187 581 (secundum
3244 510 3529 568 hominem

1922 598 2072 669 dico)
2084 598 2130 652 in
2161 597 2464 652 Absit.Hoc
2478 596 2640 669 juxta
2654 614 2876 655 sensum
2898 600 3184 673 prophetae
3201 602 3381 657 David
3393 602 3533 659 dicit

1924 687 2222 757 Apostolus
2246 704 2257 741 :
2292 686 2469 741 David
2488 694 2667 742 autem
2689 687 2906 759 quando
2935 698 3254 760 peccaverat
3284 690 3340 746 in
3370 707 3535 748 causa

1926 778 2070 833 Uria:
2099 777 2311 832 Hethaai
2336 777 2426 848 (ΙΙ
2467 779 2590 848 Reg.
2623 795 2701 846 χι,
2735 778 2816 847 lt),
2840 778 3018 836 sciens
3069 781 3200 853 quia
3236 782 3533 854 promissio

1928 865 2306 937 peccatoribus
2318 865 2437 921 dari
2455 882 2567 923 non
2589 874 2983 937 potest,exorat
2993 877 3053 924 ut
3058 869 3385 940 justiﬁcatio
3402 889 3522 928 ver-

1926 955 2124 1012 borum
2144 957 2243 1012 Dei
2270 957 2456 1013 vincat
2467 956 2745 1028 judicium
2763 973 2872 1030 quo
2896 959 3013 1030 (87)
3027 959 3352 1031 judicantur
3371 962 3412 1018 ii
3433 963 3531 1035 qui

1926 1051 2153 1118 peccant
2183 1045 2358 1115 (Psal.
2391 1063 2443 1113 1.,
2481 1044 2538 1115 6)
2574 1063 2588 1113 ;
2622 1052 2677 1101 et
2708 1046 3072 1118 poeniteutem
3118 1049 3383 1108 reformat
3411 1068 3534 1108 san-

1925 1136 2195 1201 ctiﬁcans,
2218 1143 2280 1192 ut
2307 1135 2400 1192 det
2427 1137 2477 1192 ei
2509 1136 2659 1209 quod
2682 1136 2850 1209 justis
2876 1153 2935 1194 se
2965 1137 3229 1195 daturum
3260 1142 3533 1212 promisit.

1925 1224 2007 1280 Ac
2032 1239 2128 1295 per
2154 1223 2260 1281 hoc
2288 1223 2523 1297 subjecit
2555 1241 2568 1280 :
2615 1248 2634 1271 -
2682 1224 2740 1281 Si
2792 1233 2982 1282 autem
3044 1225 3322 1298 injustitia
3350 1236 3539 1287 nostra

1925 1315 2024 1370 Dei
2076 1314 2350 1386 justitiam
2407 1314 2779 1383 commendat,
2814 1341 2832 1364 ι
2900 1323 3032 1384 etc.,
3081 1315 3139 1373 id
3170 1326 3275 1385 est,
3328 1319 3374 1374 si
3405 1320 3537 1393 quia

1927 1417 2027 1461 nos
2057 1411 2366 1475 peccatores
2409 1419 2623 1473 sumus,
2675 1405 2822 1461 Deus
2862 1403 3247 1476 justiﬁcatur:
3308 1406 3537 1480 iniquus

1928 1499 2052 1566 erit,
2075 1496 2122 1553 si
2152 1496 2417 1553 vindicet.
2450 1495 2587 1552 Nam
2643 1496 2689 1553 si
2721 1495 2997 1568 injustitia
3028 1503 3219 1553 nostra
3260 1498 3311 1554 ei
3357 1498 3537 1571 proti-

1927 1595 2095 1656 ceret,
2130 1587 2249 1643 sine
2292 1585 2463 1642 dubio
2510 1584 2737 1658 iniquus
2788 1593 2906 1641 erat
2960 1585 3009 1642 si
3059 1585 3350 1642 damnaret
3407 1604 3526 1659 pec-

1928 1685 2113 1738 cantes
2143 1694 2154 1733 :
2188 1677 2319 1750 quia
2364 1674 2641 1748 injustitia
2681 1682 2869 1731 nostra
2922 1676 3098 1730 Deum
3129 1674 3267 1731 facit
3289 1674 3527 1746 justum,

234 1764 589 1833 Psalmornm,
620 1764 750 1838 quia
774 1766 921 1821 Deus
938 1764 1122 1836 justus
1136 1772 1191 1820 et
1210 1780 1381 1820 verax
1418 1772 1520 1833 est,
1552 1774 1607 1822 et
1632 1766 1816 1822 omnis
1847 1777 1893 1837 B
1926 1771 1972 1828 si
1999 1768 2354 1844 peccantibus
2379 1766 2540 1823 nobis
2568 1766 2662 1823 det
2682 1766 2830 1839 quod
2856 1767 3111 1839 promisit
3144 1768 3353 1824 sanctis
3386 1766 3538 1839 (88).

236 1853 389 1910 homo
407 1853 646 1911 mendax
666 1855 840 1926 (Psal.
861 1870 1052 1909 Lxxxv
1069 1871 1083 1919 ;
1099 1870 1230 1921 cxv,
1260 1854 1345 1921 il,
1372 1854 1486 1925 15).
1504 1854 1823 1912 Mendacem

233 1940 504 1999 hominem
539 1941 835 2010 dicit,dum
854 1957 966 1997 non
988 1941 1337 2015 credit,quod
1353 1942 1610 2014 promisit
1636 1944 1783 2000 Deus
1811 1962 1825 2012 ;

233 2047 425 2103 negans
453 2033 606 2088 enim
633 2030 891 2088 daturum
924 2030 1071 2103 quod
1100 2031 1376 2103 promisit,
1434 2031 1672 2087 mendax
1700 2041 1783 2088 est
1813 2051 1825 2088 :

231 2128 279 2176 et
304 2120 434 2176 dum
494 2122 612 2193 ipse
660 2120 896 2176 mendax
941 2127 1044 2188 est,
1078 2121 1270 2175 multis
1326 2136 1395 2176 ex
1443 2121 1625 2177 causis
1651 2122 1829 2177 Deum

233 2210 547 2266 mendacem
579 2209 920 2282 pronuntiat,
961 2209 1180 2283 quando
1210 2209 1496 2281 promissis
1543 2209 1665 2282 ejus
1715 2226 1830 2266 non

230 2299 416 2356 credit.
458 2300 638 2371 Igitur
682 2315 902 2355 omnem
955 2297 1237 2354 hominem
1297 2297 1615 2356 mendacem
1665 2299 1828 2369 dicit,

233 2389 320 2458 qui
340 2388 604 2445 diﬂidens
632 2395 714 2443 est
741 2387 808 2443 de
854 2386 1142 2460 promissis
1185 2387 1306 2442 Dei.
1357 2387 1597 2443 Maxime
1643 2396 1829 2445 tamen

231 2476 331 2534 hoc
382 2477 453 2533 ad
510 2476 729 2533 Judaeos
782 2476 1039 2549 pertinet,
1076 2493 1312 2549 quorum
1361 2493 1585 2533 causam
1625 2485 1830 2535 tractat

232 2565 331 2623 hoc
348 2567 474 2624 loco
530 2566 845 2639 Apostolus,
877 2566 973 2640 qui
1014 2565 1265 2622 videntes
1319 2565 1624 2635 Christum,
1656 2583 1833 2640 nega-

230 2666 423 2714 verunt
470 2658 627 2713 hunc
680 2674 821 2723 esse,
879 2672 1043 2730 quem
1088 2656 1342 2729 promisit
1402 2659 1594 2725 Deus;
1645 2675 1709 2715 ac
1737 2675 1834 2731 per

237 2745 335 2803 hoc
363 2746 663 2804 mendaces
692 2746 1156 2818 pronuntiantur:
1189 2748 1335 2802 Deus
1353 2754 1537 2802 autem
1568 2763 1736 2803 verax
1750 2755 1834 2804 est

235 2836 323 2906 qui
380 2837 543 2892 misit
588 2834 896 2903 Christum,
954 2834 1098 2891 sicut
1126 2835 1379 2907 promisit
1411 2854 1425 2903 ;
1459 2843 1516 2891 et
1545 2836 1625 2892 sic
1659 2836 1838 2891 vincit

234 2939 355 2978 cum
377 2923 689 2995 judicatur,
713 2923 849 2996 quia
877 2922 1054 2991 dabit,
1100 2921 1248 2995 quod
1297 2922 1528 2979 daturus
1561 2930 1792 2995 negatur
1821 2940 1832 2977 :

236 3025 357 3066 cum
384 3013 542 3067 enim
571 3028 684 3067 non
718 3011 768 3066 ei
797 3010 1065 3078 creditur,
1117 3010 1359 3066 mendax
1384 3009 1690 3081 judicatur.
1740 3011 1840 3066 Ille

1936 1860 2076 1929 Quia
2094 1857 2348 1933 quamvis
2376 1865 2686 1929 peccatores
2714 1856 2909 1924 simus,
2940 1856 3316 1913 reformamur
3354 1864 3541 1914 tamen

1936 1965 2033 2022 per
2058 1946 2437 2021 pmnitentiam
2472 1964 2483 2002 :
2517 1954 2709 2002 utnon
2733 1944 2848 2017 jam
2879 1952 3212 2017 peccatores,
3238 1944 3337 2002 sed
3364 1944 3541 2002 abluti

1937 2037 2361 2110 promissionem
2390 2051 2699 2091 mereamur
2728 2034 2992 2106 accipere.
3024 2034 3145 2090 Non
3176 2050 3319 2107 ergo
3347 2034 3395 2090 is
3421 2051 3543 2091 sen-

1939 2144 2032 2184 sus
2046 2134 2129 2183 est
2161 2126 2220 2182 in
2244 2125 2429 2182 verbis
2454 2125 2732 2198 prophetae
2755 2123 2958 2194 David,
2985 2141 3113 2181 cum
3133 2124 3271 2182 dicit
3305 2144 3317 2181 :
3363 2148 3382 2173 ι
3418 2124 3543 2183 Tibi

1939 2221 2044 2278 soli
2071 2221 2375 2294 peccavi,et
2403 2221 2609 2277 malum
2629 2237 2813 2277 coram
2844 2230 2898 2277 te
2927 2221 3032 2278 feci
3060 2239 3072 2277 :
3106 2229 3167 2277 ut
3209 2220 3542 2292 justificeris

1940 2312 1997 2368 in
2062 2310 2412 2369 sermonibus
2472 2311 2605 2379 tuis,
2680 2319 2736 2367 et
2807 2310 2999 2368 vincas
3061 2327 3186 2367 cum
3264 2309 3539 2382 judicaris

1942 2401 2157 2474 (Ibid),
2191 2427 2209 2449 ι
2246 2400 2343 2474 qui
2389 2402 2789 2457 malevolorum
2820 2400 3110 2457 hominum
3156 2417 3326 2473 prava
3361 2401 3548 2456 inter-

1941 2490 2244 2563 pretatione
2295 2490 2611 2558 asseritur;
2691 2498 2753 2547 ut
2826 2498 3049 2564 peccata
3108 2489 3402 2546 hominum
3489 2494 3545 2544 et

1942 2580 2073 2637 mali
2103 2588 2257 2637 actus
2287 2579 2387 2635 Dei
2429 2578 3149 2651 justiﬁcationiproﬁciant,
3180 2586 3235 2635 et
3263 2595 3359 2651 per
3403 2578 3548 2633 mala

1941 2677 2130 2724 nostra
2171 2668 2353 2723 bonus
2398 2674 2677 2739 appareat,
2707 2675 2762 2721 et
2815 2666 3091 2737 injustitia
3148 2676 3335 2722 nostra
3380 2666 3542 2721 illum

1939 2757 2153 2829 justum
2183 2754 2456 2811 ostendat.
2493 2754 2768 2821 Quoniam
2816 2755 2999 2825 itaque
3030 2753 3256 2825 iniquus
3301 2768 3415 2808 non
3466 2761 3581 2816 est,

1947 2848 2116 2911 Deus,
2167 2861 2294 2899 cum
2337 2844 2544 2915 irrogat
2595 2843 2756 2911 iram,
2782 2841 2898 2914 jam
2928 2857 3040 2897 non
3070 2842 3307 2913 peccatis
3343 2842 3547 2898 nostris

1942 2935 2282 3008 justiﬁcatur
2314 2952 2325 2991 ;
2360 2933 2490 3006 quia
2516 2933 2563 2989 si
2593 2931 2828 3005 peccatis
2876 2932 3079 2988 nostris
3124 2931 3541 3003 justiﬁcaretur,

1949 3025 2177 3098 iniquus
2223 3031 2382 3091 esset,
2424 3023 2471 3078 si
2522 3020 2862 3089 vindicaret;
2928 3020 3024 3077 sed
3079 3020 3213 3093 quia
3269 3038 3382 3077 non
3459 3030 3543 3079 est

231 3109 415 3157 autem
448 3117 580 3157 cum
627 3106 725 3162 43
772 3099 868 3155 dat
923 3098 1071 3171 quod
1122 3097 1406 3168 indicatur
1450 3113 1563 3152 ΠοΠ
1590 3096 1839 3178 daturus,
1875 3131 1918 3191 ο
1949 3096 2193 3186 iniquus,
2255 3128 2381 3167 cum
2438 3109 2707 3177 vindicat,
2767 3109 3119 3166 manifestum
3177 3119 3265 3166 est
3298 3110 3429 3183 quia
3482 3109 3543 3167 in

232 3196 433 3266 vincit,
467 3198 764 3253 ostendens
792 3213 848 3253 se
876 3213 1148 3265 veracem,
1179 3198 1339 3253 illum
1376 3204 1559 3253 autem
1608 3198 1843 3255 menda-

230 3302 374 3355 cem,
413 3287 518 3360 qui
548 3303 660 3342 non
711 3286 885 3343 credit
933 3286 1117 3342 verbis
1144 3285 1279 3357 ejus.
1314 3286 1540 3344 Videbit
1567 3289 1715 3344 enim
1742 3288 1842 3345 Dei

231 3373 446 3430 Filium
479 3374 538 3429 in
574 3374 873 3447 majestate,
910 3392 1073 3450 quem
1106 3384 1265 3448 negat
1298 3396 1310 3432 :
1344 3376 1559 3433 videbit
1580 3387 1634 3434 et
1661 3379 1841 3434 carnis

234 3464 723 3534 resurrectionem,
746 3473 801 3521 et
828 3467 965 3523 sciet
986 3466 1187 3523 victam
1217 3483 1334 3524 esse
1362 3466 1649 3541 perﬁdiam
1666 3468 1841 3541 polli-

234 3551 501 3609 citatione
521 3562 576 3609 et
600 3554 830 3610 veritate
862 3554 955 3611 Dei
990 3554 1129 3626 (85).
1159 3554 1296 3611 Nam
1326 3564 1380 3611 et
1409 3556 1666 3613 Christus
1711 3574 1837 3614 cum

230 3643 516 3714 judicatus
547 3653 629 3701 est
657 3646 793 3702 vicit
824 3664 838 3713 ;
872 3645 1062 3719 inique
1081 3647 1230 3702 enim
1246 3648 1461 3703 occisus
1480 3655 1581 3716 est,
1610 3657 1663 3704 et
1684 3664 1840 3705 reum

236 3733 362 3789 fecit
408 3734 723 3804 diabolum,
780 3751 941 3808 quem
988 3734 1104 3808 jam
1160 3752 1273 3792 non
1301 3737 1579 3810 peccando
1608 3755 1843 3811 supera—

236 3831 411 3889 verat,
472 3831 543 3878 ut
584 3823 828 3880 secundo
872 3825 1057 3881 victus
1103 3827 1403 3894 amitteret,
1436 3843 1575 3900 quos
1622 3828 1844 3885 tenebat

305 4003 325 4072 (
357 4003 523 4061 Vers.
555 4004 591 4060 5
612 4010 666 4060 et
693 4003 747 4061 6.
791 4005 812 4075 )
857 4028 875 4051 ι
904 4004 961 4062 Si
982 4012 1168 4061 autem
1198 4005 1477 4079 injustitia
1519 4014 1709 4063 nostra
1740 4006 1840 4063 Dei

452 4145 634 4223 _Corb.
686 4145 816 4223 _cod.
869 4147 1078 4223 aliique
1119 4149 1382 4223 nonnulli
1410 4159 1463 4206 et
1499 4150 1664 4223 Dion.
1697 4148 1843 4222 apud

240 4210 564 4291 Gill.,:sicut
590 4218 845 4291 scriptum
873 4225 965 4291 est.
983 4210 1171 4291 'Igitur
1189 4221 1441 4291 quoniam
1488 4222 1632 4277 Deus
1673 4210 1842 4277 veras:

239 4292 329 4350 est,
381 4289 478 4343 dat
539 4290 681 4358 quod
725 4289 1266 4363 promisitfhomiiiis
1297 4299 1473 4347 autem
1519 4299 1595 4347 est
1623 4292 1838 4363 fallere,

237 4371 383 4441 quem
418 4367 666 4441 tempora
716 4368 763 4415 et
798 4367 1009 4441 natura:
1056 4362 1390 4441 imbecillitas
1419 4362 1629 4441 faciupt
1672 4371 1843 4441 m_uta-

1946 3200 2165 3273 jnstitia
2218 3209 2406 3256 nostra
2452 3198 2551 3255 Dei
2595 3197 2872 3269 justitiam
2903 3214 3014 3253 non
3060 3198 3435 3256 commendat.
3484 3198 3544 3255 Si

1950 3298 2135 3346 autem
2181 3288 2613 3357 commendaret,
2668 3304 2781 3345 non
2829 3287 3156 3356 vindicaret,
3200 3289 3329 3361 quia
3360 3287 3546 3360 justus

1952 3389 2051 3436 est.

2022 3469 2103 3525 Ac
2137 3485 2233 3541 per
2286 3467 2395 3524 hoc
2437 3465 2673 3538 subjecit
2723 3484 2735 3522 :
2799 3489 2818 3513 ‹
2871 3464 3179 3523 secundum
3239 3464 3547 3535 hominem,

1951 3556 2154 3629 inquit,
2179 3556 2324 3613 dico.
2356 3555 2538 3622 Absit,
2562 3581 2582 3604 ι
2638 3555 2745 3611 hoc
2782 3562 2883 3623 est,
2932 3554 3097 3621 absit,
3134 3570 3202 3609 ne
3232 3556 3379 3610 Deus
3427 3554 3549 3610 ini-

1951 3662 2093 3719 quus
2146 3645 2397 3712 dicatur;
2449 3644 2579 3717 quia
2626 3643 2732 3700 hoc
2784 3640 3001 3699 homini
3046 3644 3327 3715 competit,
3382 3660 3546 3717 quem

1951 3743 2166 3794 constat
2190 3743 2243 3792 et
2264 3752 2469 3804 errare,
2510 3743 2564 3791 et
2592 3734 2709 3792 falli
2756 3743 2810 3791 et
2837 3736 3046 3792 fallere.
3076 3735 3210 3791 Nam
3242 3736 3392 3793 Deus
3446 3736 3546 3793 im-

1951 3825 2237 3882 mutabilis
2278 3832 2611 3898 perseverat,
2642 3840 2744 3881 nec
2785 3832 2966 3897 potest
3016 3841 3130 3880 non
3169 3840 3376 3894 amare,
3426 3841 3549 3897 quae
3617 3888 3623 3893 ,

1951 3914 2102 3972 fecit.

2038 4029 2056 4051 ι
2086 4003 2354 4078 Alioquin
2402 4003 2679 4078 quomodo
2724 4003 3002 4077 judicabit
3029 4006 3176 4060 Deus
3205 4003 3360 4059 hunc
3389 4016 3550 4056 mun-

1946 4148 2198 4220 promisit
2228 4150 2387 4205 Deus.
2428 4149 2629 4207 Videbit
2680 4150 2818 4203 enim
2868 4148 3068 4217 factam
3111 4143 3549 4220 resurrectiouem

1950 4216 2110 4291 quam
2137 4221 2345 4292 negavit
2370 4238 2389 4284 ;
2439 4227 2487 4274 et
2537 4222 2660 4275 sciet
2691 4216 2878 4274 victam
2907 4236 3014 4292 esse
3036 4217 3316 4292 perﬁdiam
3371 4216 3548 4286 polli-

1951 4289 2272 4347 citatione'et
2299 4292 2517 4346 veritate
2541 4292 2655 4345 Dei.
2691 4292 2799 4345 Hoc
2823 4295 2897 4343 est
2923 4289 3051 4359 quia
3075 4289 3216 4343 Deus
3248 4305 3417 4359 verax
3446 4294 3544 4353 est,

1951 4364 2121 4418 omnis
2147 4370 2321 4418 autem
2344 4363 2496 4416 homo
2541 4362 2789 4428 mendax,
2823 4360 2915 4430 qui
2936 4358 3097 4431 inegat
3122 4359 3264 4430 quod
3298 4358 3544 4429 futurum

240 4427 410 4498 bilem,
441 4427 551 4502 per
601 4432 657 4487 id
709 4433 849 4502 quod
892 4433 1281 4503 prwscientiam
1335 4427 1440 4489 non
1490 4436 1658 4489 habet.
1705 4437 1845 4491 Deus
1873 4495 1913 4503 _
1951 4442 2043 4489 est.
2076 4436 2215 4489 Nam
2242 4441 2291 4488 et
2323 4434 2589 4497 Christus,
2620 4440 2725 4489 etc.

238 4495 409 4555 autem
441 4495 619 4574 apud
650 4495 1001 4576 qquemﬂu-ihil
1065 4503 1314 4574 futurum
1366 4512 1462 4570 est,
1492 4506 1842 4562 immutabilis
1873 4495 1921 4554 D
2026 4506 2142 4576 (85)
2176 4507 2302 4561 Mss.
2338 4495 2581 4576 aliquot,
2612 4510 2670 4558 ut
2696 4503 2829 4559 sciat
2854 4520 3033 4559 veram
3065 4519 3169 4559 esse
3190 4502 3549 4574 pollicitatio-

232 4580 570 4647 perseverat,
613 4574 745 4629 sicut
776 4575 927 4647 dicit
956 4592 969 4647 ;
1030 4577 1144 4647 Ego
1169 4592 1307 4641 sum,
1338 4583 1386 4632 et
1412 4594 1521 4631 non
1574 4578 1840 4633 mutabor.

240 4644 459 4699 Omnem
490 4662 622 4716 ergo
645 4646 901 4700 hominem
930 4646 1058 4702 dicit
1083 4644 1402 4713 mendacem,
1432 4655 1481 4704 et
1506 4665 1689 4703 verum
1725 4655 1802 4703 est
1826 4665 1844 4703 .·

235 4722 436 4787 natura
457 4717 609 4772 enim
647 4734 763 4787 qua
793 4717 1037 4787 fallitur,
1064 4736 1173 4773 non
1200 4720 1429 4775 absurde
1460 4720 1659 4775 dicitur
1700 4737 1848 4774 mene

236 4785 387 4862 dax._
423 4790 625 4858 Itaque
648 4785 973 4862 :aliquando
1049 4790 1246 4858 studio,
1301 4793 1594 4862 aliquando
1667 4808 1847 4846 error-

237 4859 469 4931 mendax
504 4866 603 4915 est.
635 4860 757 4915 Non
798 4876 917 4931 ergo
956 4862 1048 4915 hoc
1103 4862 1165 4916 de
1209 4863 1319 4919 Deo
1372 4859 1693 4931 sperandum
1748 4869 1844 4929 est,

236 4929 327 5005 qui
346 4937 417 5005 _et
440 4947 608 5005 verus
637 4936 730 5005 est,
760 4937 807 4985 et
835 4929 1125 5005 benevolus,
1155 4939 1216 4987 ut
1271 4929 1489 5005 impleat
1513 4952 1586 5004 qu
1607 4934 1675 4990 od
1717 4952 1843 5005 pro-

235 5000 399 5079 misit.
447 5002 612 5079 Quod
638 5002 795 5057 etiam
820 5004 1124 5079 prophetico
1152 5000 1370 5079 oraculo
1397 5000 1605 5079 ﬁrmati
1649 5000 1843 5079 diceris,

237 5073 372 5155 sicut
435 5073 707 5155 scriptum
743 5073 865 5155 est:
914 5074 1346 5155 _Ut__jus_tiﬁce_ris
1398 5073 1465 5131 ’ἐπ
1520 5078 1847 5155 sermonibus

239 5144 338 5214 tuis
396 5152 448 5199 et
508 5144 691 5200 vincas
731 5146 857 5199 dum
894 5144 1183 5214 judicarisl
1236 5148 1378 5204 Huic
1426 5157 1608 5203 autem
1662 5148 1844 5204 versui

240 5213 587 5291 subuectant
641 5213 981 5291 cod._Dio_u.
1040 5225 1094 5272 et
1148 5217 1379 5291 Remig,
1438 5220 1607 5275 Deum
1638 5219 1845 5288 justum

236 5287 516 5355 promisit,
549 5294 599 5342 et
650 5287 821 5341 verbis
849 5288 961 5341 suis
1001 5287 1337 5359 propheticus
1380 5307 1551 5346 sermo
1602 5287 1842 5359 testatur,

239 5372 326 5431 nec
352 5360 679 5429 aliquorum
696 5359 927 5431 perﬁdia
953 5357 1114 5431 [idem
1135 5357 1249 5428 ejus
1274 5362 1465 5428 minui,
1496 5362 1586 5417 sed
1641 5357 1842 5418 dandoé

244 5428 469 5504 vincere.
535 5430 686 5504 Quod
697 5428 716 5504 ί
736 5428 932 5502 perﬁdi
954 5428 962 5431 ⁷
981 5447 1102 5504 nou
1143 5432 1401 5504 credentes
1474 5440 1665 5504 negant
1728 5450 1846 5489 eum

242 5499 528 5573 daturum.
580 5499 753 5558 Dabit
788 5499 909 5572 ergo
963 5502 1104 5573 quod
1150 5501 1453 5572 judicatur,
1534 5499 1594 5559 ut
1669 5505 1850 5560 vincat

241 5568 519 5644 faciendo,
550 5573 691 5642 quod
719 5568 944 5643 negatur
970 5568 1253 5644 “facturus.
1309 5568 1451 5629 Tunc
1481 5575 1723 5631 vincetur
1748 5577 1845 5632 im-

239 5642 433 5719 pietas,
460 5660 589 5723 qua
640 5642 921 5701 dum’uon
966 5642 1154 5713 credit,
1191 5651 1344 5717 negat
1394 5662 1522 5702 vera
1555 5663 1681 5713 esse,
1728 5664 1848 5720 quce

1951 4593 2068 4630 nem
2097 4593 2158 4632 ac
2176 4578 2447 4632 veritatem
2473 4576 2592 4631 Dei.

2028 4647 2145 4719 (86)
2174 4650 2296 4704 Duo
2351 4664 2481 4703 mss.
2540 4646 2771 4713 addunt,
2816 4645 2873 4699 in
2927 4645 3140 4719 inferis,
3171 4647 3265 4699 hoc
3291 4651 3386 4711 est,
3417 4644 3548 4716 quia

1952 4718 2129 4773 omnis
2151 4720 2302 4773 homo
2329 4720 2579 4783 mendax,
2609 4719 2750 4774 Deus
2777 4723 2952 4771 autem
2975 4718 3118 4771 solus
3147 4732 3332 4772 verax.

2028 4790 2144 4871 (87)
2200 4790 2465 4871 Nonnulli
2496 4805 2650 4857 mss.,
2706 4805 2810 4858 quo
2838 4788 3121 4857 judicatur
3153 4804 3259 4842 non
3295 4788 3426 4843 dare
3467 4788 3549 4843 his

1992 4868 2047 4915 ui
2072 4868 2302 4916 peccant.

1992 4879 2047 4915 ui
2110 4878 2302 4916 eccam.

1952 4878 1985 4931 ᾳ
2028 4879 2145 5005 (ἑὲ)
2203 4931 2438 5005 Quidam
2469 4948 2623 5000 mss.,
2651 4933 2933 5005 Etverum
2961 4939 3060 5005 est,
3084 4932 3334 5005 sitamen
3361 4930 3408 4984 ei
3422 4946 3548 5005 pro-

1952 5000 2097 5076 ﬁciat
2119 5000 2302 5060 nostra
2328 5004 2605 5074 iniquitas.
2637 5003 2741 5059 Sed
2794 5003 2923 5076 quia
2944 5003 3302 5076 periculosum
3330 5007 3404 5054 est
3452 5000 3547 5076 hoc

1953 5072 2122 5131 dicere
2150 5094 2255 5131 non
2281 5084 2356 5131 est
2382 5072 2597 5146 iniquus
2626 5072 2869 5138 Deus,’si
2888 5072 3101 5142 judicat
3130 5091 3143 5141 ;
3176 5072 3434 5146 quianon
3461 5072 3548 5146 illi

1950 5147 2218 5217 injustitia
2237 5154 2422 5202 nostra
2441 5143 2739 5218 p'roﬁcit.ut
2768 5145 2917 5218 nobis
2940 5143 3275 5218 peccantibus
3290 5144 3383 5198 ille
3387 5143 3547 5218 justi-

1952 5213 2155 5290 ﬁcetur,
2185 5220 2243 5274 id
2262 5225 2419 5287 est,ut
2441 5213 2671 5290 _gau'deat
2688 5213 3158 5290 peccatisiiostris,
3186 5232 3285 5286 per
3300 5231 3429 5290 _quce
3442 5213 3549 5290 _ille

1952 5284 2100 5362 solus
2116 5290 2299 5360 justus
2342 5284 2631 5362 appareat.
2688 5284 2975 5362 Sedabsit,
3006 5288 3107 5362 ait,
3123 5284 3407 5362 secundum
3434 5284 3545 5336 ho-

1951 5356 2143 5416 minem
2170 5362 2307 5429 dico,
2336 5356 2439 5416 hoc
2464 5368 2559 5426 est,
2589 5376 2769 5415 sensus
2795 5359 2878 5415 hic
2905 5359 3107 5431 homini
3154 5356 3414 5431 convenit,
3434 5367 3545 5431 _uon

1952 5433 2082 5500 Deo,
2114 5432 2242 5503 quia
2270 5422 2374 5487 non
2422 5422 2567 5487 cadit
2597 5432 2650 5486 in
2679 5432 2867 5497 Deum,
2898 5438 2954 5485 ut
2995 5430 3236 5503 iniquus_
3241 5426 3330 5486 sit,
3361 5422 3450 5503 sed
3486 5422 3545 5503 in

1952 5491 2229 5559 hominem.
2287 5504 2391 5559 Nec
2450 5503 2587 5558 enim
2640 5491 2904 5572 injustitia
2958 5491 3143 5573 nostra
3190 5497 3360 5573 Deum
3408 5491 3547 5561 facit

1943 5574 2171 5644 justum,
2203 5575 2250 5629 si
2274 5575 2604 5645 peccantibus
2632 5569 2781 5629 nobis
2807 5574 2911 5641 det,
2941 5570 3081 5641 quod
3106 5569 3357 5637 promisit
3381 5581 3547 5621 sanc-

1954 5646 2038 5703 tis.
