4150 6194
559 268 631 328 79
1598 267 1694 323 AD
1732 265 1968 324 OPERA
2004 264 2060 320 S.
2101 261 2435 323 AMBROSII
2472 261 2859 319 APPEMDIX.
3800 258 3873 315 80

562 396 696 454 dum
724 395 753 453 ?
781 420 800 445 ι
840 394 1048 454 Verum
1077 401 1179 463 est,
1212 393 1348 467 quia
1375 409 1490 451 non
1528 401 1644 450 erat
1656 393 1867 465 justum
1898 398 1960 447 ut
2000 390 2164 462 judi-
2190 394 2241 453 A
2263 390 2447 463 justus
2477 390 2767 463 quisquam
2799 387 2976 460 (Psal.
3000 401 3125 454 xm,
3146 385 3227 458 3).
3249 409 3267 434 ι
3306 384 3394 441 Ab
3410 383 3689 457 injustitia
3702 386 3875 459 capit

575 494 725 545 caret
768 487 915 543 Deus
951 484 1242 554 mundum,
1262 483 1307 542 si
1323 484 1676 557 peccataejus
1691 483 1795 555 ipsi
1810 482 2159 555 proﬁcerent;

576 584 641 634 ut
673 584 813 633 nutu
842 574 959 647 ejus
988 584 1274 648 peccantes
1294 575 1424 631 dum
1458 575 1673 630 veniam
1728 582 2162 645 consequuntur,

574 667 724 722 Deus
780 666 959 721 bonus
1015 664 1341 721 videretur:
1389 672 1442 718 et
1471 664 1516 718 si
1556 680 1667 718 non
1714 669 2021 733 peccarent,
2053 677 2166 716 non

576 752 863 813 videretur
883 752 1103 825 justus;
1136 754 1181 808 si
1211 754 1357 808 enim
1391 768 1499 807 non
1530 759 1773 822 peccent,
1806 766 1919 805 non
1950 749 2169 804 haben-

579 842 651 900 do
679 842 769 899 cui
798 844 1061 911 remittat,
1094 859 1204 897 non
1231 840 1335 896 erit
1354 840 1532 896 bonus
1564 840 1705 911 (89).

650 951 834 1022 (Vers.
868 950 944 1019 7.)
990 972 1008 994 ι
1039 947 1095 1003 Si
1124 947 1272 1002 enim
1296 947 1501 1003 veritas
1529 948 1625 1003 Dei
1655 947 1713 1003 in
1763 964 1884 1003 meo
1935 944 2173 1002 menda—

574 1041 662 1099 cio
692 1038 995 1096 abundavit
1050 1037 1109 1093 in
1154 1037 1384 1109 gloriam
1444 1037 1635 1109 ipsius,
1687 1037 1820 1109 quid
1876 1037 2061 1093 adhuc
2118 1045 2172 1091 et

574 1146 672 1201 ego
702 1136 959 1201 tanquam
993 1134 1243 1198 peccator
1291 1126 1511 1198 judicor
1542 1127 1569 1183 ?
1601 1153 1618 1174 ι
1686 1127 2037 1183 Manifestum
2069 1132 2167 1191 est,

576 1218 706 1292 quia
738 1218 785 1273 si
816 1216 882 1272 ad
906 1216 1134 1288 gloriam
1179 1215 1279 1271 Dei
1328 1215 1543 1288 proﬁcit
1584 1215 1930 1272 mendacium
1982 1215 2173 1270 homi-

577 1325 732 1375 num,
764 1314 828 1363 ut
866 1306 959 1361 ille
1011 1306 1161 1361 solus
1191 1321 1354 1360 verus
1404 1312 1677 1377 appareat,
1724 1312 2036 1376 peccatores
2062 1321 2174 1359 non

577 1404 707 1453 sunt
734 1394 953 1451 dicendi
986 1394 1079 1467 qui
1110 1401 1339 1465 peccant
1369 1413 1382 1461 ;
1410 1394 1539 1466 quia
1590 1410 1703 1448 non
1750 1393 2049 1460 voluntate,
2080 1391 2174 1449 sed

580 1485 824 1559 impulsu
853 1483 970 1556 ejus
1000 1483 1336 1539 videbuntur
1362 1499 1585 1555 peccare
1620 1500 1630 1538 :
1665 1482 1812 1556 quod
1843 1482 2004 1540 absit.

653 1596 836 1666 (Vers.
870 1594 952 1664 8.)
984 1618 1002 1641 «
1034 1595 1105 1650 Et
1142 1610 1276 1661 non,
1299 1593 1444 1651 sicut
1472 1591 1938 1663 blasphemamur,
1962 1599 2015 1646 et
2034 1589 2177 1647 sicut

580 1686 737 1741 aiunt
757 1702 858 1741 nos
873 1683 1098 1757 quidam
1128 1683 1332 1750 dicere,
1371 1683 1637 1738 faciamus
1667 1681 1830 1751 mala,
1860 1688 1923 1736 ut
1950 1679 2175 1735 veniant

2275 479 2417 535 mala
2469 495 2634 551 opera
2674 494 2866 534 eorum
2918 491 3259 542 enumerare,
3311 484 3367 531 et
3421 475 3621 547 partim
3678 475 3872 548 pejora

2273 568 2543 640 subjicere
2571 587 2585 635 ;
2619 576 2681 624 ut
2710 567 3082 624 manifestaret
3114 566 3172 620 in
3206 564 3295 620 his
3324 565 3535 620 nullam
3565 581 3717 637 spem
3771 565 3876 621 vi-

2275 659 2413 726 deri,
2446 660 2553 715 nisi
2575 660 2871 731 implorent
2900 656 3337 714 misericordiam
3370 654 3599 726 Christi,
3629 657 3726 730 qui
3748 674 3877 730 pec-

2277 757 2397 805 cata
2425 749 2681 805 dimittit.

2352 848 2534 919 (Vers.
2556 847 2617 901 11
2651 854 2704 901 et
2728 846 2839 917 i2.)
2875 844 3085 902 Deinde
3112 843 3339 916 adjecit:
3387 846 3544 903 «Non
3564 846 3882 903 estintelli-

2281 953 2467 1008 gens.»
2505 935 2717 991 Verum
2747 941 2849 1002 est,
2898 933 3028 1007 quia
3060 933 3105 990 si
3134 932 3291 989 daret
3314 950 3535 1005 operam
3566 935 3881 1009 intelligere

2280 1025 2357 1098 inj
2367 1034 2522 1082 ustus
2546 1042 2658 1080 non
2679 1033 2839 1081 esset.

2365 1148 2384 1171 ε
2414 1125 2533 1182 Non
2560 1135 2645 1205 est
2674 1125 2962 1197 requirens
2976 1126 3172 1183 Deum.
3202 1153 3221 1176 ι
3263 1128 3376 1183 Nec
3402 1126 3548 1184 istud
3586 1127 3891 1183 occultum

2281 1224 2381 1284 est,
2410 1218 2539 1289 quia
2565 1218 2610 1273 si
2639 1218 2970 1289 intelligeret
3001 1218 3135 1291 quid
3162 1219 3461 1291 prodesset,
3489 1220 3665 1274 Deum
3717 1235 3877 1291 qua-

2282 1313 2426 1362 reret
2455 1324 2466 1361 :
2497 1314 2551 1361 et
2582 1300 2692 1362 non
2724 1307 2865 1363 sicut
2902 1308 3013 1362 Asa
3041 1323 3137 1362 rex
3184 1307 3345 1377 Juda,
3399 1305 3494 1380 qui
3526 1315 3649 1379 post
3699 1308 3881 1363 multa

2284 1394 2384 1451 Dei
2428 1394 2695 1451 beneﬁcia
2750 1396 2830 1451 sic
2867 1395 3196 1469 depravatus
3244 1403 3344 1464 est,
3382 1404 3444 1452 ut
3493 1396 3880 1453 inﬁrmitatem

2284 1485 2485 1558 pedum
2544 1502 2753 1559 passus,
2812 1486 3081 1559 propheta
3135 1495 3420 1559 prasente,
3451 1504 3563 1543 non
3609 1495 3884 1561 quareret

2284 1576 2457 1630 Deum
2468 1619 2479 1630 .

2370 1699 2388 1720 ε
2418 1675 2621 1732 Omnes
2651 1674 3090 1749 declinaverunt,
3116 1677 3282 1734 simul
3313 1678 3538 1735 inutiles
3568 1678 3698 1735 facti
3750 1688 3887 1737 sunt

580 1775 771 1832 bona?
801 1800 820 1824 ι
866 1773 1024 1830 Nunc
1043 1772 1219 1845 aperit
1237 1788 1474 1845 quorum
1507 1788 1670 1828 causa
1700 1770 1818 1828 hac
1845 1769 2103 1836 sollicite,
2122 1777 2175 1824 et
2204 1757 2250 1816 Β
2287 1765 2461 1833 (Psal.
2495 1782 2618 1835 xm,
2651 1765 2731 1837 3).
2768 1793 2786 1815 ι
2826 1767 3043 1822 Nemini
3065 1767 3141 1821 du
3163 1767 3341 1834 bium,
3380 1768 3509 1840 quia
3543 1783 3732 1824 omnes
3768 1785 3884 1824 non

581 1881 709 1923 cum
739 1862 1048 1919 reverentia
1067 1861 1332 1933 disputat.
1366 1860 1414 1916 A
1442 1860 1714 1933 perversis
1745 1859 1861 1931 (90)
1889 1858 2036 1914 enim
2071 1858 2175 1912 hoc

583 1952 982 2027 opponebatur,
1012 1952 1169 2027 quasi
1199 1951 1293 2008 hic
1321 1959 1462 2007 esset
1517 1966 1710 2007 sensus
1752 1948 2173 2021 pradicantium

584 2042 961 2099 remissionem
990 2050 1364 2114 peccatorum,
1394 2049 1457 2097 ut
1481 2040 1723 2097 facerent
1748 2039 1911 2106 mala,
1943 2046 1997 2093 et
2025 2036 2177 2092 veni-

586 2140 708 2188 rent
736 2130 899 2201 bona,
952 2130 1058 2188 hoc
1105 2139 1206 2199 est,
1249 2137 1560 2204 peccarent,
1592 2139 1655 2186 ut
1684 2126 2020 2183 remittendo
2064 2124 2179 2180 illis

585 2222 734 2278 Deus
760 2221 1043 2278 videretur
1085 2221 1286 2289 bonus,
1320 2220 1622 2278 secundum
1668 2235 1789 2291 qua
1817 2233 1981 2288 supra
2030 2214 2181 2271 dicta

587 2320 717 2368 sunt
741 2329 753 2368 :
787 2311 935 2383 quod
958 2311 1361 2383 blasphemium
1383 2309 1639 2381 appellat,
1663 2317 1717 2364 et
1749 2305 1942 2378 abjicit
1970 2320 2181 2359 asensu

589 2401 797 2459 divinae
826 2401 1112 2458 doctrina.
1173 2402 1284 2458 Nec
1333 2400 1484 2455 enim
1539 2415 1763 2471 peccare
1793 2396 1989 2452 debere
2044 2393 2182 2449 ﬁdes

587 2491 775 2560 tradit,
809 2492 1012 2564 quippe
1041 2507 1167 2547 cum
1218 2488 1597 2562 judicaturum
1648 2489 1822 2543 Deum
1874 2482 2179 2557 pradicet;

588 2579 685 2637 sed
712 2578 1164 2652 delinquentibus
1217 2578 1479 2643 consulit,
1516 2585 1578 2632 ut
1631 2583 1953 2647 recuperata
1979 2572 2179 2638 salute,

588 2670 693 2727 sub
721 2670 839 2741 lege
868 2669 968 2724 Dei
998 2668 1249 2723 viventes
1272 2666 1388 2738 jam
1419 2682 1530 2722 non
1560 2672 1806 2738 peccent.

660 2777 898 2851 Ideoque
929 2776 1166 2849 subjecit
1205 2795 1216 2833 :
1260 2800 1278 2823 ι
1310 2776 1555 2843 Quorum
1576 2772 1859 2830 damnatio
1882 2771 2180 2844 justaest,»

595 2867 653 2925 id
709 2875 811 2937 est,
860 2867 1064 2930 horum
1096 2866 1390 2922 hominum
1425 2865 1521 2938 qui
1563 2864 1914 2921 aemulatione
1957 2859 2187 2917 invidia

590 2956 740 3013 istud
778 2956 845 3012 de
884 2956 1044 3011 nobis
1073 2954 1523 3025 interpretantur,
1565 2953 1711 3027 quod
1760 2968 1925 3024 supra
1973 2950 2186 3006 dictum

593 3050 694 3113 est,
718 3044 999 3100 damnatio
1024 3042 1174 3114 justa
1197 3050 1297 3097 est.
1330 3042 1459 3097 Hac
1504 3042 1651 3095 enim
1677 3041 1961 3111 jactabant
1986 3036 2184 3104 Judai,

2286 1861 2591 1925 quaerentes
2636 1856 2833 1925 Deum,
2869 1856 3230 1926 inclinantur,
3265 1864 3326 1912 ut
3371 1856 3648 1913 auxilium
3702 1858 3884 1930 requi-

2288 1953 2412 2001 rant
2441 1962 2473 1999 a
2502 1945 2759 2001 vanitate
2795 1964 2808 2014 ;
2842 1947 3059 2002 vanitas
3098 1953 3277 2002 autem
3336 1956 3417 2003 est
3454 1947 3706 2015 idolum;
3759 1947 3887 2005 ideo

2290 2033 2516 2090 inutiles
2546 2033 2710 2090 ﬁunt.

2371 2155 2390 2178 ε
2429 2132 2551 2188 Non
2581 2142 2662 2190 est
2692 2133 2787 2207 qui
2817 2133 2985 2190 faciat
3013 2134 3252 2204 bonum,
3311 2151 3421 2190 non
3474 2142 3554 2191 est
3600 2151 3772 2209 usque
3814 2134 3885 2193 ad

2288 2238 2460 2278 unum
2515 2224 2728 2297 (Ibid)
2771 2250 2788 2274 ›
2829 2224 2970 2291 Quia
3007 2225 3254 2296 neglecto
3283 2226 3419 2293 Deo,
3467 2226 3691 2282 inutiles
3753 2226 3885 2283 facti
3934 2263 3945 2271 -

2290 2323 2440 2381 sunt,
2468 2314 2676 2371 bonum
2712 2315 2903 2388 utique
2947 2315 3122 2372 facere
3152 2332 3264 2371 non
3294 2324 3522 2388 possunt
3552 2334 3564 2385 ;
3592 2316 3706 2389 jam
3734 2318 3886 2373 enim

2290 2404 2572 2478 depravati
2612 2406 2909 2478 proﬁciunt
2938 2407 2995 2462 in
3027 2406 3201 2479 pejus.

2365 2503 2547 2574 (Vers.
2584 2504 2668 2560 13.
2701 2504 2720 2575 )
2768 2527 2785 2549 ι
2819 2504 3141 2576 Sepulcrum
3156 2513 3344 2576 patens
3369 2513 3449 2562 est
3477 2513 3665 2577 guttur
3694 2522 3887 2561 eorum

2295 2593 2508 2664 (Ibid)
2542 2618 2561 2640 ι
2611 2594 2729 2650 Jam
2761 2593 2921 2649 malis
2950 2594 3246 2666 mancipati
3270 2594 3516 2662 bonos,si
3545 2604 3727 2667 posset
3742 2594 3887 2663 ﬁeri,

2293 2680 2557 2737 devorare
2617 2681 2923 2738 volebant:
2980 2691 3042 2739 ut
3079 2683 3222 2739 sicut
3274 2684 3585 2755 sepulcrum
3620 2690 3765 2755 patet
3812 2682 3885 2738 ad

2294 2770 2610 2842 recipienda
2661 2770 2949 2839 cadavera,
2985 2771 3061 2827 ita
3114 2780 3167 2827 et
3198 2771 3460 2828 adversus
3486 2771 3660 2828 bonos
3697 2779 3891 2845 guttur

2295 2874 2505 2915 GOPDHL

2380 2982 2397 3004 ι
2432 2959 2661 3030 Linguis
2690 2958 2805 3015 suis
2832 2958 3019 3015 dolose
3045 2960 3275 3032 agebant
3304 2960 3519 3033 (Ibid.).
3550 2985 3569 3008 υ
3632 2960 3737 3027 Qui
3767 2967 3884 3016 tam

2299 3050 2459 3105 malis
2513 3050 2771 3122 operibus
2800 3059 3175 3120 assueverant,
3204 3068 3324 3124 qua
3378 3050 3764 3124 loquebantur,
3818 3052 3881 3107 in

592 3141 659 3189 ut
682 3132 989 3189 doctrinam
1035 3130 1391 3203 apostolicam
1441 3129 1890 3195 criminarentur,
1942 3126 2187 3182 dicentes
2220 3115 2263 3177 C
2294 3138 2511 3197 fallacia
2539 3115 2715 3197 grant,
2749 3167 2766 3189 .
2826 3141 3117 3198 venenum
3159 3115 3414 3213 έεῇίάωη
3450 3115 3562 3197 ’διώ
3609 3115 3771 3196 Ῑαδίίέ
3799 3156 3892 3197 eo-

594 3220 743 3294 quod
799 3236 926 3276 cum
984 3220 1366 3277 remissionem
1440 3226 1790 3290 peccatorum
1859 3214 2183 3289 pradicant,

592 3311 858 3386 peccandi
915 3310 1166 3367 fomitem
1213 3311 1528 3384 prabeant;
1589 3319 1650 3367 ut
1679 3309 1835 3384 quasi
1862 3308 2041 3365 securi
2090 3312 2189 3368 44

594 3408 849 3465 homines
878 3406 945 3465 de
1000 3408 1327 3464 remissione
1386 3408 1527 3479 (91),
1561 3412 1811 3479 prompte
1852 3412 2179 3477 peccarent:

593 3514 721 3554 cum
750 3504 961 3553 constet
989 3504 1113 3568 post
1138 3505 1413 3569 acceptam
1459 3495 1623 3551 ﬁdem
1658 3494 2027 3567 periculosum
2075 3509 2189 3550 esse

596 3600 841 3659 peccare,
873 3594 927 3642 et
952 3584 1057 3641 hoc
1085 3586 1309 3658 pradici
1338 3583 1708 3642 credentibus.

671 3693 853 3765 (Vers.
877 3694 958 3766 9.)
1022 3718 1039 3740 ι
1088 3694 1235 3762 Quid
1268 3710 1396 3766 ergo
1424 3694 1452 3750 ?
1492 3693 1858 3766 pracellimus
1888 3691 2028 3749 eos?
2076 3691 2193 3749 Ne-

598 3798 895 3855 quaquam.
959 3781 1181 3840 Causati
1251 3782 1367 3855 (92)
1427 3784 1574 3839 enim
1633 3800 1826 3840 sumus
1882 3782 2101 3839 Judaos
2141 3790 2195 3838 et

599 3872 816 3929 Gracos
847 3889 1038 3929 omnes
1077 3872 1178 3929 sub
1235 3883 1455 3945 peccato
1485 3891 1620 3931 esse.
1663 3900 1681 3923 ι
1743 3876 1859 3931 Hoc
1906 3882 2010 3940 est,
2061 3872 2194 3945 quid

598 3966 782 4024 adhuc
825 3966 1188 4022 immoramur
1235 3967 1415 4026 latius,
1458 3968 1745 4041 loquentes
1774 3969 1801 4024 ‘I
1834 3966 2195 4024 Ostendimus

600 4057 750 4113 enim
807 4056 1038 4112 redditis
1089 4056 1286 4123 causis,
1319 4063 1428 4111 tam
1487 4057 1704 4112 Judaos
1729 4073 1893 4129 quam
1954 4057 2194 4125 Graecos,

599 4168 791 4209 omnes
837 4168 959 4208 reos
999 4167 1135 4219 esse,
1195 4150 1428 4222 ideoque
1493 4150 1700 4206 frustra
1742 4151 1911 4222 legem
1966 4148 2194 4203 servari.

600 4240 847 4295 Primum
887 4241 1035 4295 enim
1084 4240 1304 4296 Gracos
1362 4239 1603 4295 ostendit
1649 4254 1769 4294 reos
1812 4236 1975 4308 juxta
2025 4238 2196 4309 legem

606 4336 844 4391 natura,
886 4335 943 4381 et
1004 4328 1152 4399 quod
1181 4344 1357 4401 neque
1387 4328 1559 4400 legem
1609 4326 1817 4400 Moysis
1847 4326 2151 4396 reciperent
2182 4342 2196 4392 ;

606 4414 972 4485 quamobrem
1004 4416 1237 4485 pessima
1265 4433 1454 4471 eorum
1477 4424 1530 4471 et
1559 4416 1980 4488 pergravissima
2016 4430 2194 4469 causa.

2296 3245 2420 3284 rum
2446 3230 2658 3301 (Ibid)
2697 3256 2714 3278 ι
2762 3230 2878 3286 Hoc
2913 3231 3069 3300 dicit,
3099 3231 3228 3304 quia
3252 3231 3419 3287 verba
3450 3228 3772 3302 hujusmodi
3792 3229 3893 3286 ho-

2296 3319 2511 3373 minum
2568 3317 2879 3390 muscipula
2927 3328 3075 3376 sunt.
3107 3319 3195 3377 Ad
3249 3319 3355 3377 hoc
3383 3320 3531 3375 enim
3579 3319 3889 3391 loquuntur

2298 3417 2360 3465 ut
2383 3407 2691 3479 decipiant;
2726 3416 2788 3464 ut
2819 3408 2965 3467 sicut
2996 3426 3092 3483 per
3135 3408 3281 3465 labia
3316 3408 3583 3482 serpentis
3610 3423 3893 3464 venenum

2300 3498 2636 3567 infunditur,
2669 3497 2746 3553 ita
2770 3505 2824 3554 et
2852 3514 2949 3570 per
2982 3498 3129 3555 labia
3151 3515 3340 3556 eorum
3366 3498 3527 3556 dolus
3556 3507 3611 3555 et
3637 3498 3897 3555 circum-

2301 3587 2606 3643 ventiones.

2376 3685 2561 3751 (Vers.
2600 3684 2714 3757 14.)
2757 3710 2775 3731 ι
2811 3685 3061 3753 Quorum
3108 3703 3169 3742 os
3206 3685 3592 3742 maledictione
3615 3694 3670 3741 et
3697 3682 3897 3739 amari-

2301 3773 2496 3831 tudine
2544 3774 2768 3846 plenum
2815 3783 2897 3830 est
2927 3775 3143 3847 (Ibid)
3174 3800 3193 3825 ι
3253 3776 3607 3834 Manifestum
3631 3780 3714 3829 est
3767 3772 3901 3845 quia

2303 3871 2491 3921 contra
2523 3863 2697 3921 bonos
2726 3865 2856 3921 mali
2885 3881 3098 3937 semper
3126 3865 3416 3923 maledicta
3445 3873 3500 3921 et
3529 3881 3713 3921 amara
3756 3879 3901 3935 pro-

2305 3962 2545 4026 ponunt,
2579 3953 2640 4009 in
2677 3953 2995 4011 convicium
3024 3954 3247 4011 illorum
3277 3963 3695 4028 prorumpentes
3720 3960 3775 4009 et
3801 3950 3901 4007 de-

2306 4043 2627 4100 tractionem
2639 4088 2651 4099 .

2381 4142 2563 4211 (Vers.
2602 4142 2687 4198 15.
2727 4143 2745 4213 )
2792 4166 2810 4189 ι
2847 4142 3076 4199 Veloces
3104 4141 3267 4215 pedes
3296 4158 3485 4199 eorum
3515 4141 3582 4199 ad
3614 4139 3901 4198 effunden-

2307 4230 2437 4286 dum
2468 4233 2791 4304 sanguinem
2820 4234 3033 4306 (Ibid).
3066 4260 3084 4281 ι
3126 4234 3242 4289 Hoc
3261 4232 3327 4290 de
3357 4250 3487 4291 nece
3508 4232 3902 4306 prophetarum

2307 4318 2475 4391 dixit,
2510 4336 2652 4393 quos
2671 4321 3007 4378 occiderunt
3036 4323 3287 4395 impigre,
3319 4322 3387 4379 ad
3442 4323 3648 4379 bonum
3716 4337 3911 4393 segnes

2309 4408 2378 4464 ad
2407 4409 2767 4481 parricidium
2802 4413 3042 4469 veloces.

604 4476 825 4558 Deinde
883 4476 1047 4559 etiam
1105 4504 1321 4559 Judaos
1350 4476 1593 4561 ostendit
1640 4476 1783 4570 reos,
1812 4504 1906 4577 qui
1951 4502 2052 4559 sub
2084 4504 2197 4575 lege
2230 4476 2280 4535 Β
2384 4510 2567 4577 (Vers.
2603 4512 2715 4583 16.)
2789 4537 2807 4559 ι
2841 4512 3116 4569 Contritio
3143 4520 3198 4569 et
3252 4512 3551 4569 infelicitas
3584 4512 3643 4568 in
3670 4512 3780 4568 viis
3816 4528 3906 4567 eo-

602 4590 703 4646 Dei
734 4590 925 4646 vivere
962 4589 1244 4659 videntur,
1290 4609 1353 4648 ac
1382 4592 1488 4647 sibi
1532 4592 1728 4648 merito
1765 4600 1980 4664 patrum
2011 4591 2193 4647 defen-

603 4677 796 4734 derent
847 4678 1194 4750 dignitatem,
1228 4696 1297 4736 ex
1347 4696 1410 4737 eo
1449 4681 1747 4754 pracipue,
1773 4682 1919 4755 quod
1965 4681 2196 4755 promis-

603 4765 815 4822 sionem
860 4774 1076 4838 patrum
1108 4769 1436 4841 spreverint,
1468 4772 1566 4826 Dei
1613 4772 1843 4843 gratiam
1873 4771 1932 4826 in
1976 4771 2195 4826 irritum

604 4853 958 4911 deducentes.
992 4856 1077 4911 Ad
1131 4874 1294 4929 quam
1347 4875 1462 4914 rem
1509 4860 1842 4917 ﬁrmandam
1879 4861 2197 4931 exemplum

604 4943 989 5016 propheticum
1016 4945 1267 5004 subdidit
1309 4965 1378 5004 ex
1427 4949 1636 5021 psalmo
1667 4950 1834 5006 tertio
1856 4949 2073 5006 decimo
2103 4948 2200 5004 di-

604 5050 762 5090 cens:

681 5143 869 5214 (Vers.
929 5144 1044 5216 10.)
1110 5168 1128 5191 ‹
1177 5144 1331 5203 Sicut
1359 5146 1626 5219 scriptum
1679 5153 1781 5215 est,
1821 5146 1952 5220 quia
1980 5164 2090 5203 non
2120 5156 2201 5205 est

681 5325 798 5399 (89)
826 5326 955 5399 Mss.
980 5326 1208 5399 aliquot,
1237 5327 1360 5382 utsi
1386 5345 1491 5383 non
1519 5334 1809 5399 peccarent,
1831 5345 1935 5384 non
1964 5329 2199 5385 habendo

608 5398 749 5468 quod
777 5398 1085 5463 remitteret,
1102 5416 1207 5452 non
1237 5406 1363 5454 esset
1388 5398 1573 5455 bonus.

841 5469 1105 5549 Nonnulli
1135 5487 1288 5549 _rnss.,
1322 5472 1432 5549 Hoc
1459 5479 1534 5526 est
1560 5471 1697 5526 unde
1720 5470 1821 5526 sibi
1865 5474 2201 5543 quaestionem

606 5537 730 5613 fecit
758 5537 1072 5613 (Apostolus.
1107 5542 1154 5597 A
1180 5542 1470 5613 perversis,
1500 5551 1603 5599 etc.

682 5610 1057 5682 (91)'Quidam
1085 5610 1239 5682 mss.,
1262 5613 1325 5669 de
1343 5615 1714 5685 promissione.
1738 5615 1888 5673 Infra
1916 5631 2048 5671 vero
2076 5632 2196 5688 pro,

2309 4616 2432 4656 rum
2465 4601 2681 4673 (Ibid.).
2712 4628 2730 4650 ›
2800 4601 3069 4669 Quoniam
3127 4601 3281 4658 citati
3338 4609 3493 4658 erant
3548 4601 3615 4658 ad
3677 4601 3909 4656 malefa-

2308 4689 2589 4759 ciendum,
2629 4691 2734 4746 iter
2778 4690 3020 4763 ipsorum
3068 4691 3155 4747 vel
3204 4706 3445 4764 gressum
3496 4690 3821 4747 tribulatum
3852 4698 3912 4746 et

2310 4778 2591 4835 infelicem
2622 4782 2964 4851 pronuntiat.

2397 4902 2415 4923 ι
2444 4878 2517 4933 Et
2549 4877 2697 4935 viam
2752 4878 2900 4952 pacis
2932 4895 3043 4935 non
3076 4885 3454 4950 cognoverunt
3484 4877 3701 4950 (Ibid)
3732 4902 3749 4925 ›
3800 4876 3914 4935 Via

2310 4969 2463 5040 pacis
2494 4969 2634 5025 lenis
2666 4976 2747 5026 est
2775 4978 2829 5026 et
2858 4969 3141 5026 inturbata
3168 4989 3181 5038 ;
3211 4969 3392 5026 omnis
3419 4969 3568 5025 enim
3613 4968 3760 5024 bona
3790 4968 3915 5025 vita

2310 5060 2614 5133 tranquilla
2645 5068 2747 5129 est,
2780 5068 2835 5115 et
2874 5069 3027 5117 actus
3082 5059 3317 5118 modesti
3371 5059 3476 5133 ipsi
3509 5068 3638 5116 sunt
3664 5058 3913 5131 paciﬁci,

2311 5157 2365 5206 et
2386 5166 2484 5223 per
2512 5151 2646 5207 istos
2703 5150 2816 5206 itur
2871 5149 2940 5206 ad
2990 5152 3165 5207 Deum
3201 5150 3340 5225 (93).
3368 5149 3456 5206 Illi
3498 5164 3627 5222 ergo
3655 5148 3917 5204 nolentes

2312 5332 2361 5383 et
2389 5325 2747 5399 hoeprazdici,
2778 5326 2935 5383 Rom.
2956 5325 3089 5399 edit.
3112 5325 3376 5399 reposuit,
3408 5332 3457 5381 et
3484 5324 3915 5399 hocpradicare.

2388 5398 2515 5480 (92).
2559 5399 2689 5454 Mss.
2728 5398 2921 5472 aliqui,
2982 5398 3124 5467 Quid
3153 5397 3273 5470 ergo
3321 5406 3555 5455 tenemur
3588 5397 3842 5469 amplius
3886 5400 3919 5454 ?

2311 5475 2695 5615 ωῗὸῗῖςιῖξοώι
2730 5542 2927 5615 CQdex,
2957 5549 3011 5599 et
3030 5540 3201 5615 Dion,
3231 5540 3380 5615 apud
3400 5541 3559 5610 Gill.,
3590 5558 3697 5597 non
3724 5556 3920 5615 cogno-

2316 5619 2520 5679 verunt,
2548 5613 2953 5671 inimicitiarum
2984 5614 3127 5671 viam
3156 5613 3434 5685 eligentes;
3463 5631 3563 5685 per
3589 5630 3751 5685 quam
3797 5613 3924 5668 itur
