4136 6194
268 382 332 439 8,
639 386 646 401 ι
1356 379 1720 439 COMMENT.
1758 382 1832 440 IN
1868 382 2088 443 EPIST.
2128 386 2227 443 AD
2265 385 2476 451 nou,
3493 397 3564 455 82

273 508 388 563 haec
424 506 587 575 scire,
611 507 894 579 elegerunt
922 506 1067 562 viam
1095 505 1541 578 tribulationum,
1572 524 1669 583 per
1696 524 1861 582 quam
1890 512 1942 571 A
1969 510 2099 583 quia
2128 512 2314 567 omnis
2334 514 2572 572 mundus
2592 516 2773 574 Judaei
2803 526 2959 575 erant
2982 527 3036 575 et
3051 520 3301 593 gentiles,
3318 539 3349 579 a
3369 523 3572 595 quibus

271 596 383 654 itur
404 598 464 652 in
494 596 819 669 gehennam.

337 687 524 758 (Vers.
562 687 675 759 17).
722 709 740 733 ‹
768 687 888 743 Non
935 694 1015 743 est
1042 685 1210 742 timor
1237 687 1338 743 Dei
1382 695 1509 744 ante
1540 688 1730 745 oculos
1759 705 1864 745 eo-

273 792 390 831 rum
423 776 637 848 (Ibid).
670 800 689 824 ι
731 776 998 844 Quoniam
1018 775 1339 850 hujusmodi
1370 777 1490 833 sine
1518 793 1686 833 sensu
1714 785 1866 847 sunt,

270 867 365 922 Dei
410 867 662 922 timorem
710 884 821 923 non
850 867 1091 923 habent:
1141 891 1159 914 ι
1189 868 1419 923 Initium
1462 868 1609 922 enim
1643 869 1867 939 sapien-

270 956 361 1011 tiae
401 958 567 1012 timor
592 956 839 1026 Domini,
869 957 1007 1014 dicit
1044 958 1306 1013 Salomon
1340 958 1525 1027 (Prov.
1557 975 1595 1025 1,
1632 960 1706 1027 7).
1739 983 1758 1007 ι
1794 959 1867 1013 Et

269 1061 380 1101 non
406 1045 550 1100 dixit
583 1046 841 1101 timorem
872 1045 972 1101 Dei
1003 1045 1106 1101 hos
1130 1062 1240 1100 non
1272 1045 1490 1113 habere,
1521 1045 1648 1101 sed:
1695 1070 1713 1092 ι
1744 1047 1864 1102 Non

269 1141 351 1190 est
381 1134 585 1208 inquit,
630 1134 800 1190 timor
828 1134 928 1190 Dei
956 1141 1081 1189 ante
1118 1136 1306 1190 oculos
1343 1151 1551 1189 eorum.
1586 1161 1603 1183 ι
1644 1135 1865 1192 Viden-

268 1232 349 1280 tes
375 1224 526 1280 enim
556 1231 672 1278 tam
715 1222 954 1295 maligna
982 1239 1143 1295 opera
1172 1240 1288 1292 sua,
1321 1232 1374 1279 et
1403 1240 1515 1280 non
1551 1224 1861 1294 horrentes,

264 1312 527 1369 timorem
558 1313 658 1369 Dei
685 1312 945 1368 dicuntur
970 1320 1095 1367 ante
1124 1312 1313 1368 oculos
1340 1329 1453 1369 non
1482 1313 1701 1370 habere.
1726 1316 1865 1371 Istos

263 1420 464 1461 omnes
496 1410 551 1459 et
583 1402 846 1475 propheta
884 1401 1145 1457 Ieremias
1173 1401 1468 1473 signiﬁcat,
1501 1403 1691 1460 dicens
1716 1406 1865 1461 inter

265 1501 460 1551 caetera
488 1510 500 1547 :
546 1517 565 1539 ι
595 1493 747 1547 Tunc
775 1507 965 1547 omnes
1002 1492 1424 1549 insurrexerunt
1452 1494 1508 1549 in
1538 1495 1862 1568 prophetam

267 1582 510 1650 Domini,
529 1582 776 1638 volentes
801 1580 1050 1638 occidere
1070 1598 1195 1637 eum
1215 1583 1428 1654 (Jerem.
1460 1600 1619 1653 xxvr,
1641 1585 1720 1656 8).
1742 1610 1760 1631 ι
1792 1586 1866 1640 Et

267 1672 544 1746 sequitur:
585 1697 602 1718 ι
629 1671 824 1728 Omnis
838 1679 1021 1729 autem
1037 1673 1275 1745 populus
1295 1690 1404 1729 non
1426 1675 1677 1747 permisit
1700 1674 1862 1747 (Ibid.

270 1770 383 1843 16).
420 1796 438 1818 ι
480 1770 610 1826 Illos
637 1786 765 1842 ergo
795 1786 985 1826 omnes
1022 1769 1179 1840 dicit,
1210 1768 1307 1825 45
1336 1771 1433 1827 sed
1457 1771 1658 1838 malos;
1690 1780 1744 1827 et
1764 1770 1866 1827 hos

1970 604 2235 677 segregati
2265 614 2393 661 sunt
2422 605 2627 663 ﬁdeles.
2660 609 2888 676 Quando
2916 626 3045 684 ergo
3092 612 3309 669 Iudaeos
3335 613 3430 687 qui
3480 613 3572 670 le-

1975 710 2093 768 gem
2135 705 2471 767 acceperunt
2516 714 2548 754 a
2592 701 2723 767 Deo,
2771 709 2825 757 et
2866 703 3070 774 quibus
3108 704 3252 760 facta
3280 704 3574 776 promissio

1975 793 2075 853 est,
2111 788 2351 857 peccatis
2379 786 2575 858 probat
2605 788 2872 846 obnoxios
2904 792 3045 863 (95),
3087 792 3319 848 dubium
3350 808 3462 848 non
3492 801 3575 849 est

1963 894 2167 933 omnes
2208 877 2449 933 Graecos
2523 895 2642 934 reos
2707 896 2822 936 esse
2882 882 3095 938 mortis.
3154 882 3568 950 Quamobrem:

1991 990 2008 1013 ιι
2046 968 2221 1023 Omne
2262 983 2323 1021 os
2367 966 2707 1036 obstruatur,
2740 970 2836 1037 ait,
2882 977 2937 1024 et
2981 970 3234 1027 subditus
3264 971 3358 1027 ﬁat
3390 970 3572 1026 omnis

1974 1056 2215 1111 mundus
2262 1058 2374 1111 Deo
2404 1074 2468 1115 ιι
2519 1056 2649 1113 dum
2696 1075 2887 1115 omnes
2941 1059 3020 1114 rei
3065 1059 3279 1135 probati
3327 1062 3575 1135 indigent

1973 1143 2350 1201 misericordia
2376 1144 2496 1212 Dei,
2532 1153 2641 1200 tam
2672 1146 2873 1212 Judaei,
2902 1163 3065 1219 quam
3097 1148 3262 1204 etiam
3303 1149 3500 1206 Grieci.

2046 1234 2225 1305 (Vers.
2259 1233 2377 1305 20).
2428 1260 2446 1281 ι
2476 1234 2747 1302 Quoniam
2779 1235 3003 1307 quidem
3036 1252 3147 1291 non
3172 1236 3575 1309 justiﬁcabitur

1972 1339 2041 1378 ex
2087 1322 2347 1395 operibus
2398 1323 2534 1395 legis
2580 1323 2762 1379 omnis
2802 1340 2928 1379 caro
2980 1341 3160 1380 coram
3209 1328 3345 1382 Deo.
3375 1351 3393 1373 ι
3451 1327 3573 1384 Non

1974 1412 2097 1469 ideo
2116 1413 2347 1468 minime
2364 1411 2700 1483 justiﬁcatos
2720 1412 2978 1468 homines
2994 1415 3192 1470 asserit
3212 1415 3358 1487 apud
3374 1417 3571 1485 Deum;

1974 1503 2103 1577 quia
2136 1505 2308 1573 legem
2355 1501 2589 1574 justitiae
2629 1518 2738 1558 non
2767 1511 3128 1559 servaverunt
3160 1503 3218 1559 in
3250 1506 3571 1578 praeceptis:

1974 1594 2068 1650 sed
2098 1594 2228 1668 quia
2260 1600 2665 1648 sacramentum
2691 1593 2943 1665 mysterii
2964 1593 3084 1662 Dei,
3103 1594 3250 1667 quod
3272 1594 3330 1649 in
3356 1594 3575 1654 Christo

1975 1692 2075 1753 est,
2109 1683 2330 1740 credere
2359 1683 2681 1738 noluerunt.
2713 1682 2816 1739 Per
2840 1682 2947 1739 hoc
2977 1682 3125 1739 enim
3158 1683 3405 1741 decrevit
3431 1687 3577 1742 Deus

1968 1774 2272 1850 justiﬁcare
2309 1773 2615 1843 hominem,
2659 1789 2772 1829 non
2805 1789 2901 1845 per
2944 1773 3139 1846 legem,
3185 1775 3316 1848 quia
3371 1775 3462 1831 lex
3508 1774 3576 1831 ad

268 1876 478 1928 omnes,
505 1860 601 1916 sed
630 1860 827 1916 honos.
859 1861 1046 1933 Neque
1074 1861 1223 1916 enim
1248 1860 1377 1933 quia
1397 1861 1565 1917 dicit:
1613 1884 1631 1907 ι
1662 1860 1865 1917 Omnes
1888 1872 1935 1932 Β
1962 1876 2181 1938 tempus
2201 1862 2488 1936 justiﬁcat,
2523 1879 2635 1919 non
2663 1862 2809 1935 apud
2840 1866 3037 1921 Deum.
3067 1864 3196 1921 Ideo
3231 1866 3406 1938 legem
3447 1883 3577 1922 ser-

268 1949 687 2006 declinaverunt
730 1975 747 1997 -
768 1992 784 2017 ,

267 2038 362 2095 sed
405 2038 547 2094 hanc
592 2045 802 2111 partem
847 2038 1045 2110 plebis,
1075 2040 1219 2095 sicut
1262 2046 1316 2094 et
1355 2046 1690 2094 memoratus
1730 2054 1868 2110 pro-

266 2129 429 2204 pheta
461 2128 628 2184 refert
652 2145 664 2183 :
697 2152 715 2174 ι
746 2128 807 2183 In
836 2144 944 2201 qua
965 2144 1157 2184 omnes
1186 2129 1315 2184 mali
1346 2145 1404 2184 se
1419 2127 1810 2185 condiderunt.
1836 2154 1855 2177 ι

267 2218 493 2290 Semper
521 2217 671 2273 enim
700 2216 812 2273 duo
852 2218 1042 2289 populi
1072 2224 1201 2273 sunt
1232 2217 1287 2273 in
1315 2234 1424 2273 una
1448 2217 1623 2289 plebe.
1658 2217 1760 2272 Hic
1788 2224 1869 2272 est

267 2323 397 2379 ergo
444 2307 681 2379 populus
724 2321 886 2379 quem
922 2306 1167 2379 increpat
1195 2307 1465 2363 Dominus
1510 2305 1613 2362 sub
1644 2304 1868 2361 nomine

266 2396 589 2464 Jerusalem,
639 2395 863 2452 dicens:
924 2420 941 2443 ι
994 2396 1318 2464 Jerusalem,
1372 2396 1693 2464 Jerusalem,
1748 2412 1869 2468 quae

268 2487 480 2544 occidis
504 2487 796 2560 prophetas
829 2488 1042 2559 (Matth.
1073 2505 1239 2555 xxiii,
1271 2487 1384 2561 37).
1412 2513 1430 2537 ›
1472 2489 1544 2543 Et
1571 2487 1680 2542 alio
1711 2487 1864 2542 loco:

835 1955 1009 2005 totam
1056 1951 1277 2022 penitus
1313 1949 1527 2022 plebem
1568 1949 1865 2021 signiﬁcat,

283 2601 303 2623 ι
335 2576 646 2646 Generatio,
669 2577 769 2646 ait,
800 2578 943 2633 mala
970 2585 1025 2633 et
1055 2578 1303 2634 adultera
1327 2578 1538 2650 (Matth.
1569 2594 1673 2646 xu,
1692 2578 1784 2649 39)
1814 2603 1832 2625 ι
1851 2619 1866 2645 ,

272 2674 364 2723 et:
408 2691 425 2713 ι
452 2667 613 2723 Natio
661 2668 975 2740 viperarum
1022 2668 1181 2739 (Ibid.
1215 2667 1330 2738 34).
1365 2693 1384 2715 ι
1425 2669 1505 2723 De
1546 2664 1870 2739 hujusmodi

271 2755 527 2829 queritur
554 2755 719 2813 etiam
750 2756 1016 2829 propheta
1044 2757 1230 2825 Isaias,
1259 2756 1481 2814 dicens:
1537 2780 1555 2803 ι
1588 2757 1684 2813 Va:
1723 2757 1871 2828 genti

269 2844 584 2917 peccatrici,
618 2861 805 2902 semen
860 2846 1141 2918 pessimun
1174 2848 1308 2919 (Isa.
1342 2863 1381 2915 ι,
1414 2846 1506 2919 4)ι
1544 2872 1562 2893 ι
1604 2846 1707 2902 Per
1744 2862 1873 2901 ma-

268 2936 376 2990 lam
420 2934 566 2991 enim
608 2935 974 3002 voluntatem,
1017 2936 1148 2992 dum
1196 2936 1407 2992 fructus
1435 2937 1610 2991 malos
1637 2934 1873 3004 faciunt,

268 3040 458 3080 semen
485 3024 783 3097 pessimum
815 3031 963 3080 sunt.
998 3026 1070 3079 Et
1100 3026 1231 3096 quia
1254 3023 1302 3079 si
1331 3024 1877 3095 voluerint,possunt

267 3113 550 3182 converti,
583 3130 697 3168 vox
744 3113 941 3185 probat
969 3112 1223 3184 Apostoli
1254 3111 1312 3166 in
1354 3112 1463 3166 alia
1488 3112 1735 3183 Epistola
1780 3112 1878 3167 di-

1976 1962 2169 2010 vantes
2206 1952 2264 2007 in
2293 1960 2560 2024 tempore,
2585 1951 2721 2023 justi
2752 1961 2882 2008 sunt
2909 1970 3019 2009 non
3051 1954 3197 2026 apud
3216 1956 3392 2011 Deum
3415 1973 3429 2023 ;
3450 1955 3581 2028 quia

1976 2044 2114 2100 ﬁdes
2156 2059 2252 2115 per
2287 2059 2449 2116 quam
2475 2041 2853 2113 justiﬁcantur
2894 2042 3149 2101 homines
3190 2045 3335 2117 apud
3375 2048 3574 2115 Deum,

1977 2150 2090 2189 non
2122 2141 2203 2188 est
2232 2131 2290 2186 in
2322 2131 2421 2187 eis.
2448 2130 2623 2202 Major
2652 2131 2798 2186 enim
2829 2131 2965 2188 ﬁdes
2994 2140 3279 2206 est,quam
3303 2134 3421 2201 lex;
3446 2133 3578 2207 quia

1979 2225 2070 2279 lex
2103 2222 2170 2278 ad
2192 2238 2292 2277 nos
2317 2228 2577 2293 pertinet,
2610 2220 2743 2277 ﬁdes
2772 2221 2840 2277 ad
2864 2222 3060 2277 Deum.
3093 2222 3303 2280 Idcirco
3332 2223 3423 2279 lex
3442 2230 3577 2279 tem-

1977 2316 2220 2386 poralem
2251 2310 2416 2367 habet
2457 2310 2756 2383 justitiam,
2788 2310 2923 2367 ﬁdes
2952 2318 3230 2367 aeternam.
3279 2312 3415 2368 Nam
3447 2329 3580 2369 om-

1979 2418 2103 2457 nem
2147 2417 2367 2457 carnem
2402 2398 2592 2456 dicens
2639 2415 2859 2455 omnem
2890 2398 3172 2456 hominem
3216 2400 3576 2472 signiﬁcavit,

1980 2491 2121 2547 sicut
2176 2500 2229 2546 et
2283 2489 2549 2562 propheta
2593 2489 2760 2545 Isaias
2787 2489 2900 2545 ait:
2954 2514 2971 2537 ε
3016 2490 3089 2545 Et
3131 2489 3343 2547 videbit
3396 2491 3579 2549 omnis

1979 2598 2105 2638 caro
2130 2582 2365 2637 salutare
2390 2578 2488 2635 Dei
2522 2580 2656 2649 (Isa.
2680 2596 2774 2645 XL,
2796 2580 2854 2647 5)
2874 2604 2891 2626 ι
2929 2596 2943 2645 ;
2968 2579 3025 2635 id
3043 2586 3142 2647 est,
3167 2579 3381 2636 videbit
3396 2580 3579 2637 omnis

1979 2671 2146 2727 homo
2175 2670 2454 2727 Christum
2488 2668 2611 2735 Dei,
2642 2668 2696 2723 in
2731 2685 2841 2740 quo
2866 2669 3013 2723 salus
3042 2669 3292 2724 omnium
3318 2668 3580 2726 contine—

1980 2769 2090 2817 tur.
2138 2761 2211 2814 Et
2256 2758 2461 2815 idcirco
2501 2773 2664 2813 carne
2711 2755 3114 2828 signiﬁcantur,
3168 2757 3298 2829 quia
3339 2759 3584 2829 peccatis

1982 2846 2212 2905 obnoxii
2242 2854 2391 2902 sunt.
2424 2845 2578 2900 Sicut
2605 2844 2753 2900 enim
2778 2843 2998 2915 justitia
3026 2842 3303 2914 spiritales
3322 2844 3476 2913 facit,
3509 2845 3586 2901 ita

1982 2946 2037 2994 et
2063 2936 2267 2993 delicta
2285 2934 2551 3001 carnales,
2574 2940 2635 2988 ut
2659 2949 2728 2988 ex
2758 2940 2884 2988 actu
2914 2948 3118 2987 nomen
3139 2931 3372 3005 accipiat
3389 2932 3581 2992 homo.

2069 3052 2087 3074 ι
2126 3027 2228 3081 Per
2256 3026 2429 3095 legem
2476 3022 2623 3079 enim
2653 3020 2897 3093 cognitio
2932 3021 3139 3093 peccati
3166 3046 3183 3067 ι
3217 3040 3230 3089 ;
3276 3039 3373 3095 per
3416 3023 3581 3080 ﬁdem

1983 3123 2163 3171 autem
2212 3112 2482 3179 abolitio;
2527 3111 2650 3169 ideo
2697 3111 2973 3184 sequenda
3017 3110 3153 3168 ﬁdes
3190 3120 3292 3169 est.
3324 3113 3457 3182 Qua:
3503 3122 3586 3171 est

264 3207 485 3263 centis:
533 3230 552 3253 ι
584 3206 824 3261 Eramus
857 3213 912 3260 et
940 3222 1041 3260 nos
1068 3204 1365 3278 aliquando
1394 3212 1590 3261 natura
1618 3204 1721 3261 ﬁlii
1758 3205 1874 3274 iraa,
1912 3228 1956 3290 ρ
1984 3204 2102 3262 haec
2132 3206 2244 3271 lex,
2276 3220 2372 3277 per
2419 3219 2583 3277 quam
2628 3202 2765 3259 dicit
2793 3201 3075 3274 cognitum
3110 3219 3226 3259 esse
3274 3212 3582 3275 peccatum,

264 3294 418 3351 sicut
446 3301 501 3349 et
530 3294 712 3350 caiteri
745 3294 960 3364 (Ephes,
1000 3310 1062 3363 η,
1094 3294 1173 3367 3).
1206 3319 1225 3341 ι

342 3384 531 3457 (Vers.
569 3385 682 3451 18).
726 3408 745 3430 ι
774 3384 989 3441 Scimus
1016 3392 1198 3440 autem
1233 3383 1494 3457 quoniam
1534 3399 1875 3457 quaecunque

267 3476 361 3530 lex
392 3474 664 3547 loquitur,
698 3473 768 3530 iis
801 3474 896 3546 qui
926 3475 984 3530 in
1015 3474 1130 3546 lege
1159 3481 1289 3530 sunt
1322 3473 1590 3546 loquitur.
1624 3499 1641 3521 ι
1684 3473 1876 3529 Mani-

274 3564 474 3619 festum
517 3572 597 3620 est
639 3565 770 3637 quia
815 3564 916 3620 hos
965 3565 1211 3636 increpat
1258 3566 1369 3633 lex,
1405 3563 1501 3636 qui
1547 3570 1600 3618 et
1631 3563 1871 3635 primum

272 3668 385 3710 non
433 3652 789 3710 crediderunt
835 3652 963 3710 duci
1010 3671 1110 3711 suo
1146 3654 1349 3727 Moysi,
1381 3670 1561 3726 neque
1594 3652 1874 3725 prophetis

273 3741 594 3814 parentibus
635 3742 770 3811 suis,
807 3758 943 3816 quos
990 3751 1045 3799 et
1091 3749 1482 3817 persequentes
1528 3741 1870 3812 occiderunt,

272 3846 450 3903 neque
502 3830 766 3903 apostolis
818 3832 1062 3904 cognatis
1118 3833 1233 3889 suis
1279 3833 1582 3891 secundum
1630 3849 1873 3902 carnem,

273 3936 508 3992 quorum
542 3921 862 3993 sanguinem
892 3923 1227 3993 eﬁ'uderunt,
1256 3940 1470 3997 semper
1508 3922 1689 3995 impii,
1733 3930 1788 3979 et
1816 3923 1876 3979 in

275 4010 449 4065 Deum
495 4009 762 4066 rebelles:
815 4018 878 4066 ut
926 4027 1023 4084 per
1079 4013 1250 4083 legem
1306 4013 1661 4081 damnentur,
1719 4012 1877 4084 cujus

278 4097 660 4154 auctoritatem
708 4100 1166 4156 contemnendam
1214 4108 1501 4173 putarunt.
1546 4101 1699 4157 Sicut
1727 4101 1874 4157 enim

278 4186 529 4242 omnium
566 4190 835 4245 malorum
867 4205 978 4244 una
998 4197 1079 4245 est
1108 4206 1271 4246 causa
1294 4189 1351 4246 in
1382 4190 1529 4246 malo
1564 4189 1704 4259 (94),
1730 4190 1805 4246 ita
1825 4197 1879 4245 et

274 4285 605 4334 cunctorum
634 4278 931 4335 bonorum.
953 4281 1005 4335 Is
1026 4279 1145 4335 istis
1171 4297 1298 4351 ergo
1326 4280 1576 4336 omnium
1608 4280 1876 4335 similium

276 4369 532 4441 arguitur
583 4371 811 4427 malum.
858 4372 989 4427 Haec
1028 4371 1097 4426 ad
1141 4371 1455 4427 Iudaeorum
1496 4370 1879 4427 confusionem

276 4458 579 4531 pertinent,
620 4460 715 4534 qui
763 4460 869 4517 sibi
917 4468 973 4516 et
998 4459 1317 4533 parentibus
1357 4459 1472 4514 suis
1501 4460 1880 4515 testimonium

274 4563 347 4603 ex
380 4548 497 4619 lege
534 4548 800 4606 ferebant.

351 4638 537 4709 (Vers.
576 4641 688 4711 19).
736 4666 755 4689 ι
784 4641 854 4697 Ut
882 4656 1044 4696 omne
1082 4657 1142 4696 os
1170 4639 1511 4709 obstruatur,
1541 4648 1596 4696 et
1625 4640 1882 4697 subditus

272 4727 376 4784 ﬁat
406 4729 590 4785 omnis
623 4729 864 4787 mundus
882 4732 1017 4787 Deo.
1049 4755 1068 4778 ι
1109 4731 1224 4786 Hoc
1252 4729 1410 4797 dicit,
1445 4729 1573 4803 quia
1601 4729 1881 4785 Judazisin

278 4818 522 4891 peccatis
551 4818 887 4888 constrictis,
910 4819 1092 4875 omnis
1121 4820 1362 4876 mundus
1383 4819 1638 4876 subditus
1658 4819 1729 4874 ﬁt
1746 4820 1879 4875 Deo.

276 4907 438 4962 Nulli
470 4909 620 4963 enim
655 4908 890 4965 dubium
911 4917 1011 4978 est,
1043 4910 1171 4983 quia
1200 4910 1393 4982 pagani
1424 4910 1607 4965 obruti
1636 4917 1765 4965 sunt
1794 4908 1883 4964 de-

280 4997 434 5054 lictis
458 5005 514 5053 et
544 4998 944 5071 impietatibus,
973 5015 1039 5055 ac
1065 5015 1163 5070 per
1196 4998 1302 5054 hoc
1329 5006 1480 5054 totus
1506 4997 1746 5053 mundus
1770 4999 1884 5054 Deo

278 5094 591 5158 prostratus
615 5096 719 5155 est,
750 5095 812 5145 ut
841 5087 1017 5161 possit
1031 5087 1099 5143 ad
1129 5087 1530 5160 indulgentiam
1557 5086 1843 5159 pervenire
1867 5104 1881 5155 ;

277 5309 351 5364 ad
398 5315 619 5363 mortem
675 5307 975 5380 secundum,
1019 5305 1120 5360 iter
1164 5309 1558 5380 quohpergitur
1609 5309 1681 5365 ad
1735 5313 1888 5363 teter-

278 5397 409 5437 nam
460 5380 663 5435 vitam:
703 5397 820 5451 quae
857 5378 1055 5451 idcirco
1080 5393 1211 5451 pars
1249 5377 1465 5451 dicitur,
1514 5380 1639 5451 quia
1682 5381 1888 5435 nullam

274 5448 732 5523 perturbationem
762 5450 1018 5529 habebit.-
1070 5449 1238 5504 Deum
1272 5448 1541 5529 .habentes
1580 5452 1891 5529 propitium

278 5520 619 5596 spreverunt,
683 5525 916 5579 nolentes
942 5520 1388 5596 scirequmtimn‘
1416 5524 1560 5578 bome
1596 5520 1893 5580 bolitntatis

278 5592 520 5651 homines
549 5592 683 5651 hanc
704 5596 934 5666 requiem
960 5592 1217 5666 habebunt
1245 5594 1389 5666 apud
1417 5596 1603 5651 Deum.

355 5667 481 5740 (94)
514 5668 643 5724 Mss.
702 5662 893 5734 cum,
955 5662 1164 5735 Remig.
1217 5669 1273 5719 et
1318 5665 1559 5733 Thuan.,
1610 5684 1770 5723 unum
1819 5671 1894 5721 est

280 5757 491 5798 nantem
507 5740 567 5797 in
593 5740 758 5797 malo.

1985 3303 2039 3351 et
2067 3295 2346 3367 cognitum
2373 3291 2649 3366 quomodo
2670 3292 2698 3348 ?
2732 3290 2999 3349 Videmus
3041 3291 3191 3347 enim
3221 3299 3434 3349 veteres
3471 3309 3585 3349 non

1987 3385 2262 3457 ignorasse
2306 3390 2627 3456 peccatum;
2679 3381 2809 3454 quia
2855 3388 2909 3436 et
2953 3380 3154 3452 Ioseph
3199 3380 3257 3436 in
3309 3397 3583 3437 carcerem

1986 3474 2187 3530 missus
2223 3481 2327 3542 est,
2357 3472 2489 3529 licet
2536 3487 2634 3544 per
2662 3468 2997 3527 calumniam
3034 3470 3190 3540 (Gen.
3216 3485 3419 3538 xxxrx,
3452 3469 3581 3542 20);

1985 3571 2040 3619 et
2093 3564 2358 3635 pincerna
2421 3568 2475 3616 et
2537 3560 2712 3632 pistor
2773 3558 3099 3626 Pharaonis,
3158 3573 3319 3614 causa
3376 3558 3585 3630 peccati

1988 3657 2145 3726 (Gen.
2165 3672 2258 3723 xL,
2280 3655 2360 3726 3).
2380 3651 2667 3721 Quomodo
2682 3667 2809 3723 ergo
2826 3650 3067 3706 latebant
3083 3656 3302 3723 peccata
3316 3649 3344 3706 ?
3360 3649 3586 3723 Triplex

1986 3744 2209 3817 quidem
2259 3744 2351 3799 lex
2380 3750 2502 3809 est;
2550 3740 2628 3796 ita
2673 3748 2736 3795 ut
2780 3738 2958 3811 prima
2988 3755 3110 3810 pars
3148 3738 3216 3795 de
3244 3745 3587 3796 sacramento

1986 3834 2299 3893 divinitatis
2344 3831 2417 3888 sit
2470 3830 2599 3887 Dei:
2652 3828 2892 3885 secunda
2924 3834 3109 3884 autem
3156 3844 3277 3901 quae
3330 3827 3589 3900 congruit

1987 3927 2094 3999 legi
2123 3923 2385 3992 naturali,
2422 3938 2541 3995 quae
2591 3919 2875 3977 interdicit
2903 3924 3188 3991 peccatum
3217 3935 3228 3973 :
3265 3918 3430 3974 tertia
3456 3932 3588 3972 vero

1988 4018 2280 4081 factorum,
2313 4012 2371 4068 id
2399 4020 2504 4079 est,
2547 4010 2793 4077 Sabbati,
2823 4009 3147 4076 noemenize,
3197 4005 3589 4065 circumcisio-

1988 4107 2096 4174 nis,
2127 4112 2231 4161 etc.
2256 4103 2382 4159 Haec
2408 4109 2489 4158 cst
2517 4117 2644 4172 ergo
2673 4101 2762 4156 lex
2784 4098 3073 4157 naturalis.
3097 4112 3217 4169 quae
3247 4110 3343 4167 per
3360 4095 3591 4164 Moysen

1990 4195 2190 4269 partim
2243 4192 2560 4259 reformata,
2622 4190 2820 4261 partim
2872 4185 3172 4242 auctoritas
3214 4180 3335 4253 ejus
3371 4180 3591 4238 ﬁrmata

1991 4286 2048 4341 iu
2078 4284 2232 4339 vitiis
2257 4280 2603 4347 cohibendis,
2650 4278 2930 4350 cOgnitum
2963 4272 3096 4329 fecit
3123 4278 3443 4344 peccatum;
3476 4286 3589 4328 non

1992 4371 2139 4446 quod
2186 4372 2398 4436 lateret,
2430 4368 2575 4423 sicut
2608 4364 2726 4421 dixi
2756 4383 2767 4420 :
2803 4363 2897 4421 sed
2927 4360 3170 4418 ostendit
3199 4370 3420 4434 peccata
3470 4377 3592 4435 quae

1993 4461 2136 4516 ﬁunt
2159 4460 2299 4533 (96),
2329 4474 2441 4513 non
2472 4456 2698 4527 impune
2726 4454 2912 4509 futura
2936 4450 3082 4525 apud
3109 4452 3285 4508 Deum
3309 4469 3323 4518 ;
3357 4466 3426 4506 ne
3451 4449 3594 4507 forte

1964 4549 2119 4621 .quis
2159 4548 2227 4603 ad
2256 4555 2473 4618 tempus
2500 4543 2757 4612 evadens,
2801 4543 2976 4615 legcm
3007 4540 3246 4597 illusisse
3284 4546 3589 4611 putaretur.

1964 4633 2107 4693 'Hoc
2132 4644 2213 4693 est
2242 4636 2389 4708 quod
2418 4636 2510 4691 lex
2539 4633 2804 4690 ostendit.

2065 4726 2245 4796 (Vers.
2298 4724 2414 4796 2i).
2461 4748 2480 4771 ι
2520 4723 2679 4780 Nunc
2719 4737 2850 4778 vero
2904 4720 3022 4776 sine
3069 4718 3188 4791 lege
3232 4715 3451 4789 justitia
3491 4716 3595 4773 Dei

1993 4830 2344 4888 manifestata
2384 4835 2487 4896 est,
2530 4826 2912 4882 testimonium
2949 4818 3047 4875 46
3088 4820 3295 4877 habens
3322 4837 3353 4876 a
3380 4821 3497 4892 lege
3540 4826 3597 4876 et

1993 4922 2294 4996 prophetis.
2346 4944 2365 4968 ι
2426 4919 2695 4991 Apertum
2752 4923 2834 4972 est
2879 4913 3006 4988 quia
3057 4911 3274 4985 justitia
3328 4910 3428 4967 Dei
3473 4910 3593 4967 sine

1994 5014 2110 5084 lege
2138 5010 2413 5084 apparuit,
2443 5008 2537 5065 sed
2566 5008 2684 5064 sine
2716 5008 2830 5079 lege
2856 5002 3069 5061 sabbati
3113 5010 3167 5058 et
3204 4999 3594 5058 circumcisio-

1994 5104 2084 5159 nis
2137 5109 2192 5158 et
2246 5100 2551 5158 neomenize
2607 5105 2661 5155 et
2711 5095 3011 5153 vindicta:
3069 5108 3183 5149 non
3232 5098 3418 5148 tamen
3473 5090 3635 5151 sine_

2070 5303 2186 5376 (95)
2218 5301 2368 5376 Idem
2394 5298 2555 5376 Corh.
2589 5295 2795 5376 codex,
2813 5294 2886 5351 ad
2903 5291 3285 5376 indulgentium
3306 5288 3595 5376 pert‘inerff

1997 5359 2180 5432 omnis}
2200 5375 2337 5430 enim
2363 5371 2593 5426 mundus
2620 5359 2795 5424 Iudici
2819 5371 2970 5421 erant
2997 5359 3326 5432 el'gentites,
3364 5359 3437 5414 ad
3463 5369 3596 5427 quos

1997 5382 2167 5432 omnis
2200 5382 2337 5430 enim
2363 5382 2593 5426 mundus
2620 5382 2793 5424 Judtvt
2819 5382 2970 5421 erant
2997 5382 3045 5420 et
3086 5382 3319 5490 genum,
3364 5382 3437 5414 aa
3463 5382 3556 5427 quo

1997 5448 2141 5519 facta
2166 5445 2450 5519 promissio
2480 5448 2572 5519 est,
2593 5439 2819 5519 peccqtis
2844 5437 3393 5519 prohut‘outoztos'.“
3440 5494 3556 5519 :“J:

2376 5496 2387 5497 ί
2396 5496 2634 5590 codices,
2662 5511 2750 5567 sed
2777 5496 2998 5590 osiendit
3022 5497 3400 5590 futurum“

1999 5577 2266 5657 ciiimittt
2310 5589 2494 5643 nullus
2536 5577 2779 5657 peccator
2834 5578 3149 5657 immunt‘sa
3188 5585 3345 5649 ptem
3376 5577 3446 5624 stt
3470 5587 3502 5657 ;.
3531 5586 3596 5625 ne

2000 5648 2252 5731 [ονιείηη
2289 5661 2399 5715 Hoc
2448 5648 2708 5731 est-gnati
2742 5654 2827 5708 (ea:
2878 5648 3119 5711 ostendit,
3165 5648 3291 5712 quia
3325 5648 3595 5713 peccatum

1999 5728 2352 5806 imputaretur
2378 5728 2524 5803 apud
2542 5728 2730 5783 Deum.
