4150 6194
571 357 642 420 83
1592 370 1688 424 AD
1728 367 1964 424 OPERA
2003 366 2061 423 S.
2102 366 2437 424 AMBROSII
2475 369 2852 426 APPENDIX.
3809 372 3882 428 84

575 499 916 546 sacramento
946 491 1256 548 divinitatis
1284 495 1414 549 Dei:
1441 493 1642 566 quippe
1673 509 1798 548 cum
1825 491 2044 562 justitia
2066 493 2166 548 Dei
2196 495 2245 552 A
2277 491 2334 548 id
2362 502 2461 562 est,
2495 494 2768 567 disposuit
2797 495 3099 568 propitium
3139 510 3195 550 se
3223 493 3472 549 futurum
3506 496 3748 552 humano
3779 514 3882 568 ge—

574 578 642 634 de
691 589 1031 636 sacramento
1075 583 1171 636 Dei
1202 583 1292 638 sit.
1342 583 1476 638 Nam
1509 580 1728 654 quando
1755 597 1891 652 quos
1922 581 2010 636 lex
2049 599 2171 638 reos

575 669 814 736 tenebat,
859 669 1078 741 justitia
1123 673 1220 728 Dei
1269 672 1482 743 ignovit
1509 671 1641 738 illis,
1673 671 1790 726 sine
1822 672 1936 743 lege
1978 673 2170 745 utiquc

574 756 682 814 hoc
728 758 895 826 fecit;
939 761 1068 832 quia
1096 761 1153 815 in
1183 778 1318 833 quos
1344 762 1449 833 .lex
1493 761 1840 816 vindicatura
1869 769 2005 830 erat,
2055 762 2174 817 hac

575 847 805 905 donavit
853 850 965 905 illis
1011 860 1314 920 peccatum.
1357 852 1426 905 Et
1465 867 1532 905 ne
1575 849 1680 906 hoc
1710 851 1850 906 forte
1881 859 2072 906 contra
2100 853 2172 906 le-

576 953 695 1010 gem
749 939 952 995 factum
1003 947 1305 1009 putaretur,
1355 939 1554 1011 adjecit
1590 939 1862 1010 justitiam
1896 941 1993 994 Dei
2022 940 2172 996 testi-

575 1027 824 1081 monium
870 1025 1068 1082 habere
1096 1044 1163 1082 ex
1207 1029 1322 1099 lege
1353 1037 1408 1083 et
1446 1028 1751 1100 prophetis,
1785 1028 1889 1084 hoc
1917 1037 2018 1096 est,
2046 1030 2175 1103 quia

577 1114 693 1186 ipsa
741 1117 828 1169 lex
860 1132 930 1170 ex
959 1117 1067 1171 alia
1095 1126 1245 1188 parte
1275 1117 1408 1172 olim
1441 1117 1586 1172 istud
1618 1118 1866 1171 futurum
1914 1117 2168 1185 dixerat;

573 1204 702 1276 quia
727 1214 992 1260 venturus
1033 1214 1149 1262 erat
1178 1206 1273 1279 qui
1313 1206 1565 1262 homines
1614 1208 1849 1262 salvaret
1883 1208 2017 1278 (Isa.
2049 1225 2171 1276 xxx,

573 1294 706 1364 20):
758 1295 905 1366 quod
961 1295 1063 1366 legi
1119 1312 1437 1351 concessum
1493 1313 1604 1351 non
1661 1303 1794 1362 erat,
1840 1304 1900 1351 ut
1955 1305 2173 1367 peccata

574 1383 822 1439 donaret.
862 1384 988 1440 Ideo
1024 1401 1212 1440 aurem
1235 1384 1454 1457 justitia
1491 1386 1589 1441 Dei
1619 1384 1767 1441 dicta
1792 1392 1892 1452 est,
1927 1401 2047 1458 quae
2077 1386 2174 1440 vi-

574 1473 735 1530 detur
807 1492 922 1532 esse
997 1476 1396 1544 misericordia,
1471 1477 1598 1549 quia
1673 1476 1740 1532 de
1809 1476 2172 1549 promissione

573 1563 843 1635 originem
896 1565 1095 1621 habet:
1142 1575 1196 1621 et
1226 1583 1349 1622 cum
1403 1565 1736 1637 promissum
1769 1565 1869 1620 Dei
1899 1564 2170 1621 redditur.

566 1651 788 1724 justitia
803 1655 902 1711 Dei
934 1655 1157 1712 dicitur.
1181 1656 1405 1712 Justitia
1434 1655 1580 1710 enim
1605 1665 1707 1723 est,
1739 1656 1868 1728 quia
1896 1655 2170 1710 redditum

572 1751 672 1811 est,
714 1744 860 1815 quod
910 1748 1238 1816 promissum
1285 1753 1402 1800 est:
1438 1753 1490 1799 et
1537 1762 1663 1801 cum
1711 1745 1942 1817 suscipit
1968 1745 2174 1800 confu-

2279 585 2419 652 neri,
2471 585 2517 640 si
2566 586 2810 643 credant.
2876 612 2893 634 ‹
2935 588 2997 642 In
3042 585 3309 658 sanguine
3364 585 3555 657 ipsius.
3597 609 3614 631 -
3660 586 3788 641 Ideo
3819 587 3882 642 in

2279 673 2544 742 sanguine
2575 674 2767 744 ipsius,
2810 675 2940 748 quia
2969 683 3145 730 morte
3181 672 3299 745 ejus
3329 673 3546 729 liberati
3575 691 3786 742 sumus,
3818 683 3884 730 ut

2281 767 2336 815 et
2367 761 2742 819 manifestaret
2771 764 2930 820 illum
2963 770 3266 830 mortuum,
3287 771 3342 819 et
3369 770 3601 818 mortem
3627 763 3885 836 passione

2282 845 2400 918 ejus
2427 846 2731 906 damnaret.

2357 957 2540 1027 (Vers.
2595 957 2712 1030 26).
2773 982 2790 1005 ε
2831 959 2918 1014 Ad
2975 959 3345 1015 ostensionem
3399 958 3630 1031 justitize
3672 978 3784 1017 suae
3824 988 3882 1031 -,

2283 1044 2389 1102 hoc
2418 1053 2519 1114 est,
2547 1056 2609 1102 ut
2637 1047 2969 1119 promissum
2999 1065 3158 1104 suum
3183 1049 3362 1120 palam
3384 1049 3606 1116 faceret,
3639 1067 3746 1122 quo
3778 1067 3886 1107 nos

2282 1151 2313 1189 a
2360 1136 2598 1206 peccatis
2640 1136 2914 1205 liberaret,
2967 1138 3109 1194 sicut
3156 1147 3281 1193 ante
3326 1132 3680 1210 pt’omiserat;
3731 1139 3885 1212 quod

2282 1241 2408 1280 cum
2435 1226 2708 1298 implevit,
2734 1227 2948 1300 justum
2978 1245 3034 1284 se
3064 1227 3327 1284 ostendit.

2368 1362 2385 1384 ι
2411 1337 2639 1408 Propter
2686 1339 3028 1411 propositum
3059 1339 3485 1412 praecedentium
3528 1339 3885 1407 delictorum,

2283 1426 2340 1480 in
2383 1426 2648 1498 patientia
2684 1426 2803 1482 Dei.
2838 1451 2854 1473 ι
2900 1428 3086 1484 Sciens
3130 1430 3276 1484 Deus
3327 1427 3668 1500 propositum
3715 1429 3888 1484 beni—

2283 1515 2508 1587 gnitatis
2556 1532 2667 1570 suae
2715 1533 2823 1588 quo
2875 1518 3090 1572 censuit
3139 1517 3516 1588 peccatoribus
3565 1517 3884 1576 subvenire.

2281 1611 2393 1659 tam
2425 1604 2494 1659 iis
2522 1605 2617 1677 qui
2649 1613 2778 1661 sunt
2808 1606 2950 1678 apud
2983 1623 3227 1679 superos,
3279 1622 3441 1678 quam
3474 1605 3542 1661 iis
3570 1607 3664 1678 qui
3694 1605 3753 1660 in
3786 1606 3889 1660 in—

2282 1692 2437 1748 ferno
2465 1694 2819 1763 tenebantur,
2854 1703 3115 1768 utrosque
3161 1695 3470 1752 diutissime
3522 1694 3886 1766 exspectavit,

2283 1799 2555 1840 evacuans
2608 1787 2959 1852 sententiam,
3011 1801 3117 1857 qua
3160 1784 3372 1856 justum
3429 1783 3648 1838 videtur
3693 1800 3889 1838 omnes

573 1833 1277 1946 giﬁfﬁﬁq-$151132?
1293 1834 1499 1946 (ἷίξίωτ
1522 1852 1534 1902 ἶ
1583 1835 1710 1907 quia
1740 1850 1848 1889 non
1899 1833 2173 1906 suscipere
2209 1863 2252 1922 Β
2283 1871 2556 1942 damnari,
2588 1880 2650 1928 ut
2679 1831 2989 1929 ostenderet
3014 1831 3200 1941 ﬁobis',
3231 1871 3377 1946 quod
3403 1872 3538 1928 olim
3568 1872 3890 1928 decreverat

571 1921 980 1992 confugientem
1017 1923 1280 1996 iniquitas
1308 1931 1411 1980 est.

647 2012 812 2081 (Vers
855 2013 969 2083 22).
1038 2038 1055 2060 α
1097 2015 1320 2070 Justitia
1373 2023 1554 2070 autem
1592 2014 1686 2070 Dei
1731 2031 1825 2086 per
1854 2013 2016 2068 ﬁdem
2047 2013 2174 2067 Jesu

574 2099 800 2158 Christi.
835 2127 852 2146 ι
897 2102 1042 2169 Quid
1072 2111 1150 2158 est
1173 2103 1324 2158 aliud
1368 2129 1386 2150 ε
1413 2121 1508 2176 per
1537 2103 1700 2159 ﬁdem
1734 2104 1861 2159 Jesu
1892 2102 2096 2161 Christi
2117 2127 2134 2148 ι
2157 2145 2172 2170 ,

575 2190 683 2245 nisi
715 2191 845 2263 quia
866 2192 985 2263 ipsa
1017 2192 1117 2248 Dei
1142 2191 1363 2264 justitia
1399 2192 1770 2248 manifestatio
1801 2191 2005 2248 Christi
2036 2199 2118 2246 est
2147 2191 2174 2247 ‘i’

573 2281 676 2336 Per
730 2281 894 2336 ﬁdem
953 2281 1100 2337 enim
1166 2281 1575 2353 praedicationis
1625 2281 1751 2336 Jesu
1807 2280 2013 2338 Christi
2072 2297 2177 2352 ag-

573 2368 824 2425 noscitur
878 2370 1086 2426 donum
1154 2370 1363 2427 dudum
1422 2370 1754 2442 promissum
1810 2387 1842 2424 a
1894 2371 2029 2438 Deo,
2086 2370 2173 2424 vel

573 2467 828 2515 sumitur.
1825 2460 1831 2462 ’

662 2569 680 2594 ο
710 2548 771 2602 In
805 2563 996 2603 omnes
1025 2548 1110 2603 vel
1146 2564 1311 2620 super
1338 2564 1528 2603 omnes
1572 2547 1666 2620 qui
1708 2546 1942 2603 credunt
1973 2570 1991 2592 ι
2011 2587 2026 2613 ,
2070 2545 2176 2601 hoc

574 2645 676 2706 est,
728 2655 891 2710 super
934 2655 1126 2696 omnes
1155 2639 1371 2695 Judzeos
1401 2648 1454 2694 et
1483 2639 1700 2695 Graecos
1729 2637 2012 2694 credentes
2058 2635 2174 2692 veri

573 2728 674 2785 Dei
696 2728 990 2800 justitiam.

648 2818 829 2888 (Vers.
883 2819 997 2891 23).
1045 2843 1063 2866 ι
1092 2819 1211 2875 Νοιι
1265 2819 1413 2874 enim
1469 2827 1550 2875 est
1597 2816 1924 2882 distinctio;
1985 2830 2174 2870 omnes

573 2909 722 2964 enim
769 2919 1154 2980 peccaverunt,
1207 2918 1260 2965 et
1305 2917 1467 2981 egent
1497 2908 1668 2980 gloria
1697 2907 1816 2962 Dei.
1851 2930 1868 2953 ι
1913 2906 2052 2974 Quia
2079 2905 2175 2960 di-

574 3007 733 3054 xerat
771 3015 934 3070 super
971 3017 1160 3055 omnes
1203 2999 1421 3054 Judazos
1449 3007 1502 3054 et
1547 2999 1763 3053 Graecos
1805 2997 1903 3052 Dei
1935 3012 2050 3051 esse
2072 2995 2176 3066 ju-

575 3088 806 3154 stitiam,
849 3095 911 3143 ut
951 3087 1056 3145 hoc
1100 3091 1376 3161 probaret,
1426 3086 1660 3158 adjecit:
1712 3112 1729 3133 ς
1773 3086 1975 3141 Omnes
2003 3086 2173 3154 enim,

575 3176 672 3244 ait,
734 3174 1120 3247 peccaverunt.
1155 3203 1171 3224 ι
1221 3179 1335 3232 Hoc
1392 3176 1717 3248 generaliter
1768 3174 2174 3245 accipiendum,

575 3272 638 3320 ut
669 3264 1049 3337 intelligantur
1077 3272 1187 3320 tam
1218 3265 1390 3321 Judaei
1422 3281 1585 3337 quam
1619 3263 1793 3319 Graeci
1820 3282 1830 3319 :
1865 3264 2010 3318 unde
2058 3264 2171 3330 ait;

587 3381 606 3405 ι
635 3359 756 3414 Non
775 3365 856 3414 est
876 3357 1166 3414 distinctio
1183 3383 1200 3405 ι
1234 3376 1248 3427 ;
1269 3373 1461 3413 omnes
1476 3358 1623 3412 enim
1645 3356 1738 3413 hic
1757 3355 2175 3428 comprehendit

571 3447 738 3504 etiam
781 3455 835 3503 et
876 3449 1206 3514 sacerdotes,
1257 3455 1320 3502 ut
1365 3445 1676 3502 ostenderet
1723 3446 1863 3501 nihil
1905 3445 2174 3518 profuisse

577 3531 750 3608 legem
781 3541 899 3610 (97)
928 3538 1046 3594 sine
1083 3540 1210 3595 ﬁde.
1248 3539 1338 3595 Sic
1366 3539 1513 3594 enim
1546 3540 1637 3595 lex
1666 3538 1790 3594 data
1818 3547 1920 3606 est,
1950 3546 2010 3593 ut
2040 3538 2173 3594 ﬁdes

572 3635 715 3683 esset
746 3629 803 3682 in
837 3629 970 3699 lege,
1007 3646 1126 3701 quae
1157 3629 1402 3684 futuram
1428 3637 1668 3701 speraret
1697 3628 1948 3683 salutem.
1975 3629 2172 3694 Quam-

572 3717 764 3773 obrem
812 3734 958 3773 mors
1006 3718 1213 3775 Christi
1256 3719 1514 3775 omnibus
1555 3719 1808 3791 profecit,
1839 3719 1970 3792 quia
1998 3729 2052 3776 et
2081 3719 2174 3777 hic

570 3807 630 3863 in
660 3808 860 3864 saeculo
886 3808 1018 3880 quid
1050 3807 1383 3865 credendum
1412 3819 1466 3866 et
1493 3809 1900 3866 observandum
1929 3815 2030 3878 est,
2062 3809 2172 3866 do-

568 3896 686 3954 cuit
713 3915 725 3952 :
759 3904 813 3953 et
848 3897 915 3952 de
945 3897 1163 3952 inferno
1201 3914 1390 3954 omnes
1419 3899 1641 3970 eripuit.

642 3989 807 4057 (Vers
838 3987 956 4059 24).
990 4012 1007 4034 ε
1036 3987 1327 4045 Justiﬁcati
1358 3990 1525 4062 gratis
1553 4006 1649 4061 per
1669 3989 1897 4060 gratiam
1921 3989 2113 4062 ipsius.
2137 4013 2156 4038 ι

566 4077 862 4135 Justiﬁcati
909 4086 1040 4134 sunt
1083 4077 1275 4150 gratis,
1307 4078 1440 4151 quia
1468 4078 1608 4133 nihil
1640 4087 1948 4151 operantes,
1995 4096 2170 4151 neque

565 4167 746 4224 vicem
805 4167 1115 4236 reddentes,
1176 4167 1293 4223 sola
1349 4167 1459 4223 ﬁde
1499 4165 1791 4238 justiﬁcati
1850 4177 1981 4223 sunt
2026 4168 2170 4224 dono

565 4257 688 4313 Dei.

652 4369 670 4392 ι
711 4347 814 4401 Per
850 4347 1282 4419 redemptionem
1313 4365 1434 4422 quae
1487 4355 1570 4404 est
1599 4347 1655 4403 in
1692 4347 1913 4405 Christo
1944 4348 2092 4405 Jesu.
2137 4372 2155 4396 ι

564 4435 808 4491 Gratiam
854 4436 954 4491 Dei
991 4439 1048 4492 in
1079 4437 1300 4495 Christo
1333 4455 1448 4495 esse
1479 4446 1748 4505 testatur;
1801 4437 1931 4510 quia
1959 4438 2171 4494 volun-

562 4533 672 4585 tate
701 4525 801 4580 Dei
831 4542 862 4580 a
892 4524 1114 4582 Christo
1161 4527 1430 4598 redempti
1461 4543 1673 4592 sumus,
1707 4533 1769 4580 ut
1815 4543 1982 4582 manu
2014 4527 2168 4583 missi

555 4617 1009 4686 Justiﬁcaremur,
1042 4618 1186 4675 sicut
1216 4625 1272 4673 et
1301 4618 1369 4673 ad
1399 4619 1618 4674 Galatas
1647 4617 1818 4674 dicit:
1869 4643 1886 4665 ι
1918 4619 2170 4676 Christus

560 4723 662 4763 nos
710 4706 966 4771 redemit,
1004 4708 1213 4776 (Galat.
1249 4724 1334 4775 ιιι,
1371 4707 1460 4776 13)
1490 4733 1507 4754 ›
1552 4708 1786 4764 offerens
1831 4727 1887 4765 se
1918 4727 2016 4781 pro
2061 4727 2172 4766 no-

558 4795 645 4852 bis
679 4797 817 4869 (98).
879 4798 1134 4854 Permisit
1185 4798 1333 4854 enim
1378 4815 1434 4854 se
1485 4797 1706 4855 diabolo
1762 4801 2034 4869 saevienti,
2075 4802 2170 4858 sed

558 4887 890 4959 impraescio.
925 4887 1130 4944 Putans
1161 4897 1342 4945 autem
1375 4905 1430 4944 se
1461 4889 1746 4947 Christum
1776 4906 1932 4961 posse
1955 4890 2170 4946 retine—

556 4992 638 5046 re,
695 4977 871 5034 veluti
927 4977 1139 5050 accepit
1193 4993 1359 5034 eum:
1423 4978 1520 5034 sed
1566 4978 1696 5052 quia
1738 4980 2004 5036 virtutem
2049 4980 2168 5052 ejus

555 5066 698 5124 ferre
741 5083 851 5123 non
894 5067 1098 5139 potuit,
1143 5083 1335 5124 omnes
1380 5085 1517 5141 quos
1546 5067 1788 5136 tenebat,
1828 5068 1995 5124 simul
2039 5087 2164 5126 cum

556 5157 658 5215 illo
686 5157 892 5213 amisit.

629 5249 794 5322 (Vers
821 5247 937 5319 25).
986 5272 1003 5295 ε
1033 5247 1206 5316 Quem
1236 5249 1526 5321 proposuit
1568 5252 1714 5306 Deus
1745 5249 2162 5323 propitiatorem

553 5339 702 5398 ﬁdei.
735 5363 752 5388 ι
799 5339 915 5397 Hoc
969 5337 1107 5396 dicit
1135 5339 1265 5412 quia
1310 5339 1369 5394 in
1401 5339 1621 5397 Chrisio
1670 5341 1965 5413 proposuit
1990 5343 2158 5410 Deus,

624 5501 742 5572 (97)
774 5500 945 5557 Iidem
985 5517 1138 5569 mss.,
1162 5500 1454 5571 justitiam,
1482 5503 1539 5559 id
1575 5508 1667 5570 est,
1712 5503 1963 5573 gratiam.
1997 5503 2073 5558 Et
2098 5511 2157 5560 ut

546 5573 818 5642 probaret,
875 5573 1106 5643 adjecit:
1171 5575 1357 5628 Omnes
1407 5575 1564 5642 enim,
1622 5575 1720 5639 ait,
1785 5582 2149 5644 peccaverunt,

552 5649 659 5768 5am
685 5645 858 5700 Judaei
884 5663 1045 5716 quant
1087 5645 1260 5702 (ἶν’ωοί
1277 5662 1296 5709 ,'
1325 5652 1381 5700 ut
1405 5646 1691 5703 ostenderet
1730 5646 1863 5702 nihil
1880 5646 2152 5718 profuisse

573 5730 734 5784 egeni.

2284 1961 2516 2017 liberare
2559 1978 2729 2034 genus
2781 1963 3085 2018 humanum
3119 1979 3216 2034 per
3241 1961 3544 2029 Christum,
3575 1963 3717 2016 sicut
3746 1977 3888 2031 pro-

2283 2049 2437 2105 misit
2458 2067 2553 2122 per
2580 2051 2873 2106 Jeremiam
2905 2051 3252 2124 prophetam,
3283 2051 3501 2106 dicens:
3559 2075 3577 2096 ι
3606 2049 3886 2121 Propitius

2283 2155 2377 2194 ero
2407 2139 2802 2212 iniquitatibus
2831 2157 3041 2208 eorum,
3075 2148 3128 2196 et
3157 2139 3486 2197 delictorum
3513 2139 3737 2194 illorum
3769 2153 3885 2193 non

2286 2229 2630 2284 memorabor
2679 2231 2896 2302 (Jerem.
2946 2246 3106 2298 χχιιι,
3148 2229 3263 2300 34).
3295 2254 3311 2275 ι
3356 2229 3427 2284 Et
3478 2244 3547 2283 ne
3591 2228 3729 2282 forte
3776 2226 3887 2284 hoc

2284 2318 2492 2374 donum
2523 2319 2655 2375 solis
2686 2321 2890 2377 Iudaeis
2916 2321 3232 2393 promisisse
3248 2319 3547 2382 videretur,
3572 2335 3667 2390 per
3684 2317 3882 2372 Isaiam

2284 2407 2456 2464 dicit:
2507 2433 2525 2455 ι
2553 2410 2762 2466 Domus
2795 2427 2914 2466 mea
2963 2410 3162 2466 domus
3200 2409 3466 2466 orationis
3509 2408 3795 2463 vocabitur
3821 2407 3887 2463 in

2284 2499 2541 2554 omnibus
2597 2499 2852 2570 gentibus
2904 2501 3038 2571 (Isa.
3084 2516 3199 2566 LVI,
3250 2499 3326 2570 7).
3359 2521 3377 2544 ι
3431 2497 3693 2565 Quamvis
3731 2496 3886 2551 enim

2283 2587 2565 2643 Judaismo
2593 2589 2737 2643 facta
2763 2588 3054 2660 promissio
3085 2589 3177 2658 sit,
3217 2587 3310 2644 sed
3341 2586 3599 2659 praescius
3643 2587 3788 2640 Deus
3816 2601 3884 2640 eo

2284 2678 2432 2750 quod
2470 2678 2679 2733 donum
2726 2680 2845 2751 ejus
2874 2678 3217 2752 reprobaturi
3272 2683 3452 2733 essent
3497 2675 3655 2747 impii
3683 2673 3883 2742 Judaei,

2285 2777 2470 2838 gentes
2512 2784 2568 2822 se
2616 2767 2685 2823 ad
2729 2769 3136 2842 percipiendam
3185 2768 3413 2840 gratiam
3444 2782 3600 2820 suam
3629 2763 3886 2836 promisit

2284 2858 2594 2927 admittere,
2636 2875 2867 2930 quarum
2917 2859 3267 2915 aemulatione
3297 2857 3353 2913 in
3393 2857 3531 2912 iram
3563 2855 3714 2911 missi
3744 2873 3885 2912 cru-

2285 2947 2565 3003 ciarentur
2591 2947 2750 3020 impii
2775 2947 2970 3004 Judaei.

2371 3069 2389 3094 ι
2417 3048 2479 3102 In
2504 3047 2609 3103 hoc
2636 3055 2885 3120 tompore
2915 3071 2932 3095 ν
2953 3091 2967 3116 ,
3001 3047 3058 3103 id
3107 3055 3208 3116 est,
3249 3054 3494 3119 tempore
3531 3053 3739 3113 nostro,
3773 3061 3886 3118 quo

2285 3134 2438 3191 dedit
2469 3138 2634 3205 Deus,
2671 3136 2818 3208 quod
2848 3137 2981 3193 olim
3009 3138 3335 3209 promiserat
3368 3135 3609 3190 dandum
3638 3144 3886 3206 tempore

2213 3220 2256 3280 δ
2287 3256 2396 3312 quo
2440 3239 2618 3295 dedit.
2668 3265 2684 3286 ι
2717 3240 2786 3296 Ut
2815 3239 2887 3295 sit
2925 3235 3022 3292 47
3053 3239 3237 3311 justus
3259 3238 3569 3312 justiﬁcans
3596 3255 3742 3304 eum,
3792 3238 3889 3310 qui

2283 3337 2365 3384 est
2395 3345 2465 3383 ex
2494 3329 2602 3384 ﬁde
2630 3329 2758 3384 Jesu
2787 3329 3012 3385 Christi.
3049 3353 3065 3374 ι
3109 3330 3273 3386 Recte
3309 3329 3406 3397 ait,
3436 3329 3563 3401 quia
3593 3335 3656 3383 ut
3693 3328 3766 3382 sit
3784 3326 3889 3397 ju-

2283 3425 2420 3486 stus,
2477 3417 2633 3473 dedit
2686 3417 2835 3490 quod
2890 3417 3181 3489 promisit:
3225 3418 3331 3474 hoc
3373 3426 3555 3472 autem
3610 3415 3888 3487 promisit,

2279 3507 2589 3579 justiﬁcare
2645 3524 2700 3564 se
2763 3508 3043 3564 credentes
3100 3509 3339 3566 Christo.
3396 3508 3544 3564 Dicit
3594 3515 3776 3563 autem
3826 3505 3887 3562 in

2286 3597 2603 3654 Habacuc:
2653 3625 2669 3645 ι
2701 3600 2888 3655 Justus
2939 3607 3118 3655 autem
3168 3616 3237 3655 ex
3290 3599 3397 3656 ﬁde
3455 3600 3598 3655 vivit
3659 3599 3885 3668 (Eabae.

2282 3703 2344 3755 ιι,
2406 3686 2461 3759 li)
2497 3711 2552 3757 ι,
2600 3696 2664 3744 ut
2720 3687 2850 3744 dum
2892 3689 2990 3744 Dei
3037 3689 3202 3744 ﬁdem
3243 3688 3407 3744 habet
3451 3695 3505 3744 et
3543 3686 3767 3745 Christi.
3818 3687 3896 3744 sit

2275 3785 2478 3845 Justus.

2357 3877 2542 3948 (Vers.
2577 3878 2695 3951 27).
2748 3905 2766 3928 ι
2804 3881 2908 3937 Ubi
2939 3890 3021 3938 est
3050 3897 3178 3954 ergo
3208 3880 3462 3954 gloriatio
3491 3888 3583 3936 tua
3603 3881 3631 3936 ‘l
3649 3880 3892 3936 Exclusa

2281 3973 2382 4022 est.
2441 3967 2546 4024 Per
2604 3985 2768 4042 quam
2827 3971 2998 4044 legem
3035 3972 3062 4027 ?
3106 3971 3376 4026 factorum
3409 3971 3436 4025 ?
3473 3973 3615 4036 Non,
3652 3969 3747 4025 sed
3790 3985 3888 4041 per

2281 4063 2454 4135 legem
2494 4064 2645 4121 ﬁdei.
2680 4091 2696 4112 -
2742 4066 2976 4123 Reddita
3001 4067 3231 4132 ratione,
3267 4067 3334 4123 ad
3365 4084 3456 4123 eos
3487 4066 3750 4140 loquitur,
3785 4066 3884 4137 qui

2280 4161 2450 4224 agunt
2490 4155 2596 4210 sub
2650 4155 2786 4228 lege,
2818 4157 2966 4228 quod
2997 4156 3115 4213 sine
3153 4174 3310 4214 causa
3343 4157 3666 4228 glorientur,
3713 4155 3885 4210 blan-

2280 4240 2497 4299 dientes
2554 4243 2661 4300 sibi
2706 4245 2773 4300 de
2815 4247 2950 4318 lege,
2996 4253 3050 4301 et
3097 4254 3318 4318 propter
3364 4245 3511 4318 quod
3554 4260 3723 4317 genus
3769 4243 3885 4300 sint

2281 4332 2542 4401 Abrahae,
2599 4334 2852 4392 videntes
2908 4351 3020 4390 non
3065 4334 3357 4408 justiﬁcari
3407 4334 3686 4390 hominem
3736 4334 3882 4406 apud

2278 4423 2476 4491 Deum,
2506 4423 2614 4480 nisi
2646 4441 2739 4497 per
2770 4426 2959 4483 ﬁdem.

2354 4521 2534 4592 (Vers.
2560 4523 2675 4595 28).
2707 4549 2724 4570 ε
2744 4525 3096 4581 Arbitramur
3115 4525 3263 4582 enim
3279 4523 3573 4598 justiﬁcari
3593 4523 3880 4579 hominem

2201 4585 2250 4644 D
2282 4585 2376 4682 per
2403 4611 2567 4668 ﬁdem
2598 4585 2716 4668 sine
2741 4615 3000 4686 operibus
3030 4615 3182 4687 legis.
3215 4640 3233 4662 ›
3279 4585 3552 4671 Gentilem
3600 4611 3738 4668 dicit
3769 4612 3884 4667 ho—

2290 4701 2501 4756 minem
2534 4719 2634 4774 pro
2677 4711 2831 4759 certo
2861 4703 3072 4774 haberi,
3105 4705 3252 4778 quod
3294 4704 3632 4777 justiﬁcetur
3659 4701 3890 4757 credens

2297 4793 2457 4847 nulla
2488 4793 2703 4848 faciens
2721 4811 2885 4866 opera
2907 4795 3062 4866 legis,
3095 4795 3150 4850 id
3181 4803 3284 4864 est,
3315 4796 3433 4851 sine
3461 4791 3889 4850 circumcisione

2278 4888 2372 4936 aut
2411 4882 2737 4951 neomeniis,
2771 4892 2864 4939 aut
2894 4885 3248 4940 veneratione
3277 4883 3516 4941 Sabbati.

2351 4977 2532 5048 (Vers.
2561 4979 2675 5051 29).
2723 5006 2741 5027 ‹
2774 4985 2861 5036 An
2884 4981 3198 5038 Judaeorum
3230 4984 3375 5038 Deus
3404 4990 3618 5038 tantum
3638 4982 3666 5037 ?
3694 4997 3882 5038 nonne

2276 5075 2330 5123 et
2367 5067 2665 5140 gentium?
2709 5071 2827 5125 lmo
2882 5078 2936 5125 et
2978 5072 3246 5143 gentium.
3291 5095 3308 5118 ι
3353 5070 3482 5126 Sine
3529 5070 3699 5127 dubio
3749 5087 3884 5126 om-

2276 5158 2428 5215 nium
2479 5161 2626 5216 Deus
2672 5177 2816 5216 unus
2863 5170 2963 5218 est.
2991 5163 3103 5220 Nec
3140 5163 3288 5218 enim
3319 5163 3419 5218 soli
3449 5161 3623 5218 Judaei
3656 5171 3886 5234 pessunt

2273 5250 2383 5306 sibi
2432 5251 2743 5320 vindicare,
2795 5253 2941 5326 quod
2970 5255 3115 5311 Deus
3145 5255 3369 5311 illorum
3400 5271 3511 5310 non
3541 5253 3705 5309 etiam
3739 5269 3885 5326 gen-

2272 5342 2413 5398 tium
2451 5341 2546 5412 sit,
2599 5359 2725 5399 cum
2760 5345 3004 5418 relegant
3030 5345 3097 5400 ab
3125 5361 3238 5401 uno
3268 5343 3442 5400 Adam
3476 5344 3728 5400 omnium
3765 5360 3886 5403 esse

2345 5503 2463 5574 (98)
2501 5502 2665 5558 Corh.
2699 5503 2821 5560 cod.
2832 5546 2847 5572 ,
2883 5505 3126 5560 Christus
3145 5521 3240 5559 nos
3268 5504 3486 5560 redemit
3515 5505 3577 5558 de
3601 5503 3886 5561 maledicto

2273 5575 2417 5645 legis,
2468 5577 2688 5644 o/ferens
2738 5593 2790 5629 se
2828 5593 2932 5646 pro
2985 5578 3154 5644 nobis,
3184 5576 3359 5644 Iactus
3402 5594 3504 5647 pro
3534 5576 3682 5630 nobis
3714 5577 3884 5630 male-

2266 5647 2542 5719 dictum...
2570 5648 2791 5702 Putavit
2842 5648 2978 5703 eni-m
3026 5665 3078 5704 se
3120 5649 3388 5706 Christum
3433 5664 3587 5719 posse
3629 5649 3883 5715 retinere,

2265 5719 2407 5773 velut
2433 5718 2683 5791 accipiter
2708 5737 2876 5775 avem.
