4136 6194
316 324 387 382 85
1210 342 1230 356 '
1422 324 1787 385 COMMENT.
1830 326 1903 384 IN
1938 324 2157 383 EPIST.
2197 328 2295 384 AD
2336 327 2506 387 ROM.
3035 327 3046 335 ’
3543 331 3615 388 86

320 451 613 524 originem,
647 461 702 509 et
753 453 971 509 nullum
1002 454 1264 510 advenam
1324 453 1601 510 volentem
1638 452 1709 509 ad
1739 454 1912 525 legem
1945 453 1997 512 A
2022 451 2313 510 Zacharias
2339 453 2629 526 propheta:
2665 480 2683 504 ι
2705 457 2911 513 Ponam
2940 458 3235 514 Jerusalem
3268 456 3325 513 in
3355 457 3614 514 omnibus

321 539 597 607 accedere,
663 540 968 612 prohiberi.
1034 541 1282 616 Denique
1328 542 1600 616 aliquanti
1654 542 1915 600 exierunt

321 646 446 686 cum
479 629 597 686 illis
651 630 710 685 in
738 646 984 687 eremum
1013 630 1080 688 de
1135 633 1438 706 Egyptiis,
1473 649 1612 705 quos
1639 633 1916 704 suscipere

314 715 583 790 jubentur
626 720 743 791 (99)
786 720 987 792 (Exod.
1019 738 1123 791 xn,
1162 722 1233 778 28
1260 722 1419 793 seq.),
1448 730 1664 778 tantum
1692 730 1755 777 ut
1796 722 1917 778 cir-

319 808 784 878 cumciderentur,
828 818 882 866 et
924 811 1131 882 pariter
1158 828 1287 868 cum
1334 811 1449 867 illis
1475 811 1700 867 ederent
1725 826 1919 883 azyma

319 898 405 952 vel
437 898 659 969 pascha,
689 915 792 956 nec
845 916 957 955 non
986 907 1042 955 et
1070 900 1394 957 Cornelium
1439 899 1646 955 donum
1704 900 1803 955 Dei
1831 916 1919 956 ac-

318 987 526 1059 cepisse
575 990 838 1060 gentilem
885 1006 999 1046 non
1045 988 1448 1057 Judaizantem,
1483 998 1537 1045 et
1569 989 1713 1062 quod
1738 987 1917 1059 justi-

320 1074 513 1134 ﬁcatus
542 1078 638 1147 sit,
668 1077 869 1135 divino
898 1077 1220 1135 testimonio
1248 1078 1661 1150 comprobatum
1686 1078 1825 1150 (Act.
1853 1095 1912 1147 x,

317 1165 433 1237 31).

393 1274 579 1344 (Vers.
613 1274 729 1346 30.)
774 1298 793 1321 ι
824 1274 1091 1343 Quoniam
1138 1275 1361 1349 quidem
1420 1293 1564 1334 unus
1614 1279 1779 1347 Deus,
1818 1278 1915 1351 qui

309 1365 643 1437 justiﬁcavit
657 1365 1131 1423 circumcisionem
1148 1384 1218 1424 ex
1248 1367 1356 1425 ﬁde
1384 1377 1437 1425 et
1458 1371 1787 1442 praeputium
1820 1387 1916 1443 per

316 1453 503 1510 ﬁdem.
536 1480 555 1503 ι
588 1457 647 1511 In
666 1456 1088 1515 circumcisione
1108 1457 1326 1514 Judeos
1356 1458 1651 1531 signiﬁcat,
1675 1476 1740 1516 eo
1767 1460 1915 1532 quod

316 1562 384 1602 ex
415 1546 519 1603 ﬁde
549 1547 932 1620 promissionis
954 1548 1245 1621 justiﬁcati
1279 1552 1732 1621 sunt,credentes
1765 1552 1916 1610 hunc

317 1652 434 1693 esse
469 1635 774 1706 Christum,
809 1655 973 1712 quem
1014 1639 1072 1694 in
1125 1640 1242 1713 lege
1276 1642 1605 1713 promiserat
1648 1644 1814 1699 Deus.
1850 1645 1912 1700 In

318 1727 586 1800 preputio
616 1745 748 1785 vero
780 1729 1010 1801 gentiles
1055 1729 1330 1801 signiﬁcat
1373 1749 1469 1804 per
1506 1731 1715 1790 Christi
1745 1734 1910 1791 ﬁdem

2021 541 2278 613 gentibus
2309 544 2497 614 (Zach.
2526 560 2629 612 xu,
2663 544 2718 614 2)
2746 562 2758 600 :
2787 570 2806 593 υ
2847 562 2967 633 qua;
2993 554 3077 603 est
3103 547 3369 605 Ecclesia.

2641 655 2867 713 CAPUT
2895 658 2991 716 IV.

2096 750 2280 821 (Vers.
2314 751 2390 823 1.)
2438 777 2457 801 ι
2486 752 2632 821 Quid
2674 770 2801 827 ergo
2850 757 3097 815 dicemus
3142 758 3419 815 invenisse
3446 759 3615 815 Abra-

2025 837 2153 895 ham
2184 848 2393 911 patrem
2438 851 2689 899 nostrum
2718 846 3016 901 secundum
3068 864 3284 903 carnem
3308 848 3335 903 ?
3376 872 3395 894 ι
3467 849 3617 906 Post-

2024 945 2188 1001 quam
2222 930 2464 986 ostendit
2492 948 2603 987 non
2627 950 2781 1005 posse
2813 951 2909 1006 per
2936 952 3098 1008 opera
3128 938 3259 1009 legis
3286 954 3616 1012 quemquam

2018 1016 2314 1089 justiﬁcari
2351 1018 2496 1089 apud
2544 1023 2742 1091 Deum,
2782 1023 3005 1095 adjecit,
3051 1042 3152 1081 nec
3195 1026 3469 1082 Abraham
3525 1043 3616 1099 po-

2024 1107 2192 1163 tuisse
2247 1108 2457 1181 aliquid
2519 1111 2715 1166 mereri
2754 1113 3061 1169 secundum
3096 1130 3337 1171 carnem.
3388 1115 3619 1173 Carnem

2021 1195 2211 1253 dicens
2239 1197 2717 1256 circumcisionem
2748 1201 3106 1273 signiﬁcavit,
3147 1205 3274 1277 quia
3304 1204 3449 1262 nihil
3478 1222 3621 1278 queo

2023 1286 2156 1341 sivit
2184 1285 2463 1343 Abraham
2492 1305 2588 1360 per
2616 1290 3118 1348 circumcisionem.
3151 1294 3295 1349 Ante
3341 1293 3489 1350 enim
3534 1293 3624 1366 ju-

2024 1375 2295 1431 stiﬁcatus
2322 1384 2405 1432 est
2432 1393 2596 1450 quam
2622 1379 3130 1439 circumcideretur.

2099 1467 2284 1535 (Vera,
2316 1465 2397 1537 2.)
2442 1491 2459 1514 ι
2489 1467 2547 1522 Si
2581 1468 2728 1523 enim
2776 1470 3056 1526 Abraham
3103 1488 3173 1527 ex
3200 1473 3459 1545 operibus
3488 1476 3623 1548 legis

2016 1554 2353 1627 justiﬁcatus
2380 1562 2480 1622 est,
2501 1555 2668 1613 habet
2696 1558 2949 1629 gloriam,
2980 1560 3075 1617 sed
3096 1577 3207 1617 non
3223 1562 3369 1634 apud
3388 1566 3607 1622 Deum.-

2022 1645 2138 1701 Hoc
2179 1646 2536 1717 proponentis
2581 1655 2682 1703 est.
2713 1648 2848 1704 Nam
2902 1650 3181 1707 Abraham
3225 1668 3293 1707 ex
3322 1651 3432 1708 ﬁde
3458 1653 3622 1724 justi-

2022 1732 2217 1789 ﬁcatus
2244 1741 2346 1802 est,
2406 1734 2556 1808 quod
2608 1737 2751 1792 nulli
2807 1737 3040 1796 dubium
3092 1748 3218 1797 est:
3280 1740 3404 1797 ideo
3462 1740 3627 1800 habet

308 1814 645 1887 justiﬁcatos
688 1817 835 1889 apud
865 1820 1062 1874 Deum.
1094 1818 1228 1874 Tam
1270 1820 1417 1876 enim
1464 1821 1715 1893 gentiles,
1747 1839 1912 1896 quam
1949 1810 1996 1871 Β
2026 1822 2253 1895 gloriam
2288 1824 2434 1896 apud
2461 1828 2638 1883 Deum
2666 1827 2771 1899 (1).
2805 1827 2910 1884 Sed
2938 1828 3066 1903 quia
3083 1830 3179 1903 qui
3209 1831 3382 1902 legem
3404 1841 3627 1889 servant

316 1904 534 1961 Judeos
590 1922 703 1962 non
756 1908 919 1963 aliter
965 1924 1128 1980 quam
1185 1908 1469 1966 credentes
1539 1910 1912 1982 justiﬁcavit;

314 1995 447 2069 quia
500 1997 648 2053 enim
707 1998 959 2054 omnium
1013 2015 1158 2055 unus
1194 2008 1277 2056 est
1323 2001 1488 2068 Deus,
1547 2018 1658 2058 una
1706 2002 1919 2059 ratione

312 2100 507 2141 omnes
529 2084 877 2157 justiﬁcavit.
911 2087 1056 2155 Quid
1082 2104 1209 2161 ergo
1228 2088 1451 2161 prodest
1475 2091 1656 2147 carnis
1684 2092 1919 2147 circum-

312 2173 472 2243 cisio,
498 2183 595 2231 aut
626 2175 761 2249 quid
777 2176 931 2233 obest
952 2178 1320 2249 preputium;
1353 2179 1576 2252 quando
1591 2179 1916 2253 dignitatem

312 2271 368 2320 et
398 2265 656 2321 meritum
686 2281 799 2322 non
830 2266 963 2323 facit
987 2267 1095 2323 nisi
1125 2266 1261 2323 ﬁdes
1283 2268 1312 2324 ?

389 2374 571 2445 (Vers.
602 2375 720 2445 31.)
766 2399 784 2423 ι
813 2376 1010 2447 Legem
1040 2392 1170 2449 ergo
1198 2392 1530 2434 evacuamus
1561 2394 1656 2451 per
1680 2377 1848 2435 ﬁdem
1889 2377 1919 2435 7

317 2462 515 2520 Absit:
550 2464 645 2520 sed
676 2466 847 2537 legem
870 2466 1185 2522 statuimus.
1223 2491 1241 2514 ι
1285 2467 1406 2523 Νοη
1434 2468 1625 2540 utique
1666 2468 1758 2524 lex
1786 2467 1919 2523 exi-

316 2554 544 2611 nanitur
572 2571 668 2627 per
698 2553 884 2623 ﬁdem,
928 2554 1023 2611 sed
1052 2555 1423 2628 adimpletur;
1479 2556 1732 2613 ﬁrmatur
1766 2558 1917 2614 enim

326 2649 500 2698 status
528 2642 665 2714 ejus,
695 2645 917 2716 quando
944 2645 1093 2718 quod
1123 2646 1373 2702 futurum
1404 2645 1570 2716 dixit,
1605 2646 1741 2704 ﬁdes
1769 2648 1919 2704 istud

321 2732 609 2789 advenisse
638 2740 887 2791 testatur.
932 2736 1047 2792 Hoc
1075 2745 1296 2808 propter
1322 2736 1561 2807 Judeos,
1601 2738 1693 2810 qui
1724 2746 1922 2811 putant

322 2821 486 2878 ﬁdem
510 2822 714 2879 Christi
749 2824 851 2896 legi
885 2841 999 2881 esse
1021 2826 1327 2892 inimicam,
1354 2826 1669 2898 ignorantes
1696 2843 1920 2883 sensum

2025 1918 2144 1975 sive
2189 1917 2287 1975 48
2318 1921 2520 1995 Moysi,
2551 1922 2669 1979 sive
2724 1926 3049 1995 naturalem,
3111 1926 3490 1998 justiﬁcantur
3546 1928 3617 1986 ad

2028 2027 2304 2083 presens;
2346 2029 2415 2069 ne
2446 2013 2523 2069 rei
2554 2014 2665 2070 sint
2686 2014 2744 2069 in
2758 2017 3013 2087 presenti
3033 2016 3285 2089 judicio;
3320 2018 3445 2076 ideo
3490 2020 3570 2077 ait
3602 2040 3616 2080 :

2027 2101 2117 2158 Ex
2144 2101 2406 2174 operibus
2450 2102 2585 2175 legis
2610 2103 2658 2160 si
2689 2103 2964 2160 Abraham
2990 2104 3325 2176 justiﬁcatus
3378 2117 3481 2178 est,
3512 2127 3625 2168 non

2029 2189 2197 2247 habet
2223 2191 2369 2263 apud
2397 2194 2572 2249 Deum
2603 2194 2857 2266 gloriam;
2889 2195 3020 2269 quia
3055 2196 3149 2269 qui
3186 2197 3399 2268 fecerit,
3420 2200 3624 2274 inquit,

2028 2280 2203 2353 legem
2252 2281 2404 2337 vivet
2458 2282 2515 2338 in
2546 2299 2629 2352 ea,
2660 2282 2718 2340 id
2771 2291 2873 2352 est,
2932 2300 3044 2341 non
3073 2286 3342 2343 morietur
3369 2298 3430 2346 ut
3450 2307 3575 2347 reus
3608 2309 3621 2349 :

2027 2386 2129 2426 nec
2156 2377 2339 2426 tamen
2371 2370 2630 2428 meritum
2659 2388 2729 2429 ex
2753 2372 2860 2430 hoc
2880 2373 3104 2433 habebit
3130 2376 3277 2449 apud
3307 2379 3505 2447 Deum,
3528 2380 3625 2437 sed

2028 2459 2154 2516 ﬁdei
2186 2476 2367 2517 causa.

2102 2550 2286 2622 (Vers.
2321 2549 2401 2621 3.)
2451 2575 2468 2600 σ
2498 2551 2642 2620 Quid
2669 2554 2819 2609 enim
2849 2553 2987 2611 dicit
3027 2555 3351 2628 Scriptura?
3381 2557 3630 2617 Credidit

2029 2639 2309 2695 Abraham
2338 2642 2476 2708 Deo,
2528 2648 2583 2695 et
2637 2649 2949 2713 reputatum
3009 2652 3090 2699 est
3128 2644 3179 2699 ei
3234 2645 3303 2701 ad
3351 2646 3628 2717 justitiam

2032 2731 2191 2801 (Gen.
2224 2746 2321 2797 xv,
2353 2729 2434 2799 6).
2476 2754 2494 2778 ι
2565 2730 2939 2787 Manifestavit
2994 2749 3104 2789 non
3166 2734 3291 2790 ideo
3349 2736 3629 2794 Abraham

2032 2818 2264 2889 gloriam
2294 2817 2440 2889 apud
2495 2820 2671 2874 Deum
2702 2818 2924 2886 habere,
2974 2820 3103 2892 quia
3131 2821 3492 2880 circumcisus
3528 2834 3631 2895 est,

323 2910 478 2982 legis.
510 2911 631 2967 Non
678 2929 807 2985 ergo
854 2922 1082 2969 evacuat
1110 2916 1307 2987 legem,
1354 2932 1481 2972 cum
1528 2916 1679 2971 illam
1712 2932 1924 2971 cessare
2032 2914 2131 2963 aut
2180 2908 2310 2979 quia
2359 2907 2626 2963 abstinuit
2653 2925 2710 2965 se
2739 2909 2807 2965 ab
2837 2909 3132 2983 iniquitate
3164 2930 3177 2979 ;
3219 2912 3315 2969 sed
3352 2914 3481 2987 quia
3509 2917 3625 2972 D00

319 2997 518 3056 debere
562 2999 676 3072 jam
720 3001 901 3070 docet,
953 3018 1083 3074 quia
1139 3011 1384 3073 tempore
1431 3020 1533 3059 suo
1585 3012 1729 3059 recte
1773 3003 1922 3057 illam

320 3087 507 3144 datam
536 3089 749 3156 asserit,
787 3076 887 3144 sed;
906 3088 1021 3160 jam
1080 3105 1236 3161 agere
1284 3104 1399 3144 non
1441 3088 1658 3143 debere.
1704 3090 1766 3145 In
1811 3088 1927 3161 ipsa

316 3178 469 3234 enim
499 3179 617 3249 lege
661 3178 875 3235 dictum
917 3185 1020 3246 est,
1052 3186 1297 3250 tempore
1326 3180 1592 3235 exsolute
1610 3178 1921 3251 promissio-
1952 3166 1995 3227 Ο

314 3267 411 3324 nis
473 3267 647 3338 legem
707 3282 917 3323 cessare
962 3266 1193 3335 debere;
1229 3269 1454 3341 angelus
1500 3268 1650 3325 enim
1699 3269 1920 3325 Gabriel

312 3355 542 3413 Danieli
599 3356 879 3428 prophetae
925 3356 1260 3413 desiderium
1318 3357 1486 3430 hujus
1551 3358 1629 3415 rei
1684 3359 1921 3416 sciende

315 3443 548 3501 babenti
579 3444 819 3501 ostendit
850 3447 1015 3515 (Dan.
1048 3463 1127 3514 ix,
1160 3447 1277 3518 25),
1308 3447 1453 3502 inter
1486 3456 1680 3504 cetera
1707 3448 1917 3517 dicens,

314 3532 648 3590 adveniente
707 3533 950 3603 Christo,
1005 3534 1272 3602 chrisma,
1331 3536 1387 3591 id
1438 3545 1541 3604 est,
1599 3538 1920 3593 unctionem

317 3623 557 3695 regalem
610 3638 840 3692 cessare,
878 3640 997 3696 que
1028 3631 1273 3696 potestas
1325 3625 1677 3697 intelligitur.
1723 3627 1796 3681 Et
1818 3626 1921 3698 ju-

313 3710 551 3780 dicium,
582 3712 681 3781 ait,
713 3729 825 3769 non
852 3712 958 3770 erit
986 3714 1251 3786 amplius,
1281 3713 1431 3788 quod
1457 3723 1544 3771 est
1573 3716 1685 3784 lex,
1718 3722 1771 3771 et
1798 3716 1920 3771 tol-

316 3802 461 3857 letur
488 3802 820 3860 sacriﬁcium
853 3820 1058 3860 meum.
1091 3804 1241 3874 Ideo,
1279 3803 1482 3878 inquit,
1510 3822 1699 3875 meum,
1721 3815 1783 3862 ut
1801 3805 1919 3862 sci-

315 3898 470 3946 retur
487 3890 823 3948 oblationem
854 3899 1093 3949 veterem
1119 3900 1472 3950 cessaturam.
1497 3894 1671 3963 Quem
1694 3911 1916 3951 sensum

317 3979 645 4053 adaperiens
697 3983 984 4039 Salvator:
1030 4007 1047 4030 ε
1105 3982 1239 4051 Lex,
1271 3983 1367 4052 ait,
1400 3990 1454 4039 et
1497 3984 1775 4057 prophetae
1831 4001 1917 4041 us-

317 4084 424 4141 que
467 4069 535 4125 ad
570 4071 837 4127 Joannem
889 4073 1040 4141 (Luc.
1086 4089 1205 4141 xvi,
1244 4074 1357 4146 16).
1407 4100 1425 4122 ι
1494 4075 1566 4131 Et
1617 4074 1747 4147 quia
1803 4074 1918 4147 lege

317 4158 529 4231 Moysis
583 4169 852 4230 cessante,
913 4164 1144 4219 meliora
1199 4172 1469 4237 precepta
1525 4164 1752 4221 daturus
1803 4172 1920 4221 erat

315 4250 488 4317 Deus,
549 4251 813 4307 Jeremias
861 4252 1129 4324 propheta
1161 4254 1385 4322 cecinit,
1438 4254 1664 4310 dicens:
1720 4278 1738 4301 ε
1777 4256 1917 4311 Ecce

312 4336 434 4393 dies
466 4340 711 4407 venient,
752 4339 889 4396 dicit
924 4342 1214 4410 Dominus,
1264 4350 1319 4397 et
1376 4343 1769 4400 consummabo
1808 4343 1919 4399 do-

314 4428 433 4483 mui
465 4429 647 4499 Israel,
678 4437 732 4485 et
762 4429 952 4485 domui
987 4430 1128 4486 Juda
1158 4438 1541 4488 testamentum
1573 4449 1778 4488 novum
1804 4449 1916 4489 non

311 4523 617 4579 secundum
645 4522 793 4596 quod
822 4523 949 4579 dedi
999 4523 1249 4595 patribus
1276 4540 1466 4579 eorum
1510 4525 1723 4595 (Jerem.
1755 4542 1913 4591 xxxx,
1949 4527 1997 4585 D

312 4613 436 4683 31).
472 4638 490 4661 ι
532 4613 630 4669 His
657 4614 849 4687 utique
878 4614 974 4688 qui
1003 4614 1316 4669 venientem
1355 4613 1635 4671 Christum
1683 4631 1752 4669 ex
1780 4632 1916 4688 pro-

311 4703 582 4759 missione
605 4711 946 4776 receperunt.
971 4703 1099 4759 Ideo
1118 4703 1402 4761 Salvator:
1453 4729 1469 4751 ι
1498 4703 1619 4760 Non
1644 4704 1793 4773 veni,
1817 4705 1916 4774 ait,

309 4792 527 4849 solvere
555 4793 732 4866 legem
762 4802 857 4851 aut
893 4792 1205 4866 prophetas,
1239 4795 1330 4850 sed
1369 4794 1670 4868 adimplere
1694 4796 1911 4867 (Matth.

309 4900 374 4951 v,
408 4884 522 4954 17).
565 4908 583 4932 ι
648 4885 720 4939 Et
748 4883 878 4957 quia
915 4883 1114 4940 domus
1140 4884 1240 4940 Dei
1280 4901 1390 4940 non
1442 4893 1657 4942 tantum
1710 4887 1765 4941 in
1802 4887 1918 4943 sola

311 4971 723 5047 Hierosolyma,
753 4974 848 5032 sed
878 4982 933 5031 et
962 4973 1017 5030 in
1047 4974 1258 5031 ceteris
1288 4976 1427 5034 locis
1453 4976 1641 5033 futura
1667 4986 1805 5043 erat,
1838 4976 1918 5032 ait

312 5244 343 5299 ὸ
388 5173 506 5298 (39)
528 5176 665 5233 Rom
687 5175 847 5244 edit.,
878 5176 935 5231 in
963 5192 1193 5231 eremum
1223 5177 1463 5249 Egypti,
1494 5176 1587 5247 qui
1606 5175 1805 5248 suscipi
1824 5173 1916 5245 ju-

345 5260 409 5298 επ
432 5262 519 5299 ur.

345 5251 519 5301 eatur.

385 5317 470 5395 (l_)
502 5315 664 5395 Corb.
698 5318 889 5395 codex,
922 5326 990 5395 et_
1016 5316 1253 5395 [@migq
1282 5319 1419 5395 Nam
1446 5319 1721 5395 Abraham
1758 5318 1910 5374 habet

305 5388 525 5465 quidem
569 5389 821 5459 gloriam,
846 5390 991 5465 apud
1033 5391 1341 5465 Deum,_sed
1378 5409 1469 5465 _e.1:_
1488 5391 1611 5462 ﬁde,
1640 5408 1738 5465 Ρετῗ
1763 5406 1917 5465 9"?!"

296 5459 631 5533 justiﬁcatus
675 5468 770 5527 est,
812 5459 940 5533 quia
978 5479 1043 5516 ea:
1080 5460 1323 5533 operibus
1372 5459 1496 5532 legis
1531 5459 1680 5517 uenio
1700 5459 1916 5532 justiﬁ-

303 5536 483 5604 calur,
518 5538 574 5586 ut
601 5532 789 5604 habeat
820 5533 1045 5604 gloriam
1065 5532 1211 5603 apud
1240 5532 1524 5604 Deum.Et
1547 5534 1675 5601 quia
1703 5549 1916 5587 servan-

308 5608 383 5654 tes
432 5603 588 5677 legent
610 5603 991 5677 justiﬁcantmj
1009 5605 1079 5658 ad
1104 5620 1355 5674 presens,
1370 5603 1465 5677 _ai_t
1489 5620 1506 5655 :
1551 5604 1609 5677 Si
1636 5604 1913 5677 Abraham

305 5689 376 5728 ea:
421 5675 667 5747 operibus
698 5673 823 5749 tegis
850 5673 1178 5748 justiﬁcatus
1218 5680 1318 5744 ut,
1363 5673 1512 5729 habet
1537 5676 1788 5745 gloriam,
1829 5674 1915 5731 sed

2033 2994 2289 3063 credidit,
2322 2995 2454 3052 hinc
2480 3003 2535 3051 et
2542 2994 2564 3068 j
2573 2997 2876 3054 ustiﬁcatus
2895 3006 2996 3065 est,
3010 2999 3189 3058 laudis
3208 3018 3319 3058 suae
3340 3003 3629 3075 premium

2038 3086 2095 3141 in
2126 3086 2314 3142 futuro
2338 3095 2756 3145 consecuturus.

2105 3175 2287 3247 (Vera.
2319 3175 2400 3247 li.)
2437 3201 2455 3224 ε
2483 3177 2551 3233 Ei
2608 3186 2790 3234 autem
2842 3179 2936 3252 qui
2967 3188 3244 3252 operatur,
3274 3198 3482 3241 merces
3513 3201 3627 3242 non

2031 3264 2338 3337 imputatur
2373 3266 2676 3322 secundum
2711 3268 2964 3339 gratiam,
2994 3269 3090 3326 sed
3125 3270 3429 3328 secundum
3477 3272 3628 3329 debi-

2030 3364 2170 3412 tum.
2203 3377 2222 3401 ι
2266 3355 2599 3412 Absolutum
2629 3365 2712 3415 est
2748 3356 2799 3413 ei
2838 3360 2934 3431 qui
2966 3360 3070 3431 legi
3102 3360 3396 3429 factorum,
3441 3361 3497 3417 id
3526 3370 3629 3430 est,

2030 3445 2209 3518 Moysi
2259 3444 2547 3517 subjectus
2592 3456 2696 3515 est,
2733 3454 2830 3502 aut
2858 3449 3143 3516 naturali;
3200 3462 3321 3505 non‘
3366 3450 3625 3522 imputari

2029 3534 2292 3591 meritum
2349 3534 2420 3590 ad
2459 3536 2788 3604 mercedem,
2819 3544 2884 3592 ut
2945 3537 3175 3609 gloriam
3231 3537 3427 3595 habeat
3474 3539 3623 3612 apud

2030 3626 2228 3680 Deum.
2256 3623 2486 3681 Debitor
2516 3633 2599 3680 est
2626 3624 2774 3681 enim
2796 3626 2977 3683 facere
3005 3628 3200 3699 legem,
3234 3628 3365 3701 quia
3391 3630 3626 3687 necessi-

2028 3721 2112 3769 tas
2140 3712 2398 3785 imposita
2444 3719 2526 3770 est
2578 3730 2675 3787 per
2719 3716 2917 3786 legem,
2966 3724 3047 3784 ut,
3079 3716 3216 3773 velit
3262 3718 3422 3786 nolit,
3462 3718 3629 3777 faciat

2028 3801 2226 3874 legem,
2282 3818 2350 3858 ne
2380 3801 2695 3872 damnetur,
2752 3804 2896 3861 sicut
2924 3805 3034 3861 alio
3066 3807 3187 3864 loco
3235 3806 3413 3865 dicit:
3463 3832 3481 3858 ι
3517 3807 3626 3877 Qui

2027 3897 2209 3946 autem
2228 3900 2613 3961 contemnunt,
2636 3893 2741 3965 ipsi
2757 3894 2864 3949 sibi
2884 3894 3292 3953 damnationem
3309 3898 3623 3969 acquirunt,

2027 3980 2157 4053 quia
2184 3980 2255 4037 ad
2283 3998 2521 4054 presens
2547 3984 2626 4038 rei
2656 3991 2787 4039 sunt
2840 3985 3015 4053 (Rom.
3049 4001 3172 4054 xui,
3203 3986 3283 4057 2).
3319 4011 3337 4034 ι
3394 3984 3626 4043 Credere

2028 4079 2211 4127 autem
2241 4079 2337 4129 aut
2365 4089 2476 4129 non
2505 4073 2747 4142 credere,
2783 4074 3090 4130 voluntatis
3119 4084 3217 4130 est.
3244 4075 3432 4147 Neque
3472 4073 3625 4129 enim

2028 4162 2151 4233 quis
2182 4162 2303 4235 cogi
2357 4170 2533 4235 potest
2566 4164 2635 4219 ad
2683 4164 2739 4219 id
2789 4163 2934 4236 quod
2969 4163 3322 4219 manifestum
3380 4177 3493 4218 non
3519 4168 3623 4231 est,

2026 4251 2120 4307 sed
2150 4251 2459 4320 invitatur;
2494 4252 2624 4325 quia
2662 4269 2773 4309 non
2803 4261 3185 4324 extorquetur,
3217 4251 3312 4308 sed
3342 4252 3621 4310 suadetur.

2026 4341 2394 4410 Quamobrem
2469 4344 2773 4399 assentiens
2847 4343 3089 4414 premiis
3144 4344 3466 4401 adiciendus
3520 4353 3621 4414 est,

2025 4435 2169 4490 sicut
2197 4442 2252 4492 et
2285 4434 2585 4502 Abraham,
2619 4433 2715 4507 qui
2747 4433 2893 4507 quod
2922 4451 3032 4490 non
3062 4435 3224 4504 vidit,
3255 4436 3491 4493 credidit
3516 4436 3622 4508 (2).

2102 4526 2284 4596 (Vers.
2315 4526 2397 4595 5.)
2444 4551 2461 4573 ι
2491 4526 2557 4581 Ei
2592 4542 2724 4581 vero
2754 4526 2848 4599 qui
2896 4542 3008 4582 non
3039 4535 3313 4598 operatur,
3344 4551 3361 4574 ι
3408 4526 3466 4582 id
3520 4533 3623 4597 est,

2025 4611 2075 4666 ei
2104 4613 2199 4685 qui
2230 4613 2505 4672 obnoxius
2529 4622 2610 4671 est
2641 4615 2895 4688 peccatis,
2930 4615 3024 4688 qui
3056 4632 3167 4671 non
3195 4615 3627 4690 operatur,quod

2025 4702 2252 4759 mandat
2272 4704 2380 4760 lex.
2430 4730 2448 4752 ι
2477 4703 2736 4762 Credenti
2766 4712 2950 4760 autem
2985 4705 3041 4759 in
3071 4721 3220 4769 eum,
3238 4704 3332 4777 qui
3357 4704 3627 4777 justiﬁcat

2024 4790 2279 4863 impium,
2338 4802 2623 4865 reputatur
2670 4794 2805 4851 ﬁdes
2842 4792 2961 4865 ejus
2998 4792 3068 4849 ad
3117 4792 3415 4864 justitiam.
3447 4818 3464 4841 ι
3509 4795 3626 4852 Hoc

2024 4881 2180 4948 dicit,
2208 4882 2337 4956 quia
2370 4883 2489 4939 sine
2518 4883 2776 4956 operibus
2804 4882 2938 4955 legis
2960 4881 3204 4939 credenti
3234 4883 3427 4957 impio,
3459 4882 3518 4941 id
3545 4890 3628 4941 est

2025 4975 2241 5048 gentili,
2274 4975 2333 5031 in
2390 4974 2696 5045 Christum,
2730 4982 3017 5049 reputatur
3038 4975 3175 5032 ﬁdes
3213 4974 3331 5048 ejus
3359 4974 3427 5031 ad
3460 4973 3623 5047 justi-

2021 5193 2128 5231 uon
2150 5175 2296 5248 apud
2326 5176 2511 5248 Deum,
2542 5175 2630 5230 sed
2656 5174 2810 5248 apud
2829 5172 3108 5248 mundum,
3137 5188 3202 5226 ne
3236 5170 3497 5248 presenti
3526 5172 3628 5248 lege

2022 5241 2283 5303 obnoaSius
2327 5241 2590 5302 videatur.
2649 5241 2812 5317 Apud
2838 5246 3006 5301 Deum
3052 5241 3439 5312 autem—ﬁdelis
3478 5241 3629 5295 habet

2021 5319 2271 5391 gratiam.
2307 5318 2447 5391 Quid
2467 5318 2779 5391 enimgdicit,
2808 5324 2913 5372 θῑο-
2948 5389 2975 5391 _
3090 5388 3100 5391 _
3288 5387 3298 5391 _
3386 5390 3392 5391 ,
3442 5382 3473 5391 ..

2097 5391 2179 5471 (2)
2211 5389 2347 5447 Cod.
2380 5389 2816 5471 Corb.,_Thuau_.
2862 5396 2918 5443 et
2945 5387 3624 5471 Bemig;,'voluptatis.‘eat,

2022 5455 2286 5532 quianon
2313 5455 2678 5533 extorquetur,
2709 5455 3253 5533 88(b8lt0dl'tlll‘.ild80
3273 5455 3347 5533 ad
3372 5455 3628 5533 meritum.

2018 5525 2252 5604 proﬁcit,
2300 5525 2630 5587 credit-enim
2675 5531 2816 5602 quod
2857 5548 2964 5585 non
2991 5528 3156 5593 norit,
3199 5525 3288 5578 sed
3322 5530 3521 5596 sperat.
3556 5525 3628 5582 Ei

2022 5621 2143 5659 vero
2177 5604 2269 5676 qui
2296 5621 2400 5658 non
2430 5610 2705 5677 operatur,
2731 5610 2836 5659 etc.
