4136 6194
521 326 591 383 87
1536 326 1633 382 AD
1672 323 1907 382 OPERA
1946 322 2001 379 S.
2042 321 2377 380 AMBROSII
2414 320 2795 380 APPENDIX.
3744 321 3818 379 88

523 455 680 523 tiam,
720 455 863 513 sicut
890 465 943 511 et
984 456 1238 511 Abrahae.
1283 454 1569 523 Quomodo
1614 470 1743 525 ergo
1788 452 1964 509 Judzei
2013 469 2110 525 per
2145 452 2308 513 Avel
2335 452 2526 525 aliquo
2569 467 2732 525 opere
2760 468 2856 525 per
2900 452 3181 508 lavacrum
3219 450 3603 519 remittuntur,
3646 459 3701 508 et
3731 458 3825 507 te-

522 560 689 618 opera
705 545 841 617 legis
856 544 1148 619 justiﬁcari
1170 562 1225 619 s_e
1241 552 1434 617 putant
1446 542 1843 615 justiﬁcatione
1860 543 2115 612 Abrahae,

523 615 649 693 cum
680 615 907 690 videant
931 615 1214 690 Abrahani
1238 615 1350 690 non
1380 651 1475 706 per
1502 648 1665 705 Opera
1690 632 1843 704 legis,
1875 633 1969 688 sed
2004 636 2119 689 sola

524 724 633 781 ﬁde
655 723 1021 798 justiﬁcatum
1047 724 1074 779 ?
1118 724 1238 780 Non
1269 740 1397 796 ergo
1445 739 1582 794 opus
1613 730 1694 777 est
1743 722 1853 790 lex,
1898 722 2118 794 quando

524 811 731 886 impius
758 830 854 886 per
874 813 1045 868 solam
1077 812 1242 868 ﬁdem
1269 811 1608 884 justiﬁcatur
1637 810 1784 884 apud
1812 813 2010 867 Deum.

612 945 630 967 ι
668 920 979 977 Secundum
1004 921 1345 993 propositum
1378 920 1563 993 gratiae
1594 919 1713 975 Dei.
1751 944 1767 965 ν
1813 919 1906 975 Sic
1924 919 2120 974 decre—

525 1019 645 1067 tum
692 1010 831 1067 dicit
880 1028 912 1066 a
954 1012 1087 1077 Deo,
1139 1018 1201 1065 ut
1248 1016 1491 1066 cessante
1540 1008 1683 1079 lege,
1735 1008 1906 1063 solam
1955 1007 2118 1062 ﬁdem

526 1100 696 1173 gratia
726 1101 824 1157 Dei
852 1109 1099 1174 posceret
1136 1100 1202 1155 ad
1233 1100 1465 1156 salutem
1508 1098 1612 1169 (3).

598 1205 782 1277 (Vers.
812 1205 914 1275 ‘6.)
980 1231 996 1252 ι
1027 1204 1181 1260 Sicut
1226 1211 1280 1259 et
1326 1202 1505 1258 David
1545 1201 1701 1258 dicit.
1726 1225 1743 1248 ι
1787 1202 1905 1258 Hoc
1940 1201 2118 1273 ipsum

524 1295 707 1350 munit
737 1293 991 1366 exemplo
1022 1294 1320 1365 prophetae.
1370 1317 1387 1339 ι
1414 1291 1821 1347 Beatitudinem
1854 1291 2118 1359 hominis,

523 1382 616 1440 cui
657 1384 803 1438 Deus
849 1391 1072 1455 accepto
1118 1383 1225 1438 fert
1269 1381 1543 1454 justitiam
1597 1382 1715 1438 sine
1763 1380 2039 1452 operibus.
2087 1405 2105 1428 ι

524 1471 723 1528 Beatos
749 1471 888 1529 dicit
913 1471 981 1529 de
1008 1472 1209 1545 quibus
1240 1472 1346 1528 hoc
1374 1471 1559 1527 sanxit
1586 1473 1753 1538 Deus,
1787 1478 1847 1526 ut
1884 1470 2002 1526 sine
2031 1470 2122 1525 la-

525 1560 659 1618 bore
707 1570 762 1618 et
802 1562 988 1635 aliqua
1033 1562 1416 1618 observatione
1461 1560 1564 1629 (lt),
1597 1560 1711 1615 sola
1756 1559 1862 1615 ﬁde
1904 1558 2122 1631 justiﬁ-

527 1656 722 1706 centur
767 1649 912 1723 apud
958 1652 1155 1707 Deum.
1206 1648 1492 1720 Temporis
1539 1664 1665 1719 ergo
1720 1647 2119 1705 beatitudinem

525 1740 808 1814 praedicat,
841 1757 951 1814 quo
970 1750 1141 1797 natus
1167 1747 1248 1795 est
1267 1737 1543 1805 Christus,
1561 1737 1829 1809 sicutipse
1849 1738 2119 1795 Dominus

2228 549 2434 613 guntur
2471 551 2524 599 et
2556 558 2669 599 non
2709 542 3055 615 imputantur
3092 548 3329 615 peccata.
3385 541 3686 612 Apostolus
3730 550 3824 597 ta-

2227 646 2354 685 men
2384 640 2605 703 propter
2639 631 3043 704 plenitudinem
3087 638 3423 704 temporum,
3456 638 3511 685 et
3542 630 3673 703 quia
3700 631 3826 704 plus

2229 719 2415 791 gratiae
2441 721 2499 775 in
2528 721 2790 792 apostolis
2819 731 2922 790 est,
2951 737 3114 794 quam
3148 722 3255 777 fuit
3289 720 3348 775 in
3376 718 3681 791 prophetis,
3713 737 3826 777 ma-

2223 807 2345 881 jora
2389 817 2746 881 protestetur,
2778 827 2900 883 quze
2948 827 3015 867 ex
3059 811 3205 867 dono
3234 808 3581 881 baptismatis
3621 810 3859 865 conse-k

2228 898 2479 970 quimur;
2516 900 2645 971 quia
2677 894 2795 956 non
2837 900 3014 957 solum
3059 900 3441 956 remissionem
3475 910 3826 972 peccatorum

2230 987 2474 1059 accipere
2527 1006 2627 1046 nos
2664 1033 2680 1058 ,
2734 990 2827 1047 sed
2864 990 3160 1062 justiﬁcari
3191 1033 3208 1059 ,
3260 998 3316 1047 et
3368 988 3514 1046 ﬁlios
3560 990 3661 1046 Dei
3706 990 3828 1046 ﬁeri

2230 1076 2545 1147 proﬁtetur;
2591 1088 2652 1135 ut
2692 1080 2975 1136 beatitudo
3015 1080 3133 1137 haec
3182 1080 3480 1152 perfectam
3528 1078 3728 1136 habeat
3776 1087 3833 1137 et

2229 1167 2585 1223 securitatem
2616 1178 2667 1225 et
2698 1170 2951 1240 gloriam.

2305 1259 2485 1329 (Vers.
2518 1260 2598 1331 9.)
2645 1286 2663 1308 ι
2692 1260 2986 1318 Beatitudo
3016 1278 3143 1335 ergo
3170 1260 3288 1319 haec
3316 1262 3374 1318 in
3405 1260 3831 1319 circumcisione

2228 1355 2443 1405 tantum
2473 1360 2680 1418 manet,
2701 1368 2771 1407 an
2791 1360 2844 1408 et
2870 1353 2930 1408 in
2952 1353 3222 1426 praeputio
3244 1353 3273 1410 ?
3292 1377 3310 1401 ι
3340 1352 3403 1409 Id
3427 1362 3529 1421 est,
3556 1349 3833 1424 numquid

2229 1434 2516 1495 beatitudo
2560 1440 2668 1497 ista
2713 1440 2951 1499 Abrahae
3000 1449 3220 1499 tantum
3255 1441 3390 1498 ﬁliis
3426 1457 3685 1499 concessa
3725 1446 3832 1520 est,

2229 1540 2299 1580 an
2328 1533 2381 1582 et
2418 1526 2488 1583 iis
2517 1528 2611 1602 qui
2649 1529 3024 1587 incircumcisi
3053 1539 3182 1587 sunt
3202 1532 3230 1588 Ὺ
3277 1530 3333 1587 Si
3362 1531 3511 1610 enim
3541 1531 3641 1588 illo
3683 1540 3836 1589 tem—

2230 1634 2361 1691 pore
2407 1636 2519 1676 non
2550 1620 2843 1693 prohibita:
2883 1628 3014 1677 sunt
3043 1629 3232 1695 gentes
3261 1622 3517 1679 accedere
3559 1622 3628 1679 ad
3657 1623 3834 1695 legem

2230 1719 2283 1767 et
2320 1711 2747 1783 promissionem
2772 1710 3030 1781 Abrahae,
3063 1712 3157 1785 qui
3186 1711 3307 1768 ﬁeri
3344 1720 3575 1785 poterat,
3608 1721 3669 1770 ut
3700 1721 3834 1769 tem-

527 1800 642 1893 2m:
714 1861 732 1885 ι
768 1800 930 1894 blulti
972 1835 1112 1909 justi
1159 1844 1212 1893 et
1264 1800 1543 1908 prophetae
1583 1800 1875 1907 cupierunt
1917 1834 2126 1905 videre,
2152 1815 2199 1878 Β
2236 1800 2602 1909 Ρθῖθῼδξξδίί
2627 1801 3442 1909 Ρτυδφθτίῖηειιτγθιξξθηξέξαά
3458 1802 3689 1875 gratiam
3713 1802 3833 1875 (7);

529 1942 652 1999 quae
682 1925 905 1995 videtis,
938 1934 993 1985 et
1042 1926 1253 1995 audire,
1290 1942 1410 2000 quae
1439 1925 1663 1995 auditis,
1712 1934 1767 1982 et
1794 1943 1907 1984 non
1945 1926 2127 1985 audie-

530 2024 664 2073 runt
699 2017 919 2087 (Matth.
951 2035 1076 2087 xm,
1112 2019 1224 2090 17).
1259 2042 1276 2066 ι

605 2116 788 2188 (Vers.
824 2118 855 2174 7
883 2122 938 2173 et
967 2116 1048 2189 8.)
1096 2141 1114 2164 ε
1140 2116 1295 2173 Beati
1327 2133 1563 2191 quorum
1591 2116 1833 2173 remissae
1866 2124 1995 2173 sunt
2025 2115 2128 2173 ini-

532 2206 788 2282 quitates,
827 2212 881 2262 et
926 2222 1161 2279 quorum
1191 2213 1337 2263 tecta
1364 2214 1493 2263 sunt
1539 2214 1776 2279 peccata.
1810 2206 2008 2262 Beatus
2043 2205 2131 2261 vir

531 2295 624 2352 cui
653 2310 767 2351 non
797 2294 1094 2366 imputavit
1120 2295 1391 2351 Dominus
1436 2303 1718 2367 peccatum
1747 2296 1929 2363 (Psal.
1966 2309 2127 2361 xxxx,

537 2385 587 2452 1,
620 2383 703 2455 2).
734 2408 753 2431 ι
796 2382 1082 2440 Manifeste
1106 2383 1252 2441 beati
1283 2393 1434 2453 sunt,
1456 2384 1656 2457 quibus
1685 2385 1804 2441 sine
1830 2385 2015 2440 labore
2042 2382 2129 2439 vel

534 2489 697 2547 opere
749 2473 936 2547 aliquo
987 2474 1349 2530 remittuntur
1398 2473 1717 2547 iniquitates
1749 2517 1763 2542 ,
1811 2481 1864 2529 et
1912 2479 2132 2545 peccata

533 2570 814 2636 teguntur,
846 2563 1000 2619 nulla
1043 2563 1110 2619 ab
1140 2562 1229 2618 his
1261 2562 1526 2636 requisita
1558 2561 1896 2634 poenitentiae
1944 2577 2127 2633 opera,

536 2651 645 2708 nisi
690 2658 906 2708 tantum
953 2661 1015 2708 ut
1044 2651 1493 2708 credant.Beatus
1542 2650 1707 2707 etiam
1758 2649 1852 2707 hic
1898 2650 1986 2705 vir
2028 2657 2129 2718 est,

550 2742 675 2797 «cui
704 2756 815 2797 non
843 2741 1139 2814 imputavit
1154 2740 1426 2797 Dominus
1441 2749 1744 2813 peccatum.
1763 2764 1781 2788 ι
1814 2739 2130 2807 Remittere,

535 2836 591 2886 et
619 2836 819 2902 tegere,
854 2838 1032 2886 etnon
1053 2830 1345 2902 imputare,
1374 2846 1485 2886 una
1501 2829 1664 2898 ratio,
1681 2837 1734 2886 et
1749 2845 1893 2885 unus
1914 2837 1994 2885 est
2013 2844 2132 2884 sen-

536 2935 629 2975 sus
653 2918 871 2986 ;omnia
900 2920 1048 2975 enim
1077 2936 1190 2975 uno
1206 2919 1370 2976 modo
1398 2919 1721 2977 obtinentur
1747 2926 1800 2976 et
1830 2919 2127 2975 donantur.

609 3016 845 3073 Videtur
893 3026 1076 3073 autem
1108 3016 1436 3088 quibusdam
1464 3015 1741 3088 tripartite
1768 3017 1909 3072 ratio
1940 3017 1997 3072 in
2045 3015 2134 3072 his

540 3105 725 3175 dictis,
766 3106 897 3179 quia
940 3105 1173 3162 diversis
1218 3105 1486 3179 propheta
1527 3122 1658 3162 usus
1706 3114 1788 3162 est
1825 3106 2031 3176 verbis,
2079 3114 2133 3163 et

542 3194 674 3268 quia
701 3210 734 3250 a
752 3194 953 3269 plurali
971 3210 1202 3251 numero
1216 3194 1285 3251 ad
1315 3196 1647 3267 singularem
1669 3195 1970 3252 descendit.
1996 3197 2136 3254 Cum
2167 3181 2211 3243 θ

542 3282 691 3341 enim
719 3284 889 3340 verba
921 3283 1023 3341 Dei
1050 3284 1109 3341 in
1139 3284 1443 3343 ubertatem
1473 3285 1682 3358 gratiae,
1714 3284 1843 3357 quia
1883 3286 1964 3357 (5)
2001 3302 2138 3357 pec-

540 3371 651 3431 cati
688 3371 905 3429 diversa
933 3378 1063 3429 sunt
1091 3373 1337 3442 nomina,
1386 3388 1483 3446 per
1510 3373 1839 3430 delictorum
1869 3373 2139 3431 vocabula

541 3478 865 3519 enumerare
913 3463 1065 3532 vult,
1111 3463 1276 3519 latius
1316 3462 1534 3519 locutus
1572 3470 1691 3531 est;
1748 3462 1915 3519 unius
1953 3470 2138 3520 tamen

541 3552 733 3608 formae
772 3561 826 3609 et
868 3553 1288 3626 signiﬁcationis
1329 3562 1459 3611 sunt
1501 3553 1700 3623 verba,
1753 3554 1882 3627 quia
1919 3560 1973 3610 et
2010 3571 2135 3611 cum

541 3642 698 3714 tegit,
729 3642 995 3699 remittit:
1036 3651 1091 3700 et
1128 3660 1254 3700 cum
1301 3643 1554 3712 remittit,
1604 3660 1716 3699 non
1750 3643 2004 3716 imputat.
2051 3644 2137 3700 Ad

542 3729 761 3787 laudem
788 3732 936 3788 enim
968 3733 1155 3806 gratim
1184 3733 1285 3791 Dei
1316 3734 1591 3808 prolixius
1620 3734 1888 3809 loquitur,
1918 3743 1980 3791 ut
2006 3750 2136 3791 am-

541 3817 752 3892 pliﬁcet
779 3819 1009 3893 gratiam
1042 3822 1148 3894 (6).
1181 3823 1313 3881 Tres
1341 3824 1491 3881 enim
1530 3822 1729 3896 gradus
1758 3823 1889 3881 fecit
1919 3828 2139 3896 propter

541 3906 873 3967 delictorum
921 3912 1279 3970 varietatem:
1314 3929 1548 3987 quorum
1580 3913 1795 3985 primus
1824 3912 2021 3986 gradus
2058 3920 2141 3970 est

541 3997 811 4072 iniquitas
839 4000 928 4057 vel
956 4000 1227 4074 impietas,
1253 4000 1386 4058 dum
1408 4019 1520 4059 non
1550 4002 1864 4076 agnoscitur
1884 4002 2135 4071 Creator;

541 4089 837 4160 secundus,
864 4089 924 4146 in
954 4090 1202 4164 gravium
1233 4098 1581 4163 peccatorum
1622 4090 1911 4163 operibus:
1941 4092 2139 4148 tertius

541 4194 674 4236 vero
699 4179 908 4236 levium
933 4198 946 4249 ;
982 4180 1083 4236 hos
1110 4186 1295 4236 tamen
1322 4179 1589 4237 omnesin
1619 4179 1947 4252 baptismate
1976 4180 2137 4238 oblit-

540 4269 727 4326 terari.
780 4269 981 4328 Tribus
1022 4268 1112 4329 his
1152 4270 1413 4345 gradibus
1466 4272 1641 4328 totius
1683 4269 1893 4343 peccati
1937 4287 2139 4345 corpus

538 4357 895 4432 signiﬁcavit.

611 4466 1087 4537 Quemadmodum
1134 4478 1316 4527 autem
1363 4471 1432 4527 ad
1478 4471 1867 4544 poenitentium
1936 4486 2135 4545 perso-

539 4576 667 4618 nam
707 4567 887 4633 potest
932 4559 1229 4633 pertinere,
1273 4577 1401 4620 cum
1429 4562 1603 4620 dicit:
1651 4587 1669 4611 ‹
1698 4562 1851 4618 Beati
1899 4577 2134 4636 quorum

537 4658 684 4711 tecta
709 4659 839 4707 sunt
864 4658 1102 4724 peccata,
1125 4675 1143 4698 ι
1186 4667 1312 4708 cum
1341 4658 1554 4710 constet
1590 4651 1919 4724 poenitentes
1951 4648 2136 4708 labore

539 4748 595 4798 et
631 4740 840 4813 gemitu
864 4740 1245 4798 remissionem
1276 4751 1623 4815 peccatorum
1649 4742 1930 4816 acquirere
1949 4743 1977 4799 ?
2023 4742 2134 4799 Aut

538 4829 816 4904 quomodo
865 4830 1134 4904 martyrio
1172 4830 1448 4905 congruit,
1479 4831 1627 4906 quod
1654 4830 1828 4888 dicit:
1863 4855 1903 4907 ,ι
1934 4831 2135 4888 Beatus

536 4918 647 4989 vir,
676 4919 769 4977 cui
814 4935 929 4977 non
972 4919 1273 4993 imputavit
1298 4920 1567 4977 Dominus
1614 4929 1931 4995 peccatum:
1966 4944 1984 4968 ι
2034 4926 2133 4983 49

535 5034 664 5077 cum
690 5018 929 5077 sciamus
955 5020 1187 5095 gloriam
1214 5020 1471 5094 martyrii
1499 5019 1847 5095 passionibus
1874 5026 1929 5076 et
1970 5035 2132 5093 pres-

533 5108 681 5168 suris
706 5109 919 5184 acquiri
946 5110 976 5167 ?

603 5219 879 5294 Propheta
903 5228 1087 5279 autem
1115 5227 1334 5296 tempus
1358 5222 1499 5306 felix
1523 5220 1831 5295 praevidens
1851 5220 1916 5278 in’
1930 5219 2133 5280 Salva-

531 5309 669 5369 toris
697 5310 960 5383 adventu,
989 5311 1177 5370 beatos
1204 5319 1508 5387 nuncupat,
1551 5311 1754 5387 quibus
1795 5312 1914 5369 sine
1943 5312 2130 5370 labore

538 5428 878 5559 ἓαὲἒὲέιῖοω.
909 5428 1070 5496 edit.,
1099 5430 1213 5486 sola
1241 5430 1368 5501 ﬁdes
1404 5429 1590 5504 gratiae
1626 5430 1726 5487 Dei
1749 5429 2030 5502 proﬁceret
2056 5428 2128 5486 ad

531 5517 774 5558 saturem.

606 5571 690 5713 (by)
718 5572 882 5633 Corb.
910 5570 1106 5643 codex,
1139 5579 1187 5630 et
1212 5574 1401 5646 aliqua
1440 5571 1810 5629 obsecratione.

606 5642 667 5713 (5
720 5645 879 5703 Rom.
926 5644 1062 5713 edit,
1111 5646 1245 5704 Cum
1288 5645 1427 5703 enim
1456 5645 1740 5701 ubertatem
1777 5661 1810 5713 g

530 5642 879 5785 “enixa
926 5644 1062 5715 edit,
1092 5642 1245 5704 Cum
1288 5642 1427 5703 enim
1456 5645 1740 5701 ubertatem
1777 5643 1966 5716 gratia:
2005 5644 2122 5712 Dei,

662 5754 682 5781 ,
793 5758 806 5773 .

662 5754 682 5781 δ
702 5754 806 5774 Vw.

2238 1891 2460 1965 quando
2491 1894 2636 1948 Deus
2670 1892 2843 1965 gratia
2872 1892 3031 1966 plene
3060 1893 3365 1951 incitavit?

2324 2007 2343 2033 ι
2368 1982 2619 2041 Dicimus
2647 1983 2815 2053 enim,
2848 1984 2954 2041 hoc
2974 1993 3075 2054 est,
3103 1985 3149 2042 si
3176 2001 3340 2042 sensu
3365 1985 3502 2059 legis
3528 1986 3833 2060 loquimur,

2239 2072 2369 2148 quia
2409 2081 2660 2146 reputate
2703 2083 2786 2131 est
2814 2074 3052 2131 Abrahae
3100 2074 3236 2131 ﬁdes
3277 2075 3345 2132 ad
3383 2074 3706 2147 justitiam»
3749 2075 3836 2133 Ab

2237 2164 2451 2236 origine
2487 2164 2707 2235 incipit,
2729 2173 2793 2221 ut
2821 2181 3039 2221 omnem
3070 2165 3580 2237 tergiversationem
3612 2165 3838 2223 cavilla-

2238 2253 2407 2309 tionis
2453 2253 2730 2321 excludat,
2762 2254 2893 2327 quia
2924 2253 3020 2327 qui
3067 2270 3100 2310 a
3135 2255 3313 2327 capite
3341 2254 3678 2325 excluditur,
3725 2271 3836 2314 non

2239 2342 2403 2401 habet
2429 2343 2575 2399 unde
2605 2343 2836 2417 incipiat
2865 2344 3041 2400 facere
3070 2344 3451 2419 quaestionem.

2313 2431 2495 2505 (Vers.
2530 2433 2596 2490 10
2625 2442 2677 2490 et
2714 2434 2828 2505 11.)
2894 2459 2912 2481 ι
2938 2434 3228 2502 Quomodo
3256 2450 3383 2508 ergo
3426 2442 3678 2508 reputata
3708 2445 3790 2493 est
3810 2437 3838 2493 ?

2239 2539 2366 2580 cum
2398 2522 2455 2578 in
2485 2523 2911 2581 circumcisione
2954 2531 3117 2594 esset,
3148 2541 3217 2580 an
3259 2524 3319 2581 in
3362 2525 3675 2598 praeputio?
3715 2526 3837 2583 Non

2241 2612 2298 2669 in
2334 2613 2774 2683 circumcisione,
2815 2614 2911 2671 sed
2953 2614 3012 2671 in
3059 2614 3348 2689 praeputio.
3391 2617 3463 2673 Et
3490 2615 3708 2689 signum
3738 2633 3840 2673 ac—

2240 2701 2385 2773 cepit
2415 2702 2859 2759 circumcisionis
2901 2704 3245 2776 signaculum
3262 2703 3495 2777 justitiae
3524 2703 3673 2773 ﬁdei,
3717 2721 3838 2778 quae

2241 2798 2323 2847 est
2369 2790 2428 2847 in
2467 2792 2758 2865 praeputio,
2795 2801 2859 2849 ut
2887 2794 2960 2850 sit
3009 2802 3164 2867 pater
3196 2793 3449 2851 omnium
3497 2793 3839 2851 credentium

2241 2896 2338 2952 per
2365 2882 2735 2954 praputium:
2773 2891 2836 2940 ut
2876 2892 3161 2956 reputetur
3218 2892 3272 2940 et
3299 2883 3414 2941 illis
3454 2883 3521 2941 ad
3563 2882 3838 2956 justitiam

2240 2970 2404 3041 (Gen.
2434 2987 2575 3040 xvii,
2610 2974 2697 3041 10,
2733 2973 2845 3045 ll).
2879 2998 2897 3022 ι
2942 2973 3221 3030 Abraham
3262 2990 3390 3031 cum
3420 2980 3563 3032 esset
3601 2973 3660 3030 in
3690 2990 3842 3047 pra:-

2244 3060 2421 3132 putio,
2451 3060 2690 3118 credidit
2716 3064 2851 3119 Deo.
2885 3062 3029 3132 Quid
3063 3061 3345 3120 credidit?
3374 3062 3571 3119 Semen
3598 3078 3654 3118 se
3683 3062 3839 3119 habi-

2242 3156 2451 3219 turum,
2500 3150 2559 3206 id
2613 3160 2715 3220 est,
2760 3152 2965 3221 ﬁlium,
3011 3152 3071 3208 in
3118 3167 3228 3225 quo
3288 3167 3481 3209 omnes
3526 3159 3710 3224 gentes
3752 3151 3841 3224 ju-

2246 3238 2616 3297 stiﬁcarentur
2669 3258 2781 3319 per,
2843 3242 3008 3298 ﬁdem
3083 3241 3143 3297 in
3199 3241 3471 3315 praeputio
3502 3284 3518 3310 ,
3575 3241 3720 3297 sicut
3788 3250 3843 3298 et

2245 3325 2523 3382 Abraham
2594 3328 2929 3401 justiﬁcatus
2999 3336 3100 3386 est.
3148 3330 3287 3386 Nam
3360 3327 3839 3386 circumcisionem

2245 3416 2465 3487 signum
2511 3419 2721 3491 accepit
2779 3417 3012 3491 justitiaa
3065 3418 3240 3475 ﬁdei:
3299 3417 3527 3474 credens
3580 3418 3730 3473 enim
3785 3434 3843 3474 se

2246 3504 2427 3563 ﬁlium
2481 3506 2823 3578 habiturum,
2876 3508 3045 3583 hujus
3099 3510 3181 3566 rei
3236 3525 3399 3583 quam
3453 3506 3715 3577 credidit,
3771 3506 3842 3564 si-

2247 3610 2415 3666 gnum
2469 3598 2719 3671 accepit,
2778 3606 2841 3655 ut
2897 3599 3027 3672 quia
3077 3598 3305 3657 credens
3355 3597 3695 3672 justiﬁcatus
3746 3596 3839 3665 sit,

2247 3693 2580 3742 cerneretur.
2639 3688 2761 3744 Non
2823 3705 2951 3761 ergo
3005 3687 3355 3746 circumcisio
3410 3686 3622 3762 aliquid
3676 3685 3843 3742 habet

2248 3774 2556 3846 dignitatis,
2581 3775 2677 3832 sed
2696 3776 2915 3850 signum
2932 3784 3015 3835 est
3038 3785 3275 3836 tantum.
3295 3778 3454 3846 Quod
3477 3777 3696 3851 signum
3716 3774 3841 3831 ideo

2247 3862 2590 3936 accipiebant
2618 3864 2723 3921 ﬁlii
2751 3866 3010 3934 Abrahae,
3040 3875 3103 3924 ut
3126 3866 3399 3924 scirentur
3422 3865 3542 3938 ejus
3576 3864 3677 3920 ﬁlii
3701 3880 3839 3932 esse,

2248 3952 2345 4026 qui
2386 3952 2618 4011 credens
2663 3957 2777 4012 Deo
2809 3956 2915 4014 hoc
2942 3957 3163 4028 signum
3202 3964 3510 4029 acceperat;
3541 3962 3604 4012 ut
3652 3952 3841 4009 aemuli

2247 4053 2425 4102 essent
2474 4054 2713 4118 paternae
2760 4046 2913 4125 ﬁdei,
2958 4056 3013 4104 et
3052 4047 3339 4105 crederent
3381 4048 3443 4105 in
3488 4047 3692 4112 Iesum,
3740 4042 3842 4117 qui

2247 4135 2548 4206 promissus
2594 4142 2675 4193 est
2720 4134 2979 4203 Abrahae,
3028 4135 3187 4208 cujus
3232 4136 3292 4191 in
3339 4136 3515 4210 ﬁgura
3550 4141 3711 4191 natus
3756 4140 3843 4188 est

2247 4223 2414 4280 Isaac.
2459 4224 2572 4281 Nec
2598 4224 2747 4281 enim
2776 4224 2837 4281 in
2864 4226 3014 4283 Isaac
3055 4241 3247 4282 omnes
3277 4234 3462 4300 gentes
3489 4223 3840 4283 benedicun-

2246 4320 2357 4382 tur,
2392 4314 2488 4371 sed
2516 4314 2575 4371 in
2620 4313 2877 4373 Christo:
2943 4340 2963 4364 ι
2990 4315 3131 4385 Quia
3174 4333 3288 4374 non
3314 4326 3397 4374 est
3437 4314 3590 4371 aliud
3634 4328 3841 4370 nomen

2247 4405 2435 4464 datum
2462 4409 2565 4466 sub
2590 4410 2749 4479 ccelo,
2770 4408 2829 4467 in
2850 4426 2959 4485 quo
2978 4419 3225 4483 oporteat
3250 4410 3431 4468 salvos
3450 4407 3569 4465 ﬁeri
3594 4407 3739 4481 (Act.
3757 4424 3816 4465 Iv

2165 4541 2215 4601 Β
2249 4497 2411 4601 12),:
2460 4498 3142 4601 dici-t‘P‘etrusfpostolus.

2317 4590 2498 4661 (Vers.
2563 4591 2677 4665 l2.)
2752 4585 2893 4648 «'Et
2933 4592 3006 4648 sit
3043 4598 3196 4664 pater
3235 4588 3679 4649 circumcisionis
3722 4605 3838 4646 non

2243 4679 2423 4738 solum
2476 4697 2668 4739 eorum
2713 4679 2810 4755 qui
2854 4698 2924 4739 ex
2970 4680 3391 4738 circumcisione
3437 4686 3588 4745 sunt,
3640 4677 3738 4735 sed
3784 4687 3840 4736 et

2241 4787 2432 4828 eorum
2463 4772 2559 4844 qui
2583 4779 2891 4844 sequuntur
2915 4772 3148 4845 vestigia
3174 4770 3326 4841 ﬁdei,
3356 4788 3479 4846 quas
3510 4777 3593 4827 est
3620 4768 3681 4826 in
3700 4784 3836 4841 prae-

2241 4862 2398 4936 putio
2427 4861 2596 4935 patris
2624 4860 2801 4919 nostri
2825 4861 3115 4919 Abrahae.»
3148 4863 3264 4920 Hoc
3278 4861 3579 4936 dicit,quia
3607 4859 3837 4917 credens

2239 4950 2540 5020 Abraham,
2584 4950 2797 5024 primus
2837 4950 3018 5009 factus
3058 4962 3142 5011 est
3182 4961 3337 5026 pater
3369 4948 3831 5018 circumcisionis,

2239 5041 2336 5098 sed
2380 5039 2583 5110 cordis,
2627 5056 2738 5096 non
2785 5048 3001 5097 tantum
3042 5058 3231 5099 eorum
3277 5042 3373 5116 qui
3420 5048 3553 5098 sunt
3596 5055 3668 5096 ex
3714 5037 3835 5111 ejus

2238 5131 2471 5204 origine,
2530 5128 2625 5186 sed
2673 5136 2727 5186 et
2781 5144 2971 5186 eorum
3022 5132 3119 5205 qui
3164 5130 3423 5189 similiter
3474 5130 3711 5188 credunt
3762 5145 3832 5187 ex

2238 5221 2516 5295 gentibus.
2550 5219 2863 5277 Secundum
2893 5236 3111 5278 carnem
3142 5221 3291 5277 enim
3333 5218 3648 5287 Iudaeorum
3681 5228 3835 5293 pater

2236 5318 2337 5380 est,
2370 5308 2674 5368 secundum
2706 5309 2870 5366 ﬁdem
2901 5327 3033 5369 vero
3064 5311 3315 5368 omnium
3358 5309 3724 5369 credentium.

2309 5426 2401 5502 (6)
2433 5426 2639 5502 Eadem
2681 5426 2839 5502 edit,
2871 5429 3029 5486 Rom.
3059 5444 3186 5487 cum
3226 5444 3356 5485 mss.
3390 5425 3745 5502 quibusdam,
3773 5431 3833 5481 ut

2234 5499 2479 5558 amplicet
2507 5500 2703 5556 donum
2740 5501 2859 5558 Dei.

2336 5571 2391 5641 7)
2430 5571 2698 5629 Nonnulli
2728 5589 2883 5645 mss.,
2910 5571 3162 5629 venientes
3189 5573 3261 5629 ad
3279 5572 3528 5645 gloriam.
3553 5570 3830 5645 Continuo

2231 5651 2528 5772 ἕὲἑίἳαιὲᾳῗῑ,
2552 5645 2711 5705 Rom.
2733 5644 2868 5704 edit.
2896 5645 3035 5715 sola,
3064 5642 3295 5719 quando
3305 5642 3407 5703 Dei
3424 5643 3603 5719 gratia
3617 5642 3829 5717 plenius

2438 5734 2455 5772 ι
2484 5760 2497 5772 .
