  <div class='ocr_page' id='page_1' title='image "/cluster/home/n/w/nwhite01/storage/ocr_20150623/17/hvd.32044096580436/050.png"; bbox 0 0 4136 6194; ppageno 0'>
   <div class='ocr_carea' id='block_1_1' title="bbox 342 320 3673 394">
    <p class='ocr_par' dir='ltr' id='par_1_1' title="bbox 342 320 3673 394">
     <span class='ocr_line' id='line_1_1' title="bbox 342 320 3673 394; baseline 0.004 -14"><span class='ocrx_word' id='word_1_1' title='bbox 342 320 413 380; x_wconf 81' lang='lat'><strong>89</strong></span> <span class='ocrx_word' id='word_1_2' title='bbox 1437 325 1801 385; x_wconf 79' lang='lat' dir='ltr'><strong>COMMENT.</strong></span> <span class='ocrx_word' id='word_1_3' title='bbox 1838 325 1912 385; x_wconf 88' lang='lat' dir='ltr'><strong>IN</strong></span> <span class='ocrx_word' id='word_1_4' title='bbox 1948 324 2167 384; x_wconf 80' lang='lat' dir='ltr'><strong>EPIST.</strong></span> <span class='ocrx_word' id='word_1_5' title='bbox 2207 327 2304 385; x_wconf 88' lang='lat' dir='ltr'><strong>AD</strong></span> <span class='ocrx_word' id='word_1_6' title='bbox 2339 328 2507 386; x_wconf 80' lang='lat' dir='ltr'><strong>ROM.</strong></span> <span class='ocrx_word' id='word_1_7' title='bbox 3601 336 3673 394; x_wconf 76' lang='lat'><strong>90</strong></span> 
     </span>
    </p>
   </div>
   <div class='ocr_carea' id='block_1_2' title="bbox 420 447 3671 536">
    <p class='ocr_par' dir='ltr' id='par_1_2' title="bbox 420 447 3671 536">
     <span class='ocr_line' id='line_1_2' title="bbox 420 447 3671 536; baseline 0.005 -32"><span class='ocrx_word' id='word_1_8' title='bbox 420 447 602 520; x_wconf 89' lang='lat' dir='ltr'><strong>(Vers.</strong></span> <span class='ocrx_word' id='word_1_9' title='bbox 662 449 775 523; x_wconf 87' lang='grc'><strong>13.)</strong></span> <span class='ocrx_word' id='word_1_10' title='bbox 828 475 845 498; x_wconf 77' lang='grc' dir='ltr'><strong>ι</strong></span> <span class='ocrx_word' id='word_1_11' title='bbox 901 451 1026 509; x_wconf 85' lang='grc' dir='ltr'><strong>Νοιι</strong></span> <span class='ocrx_word' id='word_1_12' title='bbox 1064 452 1211 509; x_wconf 90' lang='lat' dir='ltr'><strong>enim</strong></span> <span class='ocrx_word' id='word_1_13' title='bbox 1268 468 1364 526; x_wconf 90' lang='lat' dir='ltr'><strong>per</strong></span> <span class='ocrx_word' id='word_1_14' title='bbox 1423 454 1594 526; x_wconf 81' lang='lat' dir='ltr'><strong>legem</strong></span> <span class='ocrx_word' id='word_1_15' title='bbox 1648 454 1943 527; x_wconf 86' lang='lat' dir='ltr'><strong>promissio</strong></span> <span class='ocrx_word' id='word_1_16' title='bbox 1979 457 2032 517; x_wconf 76' lang='grc' dir='ltr'>Α</span> <span class='ocrx_word' id='word_1_17' title='bbox 2058 469 2127 511; x_wconf 89' lang='lat' dir='ltr'><strong>ac</strong></span> <span class='ocrx_word' id='word_1_18' title='bbox 2150 470 2250 527; x_wconf 91' lang='lat' dir='ltr'><strong>per</strong></span> <span class='ocrx_word' id='word_1_19' title='bbox 2277 454 2383 514; x_wconf 91' lang='lat' dir='ltr'><strong>hoc</strong></span> <span class='ocrx_word' id='word_1_20' title='bbox 2410 457 2740 529; x_wconf 86' lang='lat' dir='ltr'><strong>puriﬁcandi</strong></span> <span class='ocrx_word' id='word_1_21' title='bbox 2768 469 2899 518; x_wconf 90' lang='lat' dir='ltr'><strong>sunt</strong></span> <span class='ocrx_word' id='word_1_22' title='bbox 2926 461 3082 535; x_wconf 89' lang='lat' dir='ltr'><strong>prius</strong></span> <span class='ocrx_word' id='word_1_23' title='bbox 3101 478 3198 536; x_wconf 87' lang='lat' dir='ltr'><strong>per</strong></span> <span class='ocrx_word' id='word_1_24' title='bbox 3211 461 3398 531; x_wconf 91' lang='lat' dir='ltr'><strong>ﬁdem,</strong></span> <span class='ocrx_word' id='word_1_25' title='bbox 3422 471 3483 519; x_wconf 92' lang='lat' dir='ltr'><strong>ut</strong></span> <span class='ocrx_word' id='word_1_26' title='bbox 3512 463 3671 535; x_wconf 91' lang='lat' dir='ltr'><strong>digni</strong></span> 
     </span>
    </p>
   </div>
   <div class='ocr_carea' id='block_1_3' title="bbox 348 536 1942 614">
    <p class='ocr_par' dir='ltr' id='par_1_3' title="bbox 348 536 1942 614">
     <span class='ocr_line' id='line_1_3' title="bbox 348 536 1942 614; baseline 0.006 -22"><span class='ocrx_word' id='word_1_27' title='bbox 348 536 580 594; x_wconf 83' lang='lat' dir='ltr'><strong>Abrahae</strong></span> <span class='ocrx_word' id='word_1_28' title='bbox 607 547 704 597; x_wconf 88' lang='lat' dir='ltr'><strong>aut</strong></span> <span class='ocrx_word' id='word_1_29' title='bbox 734 540 933 597; x_wconf 85' lang='lat' dir='ltr'><strong>semini</strong></span> <span class='ocrx_word' id='word_1_30' title='bbox 971 540 1108 614; x_wconf 86' lang='lat' dir='ltr'>ejus,</span> <span class='ocrx_word' id='word_1_31' title='bbox 1130 550 1193 599; x_wconf 92' lang='lat' dir='ltr'><strong>ut</strong></span> <span class='ocrx_word' id='word_1_32' title='bbox 1221 542 1394 600; x_wconf 63' lang='lat' dir='ltr'><strong>haeres</strong></span> <span class='ocrx_word' id='word_1_33' title='bbox 1430 553 1572 601; x_wconf 91' lang='lat' dir='ltr'><strong>esset</strong></span> <span class='ocrx_word' id='word_1_34' title='bbox 1599 543 1814 612; x_wconf 89' lang='lat' dir='ltr'><strong>mundi,</strong></span> <span class='ocrx_word' id='word_1_35' title='bbox 1846 544 1942 601; x_wconf 89' lang='lat' dir='ltr'><strong>sed</strong></span> 
     </span>
    </p>
   </div>
   <div class='ocr_carea' id='block_1_4' title="bbox 347 625 1946 708">
    <p class='ocr_par' dir='ltr' id='par_1_4' title="bbox 347 625 1946 708">
     <span class='ocr_line' id='line_1_4' title="bbox 347 625 1946 708; baseline 0.006 -27"><span class='ocrx_word' id='word_1_36' title='bbox 347 640 442 697; x_wconf 90' lang='lat' dir='ltr'><strong>per</strong></span> <span class='ocrx_word' id='word_1_37' title='bbox 474 625 753 697; x_wconf 87' lang='lat' dir='ltr'><strong>justitiam</strong></span> <span class='ocrx_word' id='word_1_38' title='bbox 793 628 941 687; x_wconf 87' lang='lat' dir='ltr'><strong>ﬁdei.</strong></span> <span class='ocrx_word' id='word_1_39' title='bbox 985 657 1003 680; x_wconf 80' lang='grc'>›</span> <span class='ocrx_word' id='word_1_40' title='bbox 1052 632 1405 690; x_wconf 79' lang='lat' dir='ltr'><strong>Manifestum</strong></span> <span class='ocrx_word' id='word_1_41' title='bbox 1459 640 1563 702; x_wconf 90' lang='lat' dir='ltr'><strong>est,</strong></span> <span class='ocrx_word' id='word_1_42' title='bbox 1602 634 1733 708; x_wconf 85' lang='lat' dir='ltr'><strong>quia</strong></span> <span class='ocrx_word' id='word_1_43' title='bbox 1769 649 1946 706; x_wconf 87' lang='lat' dir='ltr'><strong>neque</strong></span> 
     </span>
    </p>
   </div>
   <div class='ocr_carea' id='block_1_5' title="bbox 346 713 1943 796">
    <p class='ocr_par' dir='ltr' id='par_1_5' title="bbox 346 713 1943 796">
     <span class='ocr_line' id='line_1_5' title="bbox 346 713 1943 796; baseline 0.006 -26"><span class='ocrx_word' id='word_1_44' title='bbox 346 713 530 772; x_wconf 86' lang='lat' dir='ltr'><strong>adhuc</strong></span> <span class='ocrx_word' id='word_1_45' title='bbox 588 717 679 774; x_wconf 82' lang='lat' dir='ltr'><strong>lex</strong></span> <span class='ocrx_word' id='word_1_46' title='bbox 708 718 833 775; x_wconf 87' lang='lat' dir='ltr'><strong>data</strong></span> <span class='ocrx_word' id='word_1_47' title='bbox 877 728 1011 791; x_wconf 88' lang='lat' dir='ltr'><strong>erat,</strong></span> <span class='ocrx_word' id='word_1_48' title='bbox 1060 738 1237 796; x_wconf 91' lang='lat' dir='ltr'><strong>neque</strong></span> <span class='ocrx_word' id='word_1_49' title='bbox 1258 722 1375 795; x_wconf 90' lang='lat' dir='ltr'><strong>jam</strong></span> <span class='ocrx_word' id='word_1_50' title='bbox 1406 733 1523 781; x_wconf 90' lang='lat' dir='ltr'><strong>erat</strong></span> <span class='ocrx_word' id='word_1_51' title='bbox 1550 724 1898 782; x_wconf 82' lang='lat' dir='ltr'><strong>circumcisio</strong></span> <span class='ocrx_word' id='word_1_52' title='bbox 1932 742 1943 780; x_wconf 93' lang='lat'><strong>:</strong></span> 
     </span>
    </p>
   </div>
   <div class='ocr_carea' id='block_1_6' title="bbox 347 805 1949 884">
    <p class='ocr_par' dir='ltr' id='par_1_6' title="bbox 347 805 1949 884">
     <span class='ocr_line' id='line_1_6' title="bbox 347 805 1949 884; baseline 0.006 -25"><span class='ocrx_word' id='word_1_53' title='bbox 347 805 569 878; x_wconf 84' lang='lat' dir='ltr'><strong>quando</strong></span> <span class='ocrx_word' id='word_1_54' title='bbox 611 809 899 880; x_wconf 85' lang='lat' dir='ltr'><strong>promissio</strong></span> <span class='ocrx_word' id='word_1_55' title='bbox 951 813 1066 884; x_wconf 87' lang='lat' dir='ltr'><strong>jam</strong></span> <span class='ocrx_word' id='word_1_56' title='bbox 1113 813 1255 871; x_wconf 86' lang='lat' dir='ltr'><strong>facta</strong></span> <span class='ocrx_word' id='word_1_57' title='bbox 1297 820 1381 869; x_wconf 92' lang='lat' dir='ltr'><strong>est</strong></span> <span class='ocrx_word' id='word_1_58' title='bbox 1407 813 1645 870; x_wconf 82' lang='lat' dir='ltr'><strong>Abrahae</strong></span> <span class='ocrx_word' id='word_1_59' title='bbox 1684 812 1949 881; x_wconf 87' lang='lat' dir='ltr'><strong>credenti,</strong></span> 
     </span>
    </p>
   </div>
   <div class='ocr_carea' id='block_1_7' title="bbox 348 895 1949 975">
    <p class='ocr_par' dir='ltr' id='par_1_7' title="bbox 348 895 1949 975">
     <span class='ocr_line' id='line_1_7' title="bbox 348 895 1949 975; baseline 0.006 -26"><span class='ocrx_word' id='word_1_60' title='bbox 348 902 403 950; x_wconf 90' lang='lat' dir='ltr'><strong>et</strong></span> <span class='ocrx_word' id='word_1_61' title='bbox 449 895 648 952; x_wconf 87' lang='lat' dir='ltr'><strong>semini</strong></span> <span class='ocrx_word' id='word_1_62' title='bbox 722 897 859 969; x_wconf 88' lang='lat' dir='ltr'><strong>ejus,</strong></span> <span class='ocrx_word' id='word_1_63' title='bbox 918 900 1066 973; x_wconf 88' lang='lat' dir='ltr'><strong>quod</strong></span> <span class='ocrx_word' id='word_1_64' title='bbox 1112 910 1196 957; x_wconf 90' lang='lat' dir='ltr'><strong>est</strong></span> <span class='ocrx_word' id='word_1_65' title='bbox 1232 900 1490 959; x_wconf 87' lang='lat' dir='ltr'><strong>Christus</strong></span> <span class='ocrx_word' id='word_1_66' title='bbox 1526 902 1621 975; x_wconf 86' lang='lat' dir='ltr'><strong>qui</strong></span> <span class='ocrx_word' id='word_1_67' title='bbox 1660 902 1949 958; x_wconf 87' lang='lat' dir='ltr'><strong>hominum</strong></span> 
     </span>
    </p>
   </div>
   <div class='ocr_carea' id='block_1_8' title="bbox 348 985 1951 1063">
    <p class='ocr_par' dir='ltr' id='par_1_8' title="bbox 348 985 1951 1063">
     <span class='ocr_line' id='line_1_8' title="bbox 348 985 1951 1063; baseline 0.005 -24"><span class='ocrx_word' id='word_1_68' title='bbox 348 991 567 1053; x_wconf 87' lang='lat' dir='ltr'><strong>peccata</strong></span> <span class='ocrx_word' id='word_1_69' title='bbox 610 985 860 1044; x_wconf 86' lang='lat' dir='ltr'><strong>ablueret</strong></span> <span class='ocrx_word' id='word_1_70' title='bbox 927 990 1033 1061; x_wconf 91' lang='lat'><strong>(8).</strong></span> <span class='ocrx_word' id='word_1_71' title='bbox 1103 990 1261 1047; x_wconf 85' lang='lat' dir='ltr'><strong>Unde</strong></span> <span class='ocrx_word' id='word_1_72' title='bbox 1309 991 1445 1048; x_wconf 82' lang='lat' dir='ltr'><strong>dicit</strong></span> <span class='ocrx_word' id='word_1_73' title='bbox 1483 992 1717 1047; x_wconf 84' lang='lat' dir='ltr'><strong>Joannes</strong></span> <span class='ocrx_word' id='word_1_74' title='bbox 1754 991 1951 1063; x_wconf 90' lang='lat' dir='ltr'><strong>Bapti-</strong></span> 
     </span>
    </p>
   </div>
   <div class='ocr_carea' id='block_1_9' title="bbox 348 1074 1949 1153">
    <p class='ocr_par' dir='ltr' id='par_1_9' title="bbox 348 1074 1949 1153">
     <span class='ocr_line' id='line_1_9' title="bbox 348 1074 1949 1153; baseline 0.006 -26"><span class='ocrx_word' id='word_1_75' title='bbox 348 1080 431 1127; x_wconf 87' lang='lat' dir='ltr'><strong>sta</strong></span> <span class='ocrx_word' id='word_1_76' title='bbox 471 1091 483 1128; x_wconf 90' lang='lat'>:</span> <span class='ocrx_word' id='word_1_77' title='bbox 534 1074 679 1131; x_wconf 85' lang='lat' dir='ltr'><strong>Ecce</strong></span> <span class='ocrx_word' id='word_1_78' title='bbox 724 1093 899 1147; x_wconf 89' lang='lat' dir='ltr'><strong>agnus</strong></span> <span class='ocrx_word' id='word_1_79' title='bbox 956 1078 1076 1147; x_wconf 88' lang='lat' dir='ltr'><strong>Dei,</strong></span> <span class='ocrx_word' id='word_1_80' title='bbox 1134 1095 1257 1135; x_wconf 88' lang='lat' dir='ltr'><strong>ecce</strong></span> <span class='ocrx_word' id='word_1_81' title='bbox 1314 1080 1409 1153; x_wconf 87' lang='lat' dir='ltr'><strong>qui</strong></span> <span class='ocrx_word' id='word_1_82' title='bbox 1465 1080 1611 1135; x_wconf 92' lang='lat' dir='ltr'><strong>tollit</strong></span> <span class='ocrx_word' id='word_1_83' title='bbox 1665 1087 1949 1151; x_wconf 88' lang='lat' dir='ltr'><strong>peccatum</strong></span> 
     </span>
    </p>
   </div>
   <div class='ocr_carea' id='block_1_10' title="bbox 346 1162 1952 1242">
    <p class='ocr_par' dir='ltr' id='par_1_10' title="bbox 346 1162 1952 1242">
     <span class='ocr_line' id='line_1_10' title="bbox 346 1162 1952 1242; baseline 0.006 -26"><span class='ocrx_word' id='word_1_84' title='bbox 346 1162 543 1219; x_wconf 90' lang='lat' dir='ltr'><strong>mundi</strong></span> <span class='ocrx_word' id='word_1_85' title='bbox 597 1165 781 1235; x_wconf 79' lang='lat' dir='ltr'><strong>(Joan.</strong></span> <span class='ocrx_word' id='word_1_86' title='bbox 842 1185 881 1236; x_wconf 81' lang='grc' dir='ltr'><strong>ι,</strong></span> <span class='ocrx_word' id='word_1_87' title='bbox 940 1169 1053 1239; x_wconf 85' lang='grc'><strong>19.)</strong></span> <span class='ocrx_word' id='word_1_88' title='bbox 1108 1194 1127 1215; x_wconf 78' lang='grc' dir='ltr'><strong>ι</strong></span> <span class='ocrx_word' id='word_1_89' title='bbox 1211 1170 1332 1225; x_wconf 88' lang='lat' dir='ltr'><strong>Non</strong></span> <span class='ocrx_word' id='word_1_90' title='bbox 1380 1186 1508 1242; x_wconf 89' lang='lat' dir='ltr'><strong>ergo</strong></span> <span class='ocrx_word' id='word_1_91' title='bbox 1569 1170 1768 1226; x_wconf 92' lang='lat' dir='ltr'><strong>merito</strong></span> <span class='ocrx_word' id='word_1_92' title='bbox 1826 1187 1952 1226; x_wconf 91' lang='lat' dir='ltr'><strong>ser-</strong></span> 
     </span>
    </p>
   </div>
   <div class='ocr_carea' id='block_1_11' title="bbox 346 1253 1947 1329">
    <p class='ocr_par' dir='ltr' id='par_1_11' title="bbox 346 1253 1947 1329">
     <span class='ocr_line' id='line_1_11' title="bbox 346 1253 1947 1329; baseline 0.006 -23"><span class='ocrx_word' id='word_1_93' title='bbox 346 1258 487 1307; x_wconf 61' lang='lat' dir='ltr'><strong>vata</strong></span> <span class='ocrx_word' id='word_1_94' title='bbox 544 1253 715 1325; x_wconf 81' lang='lat' dir='ltr'><strong>legis‘</strong></span> <span class='ocrx_word' id='word_1_95' title='bbox 750 1254 923 1312; x_wconf 74' lang='lat' dir='ltr'><strong>haeres</strong></span> <span class='ocrx_word' id='word_1_96' title='bbox 976 1258 1153 1315; x_wconf 85' lang='lat' dir='ltr'><strong>factus</strong></span> <span class='ocrx_word' id='word_1_97' title='bbox 1190 1267 1272 1315; x_wconf 89' lang='lat' dir='ltr'><strong>est</strong></span> <span class='ocrx_word' id='word_1_98' title='bbox 1328 1260 1546 1329; x_wconf 91' lang='lat' dir='ltr'><strong>mundi,</strong></span> <span class='ocrx_word' id='word_1_99' title='bbox 1597 1259 1695 1316; x_wconf 91' lang='lat' dir='ltr'><strong>sed</strong></span> <span class='ocrx_word' id='word_1_100' title='bbox 1760 1260 1890 1317; x_wconf 92' lang='lat' dir='ltr'><strong>ﬁdei</strong></span> <span class='ocrx_word' id='word_1_101' title='bbox 1934 1269 1947 1307; x_wconf 76' lang='grc' dir='ltr'>ε</span> 
     </span>
    </p>
   </div>
   <div class='ocr_carea' id='block_1_12' title="bbox 346 1338 1956 1425">
    <p class='ocr_par' dir='ltr' id='par_1_12' title="bbox 346 1338 1956 1425">
     <span class='ocr_line' id='line_1_12' title="bbox 346 1338 1956 1425; baseline 0.011 -31"><span class='ocrx_word' id='word_1_102' title='bbox 346 1338 524 1396; x_wconf 70' lang='lat' dir='ltr'><strong>haeres</strong></span> <span class='ocrx_word' id='word_1_103' title='bbox 551 1350 732 1399; x_wconf 88' lang='lat' dir='ltr'><strong>autem</strong></span> <span class='ocrx_word' id='word_1_104' title='bbox 775 1346 966 1402; x_wconf 89' lang='lat' dir='ltr'><strong>mundi</strong></span> <span class='ocrx_word' id='word_1_105' title='bbox 998 1346 1171 1405; x_wconf 77' lang='lat' dir='ltr'><strong>haeres</strong></span> <span class='ocrx_word' id='word_1_106' title='bbox 1211 1358 1294 1406; x_wconf 89' lang='lat' dir='ltr'><strong>est</strong></span> <span class='ocrx_word' id='word_1_107' title='bbox 1320 1357 1500 1420; x_wconf 78' lang='lat' dir='ltr'><strong>terrae,</strong></span> <span class='ocrx_word' id='word_1_108' title='bbox 1540 1368 1706 1425; x_wconf 90' lang='lat' dir='ltr'><strong>quam</strong></span> <span class='ocrx_word' id='word_1_109' title='bbox 1735 1350 1795 1407; x_wconf 92' lang='lat' dir='ltr'><strong>in</strong></span> <span class='ocrx_word' id='word_1_110' title='bbox 1823 1352 1956 1411; x_wconf 87' lang='lat' dir='ltr'><strong>ﬁliis</strong></span> 
     </span>
    </p>
   </div>
   <div class='ocr_carea' id='block_1_13' title="bbox 344 1434 1952 1514">
    <p class='ocr_par' dir='ltr' id='par_1_13' title="bbox 344 1434 1952 1514">
     <span class='ocr_line' id='line_1_13' title="bbox 344 1434 1952 1514; baseline 0.009 -30"><span class='ocrx_word' id='word_1_111' title='bbox 344 1440 675 1489; x_wconf 82' lang='lat' dir='ltr'><strong>consecutus</strong></span> <span class='ocrx_word' id='word_1_112' title='bbox 707 1441 793 1489; x_wconf 91' lang='lat' dir='ltr'><strong>est</strong></span> <span class='ocrx_word' id='word_1_113' title='bbox 826 1452 839 1490; x_wconf 86' lang='lat'><em>:</em></span> <span class='ocrx_word' id='word_1_114' title='bbox 874 1434 1127 1494; x_wconf 79' lang='lat' dir='ltr'><strong>Christus</strong></span> <span class='ocrx_word' id='word_1_115' title='bbox 1152 1446 1331 1495; x_wconf 91' lang='lat' dir='ltr'><strong>autem</strong></span> <span class='ocrx_word' id='word_1_116' title='bbox 1365 1440 1541 1498; x_wconf 76' lang='lat' dir='ltr'><strong>haeres</strong></span> <span class='ocrx_word' id='word_1_117' title='bbox 1571 1450 1657 1499; x_wconf 88' lang='lat' dir='ltr'><strong>est</strong></span> <span class='ocrx_word' id='word_1_118' title='bbox 1685 1442 1952 1514; x_wconf 91' lang='lat' dir='ltr'><strong>gentium,</strong></span> 
     </span>
    </p>
   </div>
   <div class='ocr_carea' id='block_1_14' title="bbox 345 1520 1958 1603">
    <p class='ocr_par' dir='ltr' id='par_1_14' title="bbox 345 1520 1958 1603">
     <span class='ocr_line' id='line_1_14' title="bbox 345 1520 1958 1603; baseline 0.01 -31"><span class='ocrx_word' id='word_1_119' title='bbox 345 1526 409 1575; x_wconf 90' lang='lat' dir='ltr'><strong>ut</strong></span> <span class='ocrx_word' id='word_1_120' title='bbox 452 1520 631 1577; x_wconf 88' lang='lat' dir='ltr'><strong>David</strong></span> <span class='ocrx_word' id='word_1_121' title='bbox 664 1525 816 1580; x_wconf 83' lang='lat' dir='ltr'><strong>canit</strong></span> <span class='ocrx_word' id='word_1_122' title='bbox 856 1543 868 1581; x_wconf 92' lang='lat'><strong>:</strong></span> <span class='ocrx_word' id='word_1_123' title='bbox 922 1550 942 1573; x_wconf 80' lang='grc' dir='ltr'><strong>ι</strong></span> <span class='ocrx_word' id='word_1_124' title='bbox 978 1529 1052 1583; x_wconf 88' lang='lat' dir='ltr'><strong>Et</strong></span> <span class='ocrx_word' id='word_1_125' title='bbox 1098 1527 1242 1585; x_wconf 89' lang='lat' dir='ltr'><strong>dabo</strong></span> <span class='ocrx_word' id='word_1_126' title='bbox 1282 1530 1387 1587; x_wconf 85' lang='lat' dir='ltr'><strong>tibi</strong></span> <span class='ocrx_word' id='word_1_127' title='bbox 1436 1539 1623 1603; x_wconf 80' lang='lat' dir='ltr'><strong>gentes</strong></span> <span class='ocrx_word' id='word_1_128' title='bbox 1653 1531 1958 1588; x_wconf 62' lang='lat' dir='ltr'><strong>haeredita-</strong></span> 
     </span>
    </p>
   </div>
   <div class='ocr_carea' id='block_1_15' title="bbox 348 1615 1957 1687">
    <p class='ocr_par' dir='ltr' id='par_1_15' title="bbox 348 1615 1957 1687">
     <span class='ocr_line' id='line_1_15' title="bbox 348 1615 1957 1687; baseline 0.009 -23"><span class='ocrx_word' id='word_1_129' title='bbox 348 1615 456 1665; x_wconf 88' lang='lat' dir='ltr'><strong>tem</strong></span> <span class='ocrx_word' id='word_1_130' title='bbox 510 1618 685 1681; x_wconf 88' lang='lat' dir='ltr'><strong>tuam,</strong></span> <span class='ocrx_word' id='word_1_131' title='bbox 744 1620 800 1669; x_wconf 87' lang='lat' dir='ltr'><strong>et</strong></span> <span class='ocrx_word' id='word_1_132' title='bbox 852 1617 1251 1687; x_wconf 89' lang='lat' dir='ltr'><strong>possessionem</strong></span> <span class='ocrx_word' id='word_1_133' title='bbox 1294 1627 1448 1677; x_wconf 87' lang='lat' dir='ltr'><strong>tuam</strong></span> <span class='ocrx_word' id='word_1_134' title='bbox 1495 1622 1766 1679; x_wconf 87' lang='lat' dir='ltr'><strong>terminos</strong></span> <span class='ocrx_word' id='word_1_135' title='bbox 1794 1630 1957 1679; x_wconf 67' lang='lat' dir='ltr'><strong>terrae</strong></span> 
     </span>
    </p>
   </div>
   <div class='ocr_carea' id='block_1_16' title="bbox 351 1696 1953 1777">
    <p class='ocr_par' dir='ltr' id='par_1_16' title="bbox 351 1696 1953 1777">
     <span class='ocr_line' id='line_1_16' title="bbox 351 1696 1953 1777; baseline 0.007 -23"><span class='ocrx_word' id='word_1_136' title='bbox 351 1696 522 1767; x_wconf 83' lang='lat' dir='ltr'><strong>(Psal.</strong></span> <span class='ocrx_word' id='word_1_137' title='bbox 540 1700 688 1769; x_wconf 80' lang='lat'><strong>11,8);</strong></span> <span class='ocrx_word' id='word_1_138' title='bbox 710 1727 729 1750; x_wconf 76' lang='grc' dir='ltr'><strong>ι</strong></span> <span class='ocrx_word' id='word_1_139' title='bbox 756 1702 862 1777; x_wconf 88' lang='lat' dir='ltr'><strong>ipsi</strong></span> <span class='ocrx_word' id='word_1_140' title='bbox 888 1706 1038 1763; x_wconf 91' lang='lat' dir='ltr'><strong>enim</strong></span> <span class='ocrx_word' id='word_1_141' title='bbox 1056 1709 1359 1765; x_wconf 91' lang='lat' dir='ltr'><strong>moriemur</strong></span> <span class='ocrx_word' id='word_1_142' title='bbox 1372 1710 1695 1767; x_wconf 89' lang='lat' dir='ltr'><strong>etvivemus</strong></span> <span class='ocrx_word' id='word_1_143' title='bbox 1712 1727 1837 1767; x_wconf 92' lang='lat' dir='ltr'><strong>cum</strong></span> <span class='ocrx_word' id='word_1_144' title='bbox 1866 1726 1953 1767; x_wconf 91' lang='lat' dir='ltr'><strong>eo.</strong></span> 
     </span>
    </p>
   </div>
   <div class='ocr_carea' id='block_1_17' title="bbox 422 1788 2027 1893">
    <p class='ocr_par' dir='ltr' id='par_1_17' title="bbox 422 1788 2027 1893">
     <span class='ocr_line' id='line_1_17' title="bbox 422 1788 2027 1893; baseline 0.009 -49"><span class='ocrx_word' id='word_1_145' title='bbox 422 1788 627 1893; x_wconf 26' lang='lat' dir='ltr'><strong>(Versa</strong></span> <span class='ocrx_word' id='word_1_146' title='bbox 649 1793 764 1866; x_wconf 74' lang='grc'><strong>14.)</strong></span> <span class='ocrx_word' id='word_1_147' title='bbox 810 1796 928 1893; x_wconf 74' lang='lat' dir='ltr'><strong>«Si</strong></span> <span class='ocrx_word' id='word_1_148' title='bbox 942 1797 1092 1893; x_wconf 83' lang='lat' dir='ltr'><strong>enim</strong></span> <span class='ocrx_word' id='word_1_149' title='bbox 1124 1800 1219 1872; x_wconf 90' lang='lat' dir='ltr'><strong>qui</strong></span> <span class='ocrx_word' id='word_1_150' title='bbox 1234 1816 1316 1893; x_wconf 80' lang='lat' dir='ltr'><strong>ex</strong></span> <span class='ocrx_word' id='word_1_151' title='bbox 1349 1802 1487 1893; x_wconf 74' lang='lat' dir='ltr'><strong>lege,</strong></span> <span class='ocrx_word' id='word_1_152' title='bbox 1522 1800 1745 1893; x_wconf 34' lang='lat' dir='ltr'><strong>hi-sunt</strong></span> <span class='ocrx_word' id='word_1_153' title='bbox 1768 1801 1955 1859; x_wconf 64' lang='lat' dir='ltr'><strong>hmre-</strong></span> <span class='ocrx_word' id='word_1_154' title='bbox 1981 1831 2027 1893; x_wconf 79' lang='grc' dir='ltr'><strong>Β</strong></span> 
     </span>
    </p>
   </div>
   <div class='ocr_carea' id='block_1_18' title="bbox 347 1876 1951 1962">
    <p class='ocr_par' dir='ltr' id='par_1_18' title="bbox 347 1876 1951 1962">
     <span class='ocr_line' id='line_1_18' title="bbox 347 1876 1951 1962; baseline 0.009 -30"><span class='ocrx_word' id='word_1_155' title='bbox 347 1876 461 1945; x_wconf 89' lang='lat' dir='ltr'><strong>des,</strong></span> <span class='ocrx_word' id='word_1_156' title='bbox 494 1905 513 1927; x_wconf 78' lang='grc' dir='ltr'><strong>ι</strong></span> <span class='ocrx_word' id='word_1_157' title='bbox 575 1880 633 1936; x_wconf 90' lang='lat' dir='ltr'><strong>id</strong></span> <span class='ocrx_word' id='word_1_158' title='bbox 661 1890 761 1951; x_wconf 91' lang='lat' dir='ltr'><strong>est,</strong></span> <span class='ocrx_word' id='word_1_159' title='bbox 814 1884 861 1940; x_wconf 88' lang='lat' dir='ltr'><strong>si</strong></span> <span class='ocrx_word' id='word_1_160' title='bbox 890 1884 932 1941; x_wconf 90' lang='lat' dir='ltr'><strong>ii</strong></span> <span class='ocrx_word' id='word_1_161' title='bbox 970 1888 1066 1960; x_wconf 90' lang='lat' dir='ltr'><strong>qui</strong></span> <span class='ocrx_word' id='word_1_162' title='bbox 1108 1905 1178 1944; x_wconf 83' lang='lat' dir='ltr'><strong>ex</strong></span> <span class='ocrx_word' id='word_1_163' title='bbox 1233 1889 1349 1962; x_wconf 84' lang='lat' dir='ltr'><strong>lege</strong></span> <span class='ocrx_word' id='word_1_164' title='bbox 1395 1891 1483 1946; x_wconf 84' lang='lat' dir='ltr'><strong>vel</strong></span> <span class='ocrx_word' id='word_1_165' title='bbox 1528 1890 1632 1946; x_wconf 89' lang='lat' dir='ltr'><strong>sub</strong></span> <span class='ocrx_word' id='word_1_166' title='bbox 1661 1891 1775 1962; x_wconf 86' lang='lat' dir='ltr'><strong>lege</strong></span> <span class='ocrx_word' id='word_1_167' title='bbox 1801 1898 1951 1960; x_wconf 90' lang='lat' dir='ltr'><strong>sunt,</strong></span> 
     </span>
    </p>
   </div>
   <div class='ocr_carea' id='block_1_19' title="bbox 350 1965 1960 2050">
    <p class='ocr_par' dir='ltr' id='par_1_19' title="bbox 350 1965 1960 2050">
     <span class='ocr_line' id='line_1_19' title="bbox 350 1965 1960 2050; baseline 0.007 -28"><span class='ocrx_word' id='word_1_168' title='bbox 350 1965 597 2027; x_wconf 63' lang='lat' dir='ltr'><strong>haeredes</strong></span> <span class='ocrx_word' id='word_1_169' title='bbox 644 1988 713 2027; x_wconf 80' lang='lat' dir='ltr'><strong>ex</strong></span> <span class='ocrx_word' id='word_1_170' title='bbox 744 1974 861 2046; x_wconf 86' lang='lat' dir='ltr'><strong>lege</strong></span> <span class='ocrx_word' id='word_1_171' title='bbox 886 1986 1039 2047; x_wconf 92' lang='lat' dir='ltr'><strong>sunt,</strong></span> <span class='ocrx_word' id='word_1_172' title='bbox 1085 2001 1103 2025; x_wconf 86' lang='grc'><strong>‹</strong></span> <span class='ocrx_word' id='word_1_173' title='bbox 1144 1980 1425 2037; x_wconf 88' lang='lat' dir='ltr'><strong>Evacuata</strong></span> <span class='ocrx_word' id='word_1_174' title='bbox 1452 1990 1534 2038; x_wconf 90' lang='lat' dir='ltr'><strong>est</strong></span> <span class='ocrx_word' id='word_1_175' title='bbox 1564 1980 1720 2050; x_wconf 89' lang='lat' dir='ltr'><strong>ﬁdes,</strong></span> <span class='ocrx_word' id='word_1_176' title='bbox 1754 1979 1960 2036; x_wconf 87' lang='lat' dir='ltr'><strong>abolita</strong></span> 
     </span>
    </p>
   </div>
   <div class='ocr_carea' id='block_1_20' title="bbox 351 2062 1958 2144">
    <p class='ocr_par' dir='ltr' id='par_1_20' title="bbox 351 2062 1958 2144">
     <span class='ocr_line' id='line_1_20' title="bbox 351 2062 1958 2144; baseline 0.008 -30"><span class='ocrx_word' id='word_1_177' title='bbox 351 2066 437 2115; x_wconf 87' lang='lat' dir='ltr'><strong>est</strong></span> <span class='ocrx_word' id='word_1_178' title='bbox 465 2062 757 2132; x_wconf 89' lang='lat' dir='ltr'><strong>promissio</strong></span> <span class='ocrx_word' id='word_1_179' title='bbox 785 2066 960 2136; x_wconf 86' lang='lat' dir='ltr'><strong>(Rom.</strong></span> <span class='ocrx_word' id='word_1_180' title='bbox 990 2085 1110 2137; x_wconf 74' lang='lat' dir='ltr'><strong>xxv,</strong></span> <span class='ocrx_word' id='word_1_181' title='bbox 1133 2070 1213 2141; x_wconf 90' lang='lat'><strong>8).</strong></span> <span class='ocrx_word' id='word_1_182' title='bbox 1249 2095 1268 2118; x_wconf 76' lang='grc' dir='ltr'><strong>ι</strong></span> <span class='ocrx_word' id='word_1_183' title='bbox 1311 2070 1665 2128; x_wconf 84' lang='lat' dir='ltr'><strong>Manifestum</strong></span> <span class='ocrx_word' id='word_1_184' title='bbox 1695 2080 1799 2139; x_wconf 92' lang='lat' dir='ltr'><strong>est,</strong></span> <span class='ocrx_word' id='word_1_185' title='bbox 1827 2086 1958 2144; x_wconf 84' lang='lat' dir='ltr'><strong>quo-</strong></span> 
     </span>
    </p>
   </div>
   <div class='ocr_carea' id='block_1_21' title="bbox 349 2147 1956 2234">
    <p class='ocr_par' dir='ltr' id='par_1_21' title="bbox 349 2147 1956 2234">
     <span class='ocr_line' id='line_1_21' title="bbox 349 2147 1956 2234; baseline 0.007 -31"><span class='ocrx_word' id='word_1_186' title='bbox 349 2147 501 2205; x_wconf 87' lang='lat' dir='ltr'><strong>niam</strong></span> <span class='ocrx_word' id='word_1_187' title='bbox 552 2151 600 2206; x_wconf 95' lang='lat' dir='ltr'><strong>si</strong></span> <span class='ocrx_word' id='word_1_188' title='bbox 647 2168 717 2208; x_wconf 82' lang='lat' dir='ltr'><strong>ex</strong></span> <span class='ocrx_word' id='word_1_189' title='bbox 747 2154 862 2228; x_wconf 83' lang='lat' dir='ltr'><strong>lege</strong></span> <span class='ocrx_word' id='word_1_190' title='bbox 904 2156 1217 2229; x_wconf 73' lang='lat' dir='ltr'><strong>haereditas,</strong></span> <span class='ocrx_word' id='word_1_191' title='bbox 1263 2161 1556 2232; x_wconf 89' lang='lat' dir='ltr'><strong>promissio</strong></span> <span class='ocrx_word' id='word_1_192' title='bbox 1595 2177 1716 2234; x_wconf 83' lang='lat' dir='ltr'><strong>quae</strong></span> <span class='ocrx_word' id='word_1_193' title='bbox 1747 2177 1817 2216; x_wconf 83' lang='lat' dir='ltr'><strong>ex</strong></span> <span class='ocrx_word' id='word_1_194' title='bbox 1847 2158 1956 2215; x_wconf 88' lang='lat' dir='ltr'><strong>ﬁde</strong></span> 
     </span>
    </p>
   </div>
   <div class='ocr_carea' id='block_1_22' title="bbox 347 2236 1959 2315">
    <p class='ocr_par' dir='ltr' id='par_1_22' title="bbox 347 2236 1959 2315">
     <span class='ocr_line' id='line_1_22' title="bbox 347 2236 1959 2315; baseline 0.007 -23"><span class='ocrx_word' id='word_1_195' title='bbox 347 2236 496 2295; x_wconf 77' lang='lat' dir='ltr'><strong>facta</strong></span> <span class='ocrx_word' id='word_1_196' title='bbox 523 2249 606 2297; x_wconf 90' lang='lat' dir='ltr'><strong>est</strong></span> <span class='ocrx_word' id='word_1_197' title='bbox 633 2242 704 2299; x_wconf 86' lang='lat' dir='ltr'><strong>ad</strong></span> <span class='ocrx_word' id='word_1_198' title='bbox 733 2244 1034 2315; x_wconf 87' lang='lat' dir='ltr'><strong>Abraham,</strong></span> <span class='ocrx_word' id='word_1_199' title='bbox 1066 2247 1123 2303; x_wconf 91' lang='lat' dir='ltr'><strong>in</strong></span> <span class='ocrx_word' id='word_1_200' title='bbox 1145 2249 1365 2306; x_wconf 89' lang='lat' dir='ltr'><strong>irritum</strong></span> <span class='ocrx_word' id='word_1_201' title='bbox 1388 2251 1559 2307; x_wconf 87' lang='lat' dir='ltr'><strong>venit.</strong></span> <span class='ocrx_word' id='word_1_202' title='bbox 1596 2249 1703 2307; x_wconf 89' lang='lat' dir='ltr'><strong>Sed</strong></span> <span class='ocrx_word' id='word_1_203' title='bbox 1730 2266 1844 2307; x_wconf 91' lang='lat' dir='ltr'><strong>non</strong></span> <span class='ocrx_word' id='word_1_204' title='bbox 1873 2254 1959 2305; x_wconf 90' lang='lat' dir='ltr'><strong>est</strong></span> 
     </span>
    </p>
   </div>
   <div class='ocr_carea' id='block_1_23' title="bbox 349 2328 1957 2412">
    <p class='ocr_par' dir='ltr' id='par_1_23' title="bbox 349 2328 1957 2412">
     <span class='ocr_line' id='line_1_23' title="bbox 349 2328 1957 2412; baseline 0.007 -29"><span class='ocrx_word' id='word_1_205' title='bbox 349 2342 445 2398; x_wconf 91' lang='lat' dir='ltr'><strong>per</strong></span> <span class='ocrx_word' id='word_1_206' title='bbox 487 2328 660 2402; x_wconf 85' lang='lat' dir='ltr'><strong>legem</strong></span> <span class='ocrx_word' id='word_1_207' title='bbox 706 2333 849 2391; x_wconf 85' lang='lat' dir='ltr'><strong>facta</strong></span> <span class='ocrx_word' id='word_1_208' title='bbox 895 2338 1210 2408; x_wconf 88' lang='lat' dir='ltr'><strong>promissio,</strong></span> <span class='ocrx_word' id='word_1_209' title='bbox 1252 2340 1345 2395; x_wconf 90' lang='lat' dir='ltr'><strong>sed</strong></span> <span class='ocrx_word' id='word_1_210' title='bbox 1388 2356 1484 2412; x_wconf 88' lang='lat' dir='ltr'><strong>per</strong></span> <span class='ocrx_word' id='word_1_211' title='bbox 1519 2339 1795 2412; x_wconf 87' lang='lat' dir='ltr'><strong>justitiam</strong></span> <span class='ocrx_word' id='word_1_212' title='bbox 1827 2339 1957 2396; x_wconf 87' lang='lat' dir='ltr'><strong>ﬁdei</strong></span> 
     </span>
    </p>
   </div>
   <div class='ocr_carea' id='block_1_24' title="bbox 351 2415 1960 2504">
    <p class='ocr_par' dir='ltr' id='par_1_24' title="bbox 351 2415 1960 2504">
     <span class='ocr_line' id='line_1_24' title="bbox 351 2415 1960 2504; baseline 0.012 -32"><span class='ocrx_word' id='word_1_213' title='bbox 351 2415 676 2489; x_wconf 71' lang='lat' dir='ltr'><strong>haereditas;</strong></span> <span class='ocrx_word' id='word_1_214' title='bbox 729 2425 971 2482; x_wconf 89' lang='lat' dir='ltr'><strong>ostendit</strong></span> <span class='ocrx_word' id='word_1_215' title='bbox 1026 2428 1174 2484; x_wconf 92' lang='lat' dir='ltr'><strong>enim</strong></span> <span class='ocrx_word' id='word_1_216' title='bbox 1235 2428 1531 2501; x_wconf 88' lang='lat' dir='ltr'><strong>Apostolus</strong></span> <span class='ocrx_word' id='word_1_217' title='bbox 1562 2429 1696 2504; x_wconf 88' lang='lat' dir='ltr'><strong>quid</strong></span> <span class='ocrx_word' id='word_1_218' title='bbox 1726 2430 1858 2487; x_wconf 90' lang='lat' dir='ltr'><strong>mali</strong></span> <span class='ocrx_word' id='word_1_219' title='bbox 1887 2431 1960 2491; x_wconf 90' lang='lat' dir='ltr'><strong>sit</strong></span> 
     </span>
    </p>
   </div>
   <div class='ocr_carea' id='block_1_25' title="bbox 352 2504 1252 2589">
    <p class='ocr_par' dir='ltr' id='par_1_25' title="bbox 352 2504 1252 2589">
     <span class='ocr_line' id='line_1_25' title="bbox 352 2504 1252 2589; baseline 0.012 -28"><span class='ocrx_word' id='word_1_220' title='bbox 352 2504 731 2579; x_wconf 70' lang='lat' dir='ltr'><strong>haereditatem</strong></span> <span class='ocrx_word' id='word_1_221' title='bbox 764 2529 983 2585; x_wconf 88' lang='lat' dir='ltr'><strong>sperare</strong></span> <span class='ocrx_word' id='word_1_222' title='bbox 1010 2530 1079 2571; x_wconf 85' lang='lat' dir='ltr'><strong>ex</strong></span> <span class='ocrx_word' id='word_1_223' title='bbox 1114 2517 1252 2589; x_wconf 85' lang='lat' dir='ltr'><strong>lege.</strong></span> 
     </span>
    </p>
   </div>
   <div class='ocr_carea' id='block_1_26' title="bbox 433 2600 1959 2683">
    <p class='ocr_par' dir='ltr' id='par_1_26' title="bbox 433 2600 1959 2683">
     <span class='ocr_line' id='line_1_26' title="bbox 433 2600 1959 2683; baseline 0.006 -26"><span class='ocrx_word' id='word_1_224' title='bbox 433 2600 616 2673; x_wconf 81' lang='lat' dir='ltr'><strong>(Vers.</strong></span> <span class='ocrx_word' id='word_1_225' title='bbox 647 2602 760 2675; x_wconf 80' lang='grc'><strong>15.)</strong></span> <span class='ocrx_word' id='word_1_226' title='bbox 816 2628 836 2650; x_wconf 81' lang='grc' dir='ltr'><strong>ι</strong></span> <span class='ocrx_word' id='word_1_227' title='bbox 877 2604 991 2660; x_wconf 86' lang='lat' dir='ltr'><strong>Lex</strong></span> <span class='ocrx_word' id='word_1_228' title='bbox 1030 2604 1180 2661; x_wconf 91' lang='lat' dir='ltr'><strong>enim</strong></span> <span class='ocrx_word' id='word_1_229' title='bbox 1210 2607 1348 2663; x_wconf 90' lang='lat' dir='ltr'><strong>iram</strong></span> <span class='ocrx_word' id='word_1_230' title='bbox 1379 2616 1657 2680; x_wconf 89' lang='lat' dir='ltr'><strong>operatur.</strong></span> <span class='ocrx_word' id='word_1_231' title='bbox 1692 2633 1711 2657; x_wconf 73' lang='grc' dir='ltr'><strong>ι</strong></span> <span class='ocrx_word' id='word_1_232' title='bbox 1754 2609 1824 2667; x_wconf 92' lang='lat' dir='ltr'><strong>Ut</strong></span> <span class='ocrx_word' id='word_1_233' title='bbox 1851 2625 1959 2683; x_wconf 91' lang='lat' dir='ltr'><strong>pe-</strong></span> 
     </span>
    </p>
   </div>
   <div class='ocr_carea' id='block_1_27' title="bbox 356 2693 1958 2771">
    <p class='ocr_par' dir='ltr' id='par_1_27' title="bbox 356 2693 1958 2771">
     <span class='ocr_line' id='line_1_27' title="bbox 356 2693 1958 2771; baseline 0.003 -21"><span class='ocrx_word' id='word_1_234' title='bbox 356 2693 507 2750; x_wconf 91' lang='lat' dir='ltr'><strong>nitus</strong></span> <span class='ocrx_word' id='word_1_235' title='bbox 559 2693 810 2750; x_wconf 87' lang='lat' dir='ltr'><strong>ostendat</strong></span> <span class='ocrx_word' id='word_1_236' title='bbox 850 2709 965 2749; x_wconf 93' lang='lat' dir='ltr'><strong>non</strong></span> <span class='ocrx_word' id='word_1_237' title='bbox 1013 2711 1171 2767; x_wconf 91' lang='lat' dir='ltr'><strong>posse</strong></span> <span class='ocrx_word' id='word_1_238' title='bbox 1206 2695 1502 2767; x_wconf 89' lang='lat' dir='ltr'><strong>justiﬁcari</strong></span> <span class='ocrx_word' id='word_1_239' title='bbox 1544 2697 1827 2755; x_wconf 91' lang='lat' dir='ltr'><strong>hominem</strong></span> <span class='ocrx_word' id='word_1_240' title='bbox 1862 2715 1958 2771; x_wconf 92' lang='lat' dir='ltr'><strong>per</strong></span> 
     </span>
    </p>
   </div>
   <div class='ocr_carea' id='block_1_28' title="bbox 351 2783 1956 2861">
    <p class='ocr_par' dir='ltr' id='par_1_28' title="bbox 351 2783 1956 2861">
     <span class='ocr_line' id='line_1_28' title="bbox 351 2783 1956 2861; baseline 0.004 -23"><span class='ocrx_word' id='word_1_241' title='bbox 351 2784 522 2856; x_wconf 83' lang='lat' dir='ltr'><strong>legem</strong></span> <span class='ocrx_word' id='word_1_242' title='bbox 558 2783 702 2856; x_wconf 89' lang='lat' dir='ltr'><strong>apud</strong></span> <span class='ocrx_word' id='word_1_243' title='bbox 742 2785 938 2852; x_wconf 87' lang='lat' dir='ltr'><strong>Deum,</strong></span> <span class='ocrx_word' id='word_1_244' title='bbox 988 2801 1165 2860; x_wconf 92' lang='lat' dir='ltr'><strong>neque</strong></span> <span class='ocrx_word' id='word_1_245' title='bbox 1194 2787 1615 2859; x_wconf 88' lang='lat' dir='ltr'><strong>promissionem</strong></span> <span class='ocrx_word' id='word_1_246' title='bbox 1647 2804 1744 2861; x_wconf 88' lang='lat' dir='ltr'><strong>per</strong></span> <span class='ocrx_word' id='word_1_247' title='bbox 1780 2789 1956 2861; x_wconf 85' lang='lat' dir='ltr'><strong>legem</strong></span> 
     </span>
    </p>
   </div>
   <div class='ocr_carea' id='block_1_29' title="bbox 349 2873 1959 2950">
    <p class='ocr_par' dir='ltr' id='par_1_29' title="bbox 349 2873 1959 2950">
     <span class='ocr_line' id='line_1_29' title="bbox 349 2873 1959 2950; baseline 0.002 -22"><span class='ocrx_word' id='word_1_248' title='bbox 349 2873 470 2929; x_wconf 89' lang='lat' dir='ltr'><strong>ﬁeri</strong></span> <span class='ocrx_word' id='word_1_249' title='bbox 500 2873 742 2946; x_wconf 90' lang='lat' dir='ltr'><strong>potuisse</strong></span> <span class='ocrx_word' id='word_1_250' title='bbox 775 2889 787 2927; x_wconf 93' lang='lat'>:</span> <span class='ocrx_word' id='word_1_251' title='bbox 836 2897 854 2921; x_wconf 81' lang='grc' dir='ltr'><strong>ι</strong></span> <span class='ocrx_word' id='word_1_252' title='bbox 893 2875 1029 2944; x_wconf 84' lang='lat' dir='ltr'><strong>Lex,</strong></span> <span class='ocrx_word' id='word_1_253' title='bbox 1064 2875 1164 2945; x_wconf 90' lang='lat' dir='ltr'><strong>ait,</strong></span> <span class='ocrx_word' id='word_1_254' title='bbox 1194 2876 1333 2932; x_wconf 90' lang='lat' dir='ltr'><strong>iram</strong></span> <span class='ocrx_word' id='word_1_255' title='bbox 1364 2885 1654 2950; x_wconf 88' lang='lat' dir='ltr'><strong>operatur;</strong></span> <span class='ocrx_word' id='word_1_256' title='bbox 1689 2903 1709 2927; x_wconf 74' lang='grc' dir='ltr'><strong>ι</strong></span> <span class='ocrx_word' id='word_1_257' title='bbox 1752 2877 1822 2933; x_wconf 91' lang='lat' dir='ltr'><strong>ad</strong></span> <span class='ocrx_word' id='word_1_258' title='bbox 1851 2877 1959 2933; x_wconf 90' lang='lat' dir='ltr'><strong>hoc</strong></span> 
     </span>
    </p>
   </div>
   <div class='ocr_carea' id='block_1_30' title="bbox 348 2962 1958 3038">
    <p class='ocr_par' dir='ltr' id='par_1_30' title="bbox 348 2962 1958 3038">
     <span class='ocr_line' id='line_1_30' title="bbox 348 2962 1958 3038; baseline 0.003 -20"><span class='ocrx_word' id='word_1_259' title='bbox 348 2964 499 3019; x_wconf 89' lang='lat' dir='ltr'><strong>enim</strong></span> <span class='ocrx_word' id='word_1_260' title='bbox 542 2962 668 3020; x_wconf 88' lang='lat' dir='ltr'><strong>data</strong></span> <span class='ocrx_word' id='word_1_261' title='bbox 695 2970 795 3032; x_wconf 89' lang='lat' dir='ltr'><strong>est,</strong></span> <span class='ocrx_word' id='word_1_262' title='bbox 854 2971 919 3020; x_wconf 93' lang='lat' dir='ltr'><strong>ut</strong></span> <span class='ocrx_word' id='word_1_263' title='bbox 944 2981 1065 3021; x_wconf 89' lang='lat' dir='ltr'><strong>reos</strong></span> <span class='ocrx_word' id='word_1_264' title='bbox 1106 2966 1312 3022; x_wconf 87' lang='lat' dir='ltr'><strong>faceret</strong></span> <span class='ocrx_word' id='word_1_265' title='bbox 1356 2966 1761 3038; x_wconf 89' lang='lat' dir='ltr'><strong>delinquentes.</strong></span> <span class='ocrx_word' id='word_1_266' title='bbox 1793 2965 1958 3023; x_wconf 89' lang='lat' dir='ltr'><strong>Fides</strong></span> 
     </span>
    </p>
   </div>
   <div class='ocr_carea' id='block_1_31' title="bbox 349 3052 1959 3127">
    <p class='ocr_par' dir='ltr' id='par_1_31' title="bbox 349 3052 1959 3127">
     <span class='ocr_line' id='line_1_31' title="bbox 349 3052 1959 3127; baseline 0.002 -18"><span class='ocrx_word' id='word_1_267' title='bbox 349 3058 448 3117; x_wconf 87' lang='lat'><strong>50</strong></span> <span class='ocrx_word' id='word_1_268' title='bbox 475 3060 658 3110; x_wconf 89' lang='lat' dir='ltr'><strong>autem</strong></span> <span class='ocrx_word' id='word_1_269' title='bbox 691 3052 903 3109; x_wconf 89' lang='lat' dir='ltr'><strong>donum</strong></span> <span class='ocrx_word' id='word_1_270' title='bbox 950 3061 1033 3110; x_wconf 88' lang='lat' dir='ltr'><strong>est</strong></span> <span class='ocrx_word' id='word_1_271' title='bbox 1072 3054 1468 3111; x_wconf 62' lang='lat' dir='ltr'><strong>misericordia</strong></span> <span class='ocrx_word' id='word_1_272' title='bbox 1495 3054 1617 3123; x_wconf 92' lang='lat' dir='ltr'><strong>Dei,</strong></span> <span class='ocrx_word' id='word_1_273' title='bbox 1647 3064 1712 3111; x_wconf 91' lang='lat' dir='ltr'><strong>ut</strong></span> <span class='ocrx_word' id='word_1_274' title='bbox 1740 3055 1959 3127; x_wconf 75' lang='lat' dir='ltr'><strong>per-le-</strong></span> 
     </span>
    </p>
   </div>
   <div class='ocr_carea' id='block_1_32' title="bbox 350 3150 1956 3225">
    <p class='ocr_par' dir='ltr' id='par_1_32' title="bbox 350 3150 1956 3225">
     <span class='ocr_line' id='line_1_32' title="bbox 350 3150 1956 3225; baseline 0.002 -19"><span class='ocrx_word' id='word_1_275' title='bbox 350 3167 475 3223; x_wconf 89' lang='lat' dir='ltr'><strong>gem</strong></span> <span class='ocrx_word' id='word_1_276' title='bbox 527 3151 609 3206; x_wconf 92' lang='lat' dir='ltr'><strong>rei</strong></span> <span class='ocrx_word' id='word_1_277' title='bbox 638 3150 792 3218; x_wconf 86' lang='lat' dir='ltr'><strong>facti,</strong></span> <span class='ocrx_word' id='word_1_278' title='bbox 827 3152 1047 3208; x_wconf 80' lang='lat' dir='ltr'><strong>veniam</strong></span> <span class='ocrx_word' id='word_1_279' title='bbox 1105 3161 1512 3225; x_wconf 89' lang='lat' dir='ltr'><strong>consequantur</strong></span> <span class='ocrx_word' id='word_1_280' title='bbox 1540 3171 1553 3220; x_wconf 94' lang='lat'><strong>;</strong></span> <span class='ocrx_word' id='word_1_281' title='bbox 1588 3152 1795 3210; x_wconf 91' lang='lat' dir='ltr'><strong>idcirco</strong></span> <span class='ocrx_word' id='word_1_282' title='bbox 1820 3152 1956 3209; x_wconf 90' lang='lat' dir='ltr'><strong>ﬁdes</strong></span> 
     </span>
    </p>
   </div>
   <div class='ocr_carea' id='block_1_33' title="bbox 350 3239 1956 3317">
    <p class='ocr_par' dir='ltr' id='par_1_33' title="bbox 350 3239 1956 3317">
     <span class='ocr_line' id='line_1_33' title="bbox 350 3239 1956 3317; baseline 0.002 -22"><span class='ocrx_word' id='word_1_283' title='bbox 350 3239 619 3311; x_wconf 87' lang='lat' dir='ltr'><strong>gaudium</strong></span> <span class='ocrx_word' id='word_1_284' title='bbox 678 3246 955 3311; x_wconf 88' lang='lat' dir='ltr'><strong>operatur.</strong></span> <span class='ocrx_word' id='word_1_285' title='bbox 993 3241 1105 3297; x_wconf 88' lang='lat' dir='ltr'><strong>Nec</strong></span> <span class='ocrx_word' id='word_1_286' title='bbox 1132 3249 1323 3298; x_wconf 88' lang='lat' dir='ltr'><strong>contra</strong></span> <span class='ocrx_word' id='word_1_287' title='bbox 1351 3243 1522 3314; x_wconf 89' lang='lat' dir='ltr'><strong>legem</strong></span> <span class='ocrx_word' id='word_1_288' title='bbox 1554 3243 1823 3317; x_wconf 89' lang='lat' dir='ltr'><strong>loquitur,</strong></span> <span class='ocrx_word' id='word_1_289' title='bbox 1861 3242 1956 3299; x_wconf 89' lang='lat' dir='ltr'><strong>sed</strong></span> 
     </span>
    </p>
   </div>
   <div class='ocr_carea' id='block_1_34' title="bbox 345 3329 1954 3405">
    <p class='ocr_par' dir='ltr' id='par_1_34' title="bbox 345 3329 1954 3405">
     <span class='ocr_line' id='line_1_34' title="bbox 345 3329 1954 3405; baseline 0.004 -22"><span class='ocrx_word' id='word_1_290' title='bbox 345 3329 641 3401; x_wconf 88' lang='lat' dir='ltr'><strong>anteponit</strong></span> <span class='ocrx_word' id='word_1_291' title='bbox 685 3329 769 3385; x_wconf 90' lang='lat' dir='ltr'><strong>illi</strong></span> <span class='ocrx_word' id='word_1_292' title='bbox 795 3329 964 3386; x_wconf 90' lang='lat' dir='ltr'><strong>ﬁdem</strong></span> <span class='ocrx_word' id='word_1_293' title='bbox 994 3348 1008 3398; x_wconf 92' lang='lat'>;</span> <span class='ocrx_word' id='word_1_294' title='bbox 1045 3331 1174 3404; x_wconf 89' lang='lat' dir='ltr'><strong>quia</strong></span> <span class='ocrx_word' id='word_1_295' title='bbox 1216 3332 1310 3404; x_wconf 90' lang='lat' dir='ltr'><strong>qui</strong></span> <span class='ocrx_word' id='word_1_296' title='bbox 1341 3348 1438 3404; x_wconf 90' lang='lat' dir='ltr'><strong>per</strong></span> <span class='ocrx_word' id='word_1_297' title='bbox 1465 3333 1638 3405; x_wconf 91' lang='lat' dir='ltr'><strong>legem</strong></span> <span class='ocrx_word' id='word_1_298' title='bbox 1661 3332 1800 3389; x_wconf 90' lang='lat' dir='ltr'><strong>salvi</strong></span> <span class='ocrx_word' id='word_1_299' title='bbox 1838 3348 1954 3389; x_wconf 91' lang='lat' dir='ltr'><strong>esse</strong></span> 
     </span>
    </p>
   </div>
   <div class='ocr_carea' id='block_1_35' title="bbox 346 3423 1952 3497">
    <p class='ocr_par' dir='ltr' id='par_1_35' title="bbox 346 3423 1952 3497">
     <span class='ocr_line' id='line_1_35' title="bbox 346 3423 1952 3497; baseline 0.004 -22"><span class='ocrx_word' id='word_1_300' title='bbox 346 3436 461 3476; x_wconf 89' lang='lat' dir='ltr'><strong>non</strong></span> <span class='ocrx_word' id='word_1_301' title='bbox 509 3429 781 3493; x_wconf 90' lang='lat' dir='ltr'><strong>poterant,</strong></span> <span class='ocrx_word' id='word_1_302' title='bbox 816 3423 989 3494; x_wconf 85' lang='lat' dir='ltr'><strong>gratia</strong></span> <span class='ocrx_word' id='word_1_303' title='bbox 1045 3423 1145 3479; x_wconf 93' lang='lat' dir='ltr'><strong>Dei</strong></span> <span class='ocrx_word' id='word_1_304' title='bbox 1173 3424 1459 3480; x_wconf 90' lang='lat' dir='ltr'><strong>salvantur</strong></span> <span class='ocrx_word' id='word_1_305' title='bbox 1487 3441 1584 3497; x_wconf 93' lang='lat' dir='ltr'><strong>per</strong></span> <span class='ocrx_word' id='word_1_306' title='bbox 1609 3425 1796 3481; x_wconf 90' lang='lat' dir='ltr'><strong>ﬁdem.</strong></span> <span class='ocrx_word' id='word_1_307' title='bbox 1827 3426 1952 3482; x_wconf 91' lang='lat' dir='ltr'><strong>Non</strong></span> 
     </span>
    </p>
   </div>
   <div class='ocr_carea' id='block_1_36' title="bbox 345 3511 1951 3587">
    <p class='ocr_par' dir='ltr' id='par_1_36' title="bbox 345 3511 1951 3587">
     <span class='ocr_line' id='line_1_36' title="bbox 345 3511 1951 3587; baseline 0.004 -23"><span class='ocrx_word' id='word_1_308' title='bbox 345 3525 478 3582; x_wconf 89' lang='lat' dir='ltr'><strong>ergo</strong></span> <span class='ocrx_word' id='word_1_309' title='bbox 506 3511 597 3567; x_wconf 80' lang='lat' dir='ltr'><strong>lex</strong></span> <span class='ocrx_word' id='word_1_310' title='bbox 630 3511 708 3566; x_wconf 85' lang='lat' dir='ltr'><strong>ira</strong></span> <span class='ocrx_word' id='word_1_311' title='bbox 727 3519 830 3581; x_wconf 89' lang='lat' dir='ltr'><strong>est,</strong></span> <span class='ocrx_word' id='word_1_312' title='bbox 861 3512 954 3568; x_wconf 91' lang='lat' dir='ltr'><strong>sed</strong></span> <span class='ocrx_word' id='word_1_313' title='bbox 976 3514 1116 3568; x_wconf 88' lang='lat' dir='ltr'><strong>iram</strong></span> <span class='ocrx_word' id='word_1_314' title='bbox 1144 3521 1401 3586; x_wconf 90' lang='lat' dir='ltr'><strong>operatur</strong></span> <span class='ocrx_word' id='word_1_315' title='bbox 1437 3516 1709 3587; x_wconf 88' lang='lat' dir='ltr'><strong>peccanti,</strong></span> <span class='ocrx_word' id='word_1_316' title='bbox 1738 3515 1794 3571; x_wconf 89' lang='lat' dir='ltr'><strong>id</strong></span> <span class='ocrx_word' id='word_1_317' title='bbox 1846 3521 1951 3579; x_wconf 88' lang='lat' dir='ltr'><strong>est,</strong></span> 
     </span>
    </p>
   </div>
   <div class='ocr_carea' id='block_1_37' title="bbox 347 3601 1954 3676">
    <p class='ocr_par' dir='ltr' id='par_1_37' title="bbox 347 3601 1954 3676">
     <span class='ocr_line' id='line_1_37' title="bbox 347 3601 1954 3676; baseline 0.004 -20"><span class='ocrx_word' id='word_1_318' title='bbox 347 3616 608 3673; x_wconf 63' lang='lat' dir='ltr'><strong>poenam;</strong></span> <span class='ocrx_word' id='word_1_319' title='bbox 657 3601 791 3658; x_wconf 90' lang='lat' dir='ltr'><strong>dum</strong></span> <span class='ocrx_word' id='word_1_320' title='bbox 849 3618 959 3659; x_wconf 88' lang='lat' dir='ltr'><strong>non</strong></span> <span class='ocrx_word' id='word_1_321' title='bbox 1004 3604 1260 3676; x_wconf 91' lang='lat' dir='ltr'><strong>ignoscit,</strong></span> <span class='ocrx_word' id='word_1_322' title='bbox 1319 3605 1414 3662; x_wconf 91' lang='lat' dir='ltr'><strong>sed</strong></span> <span class='ocrx_word' id='word_1_323' title='bbox 1467 3605 1735 3662; x_wconf 90' lang='lat' dir='ltr'><strong>vindicat.</strong></span> <span class='ocrx_word' id='word_1_324' title='bbox 1784 3607 1954 3662; x_wconf 65' lang='lat' dir='ltr'><strong>Poena</strong></span> 
     </span>
    </p>
   </div>
   <div class='ocr_carea' id='block_1_38' title="bbox 347 3690 1952 3764">
    <p class='ocr_par' dir='ltr' id='par_1_38' title="bbox 347 3690 1952 3764">
     <span class='ocr_line' id='line_1_38' title="bbox 347 3690 1952 3764; baseline 0.003 -18"><span class='ocrx_word' id='word_1_325' title='bbox 347 3690 496 3746; x_wconf 89' lang='lat' dir='ltr'><strong>enim</strong></span> <span class='ocrx_word' id='word_1_326' title='bbox 551 3706 649 3762; x_wconf 89' lang='lat' dir='ltr'><strong>per</strong></span> <span class='ocrx_word' id='word_1_327' title='bbox 698 3690 839 3747; x_wconf 89' lang='lat' dir='ltr'><strong>iram</strong></span> <span class='ocrx_word' id='word_1_328' title='bbox 896 3702 1206 3764; x_wconf 87' lang='lat' dir='ltr'><strong>generatur,</strong></span> <span class='ocrx_word' id='word_1_329' title='bbox 1270 3693 1353 3749; x_wconf 91' lang='lat' dir='ltr'><strong>ira</strong></span> <span class='ocrx_word' id='word_1_330' title='bbox 1398 3701 1579 3751; x_wconf 90' lang='lat' dir='ltr'><strong>autem</strong></span> <span class='ocrx_word' id='word_1_331' title='bbox 1610 3696 1854 3753; x_wconf 87' lang='lat' dir='ltr'><strong>nascitur</strong></span> <span class='ocrx_word' id='word_1_332' title='bbox 1882 3712 1952 3751; x_wconf 80' lang='lat' dir='ltr'><strong>ex</strong></span> 
     </span>
    </p>
   </div>
   <div class='ocr_carea' id='block_1_39' title="bbox 346 3782 1955 3859">
    <p class='ocr_par' dir='ltr' id='par_1_39' title="bbox 346 3782 1955 3859">
     <span class='ocr_line' id='line_1_39' title="bbox 346 3782 1955 3859; baseline 0.004 -23"><span class='ocrx_word' id='word_1_333' title='bbox 346 3787 574 3853; x_wconf 88' lang='lat' dir='ltr'><strong>peccato</strong></span> <span class='ocrx_word' id='word_1_334' title='bbox 608 3799 623 3849; x_wconf 91' lang='lat'><strong>;</strong></span> <span class='ocrx_word' id='word_1_335' title='bbox 656 3798 719 3839; x_wconf 88' lang='lat' dir='ltr'><strong>ac</strong></span> <span class='ocrx_word' id='word_1_336' title='bbox 750 3798 850 3854; x_wconf 93' lang='lat' dir='ltr'><strong>per</strong></span> <span class='ocrx_word' id='word_1_337' title='bbox 897 3782 1004 3841; x_wconf 90' lang='lat' dir='ltr'><strong>hoc</strong></span> <span class='ocrx_word' id='word_1_338' title='bbox 1033 3783 1276 3859; x_wconf 89' lang='lat' dir='ltr'><strong>relinqui</strong></span> <span class='ocrx_word' id='word_1_339' title='bbox 1311 3785 1434 3841; x_wconf 86' lang='lat' dir='ltr'><strong>vult</strong></span> <span class='ocrx_word' id='word_1_340' title='bbox 1463 3786 1656 3858; x_wconf 89' lang='lat' dir='ltr'><strong>legem,</strong></span> <span class='ocrx_word' id='word_1_341' title='bbox 1689 3793 1751 3842; x_wconf 92' lang='lat' dir='ltr'><strong>ut</strong></span> <span class='ocrx_word' id='word_1_342' title='bbox 1779 3787 1847 3843; x_wconf 87' lang='lat' dir='ltr'><strong>ad</strong></span> <span class='ocrx_word' id='word_1_343' title='bbox 1875 3786 1955 3843; x_wconf 91' lang='lat' dir='ltr'><strong>ﬁ-</strong></span> 
     </span>
    </p>
   </div>
   <div class='ocr_carea' id='block_1_40' title="bbox 348 3869 1856 3948">
    <p class='ocr_par' dir='ltr' id='par_1_40' title="bbox 348 3869 1856 3948">
     <span class='ocr_line' id='line_1_40' title="bbox 348 3869 1856 3948; baseline 0.004 -22"><span class='ocrx_word' id='word_1_344' title='bbox 348 3869 473 3926; x_wconf 88' lang='lat' dir='ltr'><strong>dem</strong></span> <span class='ocrx_word' id='word_1_345' title='bbox 503 3871 878 3943; x_wconf 89' lang='lat' dir='ltr'><strong>confugiatur,</strong></span> <span class='ocrx_word' id='word_1_346' title='bbox 909 3889 1030 3946; x_wconf 65' lang='lat' dir='ltr'><strong>quae</strong></span> <span class='ocrx_word' id='word_1_347' title='bbox 1059 3873 1261 3932; x_wconf 88' lang='lat' dir='ltr'><strong>delicta</strong></span> <span class='ocrx_word' id='word_1_348' title='bbox 1288 3875 1545 3948; x_wconf 89' lang='lat' dir='ltr'><strong>ignoscit,</strong></span> <span class='ocrx_word' id='word_1_349' title='bbox 1576 3882 1640 3931; x_wconf 91' lang='lat' dir='ltr'><strong>ut</strong></span> <span class='ocrx_word' id='word_1_350' title='bbox 1663 3875 1856 3932; x_wconf 90' lang='lat' dir='ltr'><strong>salvet.</strong></span> 
     </span>
    </p>
   </div>
   <div class='ocr_carea' id='block_1_41' title="bbox 431 3960 1953 4037">
    <p class='ocr_par' dir='ltr' id='par_1_41' title="bbox 431 3960 1953 4037">
     <span class='ocr_line' id='line_1_41' title="bbox 431 3960 1953 4037; baseline 0.004 -19"><span class='ocrx_word' id='word_1_351' title='bbox 431 3982 450 4007; x_wconf 79' lang='grc' dir='ltr'><strong>ι</strong></span> <span class='ocrx_word' id='word_1_352' title='bbox 484 3960 588 4018; x_wconf 90' lang='lat' dir='ltr'><strong>Ubi</strong></span> <span class='ocrx_word' id='word_1_353' title='bbox 618 3961 766 4017; x_wconf 88' lang='lat' dir='ltr'><strong>enim</strong></span> <span class='ocrx_word' id='word_1_354' title='bbox 797 3978 907 4018; x_wconf 91' lang='lat' dir='ltr'><strong>non</strong></span> <span class='ocrx_word' id='word_1_355' title='bbox 939 3971 1023 4020; x_wconf 87' lang='lat' dir='ltr'><strong>est</strong></span> <span class='ocrx_word' id='word_1_356' title='bbox 1069 3964 1181 4032; x_wconf 81' lang='lat' dir='ltr'><strong>lex,</strong></span> <span class='ocrx_word' id='word_1_357' title='bbox 1212 3980 1315 4022; x_wconf 90' lang='lat' dir='ltr'><strong>nec</strong></span> <span class='ocrx_word' id='word_1_358' title='bbox 1342 3965 1739 4037; x_wconf 63' lang='lat' dir='ltr'><strong>praevaricatio.</strong></span> <span class='ocrx_word' id='word_1_359' title='bbox 1774 3991 1792 4015; x_wconf 80' lang='grc' dir='ltr'><strong>ι</strong></span> <span class='ocrx_word' id='word_1_360' title='bbox 1837 3968 1953 4024; x_wconf 89' lang='lat' dir='ltr'><strong>Hoc</strong></span> 
     </span>
    </p>
   </div>
   <div class='ocr_carea' id='block_1_42' title="bbox 347 4047 1952 4128">
    <p class='ocr_par' dir='ltr' id='par_1_42' title="bbox 347 4047 1952 4128">
     <span class='ocr_line' id='line_1_42' title="bbox 347 4047 1952 4128; baseline 0.006 -25"><span class='ocrx_word' id='word_1_361' title='bbox 347 4047 501 4117; x_wconf 90' lang='lat' dir='ltr'><strong>dicit,</strong></span> <span class='ocrx_word' id='word_1_362' title='bbox 577 4050 709 4123; x_wconf 90' lang='lat' dir='ltr'><strong>quia</strong></span> <span class='ocrx_word' id='word_1_363' title='bbox 747 4050 980 4108; x_wconf 88' lang='lat' dir='ltr'><strong>sublatis</strong></span> <span class='ocrx_word' id='word_1_364' title='bbox 1027 4052 1108 4108; x_wconf 91' lang='lat' dir='ltr'><strong>rei</strong></span> <span class='ocrx_word' id='word_1_365' title='bbox 1160 4052 1228 4109; x_wconf 89' lang='lat' dir='ltr'><strong>de</strong></span> <span class='ocrx_word' id='word_1_366' title='bbox 1282 4060 1551 4126; x_wconf 90' lang='lat' dir='ltr'><strong>potestate</strong></span> <span class='ocrx_word' id='word_1_367' title='bbox 1607 4055 1761 4128; x_wconf 91' lang='lat' dir='ltr'><strong>legis,</strong></span> <span class='ocrx_word' id='word_1_368' title='bbox 1825 4056 1952 4112; x_wconf 87' lang='lat' dir='ltr'><strong>data</strong></span> 
     </span>
    </p>
   </div>
   <div class='ocr_carea' id='block_1_43' title="bbox 348 4139 1948 4216">
    <p class='ocr_par' dir='ltr' id='par_1_43' title="bbox 348 4139 1948 4216">
     <span class='ocr_line' id='line_1_43' title="bbox 348 4139 1948 4216; baseline 0.005 -25"><span class='ocrx_word' id='word_1_369' title='bbox 348 4139 530 4208; x_wconf 83' lang='lat' dir='ltr'><strong>venia,</strong></span> <span class='ocrx_word' id='word_1_370' title='bbox 563 4140 941 4213; x_wconf 65' lang='lat' dir='ltr'><strong>praevaricatio</strong></span> <span class='ocrx_word' id='word_1_371' title='bbox 962 4142 1117 4198; x_wconf 90' lang='lat' dir='ltr'><strong>nulla</strong></span> <span class='ocrx_word' id='word_1_372' title='bbox 1146 4150 1263 4211; x_wconf 90' lang='lat' dir='ltr'><strong>est;</strong></span> <span class='ocrx_word' id='word_1_373' title='bbox 1296 4143 1585 4216; x_wconf 89' lang='lat' dir='ltr'><strong>justiﬁcati</strong></span> <span class='ocrx_word' id='word_1_374' title='bbox 1617 4145 1766 4201; x_wconf 93' lang='lat' dir='ltr'><strong>enim</strong></span> <span class='ocrx_word' id='word_1_375' title='bbox 1797 4155 1948 4202; x_wconf 67' lang='lat' dir='ltr'><strong>sunt,</strong></span> 
     </span>
    </p>
   </div>
   <div class='ocr_carea' id='block_1_44' title="bbox 346 4228 1947 4305">
    <p class='ocr_par' dir='ltr' id='par_1_44' title="bbox 346 4228 1947 4305">
     <span class='ocr_line' id='line_1_44' title="bbox 346 4228 1947 4305; baseline 0.005 -22"><span class='ocrx_word' id='word_1_376' title='bbox 346 4228 444 4300; x_wconf 89' lang='lat' dir='ltr'><strong>qui</strong></span> <span class='ocrx_word' id='word_1_377' title='bbox 489 4245 586 4302; x_wconf 88' lang='lat' dir='ltr'><strong>per</strong></span> <span class='ocrx_word' id='word_1_378' title='bbox 628 4231 1139 4302; x_wconf 63' lang='lat' dir='ltr'><strong>praevaricationem</strong></span> <span class='ocrx_word' id='word_1_379' title='bbox 1187 4233 1321 4305; x_wconf 89' lang='lat' dir='ltr'><strong>legis</strong></span> <span class='ocrx_word' id='word_1_380' title='bbox 1346 4233 1568 4289; x_wconf 88' lang='lat' dir='ltr'><strong>fuerant</strong></span> <span class='ocrx_word' id='word_1_381' title='bbox 1613 4241 1947 4305; x_wconf 88' lang='lat' dir='ltr'><strong>peccatores,</strong></span> 
     </span>
    </p>
   </div>
   <div class='ocr_carea' id='block_1_45' title="bbox 344 4316 1949 4391">
    <p class='ocr_par' dir='ltr' id='par_1_45' title="bbox 344 4316 1949 4391">
     <span class='ocr_line' id='line_1_45' title="bbox 344 4316 1949 4391; baseline 0.005 -18"><span class='ocrx_word' id='word_1_382' title='bbox 344 4316 531 4375; x_wconf 88' lang='lat' dir='ltr'><strong>Cessat</strong></span> <span class='ocrx_word' id='word_1_383' title='bbox 577 4320 726 4376; x_wconf 90' lang='lat' dir='ltr'><strong>enim</strong></span> <span class='ocrx_word' id='word_1_384' title='bbox 778 4321 1052 4379; x_wconf 85' lang='lat' dir='ltr'><strong>factorum</strong></span> <span class='ocrx_word' id='word_1_385' title='bbox 1082 4322 1193 4390; x_wconf 88' lang='lat' dir='ltr'><strong>lex,</strong></span> <span class='ocrx_word' id='word_1_386' title='bbox 1229 4322 1288 4379; x_wconf 92' lang='lat' dir='ltr'><strong>id</strong></span> <span class='ocrx_word' id='word_1_387' title='bbox 1316 4330 1420 4391; x_wconf 90' lang='lat' dir='ltr'><strong>est,</strong></span> <span class='ocrx_word' id='word_1_388' title='bbox 1450 4323 1764 4381; x_wconf 89' lang='lat' dir='ltr'><strong>observatio</strong></span> <span class='ocrx_word' id='word_1_389' title='bbox 1802 4323 1949 4381; x_wconf 86' lang='lat' dir='ltr'><strong>Sab-</strong></span> 
     </span>
    </p>
   </div>
   <div class='ocr_carea' id='block_1_46' title="bbox 342 4404 1945 4480">
    <p class='ocr_par' dir='ltr' id='par_1_46' title="bbox 342 4404 1945 4480">
     <span class='ocr_line' id='line_1_46' title="bbox 342 4404 1945 4480; baseline 0.004 -18"><span class='ocrx_word' id='word_1_390' title='bbox 342 4404 619 4477; x_wconf 86' lang='lat' dir='ltr'><strong>batorum,</strong></span> <span class='ocrx_word' id='word_1_391' title='bbox 697 4410 1136 4478; x_wconf 91' lang='lat' dir='ltr'><strong>neomeniarum,</strong></span> <span class='ocrx_word' id='word_1_392' title='bbox 1183 4410 1641 4480; x_wconf 83' lang='lat' dir='ltr'><strong>circumcisionis,</strong></span> <span class='ocrx_word' id='word_1_393' title='bbox 1697 4428 1945 4469; x_wconf 86' lang='lat' dir='ltr'><strong>escarum</strong></span> 
     </span>
    </p>
   </div>
   <div class='ocr_carea' id='block_1_47' title="bbox 343 4496 1946 4573">
    <p class='ocr_par' dir='ltr' id='par_1_47' title="bbox 343 4496 1946 4573">
     <span class='ocr_line' id='line_1_47' title="bbox 343 4496 1946 4573; baseline 0.003 -20"><span class='ocrx_word' id='word_1_394' title='bbox 343 4496 626 4567; x_wconf 88' lang='lat' dir='ltr'><strong>discretio,</strong></span> <span class='ocrx_word' id='word_1_395' title='bbox 667 4498 926 4556; x_wconf 88' lang='lat' dir='ltr'><strong>animalis</strong></span> <span class='ocrx_word' id='word_1_396' title='bbox 970 4498 1199 4568; x_wconf 91' lang='lat' dir='ltr'><strong>mortui,</strong></span> <span class='ocrx_word' id='word_1_397' title='bbox 1249 4507 1346 4557; x_wconf 87' lang='lat' dir='ltr'><strong>aut</strong></span> <span class='ocrx_word' id='word_1_398' title='bbox 1382 4500 1667 4573; x_wconf 89' lang='lat' dir='ltr'><strong>sanguinis</strong></span> <span class='ocrx_word' id='word_1_399' title='bbox 1695 4503 1946 4559; x_wconf 66' lang='lat' dir='ltr'><strong>mustela)</strong></span> 
     </span>
    </p>
   </div>
   <div class='ocr_carea' id='block_1_48' title="bbox 344 4585 800 4660">
    <p class='ocr_par' dir='ltr' id='par_1_48' title="bbox 344 4585 800 4660">
     <span class='ocr_line' id='line_1_48' title="bbox 344 4585 800 4660; baseline 0.004 -18"><span class='ocrx_word' id='word_1_400' title='bbox 344 4585 662 4643; x_wconf 83' lang='lat' dir='ltr'><strong>observatio</strong></span> <span class='ocrx_word' id='word_1_401' title='bbox 696 4588 800 4660; x_wconf 88' lang='lat'><strong>(9).</strong></span> 
     </span>
    </p>
   </div>
   <div class='ocr_carea' id='block_1_49' title="bbox 412 4676 1945 4752">
    <p class='ocr_par' dir='ltr' id='par_1_49' title="bbox 412 4676 1945 4752">
     <span class='ocr_line' id='line_1_49' title="bbox 412 4676 1945 4752; baseline 0.001 -17"><span class='ocrx_word' id='word_1_402' title='bbox 412 4677 603 4747; x_wconf 75' lang='lat' dir='ltr'><strong>(Vers.</strong></span> <span class='ocrx_word' id='word_1_403' title='bbox 648 4678 762 4749; x_wconf 86' lang='grc'><strong>16.)</strong></span> <span class='ocrx_word' id='word_1_404' title='bbox 821 4701 839 4724; x_wconf 74' lang='grc' dir='ltr'><strong>ε</strong></span> <span class='ocrx_word' id='word_1_405' title='bbox 879 4677 1007 4734; x_wconf 91' lang='lat' dir='ltr'><strong>Ideo</strong></span> <span class='ocrx_word' id='word_1_406' title='bbox 1033 4694 1103 4735; x_wconf 81' lang='lat' dir='ltr'><strong>ex</strong></span> <span class='ocrx_word' id='word_1_407' title='bbox 1133 4676 1263 4748; x_wconf 90' lang='lat' dir='ltr'><strong>ﬁde,</strong></span> <span class='ocrx_word' id='word_1_408' title='bbox 1292 4686 1356 4735; x_wconf 91' lang='lat' dir='ltr'><strong>ut</strong></span> <span class='ocrx_word' id='word_1_409' title='bbox 1386 4678 1688 4736; x_wconf 90' lang='lat' dir='ltr'><strong>secundum</strong></span> <span class='ocrx_word' id='word_1_410' title='bbox 1717 4679 1945 4752; x_wconf 89' lang='lat' dir='ltr'><strong>gratiam</strong></span> 
     </span>
    </p>
   </div>
   <div class='ocr_carea' id='block_1_50' title="bbox 341 4768 1946 4841">
    <p class='ocr_par' dir='ltr' id='par_1_50' title="bbox 341 4768 1946 4841">
     <span class='ocr_line' id='line_1_50' title="bbox 341 4768 1946 4841; baseline 0.004 -19"><span class='ocrx_word' id='word_1_411' title='bbox 341 4769 503 4824; x_wconf 86' lang='lat' dir='ltr'><strong>ﬁrma</strong></span> <span class='ocrx_word' id='word_1_412' title='bbox 530 4768 604 4824; x_wconf 92' lang='lat' dir='ltr'><strong>sit</strong></span> <span class='ocrx_word' id='word_1_413' title='bbox 629 4768 923 4841; x_wconf 89' lang='lat' dir='ltr'><strong>promissio</strong></span> <span class='ocrx_word' id='word_1_414' title='bbox 962 4770 1114 4826; x_wconf 92' lang='lat' dir='ltr'><strong>omni</strong></span> <span class='ocrx_word' id='word_1_415' title='bbox 1162 4770 1379 4826; x_wconf 88' lang='lat' dir='ltr'><strong>semini.</strong></span> <span class='ocrx_word' id='word_1_416' title='bbox 1413 4795 1432 4820; x_wconf 75' lang='grc' dir='ltr'><strong>ι</strong></span> <span class='ocrx_word' id='word_1_417' title='bbox 1477 4770 1664 4827; x_wconf 88' lang='lat' dir='ltr'><strong>Firma</strong></span> <span class='ocrx_word' id='word_1_418' title='bbox 1690 4787 1806 4829; x_wconf 90' lang='lat' dir='ltr'><strong>esse</strong></span> <span class='ocrx_word' id='word_1_419' title='bbox 1835 4788 1946 4828; x_wconf 90' lang='lat' dir='ltr'><strong>non</strong></span> 
     </span>
    </p>
   </div>
   <div class='ocr_carea' id='block_1_51' title="bbox 339 4858 1945 4931">
    <p class='ocr_par' dir='ltr' id='par_1_51' title="bbox 339 4858 1945 4931">
     <span class='ocr_line' id='line_1_51' title="bbox 339 4858 1945 4931; baseline 0.002 -17"><span class='ocrx_word' id='word_1_420' title='bbox 339 4864 521 4931; x_wconf 88' lang='lat' dir='ltr'><strong>potest</strong></span> <span class='ocrx_word' id='word_1_421' title='bbox 547 4858 843 4931; x_wconf 88' lang='lat' dir='ltr'><strong>promissio</strong></span> <span class='ocrx_word' id='word_1_422' title='bbox 868 4860 1019 4916; x_wconf 91' lang='lat' dir='ltr'><strong>omni</strong></span> <span class='ocrx_word' id='word_1_423' title='bbox 1050 4859 1273 4929; x_wconf 92' lang='lat' dir='ltr'><strong>semini,</strong></span> <span class='ocrx_word' id='word_1_424' title='bbox 1298 4860 1406 4919; x_wconf 89' lang='lat' dir='ltr'><strong>hoc</strong></span> <span class='ocrx_word' id='word_1_425' title='bbox 1424 4869 1528 4930; x_wconf 90' lang='lat' dir='ltr'><strong>est,</strong></span> <span class='ocrx_word' id='word_1_426' title='bbox 1551 4862 1705 4919; x_wconf 90' lang='lat' dir='ltr'><strong>omni</strong></span> <span class='ocrx_word' id='word_1_427' title='bbox 1729 4861 1945 4919; x_wconf 91' lang='lat' dir='ltr'><strong>homini</strong></span> 
     </span>
    </p>
   </div>
   <div class='ocr_carea' id='block_1_52' title="bbox 338 4940 1946 5026">
    <p class='ocr_par' dir='ltr' id='par_1_52' title="bbox 338 4940 1946 5026">
     <span class='ocr_line' id='line_1_52' title="bbox 338 4940 1946 5026; baseline 0.002 -21"><span class='ocrx_word' id='word_1_428' title='bbox 338 4940 412 5005; x_wconf 80' lang='lat' dir='ltr'><strong>ex</strong></span> <span class='ocrx_word' id='word_1_429' title='bbox 440 4949 593 5005; x_wconf 90' lang='lat' dir='ltr'><strong>omni</strong></span> <span class='ocrx_word' id='word_1_430' title='bbox 640 4958 820 5022; x_wconf 86' lang='lat' dir='ltr'><strong>gente,</strong></span> <span class='ocrx_word' id='word_1_431' title='bbox 844 4949 953 5006; x_wconf 89' lang='lat' dir='ltr'><strong>nisi</strong></span> <span class='ocrx_word' id='word_1_432' title='bbox 972 4949 1140 5007; x_wconf 86' lang='lat' dir='ltr'><strong>fuerit</strong></span> <span class='ocrx_word' id='word_1_433' title='bbox 1177 4966 1248 5007; x_wconf 81' lang='lat' dir='ltr'><strong>ex</strong></span> <span class='ocrx_word' id='word_1_434' title='bbox 1278 4950 1408 5019; x_wconf 90' lang='lat' dir='ltr'><strong>ﬁde,</strong></span> <span class='ocrx_word' id='word_1_435' title='bbox 1441 4953 1572 5025; x_wconf 92' lang='lat' dir='ltr'><strong>quia</strong></span> <span class='ocrx_word' id='word_1_436' title='bbox 1619 4954 1773 5026; x_wconf 89' lang='lat' dir='ltr'><strong>origo</strong></span> <span class='ocrx_word' id='word_1_437' title='bbox 1806 4969 1946 5026; x_wconf 89' lang='lat' dir='ltr'><strong>pro—</strong></span> 
     </span>
    </p>
   </div>
   <div class='ocr_carea' id='block_1_53' title="bbox 338 5038 1943 5117">
    <p class='ocr_par' dir='ltr' id='par_1_53' title="bbox 338 5038 1943 5117">
     <span class='ocr_line' id='line_1_53' title="bbox 338 5038 1943 5117; baseline 0.004 -23"><span class='ocrx_word' id='word_1_438' title='bbox 338 5038 622 5097; x_wconf 89' lang='lat' dir='ltr'><strong>missionis</strong></span> <span class='ocrx_word' id='word_1_439' title='bbox 647 5056 718 5097; x_wconf 82' lang='lat' dir='ltr'><strong>ex</strong></span> <span class='ocrx_word' id='word_1_440' title='bbox 738 5039 846 5097; x_wconf 88' lang='lat' dir='ltr'><strong>ﬁde</strong></span> <span class='ocrx_word' id='word_1_441' title='bbox 875 5048 977 5109; x_wconf 91' lang='lat' dir='ltr'><strong>est,</strong></span> <span class='ocrx_word' id='word_1_442' title='bbox 1007 5056 1120 5096; x_wconf 90' lang='lat' dir='ltr'><strong>non</strong></span> <span class='ocrx_word' id='word_1_443' title='bbox 1142 5056 1212 5097; x_wconf 85' lang='lat' dir='ltr'><strong>ex</strong></span> <span class='ocrx_word' id='word_1_444' title='bbox 1232 5041 1376 5114; x_wconf 88' lang='lat' dir='ltr'><strong>lege;</strong></span> <span class='ocrx_word' id='word_1_445' title='bbox 1411 5043 1544 5115; x_wconf 89' lang='lat' dir='ltr'><strong>quia</strong></span> <span class='ocrx_word' id='word_1_446' title='bbox 1568 5044 1663 5115; x_wconf 89' lang='lat' dir='ltr'><strong>qui</strong></span> <span class='ocrx_word' id='word_1_447' title='bbox 1694 5043 1797 5100; x_wconf 88' lang='lat' dir='ltr'><strong>sub</strong></span> <span class='ocrx_word' id='word_1_448' title='bbox 1827 5044 1943 5117; x_wconf 86' lang='lat' dir='ltr'><strong>lege</strong></span> 
     </span>
    </p>
   </div>
   <div class='ocr_carea' id='block_1_54' title="bbox 336 5129 1937 5205">
    <p class='ocr_par' dir='ltr' id='par_1_54' title="bbox 336 5129 1937 5205">
     <span class='ocr_line' id='line_1_54' title="bbox 336 5129 1937 5205; baseline 0 -18"><span class='ocrx_word' id='word_1_449' title='bbox 336 5136 491 5200; x_wconf 88' lang='lat' dir='ltr'><strong>sunt,</strong></span> <span class='ocrx_word' id='word_1_450' title='bbox 512 5129 592 5187; x_wconf 89' lang='lat' dir='ltr'><strong>rei</strong></span> <span class='ocrx_word' id='word_1_451' title='bbox 611 5136 742 5187; x_wconf 87' lang='lat' dir='ltr'><strong>sunt</strong></span> <span class='ocrx_word' id='word_1_452' title='bbox 764 5148 776 5187; x_wconf 91' lang='lat'><strong>:</strong></span> <span class='ocrx_word' id='word_1_453' title='bbox 799 5129 1093 5203; x_wconf 91' lang='lat' dir='ltr'><strong>promissio</strong></span> <span class='ocrx_word' id='word_1_454' title='bbox 1120 5138 1303 5189; x_wconf 89' lang='lat' dir='ltr'><strong>autem</strong></span> <span class='ocrx_word' id='word_1_455' title='bbox 1326 5131 1436 5188; x_wconf 88' lang='lat' dir='ltr'><strong>reis</strong></span> <span class='ocrx_word' id='word_1_456' title='bbox 1456 5130 1577 5189; x_wconf 88' lang='lat' dir='ltr'><strong>dari</strong></span> <span class='ocrx_word' id='word_1_457' title='bbox 1597 5147 1710 5188; x_wconf 91' lang='lat' dir='ltr'><strong>non</strong></span> <span class='ocrx_word' id='word_1_458' title='bbox 1739 5140 1937 5205; x_wconf 89' lang='lat' dir='ltr'><strong>potest:</strong></span> 
     </span>
    </p>
   </div>
   <div class='ocr_carea' id='block_1_55' title="bbox 411 5271 1941 5348">
    <p class='ocr_par' dir='ltr' id='par_1_55' title="bbox 411 5271 1941 5348">
     <span class='ocr_line' id='line_1_55' title="bbox 411 5271 1941 5348; baseline 0.001 -18"><span class='ocrx_word' id='word_1_459' title='bbox 411 5274 495 5347; x_wconf 90' lang='lat'><strong>(8)</strong></span> <span class='ocrx_word' id='word_1_460' title='bbox 526 5275 687 5348; x_wconf 73' lang='lat' dir='ltr'><strong>Rom.</strong></span> <span class='ocrx_word' id='word_1_461' title='bbox 737 5274 869 5333; x_wconf 87' lang='lat' dir='ltr'><strong>edit.</strong></span> <span class='ocrx_word' id='word_1_462' title='bbox 902 5290 966 5332; x_wconf 86' lang='lat' dir='ltr'><strong>ac</strong></span> <span class='ocrx_word' id='word_1_463' title='bbox 1000 5271 1161 5346; x_wconf 88' lang='lat' dir='ltr'><strong>pauci</strong></span> <span class='ocrx_word' id='word_1_464' title='bbox 1197 5289 1351 5344; x_wconf 89' lang='lat' dir='ltr'><strong>mss.,</strong></span> <span class='ocrx_word' id='word_1_465' title='bbox 1392 5275 1521 5347; x_wconf 87' lang='lat' dir='ltr'><strong>quia</strong></span> <span class='ocrx_word' id='word_1_466' title='bbox 1550 5274 1785 5332; x_wconf 84' lang='lat' dir='ltr'><strong>omnium</strong></span> <span class='ocrx_word' id='word_1_467' title='bbox 1809 5292 1941 5348; x_wconf 83' lang='lat' dir='ltr'><strong>pec-</strong></span> 
     </span>
    </p>
   </div>
   <div class='ocr_carea' id='block_1_56' title="bbox 331 5346 737 5403">
    <p class='ocr_par' dir='ltr' id='par_1_56' title="bbox 331 5346 737 5403">
     <span class='ocr_line' id='line_1_56' title="bbox 331 5346 737 5403; baseline 0.002 -2"><span class='ocrx_word' id='word_1_468' title='bbox 331 5346 457 5402; x_wconf 82' lang='lat' dir='ltr'><strong>cata</strong></span> <span class='ocrx_word' id='word_1_469' title='bbox 482 5346 737 5403; x_wconf 78' lang='lat' dir='ltr'><strong>ablueret.</strong></span> 
     </span>
    </p>
   </div>
   <div class='ocr_carea' id='block_1_57' title="bbox 410 5415 1941 5492">
    <p class='ocr_par' dir='ltr' id='par_1_57' title="bbox 410 5415 1941 5492">
     <span class='ocr_line' id='line_1_57' title="bbox 410 5415 1941 5492; baseline -0.003 -14"><span class='ocrx_word' id='word_1_470' title='bbox 410 5417 492 5492; x_wconf 79' lang='lat'><strong>(9)</strong></span> <span class='ocrx_word' id='word_1_471' title='bbox 525 5418 690 5492; x_wconf 83' lang='lat' dir='ltr'><strong>Corb.</strong></span> <span class='ocrx_word' id='word_1_472' title='bbox 734 5417 881 5492; x_wconf 54' lang='lat' dir='ltr'><strong>cod,</strong></span> <span class='ocrx_word' id='word_1_473' title='bbox 928 5423 1026 5473; x_wconf 83' lang='lat' dir='ltr'><strong>aut</strong></span> <span class='ocrx_word' id='word_1_474' title='bbox 1049 5415 1274 5492; x_wconf 67' lang='lat' dir='ltr'><strong>sanguis</strong></span> <span class='ocrx_word' id='word_1_475' title='bbox 1296 5419 1483 5492; x_wconf 78' lang='lat' dir='ltr'><strong>mortis</strong></span> <span class='ocrx_word' id='word_1_476' title='bbox 1515 5421 1619 5491; x_wconf 83' lang='lat' dir='ltr'><strong>lege</strong></span> <span class='ocrx_word' id='word_1_477' title='bbox 1645 5417 1941 5492; x_wconf 69' lang='lat' dir='ltr'><strong>expiandus</strong></span> 
     </span>
    </p>
   </div>
   <div class='ocr_carea' id='block_1_58' title="bbox 333 5489 1669 5563">
    <p class='ocr_par' dir='ltr' id='par_1_58' title="bbox 333 5489 1669 5563">
     <span class='ocr_line' id='line_1_58' title="bbox 333 5489 1669 5563; baseline 0.003 -20"><span class='ocrx_word' id='word_1_478' title='bbox 333 5489 678 5563; x_wconf 57' lang='lat' dir='ltr'><strong>est.demig.</strong></span> <span class='ocrx_word' id='word_1_479' title='bbox 711 5506 775 5563; x_wconf 90' lang='lat' dir='ltr'><strong>ac</strong></span> <span class='ocrx_word' id='word_1_480' title='bbox 802 5489 1041 5558; x_wconf 87' lang='lat' dir='ltr'><strong>Thuan.,</strong></span> <span class='ocrx_word' id='word_1_481' title='bbox 1065 5489 1320 5545; x_wconf 71' lang='lat' dir='ltr'><strong>mustella:</strong></span> <span class='ocrx_word' id='word_1_482' title='bbox 1337 5489 1669 5563; x_wconf 66' lang='lat' dir='ltr'><strong>expiandus.</strong></span> 
     </span>
    </p>
   </div>
   <div class='ocr_carea' id='block_1_59' title="bbox 409 5558 1939 5635">
    <p class='ocr_par' dir='ltr' id='par_1_59' title="bbox 409 5558 1939 5635">
     <span class='ocr_line' id='line_1_59' title="bbox 409 5558 1939 5635; baseline -0.001 -18"><span class='ocrx_word' id='word_1_483' title='bbox 409 5560 529 5635; x_wconf 74' lang='grc'><strong>(10)</strong></span> <span class='ocrx_word' id='word_1_484' title='bbox 562 5558 691 5618; x_wconf 65' lang='lat' dir='ltr'><strong>mss.</strong></span> <span class='ocrx_word' id='word_1_485' title='bbox 731 5562 961 5635; x_wconf 86' lang='lat' dir='ltr'><strong>aliquot,</strong></span> <span class='ocrx_word' id='word_1_486' title='bbox 993 5562 1072 5635; x_wconf 18' lang='lat' dir='ltr'><strong>,Si</strong></span> <span class='ocrx_word' id='word_1_487' title='bbox 1098 5577 1218 5635; x_wconf 73' lang='lat' dir='ltr'><strong>ergo</strong></span> <span class='ocrx_word' id='word_1_488' title='bbox 1254 5558 1348 5631; x_wconf 85' lang='lat' dir='ltr'><strong>qui</strong></span> <span class='ocrx_word' id='word_1_489' title='bbox 1376 5558 1469 5616; x_wconf 73' lang='lat' dir='ltr'><strong>sub</strong></span> <span class='ocrx_word' id='word_1_490' title='bbox 1489 5563 1775 5635; x_wconf 75' lang='lat' dir='ltr'><strong>legesunt,</strong></span> <span class='ocrx_word' id='word_1_491' title='bbox 1805 5579 1939 5618; x_wconf 73' lang='lat' dir='ltr'><strong>eru-</strong></span> 
     </span>
    </p>
   </div>
   <div class='ocr_carea' id='block_1_60' title="bbox 331 5632 1941 5707">
    <p class='ocr_par' dir='ltr' id='par_1_60' title="bbox 331 5632 1941 5707">
     <span class='ocr_line' id='line_1_60' title="bbox 331 5632 1941 5707; baseline 0.002 -20"><span class='ocrx_word' id='word_1_492' title='bbox 560 5640 716 5707; x_wconf 60' lang='grc' dir='ltr'><strong>πψτη</strong></span> <span class='ocrx_word' id='word_1_493' title='bbox 748 5632 1027 5707; x_wconf 71' lang='lat' dir='ltr'><strong>nonnulli,</strong></span> <span class='ocrx_word' id='word_1_494' title='bbox 1078 5634 1138 5690; x_wconf 88' lang='lat' dir='ltr'><strong>Si</strong></span> <span class='ocrx_word' id='word_1_495' title='bbox 1179 5649 1300 5705; x_wconf 82' lang='lat' dir='ltr'><strong>ergo</strong></span> <span class='ocrx_word' id='word_1_496' title='bbox 1340 5632 1500 5705; x_wconf 81' lang='lat' dir='ltr'><strong>quasi</strong></span> <span class='ocrx_word' id='word_1_497' title='bbox 1537 5632 1631 5691; x_wconf 77' lang='lat' dir='ltr'><strong>sub</strong></span> <span class='ocrx_word' id='word_1_498' title='bbox 1674 5637 1779 5707; x_wconf 85' lang='lat' dir='ltr'><strong>lege</strong></span> <span class='ocrx_word' id='word_1_499' title='bbox 1815 5640 1941 5691; x_wconf 83' lang='lat' dir='ltr'><strong>sunt</strong></span> 
     </span>
    </p>
   </div>
   <div class='ocr_carea' id='block_1_61' title="bbox 331 5704 1135 5779">
    <p class='ocr_par' dir='ltr' id='par_1_61' title="bbox 331 5704 1135 5779">
     <span class='ocr_line' id='line_1_61' title="bbox 331 5704 1135 5779; baseline -0.001 -17"><span class='ocrx_word' id='word_1_500' title='bbox 331 5704 639 5774; x_wconf 75' lang='lat' dir='ltr'><strong>erudiendi,</strong></span> <span class='ocrx_word' id='word_1_501' title='bbox 670 5711 730 5763; x_wconf 83' lang='lat' dir='ltr'><strong>ut</strong></span> <span class='ocrx_word' id='word_1_502' title='bbox 755 5705 850 5764; x_wconf 79' lang='lat' dir='ltr'><strong>sub</strong></span> <span class='ocrx_word' id='word_1_503' title='bbox 882 5708 985 5779; x_wconf 82' lang='lat' dir='ltr'><strong>lege</strong></span> <span class='ocrx_word' id='word_1_504' title='bbox 1010 5708 1135 5763; x_wconf 78' lang='lat' dir='ltr'><strong>sint.</strong></span> 
     </span>
    </p>
   </div>
   <div class='ocr_carea' id='block_1_62' title="bbox 2064 544 3666 626">
    <p class='ocr_par' dir='ltr' id='par_1_62' title="bbox 2064 544 3666 626">
     <span class='ocr_line' id='line_1_62' title="bbox 2064 544 3666 626; baseline 0.006 -26"><span class='ocrx_word' id='word_1_505' title='bbox 2064 544 2202 601; x_wconf 90' lang='lat' dir='ltr'><strong>ﬁant</strong></span> <span class='ocrx_word' id='word_1_506' title='bbox 2230 546 2339 604; x_wconf 91' lang='lat' dir='ltr'><strong>dici</strong></span> <span class='ocrx_word' id='word_1_507' title='bbox 2387 548 2492 604; x_wconf 91' lang='lat' dir='ltr'><strong>ﬁlii</strong></span> <span class='ocrx_word' id='word_1_508' title='bbox 2520 551 2638 620; x_wconf 91' lang='lat' dir='ltr'><strong>Dei,</strong></span> <span class='ocrx_word' id='word_1_509' title='bbox 2681 560 2734 609; x_wconf 90' lang='lat' dir='ltr'><strong>et</strong></span> <span class='ocrx_word' id='word_1_510' title='bbox 2763 553 2837 609; x_wconf 90' lang='lat' dir='ltr'><strong>sit</strong></span> <span class='ocrx_word' id='word_1_511' title='bbox 2862 553 3024 609; x_wconf 90' lang='lat' dir='ltr'><strong>ﬁrma</strong></span> <span class='ocrx_word' id='word_1_512' title='bbox 3076 553 3398 626; x_wconf 89' lang='lat' dir='ltr'><strong>promissio.</strong></span> <span class='ocrx_word' id='word_1_513' title='bbox 3430 553 3487 611; x_wconf 89' lang='lat' dir='ltr'><strong>Si</strong></span> <span class='ocrx_word' id='word_1_514' title='bbox 3517 553 3666 610; x_wconf 90' lang='lat' dir='ltr'><strong>enim</strong></span> 
     </span>
    </p>
   </div>
   <div class='ocr_carea' id='block_1_63' title="bbox 2067 633 3664 715">
    <p class='ocr_par' dir='ltr' id='par_1_63' title="bbox 2067 633 3664 715">
     <span class='ocr_line' id='line_1_63' title="bbox 2067 633 3664 715; baseline 0.006 -26"><span class='ocrx_word' id='word_1_515' title='bbox 2067 633 2214 690; x_wconf 91' lang='lat' dir='ltr'><strong>ﬁlios</strong></span> <span class='ocrx_word' id='word_1_516' title='bbox 2238 636 2338 692; x_wconf 91' lang='lat' dir='ltr'><strong>Dei</strong></span> <span class='ocrx_word' id='word_1_517' title='bbox 2370 654 2428 694; x_wconf 90' lang='lat' dir='ltr'><strong>se</strong></span> <span class='ocrx_word' id='word_1_518' title='bbox 2457 638 2663 709; x_wconf 88' lang='lat' dir='ltr'><strong>dicant,</strong></span> <span class='ocrx_word' id='word_1_519' title='bbox 2692 657 2817 697; x_wconf 91' lang='lat' dir='ltr'><strong>cum</strong></span> <span class='ocrx_word' id='word_1_520' title='bbox 2854 642 2965 698; x_wconf 91' lang='lat' dir='ltr'><strong>sint</strong></span> <span class='ocrx_word' id='word_1_521' title='bbox 2993 642 3093 712; x_wconf 89' lang='lat' dir='ltr'><strong>rei,</strong></span> <span class='ocrx_word' id='word_1_522' title='bbox 3126 642 3232 698; x_wconf 85' lang='lat' dir='ltr'><strong>hoc</strong></span> <span class='ocrx_word' id='word_1_523' title='bbox 3260 650 3362 710; x_wconf 87' lang='lat' dir='ltr'><strong>est,</strong></span> <span class='ocrx_word' id='word_1_524' title='bbox 3394 642 3498 699; x_wconf 89' lang='lat' dir='ltr'><strong>sub</strong></span> <span class='ocrx_word' id='word_1_525' title='bbox 3530 643 3664 715; x_wconf 90' lang='lat' dir='ltr'><strong>lege,</strong></span> 
     </span>
    </p>
   </div>
   <div class='ocr_carea' id='block_1_64' title="bbox 2056 724 3668 803">
    <p class='ocr_par' dir='ltr' id='par_1_64' title="bbox 2056 724 3668 803">
     <span class='ocr_line' id='line_1_64' title="bbox 2056 724 3668 803; baseline 0.006 -24"><span class='ocrx_word' id='word_1_526' title='bbox 2056 738 2168 779; x_wconf 90' lang='lat' dir='ltr'><strong>non</strong></span> <span class='ocrx_word' id='word_1_527' title='bbox 2197 733 2279 781; x_wconf 91' lang='lat' dir='ltr'><strong>est</strong></span> <span class='ocrx_word' id='word_1_528' title='bbox 2318 724 2541 783; x_wconf 90' lang='lat' dir='ltr'><strong>ﬁrmum</strong></span> <span class='ocrx_word' id='word_1_529' title='bbox 2566 746 2579 794; x_wconf 88' lang='lat'>;</span> <span class='ocrx_word' id='word_1_530' title='bbox 2605 729 2733 802; x_wconf 89' lang='lat' dir='ltr'><strong>quia</strong></span> <span class='ocrx_word' id='word_1_531' title='bbox 2760 730 2863 785; x_wconf 92' lang='lat' dir='ltr'><strong>ﬁlii</strong></span> <span class='ocrx_word' id='word_1_532' title='bbox 2890 731 2989 787; x_wconf 91' lang='lat' dir='ltr'><strong>Dei</strong></span> <span class='ocrx_word' id='word_1_533' title='bbox 3018 730 3176 787; x_wconf 90' lang='lat' dir='ltr'><strong>liberi</strong></span> <span class='ocrx_word' id='word_1_534' title='bbox 3206 738 3336 787; x_wconf 89' lang='lat' dir='ltr'><strong>sunt</strong></span> <span class='ocrx_word' id='word_1_535' title='bbox 3363 748 3395 786; x_wconf 89' lang='lat' dir='ltr'><strong>a</strong></span> <span class='ocrx_word' id='word_1_536' title='bbox 3424 739 3668 803; x_wconf 88' lang='lat' dir='ltr'><strong>peccato.</strong></span> 
     </span>
    </p>
   </div>
   <div class='ocr_carea' id='block_1_65' title="bbox 2059 814 3669 897">
    <p class='ocr_par' dir='ltr' id='par_1_65' title="bbox 2059 814 3669 897">
     <span class='ocr_line' id='line_1_65' title="bbox 2059 814 3669 897; baseline 0.007 -27"><span class='ocrx_word' id='word_1_537' title='bbox 2059 814 2117 870; x_wconf 88' lang='lat' dir='ltr'><strong>Si</strong></span> <span class='ocrx_word' id='word_1_538' title='bbox 2148 831 2276 887; x_wconf 89' lang='lat' dir='ltr'><strong>ergo</strong></span> <span class='ocrx_word' id='word_1_539' title='bbox 2297 817 2391 889; x_wconf 90' lang='lat' dir='ltr'><strong>qui</strong></span> <span class='ocrx_word' id='word_1_540' title='bbox 2423 819 2526 875; x_wconf 90' lang='lat' dir='ltr'><strong>sub</strong></span> <span class='ocrx_word' id='word_1_541' title='bbox 2558 820 2675 891; x_wconf 88' lang='lat' dir='ltr'><strong>lege</strong></span> <span class='ocrx_word' id='word_1_542' title='bbox 2720 829 2871 890; x_wconf 90' lang='lat' dir='ltr'><strong>sunt,</strong></span> <span class='ocrx_word' id='word_1_543' title='bbox 2904 824 3132 880; x_wconf 88' lang='lat' dir='ltr'><strong>eruendi</strong></span> <span class='ocrx_word' id='word_1_544' title='bbox 3173 826 3290 897; x_wconf 89' lang='grc'><strong>(10)</strong></span> <span class='ocrx_word' id='word_1_545' title='bbox 3323 825 3391 881; x_wconf 89' lang='lat' dir='ltr'><strong>de</strong></span> <span class='ocrx_word' id='word_1_546' title='bbox 3419 825 3523 882; x_wconf 90' lang='lat' dir='ltr'><strong>sub</strong></span> <span class='ocrx_word' id='word_1_547' title='bbox 3552 827 3669 897; x_wconf 91' lang='lat' dir='ltr'><strong>lege</strong></span> 
     </span>
    </p>
   </div>
   <div class='ocr_carea' id='block_1_66' title="bbox 2059 908 3670 990">
    <p class='ocr_par' dir='ltr' id='par_1_66' title="bbox 2059 908 3670 990">
     <span class='ocr_line' id='line_1_66' title="bbox 2059 908 3670 990; baseline 0.009 -32"><span class='ocrx_word' id='word_1_548' title='bbox 2059 914 2213 971; x_wconf 89' lang='lat' dir='ltr'><strong>sunt,</strong></span> <span class='ocrx_word' id='word_1_549' title='bbox 2244 915 2304 961; x_wconf 90' lang='lat' dir='ltr'><strong>ut</strong></span> <span class='ocrx_word' id='word_1_550' title='bbox 2334 908 2756 978; x_wconf 85' lang='lat' dir='ltr'><strong>promissionem</strong></span> <span class='ocrx_word' id='word_1_551' title='bbox 2787 920 3099 969; x_wconf 89' lang='lat' dir='ltr'><strong>mereantur</strong></span> <span class='ocrx_word' id='word_1_552' title='bbox 3152 916 3399 987; x_wconf 90' lang='lat' dir='ltr'><strong>accipere</strong></span> <span class='ocrx_word' id='word_1_553' title='bbox 3423 933 3436 982; x_wconf 92' lang='lat'><strong>;</strong></span> <span class='ocrx_word' id='word_1_554' title='bbox 3460 925 3670 990; x_wconf 87' lang='lat' dir='ltr'><strong>quanto</strong></span> 
     </span>
    </p>
   </div>
   <div class='ocr_carea' id='block_1_67' title="bbox 2063 995 3667 1079">
    <p class='ocr_par' dir='ltr' id='par_1_67' title="bbox 2063 995 3667 1079">
     <span class='ocr_line' id='line_1_67' title="bbox 2063 995 3667 1079; baseline 0.01 -31"><span class='ocrx_word' id='word_1_555' title='bbox 2063 995 2236 1067; x_wconf 89' lang='lat' dir='ltr'><strong>magis</strong></span> <span class='ocrx_word' id='word_1_556' title='bbox 2277 995 2371 1067; x_wconf 91' lang='lat' dir='ltr'><strong>qui</strong></span> <span class='ocrx_word' id='word_1_557' title='bbox 2418 998 2521 1053; x_wconf 90' lang='lat' dir='ltr'><strong>sub</strong></span> <span class='ocrx_word' id='word_1_558' title='bbox 2570 999 2685 1070; x_wconf 88' lang='lat' dir='ltr'><strong>lege</strong></span> <span class='ocrx_word' id='word_1_559' title='bbox 2740 1016 2851 1055; x_wconf 90' lang='lat' dir='ltr'><strong>non</strong></span> <span class='ocrx_word' id='word_1_560' title='bbox 2910 1004 3069 1058; x_wconf 87' lang='lat' dir='ltr'><strong>sunt!</strong></span> <span class='ocrx_word' id='word_1_561' title='bbox 3118 1004 3237 1059; x_wconf 81' lang='lat' dir='ltr'><strong>Non</strong></span> <span class='ocrx_word' id='word_1_562' title='bbox 3267 1021 3394 1077; x_wconf 88' lang='lat' dir='ltr'><strong>ergo</strong></span> <span class='ocrx_word' id='word_1_563' title='bbox 3422 1006 3667 1079; x_wconf 83' lang='lat' dir='ltr'><strong>expedit,</strong></span> 
     </span>
    </p>
   </div>
   <div class='ocr_carea' id='block_1_68' title="bbox 2062 1085 3669 1167">
    <p class='ocr_par' dir='ltr' id='par_1_68' title="bbox 2062 1085 3669 1167">
     <span class='ocr_line' id='line_1_68' title="bbox 2062 1085 3669 1167; baseline 0.01 -29"><span class='ocrx_word' id='word_1_564' title='bbox 2062 1093 2126 1139; x_wconf 91' lang='lat' dir='ltr'><strong>ut</strong></span> <span class='ocrx_word' id='word_1_565' title='bbox 2159 1101 2216 1140; x_wconf 87' lang='lat' dir='ltr'><strong>se</strong></span> <span class='ocrx_word' id='word_1_566' title='bbox 2246 1085 2429 1142; x_wconf 89' lang='lat' dir='ltr'><strong>mittat</strong></span> <span class='ocrx_word' id='word_1_567' title='bbox 2480 1087 2583 1142; x_wconf 90' lang='lat' dir='ltr'><strong>sub</strong></span> <span class='ocrx_word' id='word_1_568' title='bbox 2614 1089 2731 1159; x_wconf 90' lang='lat' dir='ltr'><strong>lege</strong></span> <span class='ocrx_word' id='word_1_569' title='bbox 2762 1106 2776 1155; x_wconf 88' lang='lat'><strong>;</strong></span> <span class='ocrx_word' id='word_1_570' title='bbox 2807 1099 2870 1146; x_wconf 91' lang='lat' dir='ltr'><strong>ut</strong></span> <span class='ocrx_word' id='word_1_571' title='bbox 2912 1092 3084 1162; x_wconf 86' lang='lat' dir='ltr'><strong>possit</strong></span> <span class='ocrx_word' id='word_1_572' title='bbox 3116 1095 3445 1167; x_wconf 88' lang='lat' dir='ltr'><strong>compendio</strong></span> <span class='ocrx_word' id='word_1_573' title='bbox 3473 1097 3669 1154; x_wconf 83' lang='lat' dir='ltr'><strong>mede-</strong></span> 
     </span>
    </p>
   </div>
   <div class='ocr_carea' id='block_1_69' title="bbox 2063 1171 2759 1236">
    <p class='ocr_par' dir='ltr' id='par_1_69' title="bbox 2063 1171 2759 1236">
     <span class='ocr_line' id='line_1_69' title="bbox 2063 1171 2759 1236; baseline 0.013 -9"><span class='ocrx_word' id='word_1_574' title='bbox 2063 1171 2170 1228; x_wconf 89' lang='lat' dir='ltr'><strong>lam</strong></span> <span class='ocrx_word' id='word_1_575' title='bbox 2205 1174 2456 1230; x_wconf 84' lang='lat' dir='ltr'><strong>vulneris</strong></span> <span class='ocrx_word' id='word_1_576' title='bbox 2485 1175 2759 1236; x_wconf 82' lang='lat' dir='ltr'><strong>invenire.</strong></span> 
     </span>
    </p>
   </div>
   <div class='ocr_carea' id='block_1_70' title="bbox 2148 1298 3669 1383">
    <p class='ocr_par' dir='ltr' id='par_1_70' title="bbox 2148 1298 3669 1383">
     <span class='ocr_line' id='line_1_70' title="bbox 2148 1298 3669 1383; baseline 0.01 -31"><span class='ocrx_word' id='word_1_577' title='bbox 2148 1321 2166 1344; x_wconf 77' lang='grc' dir='ltr'><strong>ι</strong></span> <span class='ocrx_word' id='word_1_578' title='bbox 2206 1298 2325 1354; x_wconf 89' lang='lat' dir='ltr'><strong>Non</strong></span> <span class='ocrx_word' id='word_1_579' title='bbox 2365 1299 2414 1354; x_wconf 91' lang='lat' dir='ltr'><strong>ei</strong></span> <span class='ocrx_word' id='word_1_580' title='bbox 2444 1301 2539 1373; x_wconf 91' lang='lat' dir='ltr'><strong>qui</strong></span> <span class='ocrx_word' id='word_1_581' title='bbox 2559 1318 2628 1357; x_wconf 79' lang='lat' dir='ltr'><strong>ex</strong></span> <span class='ocrx_word' id='word_1_582' title='bbox 2671 1303 2785 1375; x_wconf 88' lang='lat' dir='ltr'><strong>lege</strong></span> <span class='ocrx_word' id='word_1_583' title='bbox 2819 1313 2901 1361; x_wconf 90' lang='lat' dir='ltr'><strong>est</strong></span> <span class='ocrx_word' id='word_1_584' title='bbox 2924 1312 3164 1375; x_wconf 89' lang='lat' dir='ltr'><strong>tantum,</strong></span> <span class='ocrx_word' id='word_1_585' title='bbox 3189 1307 3284 1364; x_wconf 90' lang='lat' dir='ltr'><strong>sed</strong></span> <span class='ocrx_word' id='word_1_586' title='bbox 3314 1317 3371 1364; x_wconf 86' lang='lat' dir='ltr'><strong>et</strong></span> <span class='ocrx_word' id='word_1_587' title='bbox 3391 1308 3440 1365; x_wconf 93' lang='lat' dir='ltr'><strong>ei</strong></span> <span class='ocrx_word' id='word_1_588' title='bbox 3475 1309 3571 1383; x_wconf 90' lang='lat' dir='ltr'><strong>qui</strong></span> <span class='ocrx_word' id='word_1_589' title='bbox 3600 1327 3669 1367; x_wconf 82' lang='lat' dir='ltr'><strong>ex</strong></span> 
     </span>
    </p>
   </div>
   <div class='ocr_carea' id='block_1_71' title="bbox 2064 1385 3671 1471">
    <p class='ocr_par' dir='ltr' id='par_1_71' title="bbox 2064 1385 3671 1471">
     <span class='ocr_line' id='line_1_71' title="bbox 2064 1385 3671 1471; baseline 0.009 -29"><span class='ocrx_word' id='word_1_590' title='bbox 2064 1385 2173 1443; x_wconf 89' lang='lat' dir='ltr'><strong>ﬁde</strong></span> <span class='ocrx_word' id='word_1_591' title='bbox 2202 1397 2285 1445; x_wconf 91' lang='lat' dir='ltr'><strong>est</strong></span> <span class='ocrx_word' id='word_1_592' title='bbox 2313 1389 2571 1447; x_wconf 83' lang='lat' dir='ltr'><strong>Abrahae.</strong></span> <span class='ocrx_word' id='word_1_593' title='bbox 2596 1420 2613 1439; x_wconf 86' lang='lat'><strong><em>-</em></strong></span> <span class='ocrx_word' id='word_1_594' title='bbox 2655 1394 2770 1451; x_wconf 88' lang='lat' dir='ltr'><strong>Hoc</strong></span> <span class='ocrx_word' id='word_1_595' title='bbox 2798 1404 2879 1452; x_wconf 91' lang='lat' dir='ltr'><strong>est</strong></span> <span class='ocrx_word' id='word_1_596' title='bbox 2908 1397 3053 1470; x_wconf 91' lang='lat' dir='ltr'><strong>quod</strong></span> <span class='ocrx_word' id='word_1_597' title='bbox 3076 1415 3240 1471; x_wconf 89' lang='lat' dir='ltr'><strong>supra</strong></span> <span class='ocrx_word' id='word_1_598' title='bbox 3254 1398 3401 1455; x_wconf 90' lang='lat' dir='ltr'><strong>dixit</strong></span> <span class='ocrx_word' id='word_1_599' title='bbox 3434 1416 3446 1454; x_wconf 73' lang='grc' dir='ltr'>ς</span> <span class='ocrx_word' id='word_1_600' title='bbox 3480 1401 3671 1457; x_wconf 76' lang='lat' dir='ltr'><strong>«Omni</strong></span> 
     </span>
    </p>
   </div>
   <div class='ocr_carea' id='block_1_72' title="bbox 2065 1481 3669 1562">
    <p class='ocr_par' dir='ltr' id='par_1_72' title="bbox 2065 1481 3669 1562">
     <span class='ocr_line' id='line_1_72' title="bbox 2065 1481 3669 1562; baseline 0.009 -28"><span class='ocrx_word' id='word_1_601' title='bbox 2065 1481 2287 1550; x_wconf 91' lang='lat' dir='ltr'><strong>semini,</strong></span> <span class='ocrx_word' id='word_1_602' title='bbox 2310 1488 2419 1537; x_wconf 89' lang='lat' dir='ltr'><strong>tam</strong></span> <span class='ocrx_word' id='word_1_603' title='bbox 2436 1483 2772 1555; x_wconf 63' lang='lat' dir='ltr'><strong>Iudaeorum,</strong></span> <span class='ocrx_word' id='word_1_604' title='bbox 2797 1487 2892 1560; x_wconf 87' lang='lat' dir='ltr'><strong>qui</strong></span> <span class='ocrx_word' id='word_1_605' title='bbox 2912 1488 3101 1562; x_wconf 90' lang='lat' dir='ltr'><strong>utique</strong></span> <span class='ocrx_word' id='word_1_606' title='bbox 3122 1506 3189 1544; x_wconf 85' lang='lat' dir='ltr'><strong>ex</strong></span> <span class='ocrx_word' id='word_1_607' title='bbox 3216 1491 3330 1562; x_wconf 90' lang='lat' dir='ltr'><strong>lege</strong></span> <span class='ocrx_word' id='word_1_608' title='bbox 3350 1490 3669 1561; x_wconf 87' lang='lat' dir='ltr'><strong>veniebant,</strong></span> 
     </span>
    </p>
   </div>
   <div class='ocr_carea' id='block_1_73' title="bbox 2071 1570 3669 1654">
    <p class='ocr_par' dir='ltr' id='par_1_73' title="bbox 2071 1570 3669 1654">
     <span class='ocr_line' id='line_1_73' title="bbox 2071 1570 3669 1654; baseline 0.009 -32"><span class='ocrx_word' id='word_1_609' title='bbox 2071 1584 2234 1640; x_wconf 92' lang='lat' dir='ltr'><strong>quam</strong></span> <span class='ocrx_word' id='word_1_610' title='bbox 2268 1570 2583 1642; x_wconf 87' lang='lat' dir='ltr'><strong>gentilium,</strong></span> <span class='ocrx_word' id='word_1_611' title='bbox 2606 1575 2704 1646; x_wconf 90' lang='lat' dir='ltr'><strong>qui</strong></span> <span class='ocrx_word' id='word_1_612' title='bbox 2726 1574 2888 1631; x_wconf 88' lang='lat' dir='ltr'><strong>ﬁdem</strong></span> <span class='ocrx_word' id='word_1_613' title='bbox 2913 1587 3218 1650; x_wconf 91' lang='lat' dir='ltr'><strong>sequuntur</strong></span> <span class='ocrx_word' id='word_1_614' title='bbox 3234 1578 3669 1654; x_wconf 68' lang='lat' dir='ltr'><strong>Abrahae,quam</strong></span> 
     </span>
    </p>
   </div>
   <div class='ocr_carea' id='block_1_74' title="bbox 2067 1658 3674 1739">
    <p class='ocr_par' dir='ltr' id='par_1_74' title="bbox 2067 1658 3674 1739">
     <span class='ocr_line' id='line_1_74' title="bbox 2067 1658 3674 1739; baseline 0.007 -26"><span class='ocrx_word' id='word_1_615' title='bbox 2067 1658 2291 1730; x_wconf 89' lang='lat' dir='ltr'><strong>gentilis</strong></span> <span class='ocrx_word' id='word_1_616' title='bbox 2327 1658 2545 1730; x_wconf 89' lang='lat' dir='ltr'><strong>habuit,</strong></span> <span class='ocrx_word' id='word_1_617' title='bbox 2578 1671 2639 1719; x_wconf 92' lang='lat' dir='ltr'><strong>ut</strong></span> <span class='ocrx_word' id='word_1_618' title='bbox 2668 1673 2809 1721; x_wconf 89' lang='lat' dir='ltr'><strong>esset</strong></span> <span class='ocrx_word' id='word_1_619' title='bbox 2828 1663 3031 1737; x_wconf 89' lang='lat' dir='ltr'><strong>justus.</strong></span> <span class='ocrx_word' id='word_1_620' title='bbox 3064 1665 3193 1722; x_wconf 89' lang='lat' dir='ltr'><strong>Sine</strong></span> <span class='ocrx_word' id='word_1_621' title='bbox 3225 1667 3340 1739; x_wconf 91' lang='lat' dir='ltr'><strong>lege</strong></span> <span class='ocrx_word' id='word_1_622' title='bbox 3367 1667 3514 1723; x_wconf 90' lang='lat' dir='ltr'><strong>enim</strong></span> <span class='ocrx_word' id='word_1_623' title='bbox 3545 1685 3674 1725; x_wconf 91' lang='lat' dir='ltr'><strong>cre-</strong></span> 
     </span>
    </p>
   </div>
   <div class='ocr_carea' id='block_1_75' title="bbox 2066 1746 3673 1829">
    <p class='ocr_par' dir='ltr' id='par_1_75' title="bbox 2066 1746 3673 1829">
     <span class='ocr_line' id='line_1_75' title="bbox 2066 1746 3673 1829; baseline 0.006 -28"><span class='ocrx_word' id='word_1_624' title='bbox 2066 1746 2209 1803; x_wconf 90' lang='lat' dir='ltr'><strong>didit</strong></span> <span class='ocrx_word' id='word_1_625' title='bbox 2254 1747 2553 1817; x_wconf 84' lang='lat' dir='ltr'><strong>Abraham,</strong></span> <span class='ocrx_word' id='word_1_626' title='bbox 2599 1750 2831 1825; x_wconf 88' lang='lat' dir='ltr'><strong>ideoque</strong></span> <span class='ocrx_word' id='word_1_627' title='bbox 2864 1754 3036 1826; x_wconf 87' lang='lat' dir='ltr'><strong>magis</strong></span> <span class='ocrx_word' id='word_1_628' title='bbox 3075 1754 3375 1826; x_wconf 87' lang='lat' dir='ltr'><strong>gentilibus</strong></span> <span class='ocrx_word' id='word_1_629' title='bbox 3394 1755 3673 1829; x_wconf 89' lang='lat' dir='ltr'><strong>jungitur,</strong></span> 
     </span>
    </p>
   </div>
   <div class='ocr_carea' id='block_1_76' title="bbox 2054 1836 3675 1913">
    <p class='ocr_par' dir='ltr' id='par_1_76' title="bbox 2054 1836 3675 1913">
     <span class='ocr_line' id='line_1_76' title="bbox 2054 1836 3675 1913; baseline 0.007 -23"><span class='ocrx_word' id='word_1_630' title='bbox 2054 1843 2117 1891; x_wconf 92' lang='lat' dir='ltr'><strong>ut</strong></span> <span class='ocrx_word' id='word_1_631' title='bbox 2146 1836 2307 1891; x_wconf 90' lang='lat' dir='ltr'><strong>ﬁrma</strong></span> <span class='ocrx_word' id='word_1_632' title='bbox 2350 1837 2423 1893; x_wconf 88' lang='lat' dir='ltr'><strong>sit</strong></span> <span class='ocrx_word' id='word_1_633' title='bbox 2450 1838 2529 1894; x_wconf 91' lang='lat' dir='ltr'><strong>eis</strong></span> <span class='ocrx_word' id='word_1_634' title='bbox 2580 1840 2899 1912; x_wconf 90' lang='lat' dir='ltr'><strong>promissio,</strong></span> <span class='ocrx_word' id='word_1_635' title='bbox 2933 1842 3295 1903; x_wconf 90' lang='lat' dir='ltr'><strong>credentibus</strong></span> <span class='ocrx_word' id='word_1_636' title='bbox 3323 1843 3394 1913; x_wconf 90' lang='lat' dir='ltr'><strong>ei,</strong></span> <span class='ocrx_word' id='word_1_637' title='bbox 3423 1845 3515 1903; x_wconf 91' lang='lat' dir='ltr'><strong>cui</strong></span> <span class='ocrx_word' id='word_1_638' title='bbox 3543 1860 3675 1902; x_wconf 90' lang='lat' dir='ltr'><strong>cre-</strong></span> 
     </span>
    </p>
   </div>
   <div class='ocr_carea' id='block_1_77' title="bbox 2065 1925 2365 2000">
    <p class='ocr_par' dir='ltr' id='par_1_77' title="bbox 2065 1925 2365 2000">
     <span class='ocr_line' id='line_1_77' title="bbox 2065 1925 2365 2000; baseline 0.003 -18"><span class='ocrx_word' id='word_1_639' title='bbox 2065 1925 2210 1983; x_wconf 88' lang='lat' dir='ltr'><strong>didit</strong></span> <span class='ocrx_word' id='word_1_640' title='bbox 2230 1927 2365 2000; x_wconf 88' lang='lat' dir='ltr'><strong>ipse.</strong></span> 
     </span>
    </p>
   </div>
   <div class='ocr_carea' id='block_1_78' title="bbox 2143 2061 3676 2138">
    <p class='ocr_par' dir='ltr' id='par_1_78' title="bbox 2143 2061 3676 2138">
     <span class='ocr_line' id='line_1_78' title="bbox 2143 2061 3676 2138; baseline 0.007 -21"><span class='ocrx_word' id='word_1_641' title='bbox 2143 2062 2325 2131; x_wconf 85' lang='lat' dir='ltr'><strong>(Vers.</strong></span> <span class='ocrx_word' id='word_1_642' title='bbox 2359 2061 2471 2134; x_wconf 83' lang='grc'><strong>17.)</strong></span> <span class='ocrx_word' id='word_1_643' title='bbox 2517 2086 2534 2110; x_wconf 78' lang='grc' dir='ltr'><strong>ι</strong></span> <span class='ocrx_word' id='word_1_644' title='bbox 2556 2063 2661 2132; x_wconf 88' lang='lat' dir='ltr'><strong>Qui</strong></span> <span class='ocrx_word' id='word_1_645' title='bbox 2675 2074 2756 2122; x_wconf 90' lang='lat' dir='ltr'><strong>est</strong></span> <span class='ocrx_word' id='word_1_646' title='bbox 2784 2073 2937 2138; x_wconf 89' lang='lat' dir='ltr'><strong>pater</strong></span> <span class='ocrx_word' id='word_1_647' title='bbox 2964 2068 3235 2125; x_wconf 91' lang='lat' dir='ltr'><strong>ommium</strong></span> <span class='ocrx_word' id='word_1_648' title='bbox 3265 2070 3676 2128; x_wconf 89' lang='lat' dir='ltr'><strong>nostrumsicut</strong></span> 
     </span>
    </p>
   </div>
   <div class='ocr_carea' id='block_1_79' title="bbox 2068 2150 3671 2233">
    <p class='ocr_par' dir='ltr' id='par_1_79' title="bbox 2068 2150 3671 2233">
     <span class='ocr_line' id='line_1_79' title="bbox 2068 2150 3671 2233; baseline 0.007 -28"><span class='ocrx_word' id='word_1_649' title='bbox 2068 2150 2334 2223; x_wconf 88' lang='lat' dir='ltr'><strong>scriptum</strong></span> <span class='ocrx_word' id='word_1_650' title='bbox 2391 2159 2512 2209; x_wconf 86' lang='lat' dir='ltr'><strong>est:</strong></span> <span class='ocrx_word' id='word_1_651' title='bbox 2582 2154 2722 2222; x_wconf 88' lang='lat' dir='ltr'><strong>Quia</strong></span> <span class='ocrx_word' id='word_1_652' title='bbox 2786 2164 2993 2228; x_wconf 88' lang='lat' dir='ltr'><strong>patrem</strong></span> <span class='ocrx_word' id='word_1_653' title='bbox 3060 2158 3358 2215; x_wconf 81' lang='lat' dir='ltr'><strong>multarum</strong></span> <span class='ocrx_word' id='word_1_654' title='bbox 3425 2161 3671 2233; x_wconf 90' lang='lat' dir='ltr'><strong>gentium</strong></span> 
     </span>
    </p>
   </div>
   <div class='ocr_carea' id='block_1_80' title="bbox 2069 2242 3671 2325">
    <p class='ocr_par' dir='ltr' id='par_1_80' title="bbox 2069 2242 3671 2325">
     <span class='ocr_line' id='line_1_80' title="bbox 2069 2242 3671 2325; baseline 0.008 -30"><span class='ocrx_word' id='word_1_655' title='bbox 2069 2242 2225 2312; x_wconf 89' lang='lat' dir='ltr'><strong>posui</strong></span> <span class='ocrx_word' id='word_1_656' title='bbox 2254 2249 2305 2297; x_wconf 92' lang='lat' dir='ltr'><strong>te</strong></span> <span class='ocrx_word' id='word_1_657' title='bbox 2334 2242 2490 2315; x_wconf 86' lang='lat' dir='ltr'><strong>(Gen.</strong></span> <span class='ocrx_word' id='word_1_658' title='bbox 2521 2261 2662 2312; x_wconf 85' lang='lat' dir='ltr'><strong>xvn,</strong></span> <span class='ocrx_word' id='word_1_659' title='bbox 2694 2244 2776 2317; x_wconf 84' lang='grc'><strong>4).</strong></span> <span class='ocrx_word' id='word_1_660' title='bbox 2813 2271 2830 2294; x_wconf 77' lang='grc' dir='ltr'><strong>ι</strong></span> <span class='ocrx_word' id='word_1_661' title='bbox 2868 2247 3232 2323; x_wconf 82' lang='lat' dir='ltr'><strong>Conﬁrmavit</strong></span> <span class='ocrx_word' id='word_1_662' title='bbox 3260 2252 3514 2323; x_wconf 85' lang='lat' dir='ltr'><strong>exemplo</strong></span> <span class='ocrx_word' id='word_1_663' title='bbox 3536 2250 3671 2325; x_wconf 90' lang='lat' dir='ltr'><strong>legis</strong></span> 
     </span>
    </p>
   </div>
   <div class='ocr_carea' id='block_1_81' title="bbox 2067 2330 3671 2417">
    <p class='ocr_par' dir='ltr' id='par_1_81' title="bbox 2067 2330 3671 2417">
     <span class='ocr_line' id='line_1_81' title="bbox 2067 2330 3671 2417; baseline 0.009 -31"><span class='ocrx_word' id='word_1_664' title='bbox 2067 2330 2346 2389; x_wconf 82' lang='lat' dir='ltr'><strong>Abraham</strong></span> <span class='ocrx_word' id='word_1_665' title='bbox 2400 2334 2649 2391; x_wconf 90' lang='lat' dir='ltr'><strong>omnium</strong></span> <span class='ocrx_word' id='word_1_666' title='bbox 2725 2346 2933 2411; x_wconf 87' lang='lat' dir='ltr'><strong>patrem</strong></span> <span class='ocrx_word' id='word_1_667' title='bbox 2993 2355 3129 2409; x_wconf 88' lang='lat' dir='ltr'><strong>esse,</strong></span> <span class='ocrx_word' id='word_1_668' title='bbox 3177 2340 3272 2397; x_wconf 89' lang='lat' dir='ltr'><strong>sed</strong></span> <span class='ocrx_word' id='word_1_669' title='bbox 3328 2358 3520 2400; x_wconf 92' lang='lat' dir='ltr'><strong>eorum</strong></span> <span class='ocrx_word' id='word_1_670' title='bbox 3575 2344 3671 2417; x_wconf 88' lang='lat' dir='ltr'><strong>qui</strong></span> 
     </span>
    </p>
   </div>
   <div class='ocr_carea' id='block_1_82' title="bbox 2067 2419 3672 2503">
    <p class='ocr_par' dir='ltr' id='par_1_82' title="bbox 2067 2419 3672 2503">
     <span class='ocr_line' id='line_1_82' title="bbox 2067 2419 3672 2503; baseline 0.01 -28"><span class='ocrx_word' id='word_1_671' title='bbox 2067 2419 2301 2478; x_wconf 89' lang='lat' dir='ltr'><strong>credunt</strong></span> <span class='ocrx_word' id='word_1_672' title='bbox 2333 2439 2345 2478; x_wconf 91' lang='lat'><strong>:</strong></span> <span class='ocrx_word' id='word_1_673' title='bbox 2406 2432 2461 2481; x_wconf 91' lang='lat' dir='ltr'><strong>et</strong></span> <span class='ocrx_word' id='word_1_674' title='bbox 2489 2425 2571 2482; x_wconf 91' lang='lat' dir='ltr'><strong>sic</strong></span> <span class='ocrx_word' id='word_1_675' title='bbox 2597 2427 2797 2483; x_wconf 90' lang='lat' dir='ltr'><strong>ﬁrman</strong></span> <span class='ocrx_word' id='word_1_676' title='bbox 2828 2444 2942 2485; x_wconf 86' lang='lat' dir='ltr'><strong>esse</strong></span> <span class='ocrx_word' id='word_1_677' title='bbox 2976 2430 3420 2503; x_wconf 89' lang='lat' dir='ltr'><strong>promissionem,</strong></span> <span class='ocrx_word' id='word_1_678' title='bbox 3469 2433 3515 2490; x_wconf 90' lang='lat' dir='ltr'><strong>si</strong></span> <span class='ocrx_word' id='word_1_679' title='bbox 3542 2432 3672 2491; x_wconf 89' lang='lat' dir='ltr'><strong>ﬁdei</strong></span> 
     </span>
    </p>
   </div>
   <div class='ocr_carea' id='block_1_83' title="bbox 2065 2520 3673 2595">
    <p class='ocr_par' dir='ltr' id='par_1_83' title="bbox 2065 2520 3673 2595">
     <span class='ocr_line' id='line_1_83' title="bbox 2065 2520 3673 2595; baseline 0.003 -19"><span class='ocrx_word' id='word_1_680' title='bbox 2065 2532 2230 2576; x_wconf 83' lang='lat' dir='ltr'><strong>causa</strong></span> <span class='ocrx_word' id='word_1_681' title='bbox 2276 2521 2563 2578; x_wconf 89' lang='lat' dir='ltr'><strong>recedatur</strong></span> <span class='ocrx_word' id='word_1_682' title='bbox 2613 2536 2645 2576; x_wconf 92' lang='lat' dir='ltr'><strong>a</strong></span> <span class='ocrx_word' id='word_1_683' title='bbox 2675 2521 2812 2592; x_wconf 88' lang='lat' dir='ltr'><strong>lege,</strong></span> <span class='ocrx_word' id='word_1_684' title='bbox 2873 2520 3002 2592; x_wconf 90' lang='lat' dir='ltr'><strong>quia</strong></span> <span class='ocrx_word' id='word_1_685' title='bbox 3048 2521 3340 2593; x_wconf 90' lang='lat' dir='ltr'><strong>promissio</strong></span> <span class='ocrx_word' id='word_1_686' title='bbox 3365 2522 3520 2595; x_wconf 88' lang='lat' dir='ltr'><strong>regni</strong></span> <span class='ocrx_word' id='word_1_687' title='bbox 3550 2540 3673 2581; x_wconf 73' lang='lat' dir='ltr'><strong>cce-</strong></span> 
     </span>
    </p>
   </div>
   <div class='ocr_carea' id='block_1_84' title="bbox 2067 2609 3667 2686">
    <p class='ocr_par' dir='ltr' id='par_1_84' title="bbox 2067 2609 3667 2686">
     <span class='ocr_line' id='line_1_84' title="bbox 2067 2609 3667 2686; baseline 0.002 -20"><span class='ocrx_word' id='word_1_688' title='bbox 2067 2610 2246 2667; x_wconf 90' lang='lat' dir='ltr'><strong>lorum</strong></span> <span class='ocrx_word' id='word_1_689' title='bbox 2271 2609 2437 2683; x_wconf 90' lang='lat' dir='ltr'><strong>justis</strong></span> <span class='ocrx_word' id='word_1_690' title='bbox 2466 2611 2726 2682; x_wconf 89' lang='lat' dir='ltr'><strong>deputata</strong></span> <span class='ocrx_word' id='word_1_691' title='bbox 2754 2617 2860 2676; x_wconf 90' lang='lat' dir='ltr'><strong>est,</strong></span> <span class='ocrx_word' id='word_1_692' title='bbox 2897 2627 3009 2666; x_wconf 90' lang='lat' dir='ltr'><strong>non</strong></span> <span class='ocrx_word' id='word_1_693' title='bbox 3032 2612 3427 2683; x_wconf 87' lang='lat' dir='ltr'><strong>peccatoribus.</strong></span> <span class='ocrx_word' id='word_1_694' title='bbox 3471 2613 3544 2669; x_wconf 92' lang='lat' dir='ltr'><strong>Et</strong></span> <span class='ocrx_word' id='word_1_695' title='bbox 3571 2614 3667 2686; x_wconf 93' lang='lat' dir='ltr'><strong>qui</strong></span> 
     </span>
    </p>
   </div>
   <div class='ocr_carea' id='block_1_85' title="bbox 2065 2700 3671 2773">
    <p class='ocr_par' dir='ltr' id='par_1_85' title="bbox 2065 2700 3671 2773">
     <span class='ocr_line' id='line_1_85' title="bbox 2065 2700 3671 2773; baseline 0.001 -16"><span class='ocrx_word' id='word_1_696' title='bbox 2065 2700 2169 2757; x_wconf 91' lang='lat' dir='ltr'><strong>sub</strong></span> <span class='ocrx_word' id='word_1_697' title='bbox 2200 2702 2314 2773; x_wconf 90' lang='lat' dir='ltr'><strong>lege</strong></span> <span class='ocrx_word' id='word_1_698' title='bbox 2333 2707 2485 2769; x_wconf 90' lang='lat' dir='ltr'><strong>sunt,</strong></span> <span class='ocrx_word' id='word_1_699' title='bbox 2518 2700 2622 2755; x_wconf 90' lang='lat' dir='ltr'><strong>sub</strong></span> <span class='ocrx_word' id='word_1_700' title='bbox 2650 2707 2874 2769; x_wconf 87' lang='lat' dir='ltr'><strong>peccato</strong></span> <span class='ocrx_word' id='word_1_701' title='bbox 2904 2707 3054 2766; x_wconf 90' lang='lat' dir='ltr'><strong>sunt,</strong></span> <span class='ocrx_word' id='word_1_702' title='bbox 3081 2700 3210 2772; x_wconf 87' lang='lat' dir='ltr'><strong>quia</strong></span> <span class='ocrx_word' id='word_1_703' title='bbox 3247 2717 3439 2757; x_wconf 91' lang='lat' dir='ltr'><strong>omnes</strong></span> <span class='ocrx_word' id='word_1_704' title='bbox 3470 2718 3671 2773; x_wconf 86' lang='lat' dir='ltr'><strong>pecca-</strong></span> 
     </span>
    </p>
   </div>
   <div class='ocr_carea' id='block_1_86' title="bbox 2067 2788 3668 2862">
    <p class='ocr_par' dir='ltr' id='par_1_86' title="bbox 2067 2788 3668 2862">
     <span class='ocr_line' id='line_1_86' title="bbox 2067 2788 3668 2862; baseline 0.001 -18"><span class='ocrx_word' id='word_1_705' title='bbox 2067 2796 2287 2856; x_wconf 87' lang='lat' dir='ltr'><strong>verunt,</strong></span> <span class='ocrx_word' id='word_1_706' title='bbox 2310 2806 2413 2845; x_wconf 91' lang='lat' dir='ltr'><strong>nec</strong></span> <span class='ocrx_word' id='word_1_707' title='bbox 2428 2804 2585 2861; x_wconf 90' lang='lat' dir='ltr'><strong>posse</strong></span> <span class='ocrx_word' id='word_1_708' title='bbox 2605 2789 2848 2860; x_wconf 88' lang='lat' dir='ltr'><strong>aliquem</strong></span> <span class='ocrx_word' id='word_1_709' title='bbox 2871 2796 2926 2843; x_wconf 92' lang='lat' dir='ltr'><strong>et</strong></span> <span class='ocrx_word' id='word_1_710' title='bbox 2953 2788 3055 2844; x_wconf 92' lang='lat' dir='ltr'><strong>sub</strong></span> <span class='ocrx_word' id='word_1_711' title='bbox 3071 2790 3187 2862; x_wconf 88' lang='lat' dir='ltr'><strong>lege</strong></span> <span class='ocrx_word' id='word_1_712' title='bbox 3205 2805 3344 2857; x_wconf 92' lang='lat' dir='ltr'><strong>esse,</strong></span> <span class='ocrx_word' id='word_1_713' title='bbox 3366 2799 3421 2845; x_wconf 90' lang='lat' dir='ltr'><strong>et</strong></span> <span class='ocrx_word' id='word_1_714' title='bbox 3439 2790 3668 2862; x_wconf 81' lang='lat' dir='ltr'><strong>gratiam</strong></span> 
     </span>
    </p>
   </div>
   <div class='ocr_carea' id='block_1_87' title="bbox 2067 2877 3670 2950">
    <p class='ocr_par' dir='ltr' id='par_1_87' title="bbox 2067 2877 3670 2950">
     <span class='ocr_line' id='line_1_87' title="bbox 2067 2877 3670 2950; baseline 0.001 -16"><span class='ocrx_word' id='word_1_715' title='bbox 2067 2878 2349 2950; x_wconf 89' lang='lat' dir='ltr'><strong>consequi,</strong></span> <span class='ocrx_word' id='word_1_716' title='bbox 2393 2878 2539 2934; x_wconf 91' lang='lat' dir='ltr'><strong>sicut</strong></span> <span class='ocrx_word' id='word_1_717' title='bbox 2565 2886 2619 2934; x_wconf 91' lang='lat' dir='ltr'><strong>et</strong></span> <span class='ocrx_word' id='word_1_718' title='bbox 2646 2877 2713 2933; x_wconf 89' lang='lat' dir='ltr'><strong>ad</strong></span> <span class='ocrx_word' id='word_1_719' title='bbox 2765 2877 2982 2934; x_wconf 88' lang='lat' dir='ltr'><strong>Galatas</strong></span> <span class='ocrx_word' id='word_1_720' title='bbox 3022 2878 3100 2935; x_wconf 91' lang='lat' dir='ltr'><strong>ait</strong></span> <span class='ocrx_word' id='word_1_721' title='bbox 3133 2895 3145 2933; x_wconf 90' lang='lat'>:</span> <span class='ocrx_word' id='word_1_722' title='bbox 3192 2902 3211 2925; x_wconf 76' lang='lat'><strong>-</strong></span> <span class='ocrx_word' id='word_1_723' title='bbox 3241 2879 3509 2935; x_wconf 88' lang='lat' dir='ltr'><strong>Evacuati</strong></span> <span class='ocrx_word' id='word_1_724' title='bbox 3540 2878 3670 2936; x_wconf 89' lang='lat' dir='ltr'><strong>estis</strong></span> 
     </span>
    </p>
   </div>
   <div class='ocr_carea' id='block_1_88' title="bbox 2068 2966 3667 3042">
    <p class='ocr_par' dir='ltr' id='par_1_88' title="bbox 2068 2966 3667 3042">
     <span class='ocr_line' id='line_1_88' title="bbox 2068 2966 3667 3042; baseline 0.003 -18"><span class='ocrx_word' id='word_1_725' title='bbox 2068 2966 2310 3036; x_wconf 87' lang='lat' dir='ltr'><strong>Christo,</strong></span> <span class='ocrx_word' id='word_1_726' title='bbox 2336 2967 2433 3040; x_wconf 88' lang='lat' dir='ltr'><strong>qui</strong></span> <span class='ocrx_word' id='word_1_727' title='bbox 2454 2966 2513 3022; x_wconf 93' lang='lat' dir='ltr'><strong>in</strong></span> <span class='ocrx_word' id='word_1_728' title='bbox 2534 2968 2650 3041; x_wconf 88' lang='lat' dir='ltr'><strong>lege</strong></span> <span class='ocrx_word' id='word_1_729' title='bbox 2684 2966 3099 3040; x_wconf 89' lang='lat' dir='ltr'><strong>justiﬁcamini,</strong></span> <span class='ocrx_word' id='word_1_730' title='bbox 3124 2983 3156 3023; x_wconf 90' lang='lat' dir='ltr'><strong>a</strong></span> <span class='ocrx_word' id='word_1_731' title='bbox 3184 2967 3357 3042; x_wconf 89' lang='lat' dir='ltr'><strong>gratia</strong></span> <span class='ocrx_word' id='word_1_732' title='bbox 3381 2967 3667 3028; x_wconf 81' lang='lat' dir='ltr'><strong>excidistis</strong></span> 
     </span>
    </p>
   </div>
   <div class='ocr_carea' id='block_1_89' title="bbox 2070 3056 2522 3130">
    <p class='ocr_par' dir='ltr' id='par_1_89' title="bbox 2070 3056 2522 3130">
     <span class='ocr_line' id='line_1_89' title="bbox 2070 3056 2522 3130; baseline 0 -16"><span class='ocrx_word' id='word_1_733' title='bbox 2070 3056 2275 3130; x_wconf 84' lang='lat' dir='ltr'><strong>(Galat.</strong></span> <span class='ocrx_word' id='word_1_734' title='bbox 2301 3074 2355 3126; x_wconf 75' lang='grc' dir='ltr'><strong>ν,</strong></span> <span class='ocrx_word' id='word_1_735' title='bbox 2386 3056 2468 3127; x_wconf 65' lang='lat' dir='ltr'><strong>lt).</strong></span> <span class='ocrx_word' id='word_1_736' title='bbox 2503 3081 2522 3106; x_wconf 74' lang='grc' dir='ltr'><strong>ι</strong></span> 
     </span>
    </p>
   </div>
   <div class='ocr_carea' id='block_1_90' title="bbox 2149 3184 3663 3243">
    <p class='ocr_par' dir='ltr' id='par_1_90' title="bbox 2149 3184 3663 3243">
     <span class='ocr_line' id='line_1_90' title="bbox 2149 3184 3663 3243; baseline 0.001 -2"><span class='ocrx_word' id='word_1_737' title='bbox 2149 3207 2168 3232; x_wconf 77' lang='grc' dir='ltr'><strong>ι</strong></span> <span class='ocrx_word' id='word_1_738' title='bbox 2208 3186 2351 3243; x_wconf 87' lang='lat' dir='ltr'><strong>Ante</strong></span> <span class='ocrx_word' id='word_1_739' title='bbox 2379 3200 2505 3241; x_wconf 91' lang='lat' dir='ltr'><strong>eum</strong></span> <span class='ocrx_word' id='word_1_740' title='bbox 2527 3185 2617 3242; x_wconf 93' lang='lat' dir='ltr'><strong>cui</strong></span> <span class='ocrx_word' id='word_1_741' title='bbox 2647 3184 2930 3242; x_wconf 86' lang='lat' dir='ltr'><strong>credidisti</strong></span> <span class='ocrx_word' id='word_1_742' title='bbox 2961 3187 3093 3242; x_wconf 92' lang='lat' dir='ltr'><strong>Deo.</strong></span> <span class='ocrx_word' id='word_1_743' title='bbox 3124 3212 3141 3234; x_wconf 80' lang='grc' dir='ltr'><strong>ι</strong></span> <span class='ocrx_word' id='word_1_744' title='bbox 3187 3185 3258 3242; x_wconf 89' lang='lat' dir='ltr'><strong>Ut</strong></span> <span class='ocrx_word' id='word_1_745' title='bbox 3286 3202 3458 3242; x_wconf 92' lang='lat' dir='ltr'><strong>unum</strong></span> <span class='ocrx_word' id='word_1_746' title='bbox 3488 3188 3663 3243; x_wconf 91' lang='lat' dir='ltr'><strong>Deum</strong></span> 
     </span>
    </p>
   </div>
   <div class='ocr_carea' id='block_1_91' title="bbox 2063 3274 3663 3349">
    <p class='ocr_par' dir='ltr' id='par_1_91' title="bbox 2063 3274 3663 3349">
     <span class='ocr_line' id='line_1_91' title="bbox 2063 3274 3663 3349; baseline 0.001 -19"><span class='ocrx_word' id='word_1_747' title='bbox 2063 3275 2313 3331; x_wconf 92' lang='lat' dir='ltr'><strong>omnium</strong></span> <span class='ocrx_word' id='word_1_748' title='bbox 2365 3275 2578 3343; x_wconf 90' lang='lat' dir='ltr'><strong>doceat,</strong></span> <span class='ocrx_word' id='word_1_749' title='bbox 2637 3274 2940 3349; x_wconf 89' lang='lat' dir='ltr'><strong>alloquitur</strong></span> <span class='ocrx_word' id='word_1_750' title='bbox 2968 3275 3217 3348; x_wconf 85' lang='lat' dir='ltr'><strong>gentiles,</strong></span> <span class='ocrx_word' id='word_1_751' title='bbox 3249 3275 3527 3332; x_wconf 89' lang='lat' dir='ltr'><strong>Abraham</strong></span> <span class='ocrx_word' id='word_1_752' title='bbox 3559 3276 3663 3348; x_wconf 90' lang='lat' dir='ltr'><strong>ipsi</strong></span> 
     </span>
    </p>
   </div>
   <div class='ocr_carea' id='block_1_92' title="bbox 2061 3363 3662 3436">
    <p class='ocr_par' dir='ltr' id='par_1_92' title="bbox 2061 3363 3662 3436">
     <span class='ocr_line' id='line_1_92' title="bbox 2061 3363 3662 3436; baseline 0 -16"><span class='ocrx_word' id='word_1_753' title='bbox 2061 3365 2175 3420; x_wconf 91' lang='lat' dir='ltr'><strong>Deo</strong></span> <span class='ocrx_word' id='word_1_754' title='bbox 2223 3364 2541 3433; x_wconf 90' lang='lat' dir='ltr'><strong>credidisse,</strong></span> <span class='ocrx_word' id='word_1_755' title='bbox 2589 3373 2644 3422; x_wconf 93' lang='lat' dir='ltr'><strong>et</strong></span> <span class='ocrx_word' id='word_1_756' title='bbox 2695 3363 3061 3436; x_wconf 89' lang='lat' dir='ltr'><strong>justiﬁcatum</strong></span> <span class='ocrx_word' id='word_1_757' title='bbox 3112 3379 3229 3420; x_wconf 88' lang='lat' dir='ltr'><strong>esse</strong></span> <span class='ocrx_word' id='word_1_758' title='bbox 3275 3371 3403 3419; x_wconf 91' lang='lat' dir='ltr'><strong>ante</strong></span> <span class='ocrx_word' id='word_1_759' title='bbox 3430 3381 3579 3432; x_wconf 90' lang='lat' dir='ltr'><strong>eum,</strong></span> <span class='ocrx_word' id='word_1_760' title='bbox 3604 3364 3662 3420; x_wconf 92' lang='lat' dir='ltr'><strong>in</strong></span> 
     </span>
    </p>
   </div>
   <div class='ocr_carea' id='block_1_93' title="bbox 2062 3448 3663 3523">
    <p class='ocr_par' dir='ltr' id='par_1_93' title="bbox 2062 3448 3663 3523">
     <span class='ocr_line' id='line_1_93' title="bbox 2062 3448 3663 3523; baseline 0.001 -18"><span class='ocrx_word' id='word_1_761' title='bbox 2062 3465 2223 3522; x_wconf 90' lang='lat' dir='ltr'><strong>quem</strong></span> <span class='ocrx_word' id='word_1_762' title='bbox 2254 3457 2309 3506; x_wconf 90' lang='lat' dir='ltr'><strong>et</strong></span> <span class='ocrx_word' id='word_1_763' title='bbox 2337 3457 2521 3523; x_wconf 91' lang='lat' dir='ltr'><strong>gentes</strong></span> <span class='ocrx_word' id='word_1_764' title='bbox 2535 3451 2940 3523; x_wconf 79' lang='lat' dir='ltr'><strong>credunt(ll):</strong></span> <span class='ocrx_word' id='word_1_765' title='bbox 2971 3457 3032 3505; x_wconf 90' lang='lat' dir='ltr'><strong>ut</strong></span> <span class='ocrx_word' id='word_1_766' title='bbox 3044 3448 3440 3521; x_wconf 85' lang='lat' dir='ltr'><strong>justiﬁcentur,</strong></span> <span class='ocrx_word' id='word_1_767' title='bbox 3462 3457 3524 3505; x_wconf 93' lang='lat' dir='ltr'><strong>ut</strong></span> <span class='ocrx_word' id='word_1_768' title='bbox 3550 3465 3663 3506; x_wconf 93' lang='lat' dir='ltr'><strong>non</strong></span> 
     </span>
    </p>
   </div>
   <div class='ocr_carea' id='block_1_94' title="bbox 2061 3540 3664 3615">
    <p class='ocr_par' dir='ltr' id='par_1_94' title="bbox 2061 3540 3664 3615">
     <span class='ocr_line' id='line_1_94' title="bbox 2061 3540 3664 3615; baseline 0 -17"><span class='ocrx_word' id='word_1_769' title='bbox 2061 3543 2133 3600; x_wconf 89' lang='lat' dir='ltr'><strong>sit</strong></span> <span class='ocrx_word' id='word_1_770' title='bbox 2179 3541 2443 3599; x_wconf 86' lang='lat' dir='ltr'><strong>distantia</strong></span> <span class='ocrx_word' id='word_1_771' title='bbox 2488 3543 2665 3600; x_wconf 69' lang='lat' dir='ltr'><strong>Judaei</strong></span> <span class='ocrx_word' id='word_1_772' title='bbox 2714 3551 2769 3600; x_wconf 91' lang='lat' dir='ltr'><strong>et</strong></span> <span class='ocrx_word' id='word_1_773' title='bbox 2812 3543 2988 3600; x_wconf 67' lang='lat' dir='ltr'><strong>Graeci</strong></span> <span class='ocrx_word' id='word_1_774' title='bbox 3028 3542 3086 3598; x_wconf 93' lang='lat' dir='ltr'><strong>in</strong></span> <span class='ocrx_word' id='word_1_775' title='bbox 3136 3541 3263 3610; x_wconf 86' lang='lat' dir='ltr'><strong>ﬁde,</strong></span> <span class='ocrx_word' id='word_1_776' title='bbox 3297 3541 3426 3615; x_wconf 92' lang='lat' dir='ltr'><strong>quia</strong></span> <span class='ocrx_word' id='word_1_777' title='bbox 3449 3540 3664 3598; x_wconf 89' lang='lat' dir='ltr'><strong>sublata</strong></span> 
     </span>
    </p>
   </div>
   <div class='ocr_carea' id='block_1_95' title="bbox 2060 3629 3657 3705">
    <p class='ocr_par' dir='ltr' id='par_1_95' title="bbox 2060 3629 3657 3705">
     <span class='ocr_line' id='line_1_95' title="bbox 2060 3629 3657 3705; baseline -0.001 -17"><span class='ocrx_word' id='word_1_778' title='bbox 2060 3632 2482 3689; x_wconf 90' lang='lat' dir='ltr'><strong>circumcisione</strong></span> <span class='ocrx_word' id='word_1_779' title='bbox 2510 3642 2564 3689; x_wconf 91' lang='lat' dir='ltr'><strong>et</strong></span> <span class='ocrx_word' id='word_1_780' title='bbox 2593 3632 2884 3705; x_wconf 56' lang='lat' dir='ltr'><strong>praeputio,</strong></span> <span class='ocrx_word' id='word_1_781' title='bbox 2930 3647 3101 3687; x_wconf 90' lang='lat' dir='ltr'><strong>unum</strong></span> <span class='ocrx_word' id='word_1_782' title='bbox 3130 3630 3272 3686; x_wconf 89' lang='lat' dir='ltr'><strong>ﬁunt</strong></span> <span class='ocrx_word' id='word_1_783' title='bbox 3301 3630 3359 3686; x_wconf 92' lang='lat' dir='ltr'><strong>in</strong></span> <span class='ocrx_word' id='word_1_784' title='bbox 3390 3629 3612 3689; x_wconf 89' lang='lat' dir='ltr'><strong>Christo</strong></span> <span class='ocrx_word' id='word_1_785' title='bbox 3646 3648 3657 3687; x_wconf 93' lang='lat'><strong>:</strong></span> 
     </span>
    </p>
   </div>
   <div class='ocr_carea' id='block_1_96' title="bbox 2061 3717 3662 3796">
    <p class='ocr_par' dir='ltr' id='par_1_96' title="bbox 2061 3717 3662 3796">
     <span class='ocr_line' id='line_1_96' title="bbox 2061 3717 3662 3796; baseline 0 -18"><span class='ocrx_word' id='word_1_786' title='bbox 2061 3724 2191 3796; x_wconf 88' lang='lat' dir='ltr'><strong>quia</strong></span> <span class='ocrx_word' id='word_1_787' title='bbox 2218 3730 2273 3779; x_wconf 90' lang='lat' dir='ltr'><strong>et</strong></span> <span class='ocrx_word' id='word_1_788' title='bbox 2293 3722 2570 3779; x_wconf 84' lang='lat' dir='ltr'><strong>Abraham</strong></span> <span class='ocrx_word' id='word_1_789' title='bbox 2592 3722 2652 3778; x_wconf 90' lang='lat' dir='ltr'><strong>in</strong></span> <span class='ocrx_word' id='word_1_790' title='bbox 2681 3720 2951 3795; x_wconf 77' lang='lat' dir='ltr'><strong>praeputio</strong></span> <span class='ocrx_word' id='word_1_791' title='bbox 2970 3719 3227 3787; x_wconf 88' lang='lat' dir='ltr'><strong>credidit,</strong></span> <span class='ocrx_word' id='word_1_792' title='bbox 3250 3728 3303 3776; x_wconf 91' lang='lat' dir='ltr'><strong>et</strong></span> <span class='ocrx_word' id='word_1_793' title='bbox 3323 3717 3662 3793; x_wconf 88' lang='lat' dir='ltr'><strong>justiﬁcatus</strong></span> 
     </span>
    </p>
   </div>
   <div class='ocr_carea' id='block_1_97' title="bbox 2060 3818 2161 3868">
    <p class='ocr_par' dir='ltr' id='par_1_97' title="bbox 2060 3818 2161 3868">
     <span class='ocr_line' id='line_1_97' title="bbox 2060 3818 2161 3868; baseline 0 -1"><span class='ocrx_word' id='word_1_794' title='bbox 2060 3818 2161 3868; x_wconf 89' lang='lat' dir='ltr'><strong>est.</strong></span> 
     </span>
    </p>
   </div>
   <div class='ocr_carea' id='block_1_98' title="bbox 2145 3947 3657 4022">
    <p class='ocr_par' dir='ltr' id='par_1_98' title="bbox 2145 3947 3657 4022">
     <span class='ocr_line' id='line_1_98' title="bbox 2145 3947 3657 4022; baseline 0 -19"><span class='ocrx_word' id='word_1_795' title='bbox 2145 3971 2164 3995; x_wconf 78' lang='grc' dir='ltr'><strong>ι</strong></span> <span class='ocrx_word' id='word_1_796' title='bbox 2202 3947 2309 4017; x_wconf 88' lang='lat' dir='ltr'><strong>Qui</strong></span> <span class='ocrx_word' id='word_1_797' title='bbox 2360 3947 2609 4005; x_wconf 88' lang='lat' dir='ltr'><strong>viviﬁcat</strong></span> <span class='ocrx_word' id='word_1_798' title='bbox 2663 3957 2931 4018; x_wconf 90' lang='lat' dir='ltr'><strong>mortuos,</strong></span> <span class='ocrx_word' id='word_1_799' title='bbox 2980 3955 3035 4004; x_wconf 89' lang='lat' dir='ltr'><strong>et</strong></span> <span class='ocrx_word' id='word_1_800' title='bbox 3090 3957 3249 4006; x_wconf 88' lang='lat' dir='ltr'><strong>vocat</strong></span> <span class='ocrx_word' id='word_1_801' title='bbox 3278 3965 3341 4005; x_wconf 90' lang='lat' dir='ltr'><strong>ea</strong></span> <span class='ocrx_word' id='word_1_802' title='bbox 3395 3965 3515 4022; x_wconf 83' lang='lat' dir='ltr'><strong>quae</strong></span> <span class='ocrx_word' id='word_1_803' title='bbox 3545 3962 3657 4003; x_wconf 92' lang='lat' dir='ltr'><strong>non</strong></span> 
     </span>
    </p>
   </div>
   <div class='ocr_carea' id='block_1_99' title="bbox 2058 4035 3657 4115">
    <p class='ocr_par' dir='ltr' id='par_1_99' title="bbox 2058 4035 3657 4115">
     <span class='ocr_line' id='line_1_99' title="bbox 2058 4035 3657 4115; baseline -0.003 -20"><span class='ocrx_word' id='word_1_804' title='bbox 2058 4045 2209 4107; x_wconf 90' lang='lat' dir='ltr'><strong>sunt,</strong></span> <span class='ocrx_word' id='word_1_805' title='bbox 2260 4046 2521 4113; x_wconf 91' lang='lat' dir='ltr'><strong>tanquam</strong></span> <span class='ocrx_word' id='word_1_806' title='bbox 2552 4055 2613 4095; x_wconf 89' lang='lat' dir='ltr'><strong>ea</strong></span> <span class='ocrx_word' id='word_1_807' title='bbox 2665 4056 2785 4115; x_wconf 73' lang='lat' dir='ltr'><strong>quae</strong></span> <span class='ocrx_word' id='word_1_808' title='bbox 2824 4049 2972 4096; x_wconf 88' lang='lat' dir='ltr'><strong>sunt.</strong></span> <span class='ocrx_word' id='word_1_809' title='bbox 3015 4066 3032 4089; x_wconf 75' lang='grc' dir='ltr'><strong>ι</strong></span> <span class='ocrx_word' id='word_1_810' title='bbox 3075 4040 3190 4096; x_wconf 86' lang='lat' dir='ltr'><strong>Hoc</strong></span> <span class='ocrx_word' id='word_1_811' title='bbox 3216 4039 3364 4095; x_wconf 90' lang='lat' dir='ltr'><strong>dicto</strong></span> <span class='ocrx_word' id='word_1_812' title='bbox 3394 4037 3461 4093; x_wconf 90' lang='lat' dir='ltr'><strong>ad</strong></span> <span class='ocrx_word' id='word_1_813' title='bbox 3491 4035 3657 4092; x_wconf 90' lang='lat' dir='ltr'><strong>ﬁdem</strong></span> 
     </span>
    </p>
   </div>
   <div class='ocr_carea' id='block_1_100' title="bbox 2058 4122 3657 4202">
    <p class='ocr_par' dir='ltr' id='par_1_100' title="bbox 2058 4122 3657 4202">
     <span class='ocr_line' id='line_1_100' title="bbox 2058 4122 3657 4202; baseline -0.003 -19"><span class='ocrx_word' id='word_1_814' title='bbox 2058 4126 2293 4184; x_wconf 61' lang='lat' dir='ltr'><strong>Abrahae</strong></span> <span class='ocrx_word' id='word_1_815' title='bbox 2324 4135 2511 4202; x_wconf 90' lang='lat' dir='ltr'><strong>gentes</strong></span> <span class='ocrx_word' id='word_1_816' title='bbox 2540 4128 2762 4198; x_wconf 88' lang='lat' dir='ltr'><strong>invitat,</strong></span> <span class='ocrx_word' id='word_1_817' title='bbox 2787 4128 2916 4202; x_wconf 89' lang='lat' dir='ltr'><strong>quia</strong></span> <span class='ocrx_word' id='word_1_818' title='bbox 2955 4144 3080 4183; x_wconf 90' lang='lat' dir='ltr'><strong>cum</strong></span> <span class='ocrx_word' id='word_1_819' title='bbox 3106 4133 3246 4182; x_wconf 88' lang='lat' dir='ltr'><strong>esset</strong></span> <span class='ocrx_word' id='word_1_820' title='bbox 3274 4125 3333 4179; x_wconf 89' lang='lat' dir='ltr'><strong>in</strong></span> <span class='ocrx_word' id='word_1_821' title='bbox 3366 4122 3657 4196; x_wconf 69' lang='lat' dir='ltr'><strong>praeputio,</strong></span> 
     </span>
    </p>
   </div>
   <div class='ocr_carea' id='block_1_101' title="bbox 2057 4211 3657 4290">
    <p class='ocr_par' dir='ltr' id='par_1_101' title="bbox 2057 4211 3657 4290">
     <span class='ocr_line' id='line_1_101' title="bbox 2057 4211 3657 4290; baseline -0.004 -15"><span class='ocrx_word' id='word_1_822' title='bbox 2057 4217 2284 4275; x_wconf 90' lang='lat' dir='ltr'><strong>credens</strong></span> <span class='ocrx_word' id='word_1_823' title='bbox 2312 4219 2444 4286; x_wconf 90' lang='lat' dir='ltr'><strong>Deo,</strong></span> <span class='ocrx_word' id='word_1_824' title='bbox 2467 4217 2625 4290; x_wconf 90' lang='lat' dir='ltr'><strong>cujus</strong></span> <span class='ocrx_word' id='word_1_825' title='bbox 2647 4234 2796 4275; x_wconf 91' lang='lat' dir='ltr'><strong>nunc</strong></span> <span class='ocrx_word' id='word_1_826' title='bbox 2818 4216 2953 4273; x_wconf 87' lang='lat' dir='ltr'><strong>ﬁdes</strong></span> <span class='ocrx_word' id='word_1_827' title='bbox 2972 4215 3303 4287; x_wconf 71' lang='lat' dir='ltr'><strong>praedicatur</strong></span> <span class='ocrx_word' id='word_1_828' title='bbox 3323 4213 3381 4269; x_wconf 93' lang='lat' dir='ltr'><strong>in</strong></span> <span class='ocrx_word' id='word_1_829' title='bbox 3413 4211 3657 4283; x_wconf 89' lang='lat' dir='ltr'><strong>Christo,</strong></span> 
     </span>
    </p>
   </div>
   <div class='ocr_carea' id='block_1_102' title="bbox 2056 4303 3659 4378">
    <p class='ocr_par' dir='ltr' id='par_1_102' title="bbox 2056 4303 3659 4378">
     <span class='ocr_line' id='line_1_102' title="bbox 2056 4303 3659 4378; baseline -0.002 -15"><span class='ocrx_word' id='word_1_830' title='bbox 2056 4308 2371 4365; x_wconf 89' lang='lat' dir='ltr'><strong>viviﬁcatus</strong></span> <span class='ocrx_word' id='word_1_831' title='bbox 2423 4316 2505 4364; x_wconf 89' lang='lat' dir='ltr'><strong>est</strong></span> <span class='ocrx_word' id='word_1_832' title='bbox 2550 4324 2679 4364; x_wconf 91' lang='lat' dir='ltr'><strong>cum</strong></span> <span class='ocrx_word' id='word_1_833' title='bbox 2707 4324 2807 4364; x_wconf 87' lang='lat' dir='ltr'><strong>sua</strong></span> <span class='ocrx_word' id='word_1_834' title='bbox 2851 4303 3083 4378; x_wconf 90' lang='lat' dir='ltr'><strong>conjuge</strong></span> <span class='ocrx_word' id='word_1_835' title='bbox 3131 4304 3271 4377; x_wconf 81' lang='lat' dir='ltr'><strong>(i2).</strong></span> <span class='ocrx_word' id='word_1_836' title='bbox 3305 4304 3443 4362; x_wconf 90' lang='lat' dir='ltr'><strong>Cum</strong></span> <span class='ocrx_word' id='word_1_837' title='bbox 3476 4311 3659 4362; x_wconf 89' lang='lat' dir='ltr'><strong>essent</strong></span> 
     </span>
    </p>
   </div>
   <div class='ocr_carea' id='block_1_103' title="bbox 2054 4394 3657 4465">
    <p class='ocr_par' dir='ltr' id='par_1_103' title="bbox 2054 4394 3657 4465">
     <span class='ocr_line' id='line_1_103' title="bbox 2054 4394 3657 4465; baseline -0.001 -12"><span class='ocrx_word' id='word_1_838' title='bbox 2054 4398 2203 4454; x_wconf 91' lang='lat' dir='ltr'><strong>enim</strong></span> <span class='ocrx_word' id='word_1_839' title='bbox 2251 4396 2495 4454; x_wconf 87' lang='lat' dir='ltr'><strong>obsoleta</strong></span> <span class='ocrx_word' id='word_1_840' title='bbox 2540 4404 2718 4465; x_wconf 67' lang='lat' dir='ltr'><strong>aetate,</strong></span> <span class='ocrx_word' id='word_1_841' title='bbox 2773 4394 3015 4453; x_wconf 90' lang='lat' dir='ltr'><strong>seniores</strong></span> <span class='ocrx_word' id='word_1_842' title='bbox 3071 4395 3457 4464; x_wconf 87' lang='lat' dir='ltr'><strong>reviruerunt;</strong></span> <span class='ocrx_word' id='word_1_843' title='bbox 3491 4395 3569 4451; x_wconf 90' lang='lat' dir='ltr'><strong>ita</strong></span> <span class='ocrx_word' id='word_1_844' title='bbox 3595 4402 3657 4452; x_wconf 90' lang='lat' dir='ltr'><strong>ut</strong></span> 
     </span>
    </p>
   </div>
   <div class='ocr_carea' id='block_1_104' title="bbox 2054 4485 3655 4558">
    <p class='ocr_par' dir='ltr' id='par_1_104' title="bbox 2054 4485 3655 4558">
     <span class='ocr_line' id='line_1_104' title="bbox 2054 4485 3655 4558; baseline -0.002 -15"><span class='ocrx_word' id='word_1_845' title='bbox 2054 4504 2166 4544; x_wconf 92' lang='lat' dir='ltr'><strong>non</strong></span> <span class='ocrx_word' id='word_1_846' title='bbox 2214 4487 2489 4545; x_wconf 85' lang='lat' dir='ltr'><strong>diﬂideret</strong></span> <span class='ocrx_word' id='word_1_847' title='bbox 2535 4486 2858 4544; x_wconf 88' lang='lat' dir='ltr'><strong>habiturum</strong></span> <span class='ocrx_word' id='word_1_848' title='bbox 2888 4501 2944 4541; x_wconf 90' lang='lat' dir='ltr'><strong>se</strong></span> <span class='ocrx_word' id='word_1_849' title='bbox 2991 4501 3060 4541; x_wconf 81' lang='lat' dir='ltr'><strong>ex</strong></span> <span class='ocrx_word' id='word_1_850' title='bbox 3086 4486 3217 4542; x_wconf 90' lang='lat' dir='ltr'><strong>Sara</strong></span> <span class='ocrx_word' id='word_1_851' title='bbox 3245 4485 3448 4550; x_wconf 89' lang='lat' dir='ltr'><strong>ﬁlium,</strong></span> <span class='ocrx_word' id='word_1_852' title='bbox 3489 4500 3655 4558; x_wconf 90' lang='lat' dir='ltr'><strong>quam</strong></span> 
     </span>
    </p>
   </div>
   <div class='ocr_carea' id='block_1_105' title="bbox 1971 4558 3656 4649">
    <p class='ocr_par' dir='ltr' id='par_1_105' title="bbox 1971 4558 3656 4649">
     <span class='ocr_line' id='line_1_105' title="bbox 1971 4558 3656 4649; baseline -0.001 -17"><span class='ocrx_word' id='word_1_853' title='bbox 1971 4558 2020 4618; x_wconf 80' lang='lat' dir='ltr'><strong>D</strong></span> <span class='ocrx_word' id='word_1_854' title='bbox 2055 4578 2298 4635; x_wconf 90' lang='lat' dir='ltr'><strong>sterilem</strong></span> <span class='ocrx_word' id='word_1_855' title='bbox 2360 4577 2586 4647; x_wconf 88' lang='lat' dir='ltr'><strong>sciebat,</strong></span> <span class='ocrx_word' id='word_1_856' title='bbox 2616 4584 2672 4635; x_wconf 90' lang='lat' dir='ltr'><strong>et</strong></span> <span class='ocrx_word' id='word_1_857' title='bbox 2715 4576 2774 4632; x_wconf 92' lang='lat' dir='ltr'><strong>in</strong></span> <span class='ocrx_word' id='word_1_858' title='bbox 2822 4591 2929 4649; x_wconf 90' lang='lat' dir='ltr'><strong>qua</strong></span> <span class='ocrx_word' id='word_1_859' title='bbox 2968 4573 3081 4647; x_wconf 92' lang='lat' dir='ltr'><strong>jam</strong></span> <span class='ocrx_word' id='word_1_860' title='bbox 3130 4574 3317 4631; x_wconf 82' lang='lat' dir='ltr'><strong>ﬂuxus</strong></span> <span class='ocrx_word' id='word_1_861' title='bbox 3368 4573 3656 4631; x_wconf 91' lang='lat' dir='ltr'><strong>muliebris</strong></span> 
     </span>
    </p>
   </div>
   <div class='ocr_carea' id='block_1_106' title="bbox 2061 4661 3655 4747">
    <p class='ocr_par' dir='ltr' id='par_1_106' title="bbox 2061 4661 3655 4747">
     <span class='ocr_line' id='line_1_106' title="bbox 2061 4661 3655 4747; baseline -0.003 -26"><span class='ocrx_word' id='word_1_862' title='bbox 2061 4674 2269 4723; x_wconf 81' lang='lat' dir='ltr'><strong>naturae</strong></span> <span class='ocrx_word' id='word_1_863' title='bbox 2324 4667 2633 4735; x_wconf 87' lang='lat' dir='ltr'><strong>defecerat;</strong></span> <span class='ocrx_word' id='word_1_864' title='bbox 2665 4676 2728 4725; x_wconf 90' lang='lat' dir='ltr'><strong>ut</strong></span> <span class='ocrx_word' id='word_1_865' title='bbox 2755 4681 2852 4739; x_wconf 83' lang='lat' dir='ltr'><strong>per</strong></span> <span class='ocrx_word' id='word_1_866' title='bbox 2881 4664 2999 4721; x_wconf 76' lang='lat' dir='ltr'><strong>haec</strong></span> <span class='ocrx_word' id='word_1_867' title='bbox 3025 4680 3139 4720; x_wconf 93' lang='lat' dir='ltr'><strong>non</strong></span> <span class='ocrx_word' id='word_1_868' title='bbox 3167 4673 3361 4721; x_wconf 88' lang='lat' dir='ltr'><strong>curent</strong></span> <span class='ocrx_word' id='word_1_869' title='bbox 3388 4678 3563 4747; x_wconf 81' lang='lat' dir='ltr'><strong>neque</strong></span> <span class='ocrx_word' id='word_1_870' title='bbox 3587 4661 3655 4718; x_wconf 91' lang='lat' dir='ltr'><strong>de</strong></span> 
     </span>
    </p>
   </div>
   <div class='ocr_carea' id='block_1_107' title="bbox 2056 4754 3654 4833">
    <p class='ocr_par' dir='ltr' id='par_1_107' title="bbox 2056 4754 3654 4833">
     <span class='ocr_line' id='line_1_107' title="bbox 2056 4754 3654 4833; baseline -0.003 -19"><span class='ocrx_word' id='word_1_871' title='bbox 2056 4758 2345 4831; x_wconf 67' lang='lat' dir='ltr'><strong>praeputio,</strong></span> <span class='ocrx_word' id='word_1_872' title='bbox 2392 4775 2567 4833; x_wconf 88' lang='lat' dir='ltr'><strong>neque</strong></span> <span class='ocrx_word' id='word_1_873' title='bbox 2599 4759 2667 4816; x_wconf 90' lang='lat' dir='ltr'><strong>de</strong></span> <span class='ocrx_word' id='word_1_874' title='bbox 2707 4756 3150 4824; x_wconf 91' lang='lat' dir='ltr'><strong>circumcisione,</strong></span> <span class='ocrx_word' id='word_1_875' title='bbox 3182 4764 3237 4814; x_wconf 82' lang='lat' dir='ltr'><strong>et.</strong></span> <span class='ocrx_word' id='word_1_876' title='bbox 3270 4754 3510 4829; x_wconf 91' lang='lat' dir='ltr'><strong>prompti</strong></span> <span class='ocrx_word' id='word_1_877' title='bbox 3541 4754 3654 4810; x_wconf 90' lang='lat' dir='ltr'><strong>sint</strong></span> 
     </span>
    </p>
   </div>
   <div class='ocr_carea' id='block_1_108' title="bbox 2053 4844 3655 4921">
    <p class='ocr_par' dir='ltr' id='par_1_108' title="bbox 2053 4844 3655 4921">
     <span class='ocr_line' id='line_1_108' title="bbox 2053 4844 3655 4921; baseline -0.003 -14"><span class='ocrx_word' id='word_1_878' title='bbox 2053 4850 2200 4907; x_wconf 88' lang='lat' dir='ltr'><strong>circa</strong></span> <span class='ocrx_word' id='word_1_879' title='bbox 2254 4848 2421 4907; x_wconf 89' lang='lat' dir='ltr'><strong>ﬁdem</strong></span> <span class='ocrx_word' id='word_1_880' title='bbox 2455 4867 2466 4905; x_wconf 92' lang='lat'>:</span> <span class='ocrx_word' id='word_1_881' title='bbox 2516 4849 2695 4906; x_wconf 88' lang='lat' dir='ltr'><strong>securi</strong></span> <span class='ocrx_word' id='word_1_882' title='bbox 2750 4847 2881 4921; x_wconf 90' lang='lat' dir='ltr'><strong>quia</strong></span> <span class='ocrx_word' id='word_1_883' title='bbox 2916 4846 3148 4903; x_wconf 90' lang='lat' dir='ltr'><strong>credunt</strong></span> <span class='ocrx_word' id='word_1_884' title='bbox 3180 4845 3250 4915; x_wconf 92' lang='lat' dir='ltr'><strong>ei,</strong></span> <span class='ocrx_word' id='word_1_885' title='bbox 3282 4845 3377 4918; x_wconf 91' lang='lat' dir='ltr'><strong>qui</strong></span> <span class='ocrx_word' id='word_1_886' title='bbox 3406 4844 3655 4902; x_wconf 86' lang='lat' dir='ltr'><strong>viviﬁcat</strong></span> 
     </span>
    </p>
   </div>
   <div class='ocr_carea' id='block_1_109' title="bbox 2053 4934 3653 5010">
    <p class='ocr_par' dir='ltr' id='par_1_109' title="bbox 2053 4934 3653 5010">
     <span class='ocr_line' id='line_1_109' title="bbox 2053 4934 3653 5010; baseline -0.003 -16"><span class='ocrx_word' id='word_1_887' title='bbox 2053 4947 2324 5008; x_wconf 84' lang='lat' dir='ltr'><strong>mortuos,</strong></span> <span class='ocrx_word' id='word_1_888' title='bbox 2366 4954 2469 4997; x_wconf 90' lang='lat' dir='ltr'><strong>nec</strong></span> <span class='ocrx_word' id='word_1_889' title='bbox 2521 4939 2695 4996; x_wconf 89' lang='lat' dir='ltr'><strong>alium</strong></span> <span class='ocrx_word' id='word_1_890' title='bbox 2725 4954 2841 4996; x_wconf 89' lang='lat' dir='ltr'><strong>esse</strong></span> <span class='ocrx_word' id='word_1_891' title='bbox 2866 4936 2961 5010; x_wconf 90' lang='lat' dir='ltr'><strong>qui</strong></span> <span class='ocrx_word' id='word_1_892' title='bbox 3009 4936 3153 4992; x_wconf 89' lang='lat' dir='ltr'><strong>hanc</strong></span> <span class='ocrx_word' id='word_1_893' title='bbox 3176 4934 3375 4992; x_wconf 88' lang='lat' dir='ltr'><strong>habeat</strong></span> <span class='ocrx_word' id='word_1_894' title='bbox 3403 4942 3653 5006; x_wconf 87' lang='lat' dir='ltr'><strong>potesta-</strong></span> 
     </span>
    </p>
   </div>
   <div class='ocr_carea' id='block_1_110' title="bbox 2052 5023 3649 5099">
    <p class='ocr_par' dir='ltr' id='par_1_110' title="bbox 2052 5023 3649 5099">
     <span class='ocr_line' id='line_1_110' title="bbox 2052 5023 3649 5099; baseline -0.006 -12"><span class='ocrx_word' id='word_1_895' title='bbox 2052 5038 2162 5087; x_wconf 90' lang='lat' dir='ltr'><strong>tem</strong></span> <span class='ocrx_word' id='word_1_896' title='bbox 2192 5046 2204 5085; x_wconf 91' lang='lat'>:</span> <span class='ocrx_word' id='word_1_897' title='bbox 2255 5038 2312 5087; x_wconf 91' lang='lat' dir='ltr'><strong>et</strong></span> <span class='ocrx_word' id='word_1_898' title='bbox 2352 5046 2480 5087; x_wconf 91' lang='lat' dir='ltr'><strong>cum</strong></span> <span class='ocrx_word' id='word_1_899' title='bbox 2526 5029 2768 5086; x_wconf 89' lang='lat' dir='ltr'><strong>voluerit</strong></span> <span class='ocrx_word' id='word_1_900' title='bbox 2794 5042 2930 5094; x_wconf 91' lang='lat' dir='ltr'><strong>esse,</strong></span> <span class='ocrx_word' id='word_1_901' title='bbox 2966 5024 3114 5099; x_wconf 90' lang='lat' dir='ltr'><strong>quod</strong></span> <span class='ocrx_word' id='word_1_902' title='bbox 3144 5041 3254 5082; x_wconf 92' lang='lat' dir='ltr'><strong>non</strong></span> <span class='ocrx_word' id='word_1_903' title='bbox 3284 5033 3437 5091; x_wconf 89' lang='lat' dir='ltr'><strong>sunt,</strong></span> <span class='ocrx_word' id='word_1_904' title='bbox 3461 5023 3649 5081; x_wconf 86' lang='lat' dir='ltr'><strong>statim</strong></span> 
     </span>
    </p>
   </div>
   <div class='ocr_carea' id='block_1_111' title="bbox 2050 5114 3652 5192">
    <p class='ocr_par' dir='ltr' id='par_1_111' title="bbox 2050 5114 3652 5192">
     <span class='ocr_line' id='line_1_111' title="bbox 2050 5114 3652 5192; baseline -0.006 -17"><span class='ocrx_word' id='word_1_905' title='bbox 2050 5118 2168 5192; x_wconf 90' lang='lat' dir='ltr'><strong>ejus</strong></span> <span class='ocrx_word' id='word_1_906' title='bbox 2192 5120 2478 5177; x_wconf 87' lang='lat' dir='ltr'><strong>voluntate</strong></span> <span class='ocrx_word' id='word_1_907' title='bbox 2524 5118 2849 5176; x_wconf 89' lang='lat' dir='ltr'><strong>subsistant.</strong></span> <span class='ocrx_word' id='word_1_908' title='bbox 2880 5114 3009 5172; x_wconf 91' lang='lat' dir='ltr'><strong>Ideo</strong></span> <span class='ocrx_word' id='word_1_909' title='bbox 3038 5114 3315 5172; x_wconf 89' lang='lat' dir='ltr'><strong>Abraham</strong></span> <span class='ocrx_word' id='word_1_910' title='bbox 3345 5130 3470 5171; x_wconf 91' lang='lat' dir='ltr'><strong>cum</strong></span> <span class='ocrx_word' id='word_1_911' title='bbox 3501 5118 3652 5186; x_wconf 90' lang='lat' dir='ltr'><strong>pater</strong></span> 
     </span>
    </p>
   </div>
   <div class='ocr_carea' id='block_1_112' title="bbox 2121 5259 3650 5336">
    <p class='ocr_par' dir='ltr' id='par_1_112' title="bbox 2121 5259 3650 5336">
     <span class='ocr_line' id='line_1_112' title="bbox 2121 5259 3650 5336; baseline -0.009 -16"><span class='ocrx_word' id='word_1_912' title='bbox 2121 5264 2239 5336; x_wconf 85' lang='grc'><strong>(11)</strong></span> <span class='ocrx_word' id='word_1_913' title='bbox 2291 5262 2499 5321; x_wconf 81' lang='lat' dir='ltr'><strong>Codex.</strong></span> <span class='ocrx_word' id='word_1_914' title='bbox 2550 5260 2738 5328; x_wconf 90' lang='lat' dir='ltr'><strong>Corb.,</strong></span> <span class='ocrx_word' id='word_1_915' title='bbox 2783 5277 2888 5317; x_wconf 80' lang='lat' dir='ltr'><strong>esse</strong></span> <span class='ocrx_word' id='word_1_916' title='bbox 2932 5260 3079 5334; x_wconf 85' lang='lat' dir='ltr'><strong>apud</strong></span> <span class='ocrx_word' id='word_1_917' title='bbox 3121 5276 3258 5328; x_wconf 83' lang='lat' dir='ltr'><strong>eum,</strong></span> <span class='ocrx_word' id='word_1_918' title='bbox 3299 5263 3359 5313; x_wconf 87' lang='lat' dir='ltr'><strong>ut</strong></span> <span class='ocrx_word' id='word_1_919' title='bbox 3396 5261 3444 5311; x_wconf 76' lang='lat' dir='ltr'><strong>et</strong></span> <span class='ocrx_word' id='word_1_920' title='bbox 3481 5259 3650 5326; x_wconf 70' lang='lat' dir='ltr'><strong>gentes</strong></span> 
     </span>
    </p>
   </div>
   <div class='ocr_carea' id='block_1_113' title="bbox 2046 5337 3647 5479">
    <p class='ocr_par' dir='ltr' id='par_1_113' title="bbox 2046 5337 3647 5479">
     <span class='ocr_line' id='line_1_113' title="bbox 2046 5337 3647 5479; baseline -0.009 -13"><span class='ocrx_word' id='word_1_921' title='bbox 2046 5337 2348 5479; x_wconf 47' lang='lat' dir='ltr'><strong>Wi‘i‘i’i‘ita</strong></span> <span class='ocrx_word' id='word_1_922' title='bbox 2376 5403 2509 5479; x_wconf 81' lang='lat' dir='ltr'><strong>edit.</strong></span> <span class='ocrx_word' id='word_1_923' title='bbox 2535 5403 2691 5479; x_wconf 84' lang='lat' dir='ltr'><strong>Gill.,</strong></span> <span class='ocrx_word' id='word_1_924' title='bbox 2714 5404 2772 5460; x_wconf 91' lang='lat' dir='ltr'><strong>in</strong></span> <span class='ocrx_word' id='word_1_925' title='bbox 2800 5410 3048 5479; x_wconf 83' lang='lat' dir='ltr'><strong>marg._et</strong></span> <span class='ocrx_word' id='word_1_926' title='bbox 3071 5404 3230 5459; x_wconf 87' lang='lat' dir='ltr'><strong>Rom.</strong></span> <span class='ocrx_word' id='word_1_927' title='bbox 3262 5402 3319 5456; x_wconf 92' lang='lat' dir='ltr'><strong>in</strong></span> <span class='ocrx_word' id='word_1_928' title='bbox 3339 5411 3647 5479; x_wconf 40' lang='lat' dir='ltr'><strong>corp-eum</strong></span> 
     </span>
    </p>
   </div>
   <div class='ocr_carea' id='block_1_114' title="bbox 2046 5466 3645 5550">
    <p class='ocr_par' dir='ltr' id='par_1_114' title="bbox 2046 5466 3645 5550">
     <span class='ocr_line' id='line_1_114' title="bbox 2046 5466 3645 5550; baseline -0.009 -16"><span class='ocrx_word' id='word_1_929' title='bbox 2046 5466 2175 5535; x_wconf 73' lang='lat' dir='ltr'><strong>mss.</strong></span> <span class='ocrx_word' id='word_1_930' title='bbox 2210 5466 2498 5550; x_wconf 78' lang='lat' dir='ltr'><strong>nonnullis</strong></span> <span class='ocrx_word' id='word_1_931' title='bbox 2521 5466 2687 5550; x_wconf 42' lang='lat' dir='ltr'><strong>{aliae</strong></span> <span class='ocrx_word' id='word_1_932' title='bbox 2717 5483 2899 5532; x_wconf 89' lang='lat' dir='ltr'><strong>autem</strong></span> <span class='ocrx_word' id='word_1_933' title='bbox 2920 5466 3064 5531; x_wconf 58' lang='lat' dir='ltr'><strong>Edit.</strong></span> <span class='ocrx_word' id='word_1_934' title='bbox 3095 5491 3160 5530; x_wconf 90' lang='lat' dir='ltr'><strong>ac</strong></span> <span class='ocrx_word' id='word_1_935' title='bbox 3200 5487 3358 5549; x_wconf 75' lang='lat' dir='ltr'><strong>mss.,</strong></span> <span class='ocrx_word' id='word_1_936' title='bbox 3382 5466 3645 5550; x_wconf 43' lang='lat' dir='ltr'><strong>justiﬁes;-</strong></span> 
     </span>
    </p>
   </div>
   <div class='ocr_carea' id='block_1_115' title="bbox 2048 5538 3645 5618">
    <p class='ocr_par' dir='ltr' id='par_1_115' title="bbox 2048 5538 3645 5618">
     <span class='ocr_line' id='line_1_115' title="bbox 2048 5538 3645 5618; baseline -0.004 -14"><span class='ocrx_word' id='word_1_937' title='bbox 2048 5556 2130 5605; x_wconf 78' lang='lat' dir='ltr'><strong>tus</strong></span> <span class='ocrx_word' id='word_1_938' title='bbox 2157 5557 2249 5616; x_wconf 85' lang='lat' dir='ltr'><strong>est,</strong></span> <span class='ocrx_word' id='word_1_939' title='bbox 2296 5564 2440 5604; x_wconf 90' lang='lat' dir='ltr'><strong>unus</strong></span> <span class='ocrx_word' id='word_1_940' title='bbox 2459 5547 2734 5617; x_wconf 81' lang='lat' dir='ltr'><strong>judicatus</strong></span> <span class='ocrx_word' id='word_1_941' title='bbox 2762 5554 2857 5618; x_wconf 79' lang='lat' dir='ltr'><strong>est,</strong></span> <span class='ocrx_word' id='word_1_942' title='bbox 2888 5563 3006 5602; x_wconf 87' lang='lat' dir='ltr'><strong>cum</strong></span> <span class='ocrx_word' id='word_1_943' title='bbox 3041 5562 3141 5600; x_wconf 82' lang='lat' dir='ltr'><strong>sua</strong></span> <span class='ocrx_word' id='word_1_944' title='bbox 3169 5539 3407 5612; x_wconf 78' lang='lat' dir='ltr'><strong>conjuge,</strong></span> <span class='ocrx_word' id='word_1_945' title='bbox 3438 5538 3549 5597; x_wconf 87' lang='lat' dir='ltr'><strong>duo</strong></span> <span class='ocrx_word' id='word_1_946' title='bbox 3588 5540 3645 5597; x_wconf 84' lang='lat' dir='ltr'><strong>in</strong></span> 
     </span>
    </p>
   </div>
   <div class='ocr_carea' id='block_1_116' title="bbox 2045 5621 2407 5694">
    <p class='ocr_par' dir='ltr' id='par_1_116' title="bbox 2045 5621 2407 5694">
     <span class='ocr_line' id='line_1_116' title="bbox 2045 5621 2407 5694; baseline -0.017 -14"><span class='ocrx_word' id='word_1_947' title='bbox 2045 5638 2145 5679; x_wconf 70' lang='lat' dir='ltr'><strong>sua.</strong></span> <span class='ocrx_word' id='word_1_948' title='bbox 2172 5621 2407 5694; x_wconf 83' lang='lat' dir='ltr'><strong>conjuge.</strong></span> 
     </span>
    </p>
   </div>
  </div>
