4150 6194
516 306 582 364 91
1524 308 1620 367 AD
1660 309 1891 367 OPERA
1927 308 1984 364 S.
2025 306 2361 365 AMBROSII
2396 308 2777 365 APPENDIX.
3763 310 3837 370 92

517 437 702 494 adhuc
730 455 843 495 non
887 448 1049 503 esset,
1100 446 1327 495 vocatus
1352 444 1434 494 est
1461 444 1615 509 pater
1643 438 1941 491 multarum
1974 451 2115 507 gen-
2144 438 2196 497 Α
2223 434 2397 490 dibile
2455 442 2559 504 est,
2613 445 2669 494 et
2688 435 2904 492 mundo
2949 437 3183 493 stultum
3247 437 3490 504 videtur,
3540 438 3833 502 credatur;

518 525 684 592 tium,
733 535 789 582 et
841 526 1096 594 credidit,
1159 542 1383 584 securus
1435 526 1503 581 de
1562 524 1661 580 Dei
1734 522 1998 595 potentia.
2047 523 2116 579 Ut

515 623 701 672 autem
733 625 885 689 pater
928 615 1135 676 Christi
1175 616 1319 672 idem
1349 632 1465 671 esse
1490 617 1637 670 Deus
1665 612 1999 681 crederetur,
2023 613 2112 670 cui

512 705 754 763 credidit
828 704 1128 772 Abraham,
1195 707 1302 761 tale
1367 705 1584 775 signum
1657 702 1846 758 datum
1909 709 1991 757 est
2055 701 2113 756 in

515 793 779 851 Zacharia
817 804 869 851 et
915 795 1220 860 Elisabeth,
1251 809 1375 849 cum
1424 790 1716 864 promissio
1768 789 2018 847 redditur
2054 790 2112 846 in

516 885 747 950 mundo,
792 884 1116 940 imminente
1155 882 1395 949 Christo,
1442 880 1603 953 quale
1628 879 1816 935 datum
1848 880 2025 935 fuerat
2054 879 2113 934 in

516 973 789 1029 Abraham
822 980 875 1028 et
913 973 1061 1039 Sara,
1098 970 1317 1044 quando
1341 970 1552 1042 signata
1580 968 1873 1039 promissio
1901 976 2018 1033 est;
2052 976 2113 1024 ut

513 1062 685 1118 simili
725 1078 918 1135 genere
984 1070 1234 1117 emortua
1278 1076 1508 1132 corpora
1550 1065 1831 1113 senectute
1878 1073 2114 1129 genera-

513 1162 636 1207 rent
681 1160 932 1208 sanctum
988 1152 1253 1207 Joannem
1302 1150 1476 1234 (Luca
1506 1166 1544 1217 ι,
1597 1147 1710 1221 13),
1754 1147 1899 1204 sicut
1953 1156 2113 1204 natus

510 1239 689 1296 fuerat
716 1248 770 1295 et
790 1242 956 1296 Isaac.

585 1332 769 1402 (Vers.
813 1332 925 1402 18.)
964 1354 981 1377 ι
1026 1330 1130 1398 Qui
1173 1336 1365 1384 contra
1413 1343 1563 1400 spem
1608 1326 1671 1382 in
1696 1343 1847 1399 spem
1879 1324 2116 1383 credidit

515 1421 672 1491 (Gen.
698 1438 795 1490 xv,
826 1421 906 1493 5).
940 1446 958 1469 ο
1000 1419 1352 1476 Manifestum
1380 1427 1482 1484 est,
1514 1419 1645 1492 quia
1663 1416 1794 1473 dum
1818 1432 1968 1489 spem
2001 1430 2111 1470 non

514 1509 741 1567 haberet
815 1509 1108 1583 generandi
1182 1508 1483 1577 Abraham,
1545 1507 1782 1565 credidit
1840 1508 1954 1562 Deo
2020 1510 2109 1567 51

511 1608 676 1664 ﬁdem
723 1608 932 1665 habens
978 1614 1169 1665 contra
1212 1625 1363 1681 spem
1409 1623 1665 1681 generare
1704 1625 1782 1675 se,
1813 1608 1908 1665 sed
1938 1609 2116 1667 sciens

510 1698 697 1755 omnia
725 1716 881 1771 posse
907 1700 1102 1754 Deum.

594 1811 612 1835 ι
651 1789 722 1844 Ut
767 1788 922 1843 ﬁeret
968 1794 1121 1860 pater
1171 1787 1470 1842 multarum
1517 1788 1784 1859 gentium,
1806 1788 2113 1846 secundum
2144 1797 2190 1858 B

510 1876 659 1950 quod
706 1876 916 1933 dictum
960 1884 1076 1932 est:
1105 1876 1195 1932 Sic
1240 1876 1345 1933 erit
1389 1892 1577 1931 semen
1612 1885 1770 1933 tuum
1823 1878 1978 1948 (Gen.
2011 1895 2110 1947 xv,

509 1970 589 2040 5).
624 1994 641 2016 ι
683 1969 799 2024 Hoc
828 1968 885 2024 in
915 1968 1148 2035 Genesi;
1180 1967 1470 2024 ostendens
1485 1968 1634 2023 enim
1666 1968 1751 2024 illi
1780 1970 1966 2025 stellas
1987 1969 2111 2025 οωιὶ

509 2058 657 2115 dixit
694 2076 706 2114 :
758 2083 775 2104 ι
808 2058 898 2115 Sic
939 2059 1046 2114 erit
1082 2074 1266 2113 semen
1297 2064 1476 2125 tuum,
1509 2084 1525 2105 -
1577 2057 1724 2131 quod
1761 2058 1988 2114 credens
2012 2061 2111 2130 ju—

509 2147 781 2204 stiﬁcatus
808 2154 909 2204 est.
961 2145 1208 2203 Credidit
1237 2145 1384 2201 enim
1415 2146 1561 2219 quod
1602 2148 1808 2204 mundo
1842 2148 2112 2221 impossi-

508 2236 621 2294 bile
671 2236 913 2306 videtur,
942 2236 1074 2292 dum
1124 2236 1181 2291 in
1211 2251 1392 2291 rerum
1424 2244 1676 2291 naturam
1708 2253 1819 2292 non
1848 2237 2016 2304 cadit,
2048 2246 2112 2295 ut

510 2328 723 2400 possint
759 2343 914 2384 senes
959 2342 1233 2399 generare,
1272 2334 1326 2382 et
1359 2334 1510 2382 tanta
1544 2327 1703 2400 copia
1744 2324 2109 2400 multiplicari

509 2433 693 2473 semen
748 2433 963 2486 eorum,
1016 2425 1079 2472 ut
1139 2417 1416 2473 numerari
1472 2433 1586 2474 non
1633 2417 1823 2488 possit.
1877 2417 2113 2491 Ideoque

509 2508 745 2579 pretiosa
789 2514 872 2562 est
917 2506 1072 2574 ﬁdes,
1123 2507 1253 2579 quia
1306 2514 1499 2564 contra
1554 2507 1613 2563 id
1665 2507 1811 2580 quod
1861 2507 1966 2564 scit
2014 2516 2110 2564 aut

509 2595 681 2665 videt,
730 2595 906 2652 credit
935 2596 1182 2651 futurum
1210 2612 1222 2650 :
1274 2595 1377 2652 hac
1405 2612 1498 2668 spe
1529 2597 1846 2652 consolatur
1874 2613 1952 2665 se,
1984 2596 2112 2669 quia

507 2692 653 2746 Deus
699 2699 781 2746 est
834 2691 930 2763 qui
965 2691 1274 2763 promittit;
1322 2689 1390 2746 de
1436 2706 1547 2763 quo
1592 2690 1718 2761 plus
1768 2689 1987 2747 senitiri
2017 2706 2115 2762 par

507 2787 610 2847 est,
640 2795 804 2851 quam
831 2777 1074 2834 humana
1104 2778 1456 2834 imbecillitas
1484 2778 1648 2851 capit.

580 2868 761 2938 (Vers.
798 2868 1007 2938 19-22.)
1052 2892 1070 2913 ι
1094 2869 1163 2924 Et
1191 2884 1303 2922 non
1335 2867 1647 2926 inﬁrmatus
1690 2877 1772 2926 est
1812 2868 1961 2926 ﬁde:
2012 2886 2115 2926 nec

509 2956 882 3013 consideravit
945 2973 1146 3027 corpus
1207 2973 1368 3012 suum
1417 2955 1533 3027 jam
1592 2967 1927 3028 emortuum,
1982 2978 2112 3017 cum

500 3047 618 3120 jam
679 3047 792 3103 fere
858 3054 1079 3103 centum
1140 3054 1281 3102 esset
1350 3062 1642 3115 annorum,
1691 3055 1746 3103 et
1806 3059 2111 3107 emortuam

2224 524 2353 597 quia
2379 532 2583 597 quanto
2624 524 2966 596 impossibile
2990 534 3222 598 putatur
3244 525 3359 597 (14)
3387 526 3537 598 quod
3565 527 3833 598 creditur,

2222 622 2377 681 tanto
2432 616 2604 687 magis
2633 614 3014 672 honorabilior
3050 617 3158 671 erit
3197 616 3456 674 credens:
3500 624 3553 671 et
3582 634 3712 674 vere
3740 626 3838 673 ta—

2224 720 2349 759 men
2379 706 2611 761 stultum
2633 715 2773 762 esset
2802 706 2909 762 hoc
2938 705 3185 774 credere,
3212 706 3261 761 si
3290 706 3411 761 sine
3440 707 3555 763 Deo
3586 707 3706 763 ﬁeri
3736 707 3836 763 di—

2222 803 2455 851 ceretur.
2497 795 2569 850 Et
2598 795 2722 850 ideo
2759 803 2917 851 tanto
2948 795 3286 850 laudabilior
3314 804 3397 851 est
3432 795 3669 852 Abrahae
3701 795 3838 852 ﬁdes

2222 891 2545 938 caeterorum
2598 882 2728 950 ﬁde,
2764 884 2895 956 quia
2924 884 3097 939 nullis
3128 884 3415 955 signorum
3443 884 3710 957 prodigiis
3740 893 3840 940 at—

2222 976 2395 1027 tracta
2434 978 2535 1026 est.
2587 971 2859 1039 Quoniam
2908 979 3091 1027 autem
3138 972 3378 1027 mundus
3424 979 3572 1029 certa
3622 974 3739 1045 lege
3778 981 3836 1030 et

2222 1070 2507 1133 potestate
2534 1060 2878 1133 gubernatur
2891 1106 2905 1130 ,
2932 1070 2988 1117 et
3004 1062 3213 1133 regitur
3228 1062 3392 1118 modo
3407 1062 3636 1119 deﬁnito
3649 1081 3680 1118 a
3698 1065 3835 1130 Deo;

2222 1150 2476 1208 homines
2528 1160 2713 1208 autem
2764 1152 2957 1208 carnis
3004 1168 3190 1208 amore
3227 1152 3375 1209 circa
3410 1154 3677 1211 rationem
3708 1162 3839 1209 stu-

2220 1240 2364 1298 diosi
2387 1242 2527 1314 (15),
2557 1243 2732 1297 Deum
2763 1241 2930 1314 hujus
2950 1241 3202 1313 opiﬁcem
3224 1242 3591 1313 neglexerunt
3618 1258 3630 1296 :
3654 1245 3826 1311 Deus,

2223 1340 2285 1387 ut
2320 1347 2561 1388 errorem
2608 1331 2864 1399 auferret,
2904 1338 2958 1386 et
2999 1331 3288 1387 dominum
3336 1348 3392 1387 se
3438 1332 3689 1388 omnium
3721 1331 3832 1388 de-

2224 1428 2574 1489 monstraret,
2607 1421 2713 1477 hoc
2741 1436 2797 1477 se
2829 1435 2985 1492 posse
3014 1429 3069 1476 et
3097 1420 3291 1477 fecisse
3313 1419 3598 1493 praedicari
3632 1422 3834 1489 voluit,

2223 1510 2372 1582 quod
2401 1510 2608 1566 mundo
2662 1510 3005 1583 impossibile
3031 1516 3114 1565 est
3146 1526 3157 1564 :
3193 1519 3256 1567 ut
3283 1510 3377 1582 qui
3411 1509 3517 1567 hoc
3546 1510 3840 1567 crederent

2223 1598 2499 1656 damnatis
2528 1599 2598 1655 iis
2627 1600 2724 1673 qui
2767 1599 2979 1655 ratione
3009 1598 3208 1654 mundi
3238 1597 3421 1655 inﬂati
3449 1601 3620 1656 Deum
3654 1601 3837 1672 negle-

2224 1696 2446 1755 xerunt,
2478 1688 2701 1746 discreti
2716 1688 3093 1755 salvarentur,
3121 1688 3221 1743 Dei
3245 1687 3495 1744 dominio
3514 1688 3834 1761 mancipati.

2300 1777 2482 1847 (Vere.
2524 1776 2738 1848 23-25.)
2785 1800 2803 1824 ι
2842 1778 2965 1833 Non
2995 1783 3181 1832 autem
3213 1778 3479 1849 scriptum
3509 1784 3592 1832 est
3616 1785 3835 1833 tantum

2224 1874 2444 1939 propter
2482 1865 2661 1939 ipsum
2684 1866 2885 1934 solum,
2914 1866 3043 1939 quia
3082 1875 3393 1937 reputatum
3423 1874 3504 1922 est
3533 1866 3615 1922 illi
3655 1868 3724 1922 ad
3747 1867 3835 1939 ju-

2224 1956 2430 2013 stitiam
2464 1958 2617 2030 (Gen.
2651 1972 2751 2024 xv,
2781 1957 2839 2029 6)
2872 1974 2885 2023 ;
2921 1957 3016 2013 sed
3046 1964 3101 2012 et
3129 1964 3351 2029 propter
3379 1973 3500 2024 nos,
3523 1957 3725 2030 quibus
3751 1975 3833 2013 re-

2223 2045 2506 2118 putabitur
2525 2045 2876 2103 credentibus
2909 2046 2966 2101 in
3015 2062 3168 2113 eum,
3203 2046 3298 2118 qui
3332 2046 3624 2102 suscitavit
3648 2048 3835 2103 Iesum

2225 2134 2507 2193 Christum
2537 2135 2837 2191 Dominum
2869 2142 3135 2192 nostrum
3180 2152 3212 2190 a
3239 2136 3494 2204 mortuis,
3515 2136 3611 2208 qui
3648 2137 3837 2193 tradi-

2227 2233 2314 2281 tus
2341 2232 2424 2280 est
2453 2231 2675 2297 propter
2703 2234 2924 2297 peccata
2958 2232 3164 2294 nostra,
3188 2234 3243 2281 et
3282 2224 3586 2282 resurrexit
3613 2236 3839 2299 propter

2219 2312 2675 2385 justiﬁcationem
2702 2322 2967 2371 nostram.
3008 2341 3026 2363 ι
3069 2316 3133 2371 In
3164 2315 3442 2371 Abraham
3466 2315 3697 2372 formam
3728 2316 3838 2372 da-

2222 2411 2333 2460 tam
2366 2404 2503 2461 dicit
2545 2404 2750 2461 Judaeis
2778 2414 2834 2461 et
2877 2405 3153 2477 gentibus,
3184 2412 3247 2463 ut
3287 2406 3539 2477 exemplo
3573 2405 3691 2477 ejus
3720 2424 3834 2464 cre-

2223 2494 2422 2551 damus
2493 2495 2551 2550 in
2603 2497 2803 2563 Deum,
2852 2504 2906 2551 et
2954 2496 3010 2550 in
3058 2494 3360 2564 Christum,
3392 2495 3532 2551 etin
3565 2496 3832 2567 Spiritum

2224 2593 2504 2651 sanctum,
2533 2591 2589 2640 et
2635 2591 2924 2655 reputetur
2965 2582 3127 2640 nobis
3151 2583 3387 2656 justitia.
3421 2583 3685 2651 Quamvis
3712 2585 3837 2640 dif-

2228 2671 2371 2728 ferat
2398 2672 2548 2744 quod
2577 2688 2730 2729 nunc
2756 2673 3005 2730 creditur
3035 2674 3177 2744 (16),
3204 2689 3377 2729 unum
3413 2681 3597 2729 tamen
3627 2674 3836 2730 donum

2225 2760 2391 2817 habet
2428 2760 2585 2817 ﬁdes.
2621 2762 2742 2819 Hoc
2754 2778 2883 2834 ergo
2907 2763 3322 2834 consequimur,
3345 2762 3491 2835 quod
3513 2762 3790 2819 credimus
3822 2779 3834 2817 :

2224 2850 2513 2906 credentes
2560 2851 2711 2906 enim
2759 2852 3051 2909 Christum
3100 2851 3199 2908 Dei
3246 2868 3362 2909 esse
3409 2852 3635 2921 Filium,
3663 2871 3693 2909 a
3722 2855 3838 2910 Deo

2224 2938 2555 3010 adoptamur
2585 2940 2643 2995 in
2670 2941 2817 2997 ﬁlios
2849 2959 2862 3008 ;
2895 2942 3042 2997 nihil
3074 2942 3222 2998 enim
3253 2942 3398 2997 ultra
3424 2942 3604 3013 potuit
3630 2941 3838 2999 donare

2224 3028 2604 3098 credentibus,
2622 3047 2785 3103 quam
2804 3040 2866 3088 ut
2889 3031 2990 3086 ﬁlii
3018 3031 3115 3087 Dei
3138 3031 3415 3107 dicantur,
3440 3032 3661 3104 perﬁdis
3681 3032 3836 3088 abdi-

508 3118 733 3192 gulvam
763 3137 926 3192 Sam.
963 3137 1025 3192 In
1053 3135 1479 3208 repromissione
1505 3144 1690 3192 autem
1720 3138 1820 3194 Dei
1853 3155 1963 3195 non
1999 3140 2107 3196 ha,
2148 3158 2193 3220 α
2226 3118 2385 3174 catis.
2409 3120 2518 3175 Nos
2545 3119 2693 3175 enim
2714 3119 2937 3175 ﬁliiDei
2961 3136 3244 3188 vocamur,
3263 3120 3345 3175 illi
3368 3130 3547 3177 autem
3567 3136 3667 3177 nec
3685 3121 3834 3177 servi

505 3224 696 3281 sitavit
753 3224 1083 3292 difﬁdentia,
1160 3224 1256 3280 sed
1308 3222 1667 3280 conﬁrmatus
1737 3232 1818 3281 est
1876 3226 1933 3282 in
1989 3227 2117 3294 ﬁde,

505 3313 695 3370 dando
755 3313 991 3386 gloriam
1067 3315 1216 3370 Deo:
1279 3322 1491 3370 certum
1547 3313 1755 3370 habens
1814 3316 1943 3388 quia
1997 3333 2117 3389 quae

508 3404 782 3477 promisit,
813 3412 1006 3476 potens
1054 3410 1136 3461 est
1178 3410 1232 3459 et
1259 3403 1479 3470 facere;
1516 3403 1749 3477 ideoque
1780 3406 2114 3462 aestimatum

505 3502 588 3550 est
634 3494 718 3550 illi
747 3494 815 3549 ad
855 3492 1152 3566 justitiam.
1188 3518 1206 3540 ι
1249 3493 1364 3549 Hoc
1410 3492 1570 3548 laude
1598 3493 1823 3566 dignum
1857 3495 2115 3567 praedicat

505 3584 818 3652 Abraham;
844 3585 974 3658 quia
993 3600 1118 3640 cum
1143 3600 1200 3640 se
1220 3583 1393 3639 sciret
1414 3600 1524 3639 non
1545 3599 1721 3655 posse,
1735 3584 2110 3642 inﬁrmitatem

503 3689 659 3731 suam
716 3673 826 3731 ﬁde
894 3674 1173 3741 ﬁrmavit;
1248 3682 1313 3730 ut
1371 3672 1617 3730 crederet
1678 3691 1735 3731 se
1789 3691 1945 3748 posse
2016 3691 2113 3749 per

503 3765 703 3832 Deum,
747 3763 895 3836 quod
944 3763 1111 3820 sciret
1165 3763 1284 3820 ﬁeri
1340 3782 1435 3837 per
1476 3765 1673 3821 mundi
1730 3766 1946 3824 decreta
1998 3782 2109 3822 non

503 3868 681 3926 posse.
746 3852 936 3925 Magni
982 3869 1109 3926 ergo
1174 3853 1357 3909 meriti
1412 3862 1494 3911 est
1556 3854 1702 3927 apud
1754 3857 1954 3923 Deum,
2010 3848 2106 3929 qui

503 3948 696 3998 contra
733 3941 1018 3998 scientiam
1062 3958 1217 3998 suam
1261 3944 1376 3999 Deo
1414 3943 1673 4009 credidit,
1704 3960 1815 4000 non
1845 3944 2107 4002 dubitans

504 4047 660 4104 posse
712 4031 892 4099 illum,
928 4037 931 4040 ‘
964 4038 1154 4103 utpote
1188 4033 1384 4099 Deum,
1437 4032 1582 4104 quod
1639 4033 1744 4089 scit
1801 4034 2104 4090 secundum

504 4119 696 4175 mundi
735 4120 1003 4177 rationem
1053 4120 1173 4176 ﬁeri
1222 4136 1334 4175 non
1378 4119 1555 4192 posse.
1612 4119 1718 4174 Pro
1775 4130 1927 4176 certo
1955 4122 2104 4176 enim

505 4207 671 4265 habet
723 4212 899 4265 Deum
956 4210 1105 4265 ultra
1150 4209 1420 4266 rationem
1479 4208 1670 4265 mundi
1728 4224 1882 4277 esse;
1940 4226 2105 4265 nemo

502 4298 651 4354 enim
684 4299 831 4354 intra
875 4298 932 4354 id
959 4315 1074 4355 esse
1104 4299 1371 4355 dicendus
1396 4305 1498 4367 est,
1540 4297 1687 4371 quod
1715 4298 1941 4356 creavit.
1976 4298 2103 4354 Ideo

502 4385 817 4458 hujusmodi
866 4388 1297 4444 remunerandus
1338 4397 1419 4444 est
1454 4403 1485 4442 a
1540 4388 1672 4455 Deo,
1714 4387 1844 4459 quia
1890 4389 2098 4443 auctori

434 4518 435 4521 η
501 4493 602 4534 suo
655 4478 776 4549 plus
805 4477 1021 4545 tribuit,
1064 4494 1228 4549 quam
1302 4478 1416 4550 ipse
1456 4477 1618 4549 sapit.
1676 4478 1833 4545 Quod
1881 4476 2100 4550 quidem

502 4567 714 4623 nullius
731 4568 889 4639 pretii
911 4573 1072 4636 esset,
1088 4567 1135 4622 si
1153 4584 1343 4623 omnes
1360 4583 1514 4639 aequa
1525 4567 1795 4623 sentirent
1813 4585 1826 4633 ;
1851 4566 1946 4622 sed
1964 4566 2103 4621 mul-

503 4665 683 4712 torum
696 4656 1001 4714 difﬁdentia
1012 4658 1433 4715 commendatur
1448 4656 1583 4713 ﬁdes
1594 4656 1935 4713 credentium
1953 4655 2097 4728 apud

501 4745 696 4802 Deum.
734 4747 996 4804 Hortatur
1032 4764 1159 4820 ergo
1198 4753 1383 4818 gentes
1427 4745 1495 4801 ad
1534 4744 1676 4801 hanc
1706 4745 1831 4803 ﬁdei
1873 4745 2100 4801 ﬁrmita-

500 4842 613 4891 tem
662 4836 803 4907 (13),
862 4845 923 4892 ut
983 4836 1081 4892 Dei
1141 4834 1560 4908 promissionem
1618 4842 1671 4890 et
1721 4835 1951 4907 gratiam
1984 4834 2103 4890 sine

504 4923 690 4996 aliqua
718 4922 1073 4995 ambiguitate
1093 4924 1422 4995 suscipiant,
1443 4924 1623 4981 securi
1646 4924 1901 4996 exemplo
1932 4924 2101 4980 Abra-

510 5009 616 5081 hae,
650 5012 780 5085 quia
809 5012 937 5070 inde
983 5014 1228 5069 credenti
1262 5014 1380 5069 laus
1408 5014 1629 5079 crescit,
1660 5013 1706 5069 si
1736 5012 1884 5085 quod
1914 5012 2104 5069 incre-

577 5156 694 5229 (13)
734 5156 951 5214 Cocdex
985 5156 1175 5223 Corb.,
1204 5159 1275 5213 ad
1308 5158 1442 5212 hane
1464 5157 1589 5229 ﬁdei
1615 5157 1937 5228 dignitatem.

577 5229 696 5301 (14)
728 5229 1011 5301 Nonnulli
1034 5245 1190 5294 mss.,
1220 5236 1419 5299 quanto
1447 5231 1666 5284 stultum
1681 5236 1925 5299 putatur.

580 5299 698 5370 (15)
730 5302 887 5357 Rom.
953 5300 1112 5370 edit.,
1158 5302 1408 5356 Homines
1449 5307 1623 5356 autem
1660 5301 1800 5355 circa
1844 5299 2107 5355 rationem

507 5373 689 5427 carnis
723 5371 961 5427 studiosi.

581 5444 698 5523 (16)
732 5445 857 5502 Vet.
890 5442 1021 5523 edit.
1047 5443 1333 5523 pluresque
1365 5461 1521 5523 mss._,
1552 5445 1692 5515 quod
1719 5442 2105 5523 uouerejitur,

505 5514 756 5596 quidam,
784 5516 943 5596 quod
982 5531 1089 5596 non
1121 5514 1358 5596 crediti
1386 5514 1596 5596 melius
1626 5523 1721 5571 aut
1753 5514 2105 5596 edit._.l_tom.,

506 5586 649 5657 quod
677 5584 931 5655 creditur,
964 5593 1063 5643 aut
1086 5584 1207 5642 cod.
1232 5585 1426 5655 Mich.,
1457 5588 1596 5657 quod
1620 5604 1756 5642 nunc
1782 5585 2034 5641 creditur.

580 5655 698 5726 (17)
734 5658 814 5712 lta
842 5675 972 5715 mss.
1025 5660 1212 5730 plures
1239 5674 1303 5715 ac
1330 5655 1568 5731 potiores
1594 5675 1606 5714 :
1640 5657 1735 5714 alii
1764 5665 1943 5714 tamen
1974 5674 2108 5714 non-

2229 3207 2385 3279 digni
2428 3215 2559 3264 sunt
2614 3209 2943 3279 nuncupari.
2989 3209 3094 3264 Pro
3131 3208 3349 3266 inﬁnita
3395 3210 3539 3266 enim
3585 3210 3834 3282 magniﬁ-

2230 3296 2413 3352 centia
2431 3313 2529 3353 sua
2552 3299 2697 3352 Deus
2718 3295 2825 3352 hoc
2839 3297 3068 3352 donavit
3087 3297 3443 3369 diligentibus
3470 3315 3549 3366 se,
3571 3298 3716 3370 quod
3734 3316 3835 3355 sua

2228 3384 2458 3456 dignum
2489 3395 2570 3442 est
2593 3385 2896 3458 majestate,
2924 3403 3037 3441 non
3058 3387 3203 3459 quod
3225 3387 3477 3443 homines
3499 3398 3831 3457 mereantur,

2225 3473 2357 3544 quia
2385 3473 2442 3528 in
2471 3473 2621 3530 dono
2668 3474 2844 3546 magis
2880 3475 3064 3532 dantis
3102 3492 3264 3549 quam
3295 3476 3615 3549 accipientis
3652 3476 3837 3533 consi-'

2226 3561 2452 3617 deratur
2484 3563 2823 3633 sublimitas,
2852 3573 2906 3621 et
2931 3581 3000 3620 ex
3019 3581 3084 3620 eo
3105 3566 3227 3638 plus
3256 3567 3456 3639 accipit
3475 3567 3674 3635 laudis,
3701 3583 3830 3622 cum

2222 3651 2473 3723 parvulis
2504 3669 2702 3725 magna
2730 3654 2875 3711 dona
2904 3654 3133 3726 largitur
3153 3671 3248 3727 per
3267 3655 3569 3723 Christum,
3602 3655 3699 3728 qui
3727 3671 3826 3711 no-

2219 3740 2322 3797 stri
2356 3757 2522 3799 causa
2549 3742 2727 3800 occidi
2771 3760 2829 3799 se
2861 3759 3052 3815 passus
3088 3750 3188 3810 est,
3212 3751 3276 3799 ut
3293 3760 3413 3814 nos,
3444 3744 3572 3801 data
3589 3743 3769 3811 venia,
3798 3759 3833 3799 a

2220 3832 2463 3888 secunda
2478 3840 2655 3888 morte
2679 3842 2912 3899 erueret,
2937 3832 2991 3888 id
3012 3840 3115 3901 est,
3138 3850 3168 3888 a
3189 3850 3349 3905 paena
3370 3834 3575 3889 inferni
3598 3850 3609 3888 :
3638 3842 3690 3889 et
3708 3848 3828 3888 sur-

2218 3920 2383 3989 rexit,
2408 3928 2469 3976 ut
2487 3938 2582 3991 per
2602 3922 2853 3978 laetitiam
2875 3921 3149 3993 triumphi
3172 3923 3282 3995 (17)
3304 3921 3699 3978 mortisevictaa
3710 3938 3828 3993 gra-

2216 4009 2349 4064 tiam
2399 4010 2561 4066 nobis
2601 4009 3020 4082 justiﬁcationis
3068 4010 3316 4077 donaret,
3366 4020 3429 4067 ut
3479 4010 3631 4084 digni
3682 4024 3822 4065 esse-

2217 4113 2339 4154 mus
2367 4098 2478 4154 dici
2507 4098 2610 4154 ﬁlii
2631 4099 2751 4155 Dei.
2774 4100 2918 4155 Ante
2943 4100 3252 4171 passionem
3270 4100 3416 4155 enim
3439 4101 3535 4173 qui
3562 4099 3829 4172 baptizati

2214 4196 2364 4256 sunt,
2382 4188 2552 4244 solam
2576 4188 2953 4244 remissionem
2974 4198 3302 4261 acceperunt
3320 4198 3665 4261 peccatorum
3695 4206 3829 4262 quo-

2212 4294 2336 4333 rum
2356 4278 2473 4333 zelo
2507 4278 2732 4333 Satanas
2762 4278 2966 4335 occidit
3007 4278 3345 4335 Salvatorem
3381 4297 3392 4335 :
3434 4288 3555 4351 post
3586 4296 3826 4336 resurre-

2217 4369 2456 4424 ctionem
2489 4384 2620 4424 vero
2650 4377 2762 4424 tam
2798 4369 2842 4425 ii
2866 4368 2961 4442 qui
2983 4370 3157 4440 prius,
3188 4386 3350 4443 quam
3392 4371 3481 4427 isti
3514 4372 3607 4442 qui
3639 4383 3827 4443 postea

2214 4458 2477 4530 haptizati
2491 4467 2621 4515 sunt
2637 4474 2829 4514 omnes
2835 4458 3125 4531 justiﬁcati
3139 4467 3268 4516 sunt
3280 4476 3375 4532 per
3388 4460 3568 4515 datam
3588 4460 3823 4516 formam

2134 4518 2182 4577 Β
2216 4518 2310 4610 δέ
2340 4548 2469 4605 ﬁdei
2499 4550 2807 4619 Trinitatis,
2832 4518 3171 4624 acceptoque
3192 4518 3404 4624 Spiritu
3425 4562 3614 4609 sancto
3633 4552 3725 4626 qui
3751 4554 3825 4608 si~

2211 4663 2378 4720 gnum
2409 4655 2490 4702 est
2517 4648 2886 4716 credentium,
2909 4648 3058 4721 quod
3083 4649 3309 4705 sintﬁlii
3331 4648 3451 4705 Dei.
3471 4649 3543 4703 Et
3562 4656 3623 4704 ut
3641 4648 3708 4704 ad
3729 4666 3823 4705 cu-

2211 4736 2425 4792 mulum
2439 4736 2598 4792 nobis
2610 4735 3026 4807 justiﬁcationis
3042 4738 3352 4810 proﬁceret,
3374 4753 3665 4811 resurgens
3684 4755 3823 4809 prai-

2211 4826 2385 4899 ceptis
2396 4826 2511 4883 suis
2524 4827 2907 4883 auctoritatem
2925 4828 3150 4896 tribuit;
3170 4836 3231 4884 ut
3248 4844 3437 4884 eorum
3455 4827 3643 4883 aemuli
3659 4827 3820 4882 meri-

2212 4917 2286 4973 tis
2313 4932 2608 4988 augeamus
2619 4932 2739 4984 nos,
2759 4933 2857 4989 per
2872 4933 2994 4989 quae
3011 4917 3240 4990 gloriam
3261 4917 3467 4989 adepti,
3489 4917 3623 4973 clari
3653 4932 3819 4987 appa-

2212 5024 2431 5063 reamus
2450 5007 2510 5063 in
2540 5024 2707 5080 regno
2726 5007 2850 5077 Dei,
2872 5007 2975 5066 hac
2993 5007 3198 5065 ﬁducia
3222 5024 3330 5081 qua
3343 5005 3634 5079 justiﬁcati
3658 5004 3775 5078 (18)
3788 5024 3823 5063 a

2213 5153 2382 5223 nulli,
2405 5161 2458 5210 et
2496 5168 2688 5209 omnes
2726 5150 2886 5220 edit.,
2910 5157 2970 5207 ut
2990 5168 3095 5224 pro
3128 5151 3311 5208 laetitia
3352 5150 3645 5223 triumphi:
3674 5166 3821 5206 unus

2207 5244 2325 5299 pra:
2353 5226 2537 5299 laetitia
2558 5224 2832 5299 triumphi.

2289 5298 2407 5369 (18)
2449 5297 2652 5369 Omnes
2702 5292 2834 5351 edit.
2886 5310 2951 5351 ac
2997 5293 3220 5369 quidam
3261 5310 3414 5369 mss,
3465 5294 3683 5349 (amulos
3722 5309 3819 5369 uos

2213 5364 2310 5424 hac
2353 5364 2550 5441 fiducia
2587 5367 2802 5437 faceret,
2841 5383 2940 5439 per
2973 5364 3147 5441 quani
3190 5364 3567 5441 justiﬁcemur,
3614 5364 3819 5441 meritis

2213 5458 2309 5495 nos
2353 5435 2681 5511 augerenius,
2730 5435 3035 5511 per’quam
3091 5435 3273 5511 (Rom.
3318 5435 3463 5511 edit.
3507 5435 3820 5511 meritisque

2214 5508 2525 5583 augeamur,
2557 5517 2605 5566 et
2638 5508 3348 5583 tandein)’glor_iam_udepti,
3378 5508 3523 5583 clari
3541 5524 3818 5583 apparea—

2216 5578 2331 5638 παῖε
2359 5583 2417 5637 in
2455 5578 2616 5654 regno
2658 5582 2757 5638 Dei
2775 5599 2804 5654 ;_
2834 5578 2964 5654 quia
2998 5578 3302 5651 justiﬁmti,
3345 5588 3449 5638 etc.
3492 5578 3597 5636 Sed
3638 5578 3816 5635 multo

2214 5651 2559 5712 commodius
2587 5653 2682 5710 alii
2707 5651 2924 5711 codfut
2950 5651 3008 5707 in
3036 5658 3320 5710 contextu.
