4136 6194
345 328 412 387 93
1444 332 1808 391 COMMENT.
1848 334 1921 392 IN
1958 333 2177 391 EPIST.
2218 334 2314 390 AD
2353 335 2521 392 ROM.
3571 343 3642 402 9i.

344 460 509 511 morte
536 455 710 510 teneri
738 471 851 511 non
882 456 1171 528 possimus.
1209 455 1466 514 Passione
1490 458 1638 514 enim
1670 457 1934 515 Salvato-
1960 466 2012 526 Α

340 544 412 600 ris
440 543 581 600 victa
609 560 776 613 mors,
826 562 947 618 qua;
983 546 1134 618 prius
1163 564 1327 605 causa
1355 549 1565 620 peccati
1588 548 1924 606 dominaba-

339 641 444 705 tur,
467 633 797 706 justiﬁcatos
823 636 893 693 ab
916 653 981 693 eo
1010 637 1248 695 retinere
1274 655 1386 695 non
1414 639 1602 697 audet.
1692 712 1705 717 _

959 852 1192 911 CAPUT
1232 854 1302 911 V.

401 1037 582 1107 (Vers.
622 1037 701 1107 l.)
758 1059 777 1083 ι
816 1035 1110 1092 Justiﬁcati
1142 1035 1314 1107 igitur
1341 1051 1409 1091 ex
1438 1035 1567 1105 fide,
1596 1052 1781 1107 pacem
1817 1036 1928 1091 ha-

328 1126 554 1182 beamus
599 1124 670 1180 ad
712 1127 891 1181 Deum
948 1142 1046 1197 per
1091 1125 1389 1181 Dominum
1439 1132 1688 1181 nostrum
1739 1124 1924 1180 Iesum

327 1214 634 1273 Christum.
663 1240 682 1263 ι
724 1216 920 1271 Pacem
950 1231 1076 1271 cum
1110 1216 1223 1270 Deo
1254 1214 1456 1270 habere
1475 1213 1613 1270 ﬁdes
1633 1213 1789 1281 facit,
1812 1229 1925 1270 non

327 1305 420 1360 lex
452 1324 467 1373 ;
500 1306 617 1362 haec
644 1306 789 1359 enim
822 1320 927 1360 nos
954 1306 1066 1359 Deo
1096 1304 1433 1372 reconciliat,
1462 1303 1696 1361 sublatis
1725 1319 1925 1375 pecca-

324 1395 417 1462 tis,
453 1411 575 1466 quaa
603 1411 702 1449 nos
732 1396 847 1449 Deo
876 1393 1117 1449 fecerant
1145 1380 1424 1451 inimicos.
1465 1395 1537 1450 Et
1567 1394 1697 1466 quia
1724 1394 1927 1449 Domi-

324 1508 428 1548 nus
455 1493 611 1548 Jesus
636 1492 802 1563 hujus
825 1493 1011 1565 gratia;
1029 1492 1283 1549 minister
1310 1502 1410 1561 est,
1443 1508 1539 1565 per
1567 1492 1747 1564 ipsum
1782 1491 1927 1564 paci-

322 1582 468 1639 ﬁcati
498 1600 689 1640 sumus
716 1585 831 1639 Deo
856 1601 867 1638 :
919 1582 1097 1651 major
1125 1583 1274 1637 enim
1304 1582 1461 1651 ﬁdes,
1486 1599 1651 1654 quam
1682 1582 1773 1638 lex
1800 1591 1882 1638 est
1905 1601 1919 1645 ;

322 1670 409 1727 lex
431 1673 581 1727 enim
608 1680 795 1728 nostra
824 1689 987 1729 causa
1016 1679 1119 1737 est,
1152 1671 1287 1727 ﬁdes
1320 1672 1419 1727 Dei
1445 1689 1457 1727 :
1493 1682 1547 1728 et
1578 1673 1666 1727 lex
1695 1672 1763 1727 ad
1789 1688 1923 1744 prae-

319 1768 529 1817 sentem
558 1760 913 1835 disciplinam
944 1760 1199 1833 pertinet,
1252 1760 1384 1816 ﬁdes
1422 1776 1554 1816 vero
1591 1760 1660 1815 ad
1690 1761 1920 1816 salutem

319 1859 661 1925 perpetuam.
694 1851 801 1908 Sed
843 1851 939 1923 qui
986 1850 1053 1906 de
1097 1849 1318 1906 Christo
1366 1867 1476 1906 non
1515 1850 1591 1905 ita
1631 1850 1817 1918 sentit,
1858 1858 1921 1906 ut

319 1941 504 2009 debet,
553 1940 622 1996 ad
653 1941 781 1997 ﬁdei
814 1941 1038 2012 praemia
1085 1957 1197 1997 non
1222 1941 1422 2013 poterit
1450 1939 1758 2013 pervenire,
1789 1939 1921 2013 quia

317 2030 451 2086 ﬁdei
482 2046 595 2086 non
626 2037 775 2087 tenet
802 2030 1113 2085 veritatem.

391 2138 581 2212 (Vers.
614 2139 696 2210 2.)
742 2163 761 2185 ‹
796 2139 899 2195 Per
926 2154 1088 2212 quem
1119 2147 1176 2195 et
1212 2142 1489 2195 accessum
1520 2137 1788 2194 habemus
1824 2152 1920 2210 per

318 2228 481 2285 ﬁdem
528 2228 587 2283 in
629 2229 859 2302 gratiam
892 2229 1052 2286 istam
1097 2229 1154 2284 in
1202 2245 1309 2302 qua
1339 2237 1567 2296 stamus,
1615 2236 1670 2285 et
1707 2227 1919 2300 gloria-

317 2334 441 2373 mur
470 2318 534 2373 in
564 2334 657 2389 spe
703 2317 890 2390 glorise
920 2317 1165 2373 ﬁliorum
1212 2319 1329 2375 Dei.
1384 2343 1401 2366 ι
1456 2317 1807 2373 Manifestum
1838 2325 1920 2372 est

317 2423 410 2478 per
453 2406 742 2464 Christum
787 2424 887 2463 nos
933 2406 1144 2463 aditum
1192 2406 1393 2463 habere
1424 2408 1492 2463 ad
1523 2408 1752 2479 gratiam
1782 2409 1915 2475 Dei;

319 2493 432 2566 ipse
462 2496 618 2551 enim
658 2504 741 2552 est
767 2496 974 2552 arbiter
1005 2496 1104 2552 Dei
1134 2505 1187 2552 et
1220 2496 1532 2565 hominum,
1563 2497 1659 2569 qui
1689 2512 1788 2552 nos
1817 2495 1919 2552 do-

315 2584 503 2640 ctrina
531 2602 628 2641 sua
670 2585 905 2658 erigens,
933 2602 1150 2658 sperare
1178 2585 1310 2642 fecit
1337 2584 1546 2641 donum
1577 2585 1765 2657 gratiae
1797 2585 1920 2652 Dei,

317 2682 528 2731 stantes
558 2674 615 2729 in
658 2674 767 2730 ﬁde
809 2673 945 2746 ejus.
981 2674 1110 2731 Ideo
1139 2683 1365 2743 stantes,
1415 2674 1545 2748 quia
1571 2674 1723 2747 prius
1745 2673 1921 2747 jacui-

319 2780 474 2819 mus:
536 2762 820 2820 credentes
864 2772 1043 2821 autem
1077 2765 1243 2821 erecti
1272 2782 1484 2834 sumus,
1539 2765 1837 2838 gloriantes
1866 2764 1923 2819 in

316 2870 410 2926 spe
441 2855 732 2925 claritatis,
755 2872 916 2929 quam
948 2856 1202 2928 promisit
1233 2859 1380 2913 Deus
1408 2857 1589 2914 nobis.

388 2962 577 3034 (Vers.
607 2962 685 3035 3.)
737 2988 755 3009 ι
788 2965 909 3020 Non
942 2965 1121 3020 solum
1154 2971 1355 3031 autem,
1392 2962 1488 3019 sed
1526 2970 1580 3018 et
1626 2962 1929 3035 gloriamur

316 3054 375 3110 in
404 3054 866 3112 tribulationibus
896 3055 1122 3111 nostris.
1169 3080 1187 3103 -
1242 3054 1516 3122 Quoniam
1565 3069 1660 3125 per
1699 3053 1928 3110 tribula-

316 3146 505 3202 tiones
532 3153 749 3218 oportet
776 3162 877 3201 nos
909 3145 1113 3201 intrare
1140 3145 1198 3200 in
1234 3162 1462 3217 regnum
1492 3144 1590 3201 Dei
1624 3146 1770 3217 (Act.
1807 3162 1924 3214 xlv,

317 3234 444 3303 2t),
494 3234 617 3289 ideo
659 3243 712 3290 et
763 3234 821 3289 in
854 3234 943 3289 his
988 3233 1337 3305 gloriandum
1367 3234 1545 3291 docet.
1577 3234 1713 3305 Spei‘
1748 3243 1928 3290 autem

313 3321 514 3377 addita
557 3321 842 3379 tribulatio
872 3330 1226 3396 augmentum
1274 3324 1409 3379 facit
1455 3324 1703 3395 praemii;
1759 3323 1928 3380 index

312 3412 466 3467 enim
499 3412 626 3468 fixae
655 3413 769 3485 spei
803 3413 1086 3469 tribulatio
1116 3421 1217 3482 est,
1245 3429 1366 3486 qua;
1398 3413 1775 3469 testimonium
1808 3429 1925 3484 per-

314 3500 471 3556 hibet
500 3500 570 3557 ad
594 3517 874 3557 coronam.
910 3502 1063 3558 Unde
1092 3502 1363 3558 Dominus
1392 3501 1471 3558 ait
1500 3519 1511 3555 :
1573 3526 1591 3549 ι
1624 3502 1775 3558 Beati
1805 3503 1924 3558 eri—

313 3592 403 3659 tis,
455 3609 586 3647 cum
614 3610 712 3648 vos
742 3601 1159 3667 persequentur,
1206 3600 1262 3649 et
1303 3592 1492 3649 dicent
1520 3608 1683 3649 omne
1714 3593 1921 3649 malum

310 3683 605 3738 adversum
653 3700 752 3739 vos
804 3692 1028 3756 propter
1064 3682 1340 3755 justitiam
1390 3682 1508 3738 Dei.
1569 3683 1814 3739 Gaudete
1867 3690 1923 3740 et

308 3773 587 3828 exsultate
619 3789 630 3827 :
673 3789 799 3829 ecce
843 3773 989 3828 enim
1035 3773 1257 3845 copiosa
1293 3780 1375 3828 est
1404 3786 1611 3829 merces
1649 3779 1831 3828 vestra
1860 3772 1919 3828 in

307 3863 442 3918 caelo
478 3863 698 3927 (Matth.
730 3881 787 3932 v,
820 3863 905 3930 11,
942 3862 1056 3934 12).
1092 3888 1111 3912 ι
1166 3862 1530 3920 Contemnere
1577 3863 1726 3918 enim
1769 3879 1919 3935 prae-

306 3952 511 4019 sentia,
568 3959 623 4007 et
665 3969 787 4025 qua;
826 3952 1231 4009 oblectamento
1277 3960 1427 4021 sunt,
1468 3960 1523 4008 et
1577 3952 1634 4008 in
1664 3968 1919 4023 pressura

309 4056 414 4096 non
456 4040 662 4098 cedere
717 4059 813 4115 spe
862 4042 1178 4099 futurorum
1232 4043 1413 4114 magni
1446 4041 1629 4098 meriti
1661 4051 1743 4099 est
1769 4041 1916 4115 apud

308 4127 507 4185 Deum.
559 4129 797 4204 Ideoque
827 4132 883 4186 in
915 4130 1369 4187 tribulationibus
1414 4130 1761 4204 gloriandum
1792 4138 1909 4187 est:

308 4217 432 4287 quia
460 4225 625 4274 tanto
654 4222 779 4291 plus
806 4228 1158 4293 accepturum
1189 4237 1246 4277 se
1274 4219 1469 4288 credit,
1499 4227 1706 4293 quanto
1739 4220 1795 4275 in
1816 4219 1911 4275 tri-

305 4302 595 4363 bulatione
622 4324 679 4364 se
710 4309 915 4366 viderit
945 4310 1252 4367 fortiorem.

392 4436 410 4459 ι
439 4413 690 4472 Scientes
710 4416 859 4489 quod
896 4416 1183 4473 tribulatio
1214 4415 1533 4488 patientiam
1563 4424 1843 4488 operatur.
1878 4440 1896 4463 υ

310 4502 422 4559 Hoc
451 4513 538 4560 est
575 4506 993 4563 tribulationem
1040 4506 1361 4579 patientiam
1392 4506 1628 4577 operari,
1658 4506 1703 4561 si
1736 4505 1907 4561 tribu-

313 4591 440 4649 latio
471 4594 594 4666 ipsa
614 4603 826 4652 motum
857 4613 967 4653 non
999 4596 1240 4668 patiatur
1269 4594 1612 4651 inﬁrmitatis
1639 4601 1733 4650 aut
1752 4593 1912 4650 dubi-

316 4682 564 4739 tationis.

381 4789 570 4861 (Vers.
597 4789 678 4864 4.)
726 4815 744 4839 ι
774 4792 1046 4849 Patientia
1072 4800 1255 4849 autem
1286 4793 1686 4867 probationem.
1722 4819 1740 4841 ι
1782 4793 1908 4849 Ma-

306 4876 570 4936 nifestum
615 4887 697 4936 est
740 4881 870 4953 quia
919 4882 1203 4955 patientia,
1246 4883 1293 4939 si
1323 4883 1450 4940 talis
1491 4882 1662 4940 fuerit
1690 4882 1909 4955 qualem

304 4963 575 5038 diximus,
603 4969 765 5026 ﬁrma
793 4970 1077 5028 videbitur
1096 4971 1370 5044 probatio.

386 5098 405 5121 ι
436 5076 700 5133 Probatio
728 5085 912 5135 autem
939 5095 1109 5150 spem.
1146 5105 1165 5128 ι
1225 5082 1359 5154 Spes
1385 5080 1444 5137 in
1478 5097 1542 5138 eo
1573 5080 1669 5153 qui
1699 5078 1909 5152 proba-

303 5171 391 5219 tus
423 5165 667 5234 videtur,
717 5183 829 5224 non
884 5168 1164 5226 immerito
1211 5170 1453 5228 dicitur:
1515 5170 1716 5242 dignus
1756 5168 1906 5225 enim

301 5252 528 5325 scietur,
579 5265 904 5330 accepturus
950 5261 1450 5319 remunerationem
1480 5261 1539 5318 in
1584 5275 1753 5334 regno
1782 5260 1903 5317 Dei.

404 5544 492 5614 19)
525 5545 684 5601 Rom.
729 5544 890 5613 edit.,
943 5546 1083 5602 Nam
1128 5548 1257 5602 dum
1304 5552 1450 5614 apud
1494 5551 1724 5607 homines
1766 5553 1905 5608 mori

304 5613 604 5693 uidebatur,
634 5618 898 5693 illeupud
926 5616 1149 5693 inferos,
1189 5626 1292 5693 etc.
1335 5613 1468 5693 Yet.
1513 5622 1645 5679 edit.
1679 5640 1744 5679 ac
1772 5641 1900 5680 mss.

305 5688 446 5743 inter
474 5703 530 5744 se
562 5704 675 5745 non
703 5688 1040 5762 discrepant,
1091 5690 1204 5749 nisi
1240 5690 1389 5765 quod
1433 5708 1532 5765 pro
1558 5694 1904 5753 irreverentes

2121 468 2307 541 (Vers.
2333 460 2413 529 5.)
2460 483 2478 506 ι
2503 462 2633 536 Spes
2657 472 2843 522 autem
2864 480 2977 521 non
3014 464 3327 533 confundit,
3356 465 3485 538 quia
3512 466 3639 523 cha-

2034 559 2176 616 ritas
2221 558 2321 614 Dei
2352 557 2552 613 diffusa
2592 564 2675 613 est
2724 557 2781 612 in
2816 556 3079 613 cordibus
3112 557 3315 613 nostris
3345 572 3440 628 per
3467 556 3638 628 Spiri-

2032 656 2153 704 tum
2184 655 2460 714 sanctum,
2491 647 2585 719 qui
2613 646 2775 702 datus
2804 654 2885 702 est
2915 647 3093 702 nobis.
3122 672 3141 693 ι
3193 648 3325 718 Spes
3354 661 3465 700 non
3494 660 3638 700 con-

2034 736 2241 804 fundit,
2289 736 2422 791 dum
2455 736 2608 792 stulti
2653 743 2707 791 et
2734 735 2955 792 hebetes
2985 753 3016 792 a
3047 735 3270 808 perﬁdis
3295 735 3637 808 judicamur,

2036 823 2320 881 credentes
2372 839 2495 896 quae
2556 823 2837 879 mundana
2884 831 3071 880 carent
3109 825 3357 889 ratione;
3436 823 3638 895 pignus

2035 915 2184 970 enim
2240 913 2528 971 charitatis
2584 913 2683 969 Dei
2737 913 3004 969 habemus
3051 915 3107 969 in
3161 913 3322 969 nobis
3365 912 3636 985 Spiritum

2035 1010 2286 1061 sanctum
2316 1002 2506 1058 datum
2539 1002 2718 1057 nobis.
2753 1002 2941 1057 Fidele
2971 1002 3121 1057 enim
3158 1018 3269 1057 esse
3303 1002 3634 1073 promissum

2032 1092 2131 1148 Dei
2164 1092 2356 1164 probat
2381 1092 2620 1164 Spiritus
2648 1099 2872 1147 sanctus
2891 1091 3052 1146 datus
3072 1091 3354 1163 apostolis,
3371 1099 3424 1145 et
3453 1091 3634 1159 nobis,

2031 1180 2127 1252 qui
2158 1180 2436 1253 praestitit,
2467 1188 2528 1235 ut
2556 1180 2790 1236 diversis
2822 1180 3027 1251 linguis
3063 1179 3307 1250 imperiti
3350 1180 3635 1252 loqueren-

2030 1277 2123 1326 tur
2163 1269 2307 1339 (Act.
2339 1286 2403 1335 ιι,
2433 1268 2489 1337 li)
2546 1285 2672 1325 cum
2720 1268 3270 1340 interpretationibus
3323 1268 3392 1323 ad
3440 1267 3639 1324 conﬁr-

2034 1358 2291 1415 mandam
2332 1374 2503 1430 spem,
2541 1366 2604 1414 ut
2631 1365 2685 1413 et
2721 1358 3046 1415 charitatem
3076 1358 3177 1413 Dei
3224 1356 3638 1414 commendaret

2033 1444 2093 1499 in
2130 1444 2291 1500 nobis
2337 1463 2348 1500 :
2404 1452 2466 1501 ut
2494 1445 2621 1518 quia
2654 1445 2851 1501 charos
2880 1444 2998 1501 falli
3026 1443 3370 1516 impossibile
3405 1451 3509 1511 est,
3540 1459 3638 1498 se-

2032 1550 2196 1590 curos
2225 1550 2325 1589 nos
2356 1534 2557 1590 faceret
2584 1534 2651 1589 de
2680 1534 3080 1605 promissione:
3115 1533 3244 1605 quia
3274 1542 3328 1588 et
3360 1534 3505 1587 Deus
3528 1539 3630 1600 est,

2032 1623 2127 1695 qui
2163 1624 2439 1695 promisit,
2473 1632 2527 1678 et
2552 1624 2621 1679 iis
2651 1640 2791 1696 quos
2817 1623 3013 1680 charos
3046 1622 3246 1678 habere
3276 1622 3397 1676 vult
3429 1620 3632 1693 promi-

2029 1714 2138 1779 sit;
2172 1714 2303 1785 quia
2328 1714 2481 1769 enim
2512 1713 2641 1769 ﬁdei
2674 1721 2875 1769 nostrae
2906 1713 3176 1769 rationem
3195 1711 3440 1767 humana
3469 1709 3636 1766 verba

1955 1820 2000 1881 Β
2028 1817 2269 1857 asserere
2298 1818 2410 1858 non
2442 1804 2627 1859 valent
2674 1803 2783 1859 nisi
2827 1803 3099 1859 virtutum
3128 1800 3470 1866 testimonio,
3513 1815 3634 1872 quae

2027 1909 2154 1948 cum
2176 1900 2380 1961 tacent,
2402 1894 2668 1963 clamant,
2691 1892 3040 1949 rationabilis
3059 1893 3396 1965 approbatur
3415 1890 3483 1945 ad
3504 1905 3633 1946 con-

2029 1980 2303 2037 fusionem
2347 1981 2704 2054 prudentium
2748 1983 2983 2038 mundi:
3037 1983 3132 2055 qui
3178 1980 3409 2037 audacia
3437 1978 3632 2034 verbo-

2027 2086 2152 2125 rum
2206 2073 2440 2128 terrenis
2491 2073 2662 2129 armis
2710 2082 2902 2129 contra
2954 2072 3198 2129 coelestia
3248 2070 3538 2136 dimicant,
3576 2076 3634 2124 et

2026 2162 2341 2219 carnalibus
2355 2162 2620 2220 adversus
2646 2164 2941 2236 spiritalia,
2972 2173 3026 2221 et
3052 2162 3348 2234 prudentes
3365 2176 3422 2216 se
3446 2159 3631 2215 dicere

2027 2268 2139 2309 non
2169 2253 2519 2310 erubescunt.
2566 2255 2701 2310 Nam
2746 2254 2890 2310 sicut
2931 2252 3204 2325 peregrini
3247 2250 3493 2307 hominis
3526 2249 3632 2306 im'

2026 2342 2334 2415 probabilis
2361 2342 2517 2415 origo
2549 2343 2606 2398 in
2638 2352 2784 2399 terra
2813 2344 2992 2399 aliena
3028 2350 3132 2412 est,
3153 2342 3233 2399 ita
3260 2350 3315 2398 et
3342 2342 3473 2398 ﬁdei
3504 2358 3627 2397 nos-

2027 2440 2125 2489 tra:
2156 2433 2360 2490 veritas
2405 2435 2786 2505 peregrinatur
2828 2434 2886 2488 in
2928 2433 3121 2490 terris:
3170 2441 3226 2489 et
3272 2433 3403 2506 quia
3432 2439 3632 2488 natura

2028 2521 2146 2595 ejus
2175 2522 2359 2578 verbis
2400 2522 2667 2595 explicari
2715 2540 2827 2579 non
2858 2531 3055 2595 potest,
3092 2523 3336 2592 virtutis,
3369 2538 3490 2596 quas
3516 2536 3628 2578 ma-

2022 2611 2114 2685 jor
2132 2628 2217 2668 res
2244 2620 2351 2680 est,
2378 2612 2697 2669 testimonio
2719 2612 3157 2669 commendatur.

2104 2730 2287 2799 (Vers.
2348 2730 2383 2785 6
2429 2739 2484 2785 et
2537 2731 2616 2800 7.)
2685 2753 2703 2775 ι
2751 2730 2957 2801 thuid
2996 2731 3144 2786 enim
3174 2730 3446 2798 Christus,
3503 2748 3629 2787 cum

2033 2819 2218 2875 adhuc
2263 2827 2576 2891 peccatores
2616 2836 2878 2888 essemus,
2917 2821 3223 2876 secundum
3271 2828 3488 2893 tempus
3535 2838 3634 2893 pro

2035 2908 2224 2979 impiis
2263 2916 2515 2964 mortuus
2543 2916 2626 2964 est
2645 2909 2673 2964 ‘l
2730 2909 2840 2965 Vix
2871 2909 3019 2964 enim
3050 2925 3149 2981 pro
3170 2909 3322 2982 justo
3351 2910 3475 2983 quis
3506 2927 3633 2966 mo-

2036 2999 2179 3054 ritur
2206 3017 2220 3066 ;
2275 3015 2402 3054 nam
2435 3016 2533 3072 pro
2562 2999 2707 3056 bono
2734 3000 2965 3057 forsitan
3009 3001 3134 3072 quis
3161 3001 3359 3057 audeat
3386 3000 3576 3057 mori?
3600 3027 3618 3050 ι

2034 3088 2092 3146 Si
2122 3105 2220 3161 pro
2257 3094 2354 3152 53
2392 3088 2692 3145 incredulis
2736 3105 2799 3145 ac
2839 3092 2953 3146 Deo
2996 3090 3239 3147 inimicis
3280 3090 3535 3149 Christus
3562 3091 3631 3149 ad

1960 3184 2004 3245 C
2038 3195 2254 3261 tempus
2283 3187 2449 3244 morti
2494 3204 2551 3243 se
2594 3188 2766 3257 dedit,
2824 3188 2892 3244 ad
2942 3198 3158 3261 tempus
3202 3190 3350 3246 enim
3377 3198 3630 3248 mortuus

2038 3284 2140 3346 est,
2171 3277 2301 3351 quia
2323 3277 2487 3333 tertia
2529 3277 2619 3333 die
2649 3278 2969 3347 resurrexit,
3020 3286 3225 3352 quanto
3276 3280 3448 3352 magis
3502 3297 3629 3336 cum

2037 3368 2094 3424 in
2151 3368 2312 3424 illum
2354 3368 2649 3437 credimus,
2701 3370 2929 3425 auxiliis
2956 3370 3071 3426 suis
3102 3371 3314 3425 muniet
3343 3372 3490 3427 nos?
3543 3370 3631 3427 Ad

2036 3458 2141 3515 hoc
2193 3458 2341 3515 enim
2402 3475 2502 3531 pro
2552 3458 2712 3514 nobis
2744 3467 2995 3515 mortuus
3042 3468 3142 3529 est,
3193 3469 3255 3516 ut
3282 3467 3336 3515 et
3366 3459 3537 3515 vitam
3577 3469 3631 3517 et

2033 3550 2263 3623 gloriam
2318 3550 2479 3607 nobis
2514 3551 2839 3623 acquireret.
2896 3552 3083 3625 Itaque
3136 3552 3182 3607 si
3236 3568 3335 3624 pro
3384 3550 3631 3608 inimicis

2032 3645 2283 3696 mortuus
2311 3649 2414 3709 est,
2466 3651 2732 3715 quantum
2764 3650 2983 3715 praestet
3012 3643 3227 3709 amicis,
3264 3642 3425 3700 debet
3453 3642 3629 3699 intel-

2031 3728 2147 3801 ligi.
2180 3730 2342 3802 Apud
2372 3730 2625 3789 homines
2654 3749 2802 3805 ergo,
2844 3733 2903 3789 id
2932 3742 3031 3800 est,
3076 3733 3379 3789 secundum
3411 3741 3630 3805 tempus

2029 3820 2170 3876 mori
2221 3823 2375 3878 visus
2404 3830 2531 3891 est;
2578 3824 2673 3879 ille
2710 3824 2859 3880 enim
2914 3823 3059 3896 apud
3116 3824 3321 3881 inferos
3354 3825 3473 3896 (19)
3529 3841 3629 3897 pro

2028 3916 2203 3971 salute
2254 3915 2563 3972 animarum
2606 3915 2968 3973 irreverentes
3013 3924 3069 3972 et
3114 3932 3350 3989 nequam
3396 3916 3629 3988 Spiritus

2020 4003 2328 4076 judicabat.
2370 4006 2638 4078 Tempora
2683 4006 2741 4061 in
2788 4006 2996 4063 mundo
3038 4013 3190 4073 sunt,
3238 4005 3333 4060 ubi
3364 4005 3542 4059 oritur
3573 4012 3628 4059 et

2024 4092 2231 4149 occidit
2278 4094 2383 4163 sol,
2449 4102 2504 4150 et
2569 4096 2700 4151 luna
2756 4096 3157 4153 incrementum
3211 4101 3266 4148 et
3329 4089 3625 4146 detrimen-

2021 4190 2142 4238 tum
2193 4184 2309 4256 (20)
2368 4184 2523 4252 facit,
2573 4192 2627 4240 et
2673 4184 2790 4240 dies
2842 4192 2898 4238 et
2939 4199 3051 4237 nox
3100 4181 3155 4235 in
3201 4188 3348 4237 statu
3383 4196 3483 4235 suo
3512 4195 3625 4236 non

2021 4282 2408 4345 perseverant;
2450 4289 2537 4329 res
2579 4273 2727 4328 enim
2776 4289 2898 4346 quae
2935 4270 3174 4342 tempori
3214 4278 3267 4327 et
3310 4270 3457 4327 aetati
3498 4271 3625 4328 sub-

2014 4361 2161 4434 jecta
2188 4372 2288 4430 est,
2333 4362 2618 4419 mutabilis
2659 4378 2876 4435 semper
2901 4368 3004 4418 est.
3052 4361 3193 4419 Huic
3224 4378 3353 4435 ergo
3384 4362 3625 4434 tempori

2020 4451 2276 4510 Christus
2305 4460 2557 4508 mortuus
2587 4460 2688 4520 est,
2739 4452 2873 4509 dum
2902 4451 3136 4509 excessit
3163 4467 3192 4507 e
3230 4469 3479 4525 corpore.
3518 4450 3623 4509 Ubi

1937 4548 1985 4607 D
2019 4549 2205 4597 autem
2234 4550 2454 4615 tempus
2484 4559 2596 4598 non
2620 4551 2703 4599 est
2729 4553 2782 4600 et
2812 4551 2963 4612 aetas,
2987 4542 3065 4599 ibi
3084 4559 3195 4598 non
3224 4544 3404 4598 solum
3434 4543 3618 4610 vivus,

2021 4630 2114 4685 sed
2153 4639 2209 4687 et
2238 4631 2419 4688 victor
2450 4640 2699 4703 repertus
2714 4640 2825 4695 ,est.
2856 4631 3000 4688 Hinc
3027 4632 3207 4687 voluit
3226 4632 3485 4689 affectum
3506 4632 3620 4688 Sal-

2019 4718 2228 4775 vatoris
2264 4737 2391 4792 erga
2441 4737 2543 4777 nos
2587 4721 2993 4788 commendare,
3054 4737 3181 4777 cum
3229 4720 3411 4777 dicit:
3457 4745 3476 4768 ι
3510 4722 3621 4779 Vix

2019 4824 2118 4880 pro
2141 4807 2292 4881 justo
2319 4811 2444 4882 quis
2473 4812 2743 4879 moritur;
2796 4837 2813 4860 ι
2874 4810 3130 4869 Christus
3158 4817 3342 4866 autem
3391 4828 3489 4883 pro
3519 4811 3619 4866 im-

2018 4897 2126 4970 piis
2154 4906 2406 4956 mortuus
2451 4909 2553 4957 est.
2603 4901 2659 4958 Si
2717 4902 2865 4958 enim
2914 4917 3013 4974 pro
3062 4899 3214 4973 justo
3257 4901 3359 4956 vix
3418 4900 3620 4973 aliquis

2017 4990 2272 5058 moritur,
2323 5005 2423 5061 pro
2454 4989 2641 5062 impiis
2681 4989 2959 5063 quomodo
3004 4998 3184 5061 potest
3223 4989 3344 5045 ﬁeri
3393 4998 3454 5046 ut
3493 4988 3619 5062 quis

2017 5078 2327 5136 moriatur?
2382 5080 2453 5135 Et
2498 5080 2545 5136 si
2594 5096 2693 5152 pro
2727 5079 2875 5135 bono
2916 5096 3030 5135 uno
3075 5080 3217 5135 forte
3263 5079 3462 5136 audeat
3492 5078 3617 5151 quis

2016 5168 2178 5237 mori,
2209 5175 2303 5225 aut
2332 5169 2473 5225 forte
2517 5185 2628 5225 non
2663 5168 2880 5236 audeat,
2908 5168 3038 5242 quia
3067 5175 3362 5242 utrumque
3390 5165 3615 5223 difficile

2014 5272 2130 5313 esse
2176 5256 2497 5329 signiﬁcat:
2550 5256 3015 5330 quemadmodum
3064 5257 3244 5316 videri
3295 5262 3493 5331 potest,
3553 5262 3614 5311 ut

2013 5551 2213 5624 legitur
2242 5551 2301 5608 in
2330 5552 2636 5622 nonnullis,
2659 5544 2969 5609 reverenter.

2086 5619 2395 5701 (20)__Bom.
2447 5619 2628 5701 edi_t_._,'
2654 5632 2703 5679 et
2742 5619 3321 5701 decuenwntumqlnfra
3351 5637 3480 5680 vero
3512 5642 3607 5698 pro

2011 5692 2305 5767 mutabilis,
2334 5697 2590 5753 nonnulli
2622 5712 2753 5755 mss.
2785 5694 2990 5752 habent
3018 5692 3282 5750 mortalis.
