4150 6194
469 318 543 377 95
1474 319 1572 376 AD
1610 319 1846 377 omna
1882 320 1938 377 s.
1979 318 2312 379 AMBROSII
2349 292 2728 382 APPENDIX.

3721 337 3795 394 96

471 446 672 504 audeat
731 446 933 519 aliquis
983 464 1081 520 pro
1126 448 1427 503 multorum
1481 448 1858 521 impietatibus
1901 448 2153 508 mori.‘A
2187 450 2509 521 abnuentes,
2560 461 2623 510 ut
2664 454 2724 510 in
2768 456 3051 529 proposito
3095 459 3297 516 erroris
3342 468 3396 516 et
3423 460 3789 533 malignitatis

472 541 702 598 Etenim
734 540 779 596 si
802 541 925 614 quis
954 557 1052 612 pro
1071 540 1224 613 justo
1252 549 1346 597 aut
1365 542 1509 598 bono
1530 540 1727 596 audeat
1748 541 1889 597 forte
1906 542 2068 612 mori,

474 631 829 688 miseratione
880 629 1113 704 quadam
1157 631 1392 698 illectus,
1441 639 1534 686 aut
1572 630 1767 686 aﬂ‘ectu
1798 630 2073 687 bonorum

474 739 702 795 operum
734 722 896 794 ejus;
947 738 1046 793 pro
1085 721 1271 793 impiis
1320 738 1447 777 vero
1502 737 1613 777 non
1673 723 1877 793 solum,
1927 724 2074 797 quod

471 812 699 867 suadeat
727 813 889 879 mori,
921 811 1091 878 deest,
1148 811 1242 867 sed
1272 820 1326 867 et
1355 812 1501 883 quod
1549 811 1607 866 in
1638 811 1912 884 lacrymas
1948 830 2074 885 pro-

471 909 649 957 vocet.
706 901 959 959 Christus
1011 910 1190 957 autem
1242 909 1495 957 mortuus
1539 909 1622 957 est
1650 919 1748 973 pro
1780 902 2074 975 impietati-

470 990 574 1046 bus
617 990 826 1063 populi,
867 997 919 1045 et
964 989 1146 1047 adhuc
1174 1007 1285 1047 non
1332 990 1416 1045 sui
1461 990 1602 1062 (21),
1647 999 1711 1045 ut
1739 992 1925 1046 omnia
1955 1008 2075 1064 quae

470 1079 710 1134 mundus
750 1078 972 1147 diﬂidit,
1012 1080 1214 1135 faceret
1249 1077 1557 1135 credibilia.
1602 1080 1752 1135 Duos
1799 1096 1927 1152 ergo
1959 1097 2074 1153 gra-

469 1166 573 1222 dus
621 1166 774 1235 fecit,
817 1166 956 1239 justi
1009 1177 1064 1223 et
1106 1166 1298 1228 boni:
1355 1167 1611 1240 quamvis
1641 1167 1789 1222 enim
1819 1168 2075 1241 etjustus

468 1253 645 1311 bonus
689 1256 956 1313 dicendus
1003 1256 1096 1325 sit,
1136 1263 1319 1313 tamen
1354 1273 1552 1329 genera
1595 1257 1713 1330 ipsa
1756 1258 1962 1330 posuit,
1987 1258 2074 1330 ju-

468 1354 615 1402 stum
648 1346 914 1402 exercitio
944 1345 1282 1418 signiﬁcans,
1324 1346 1531 1402 bonum
1564 1364 1695 1403 vero
1726 1357 1942 1417 natura,
1977 1349 2074 1421 qui

468 1434 822 1507 simplicitate
858 1435 1123 1492 innocens
1156 1435 1394 1493 dicatur.
1446 1436 1601 1493 Unde
1649 1439 1905 1510 quamvis
1964 1455 2074 1495 me-

468 1523 625 1579 lioris
653 1523 837 1579 meriti
876 1528 969 1592 sit,
1001 1533 1269 1597 quantum
1300 1525 1368 1581 ad
1399 1526 1583 1582 locum
1614 1526 1781 1583 istum
1812 1527 2072 1599 pertinet,

463 1612 647 1684 justus
711 1630 874 1686 quam
932 1614 1135 1681 bonus,
1184 1623 1365 1672 tamen
1417 1640 1435 1663 ι
1496 1632 1595 1688 pro
1645 1617 1813 1685 bono,
1870 1618 2072 1690 inquit,

470 1703 610 1759 forte
662 1702 865 1777 aliquis
908 1702 1105 1759 audeat
1160 1704 1335 1770 mori;
1380 1729 1398 1752 ι
1451 1713 1513 1760 ut
1545 1705 1674 1777 quia
1701 1706 2075 1763 miserabilior

2183 553 2559 614 permaneant.

2257 632 2437 701 (Vers.
2473 634 2586 705 10.)
2658 657 2677 681 «
2720 634 2775 690 Si
2819 635 2965 691 enim
2996 653 3119 693 cum
3165 638 3379 695 inimici
3409 655 3672 709 essemus,
3704 659 3785 697 re-

2184 721 2463 777 conciliati
2505 738 2698 779 sumus
2726 726 2838 781 Deo
2868 742 2964 796 per
3003 735 3238 784 mortem
3277 728 3404 784 Filii
3435 727 3572 800 ejus,
3608 731 3788 787 multo

2184 812 2357 883 magis
2408 814 2752 869 reconciliati
2808 816 2946 871 salvi
3007 817 3211 873 erimus
3269 819 3325 873 in
3381 818 3496 875 vita
3526 820 3717 893 ipsius.
3754 847 3772 868 ι

2182 902 2535 958 Manifestum
2568 913 2668 970 est,
2711 905 2840 977 quia
2884 906 2953 973 si,
3011 914 3069 961 ut
3110 909 3491 967 reconciliaret
3519 927 3620 967 nos
3653 911 3784 979 sibi,

2183 992 2330 1047 Deus
2385 991 2585 1047 Filium
2639 1009 2801 1048 suum
2848 995 3015 1049 morti
3062 996 3313 1065 tradidit,
3364 1009 3570 1071 quanto
3609 1002 3785 1072 magis

2184 1081 2567 1139 reconciliatos
2596 1082 2776 1137 salvos
2805 1083 2968 1140 faciet
3001 1085 3059 1140 in
3086 1086 3201 1141 vita
3231 1087 3405 1158 ipsius
3425 1088 3453 1144 ?
3480 1090 3602 1145 Non
3632 1090 3783 1146 enim

2183 1172 2385 1242 poterit
2424 1178 2522 1235 54
2558 1171 2789 1228 minime
2843 1172 3071 1247 diligere
3122 1177 3348 1245 amicos,
3407 1179 3503 1252 qui
3558 1178 3785 1250 prodest

2182 1270 2427 1327 inimicis
2460 1271 2601 1342 (24).
2651 1271 2707 1328 Si
2740 1272 2887 1329 enim
2920 1290 3067 1329 mors
3099 1274 3398 1331 Salvatoris
3431 1276 3639 1347 profuit
3669 1294 3786 1332 no-

2183 1358 2268 1414 bis
2297 1359 2480 1417 adhuc
2509 1361 2717 1433 impiis,
2747 1371 2953 1436 quanto
2986 1364 3158 1435 magis
3179 1362 3500 1435 justiﬁcatis
3527 1365 3658 1422 vitae
3687 1366 3786 1438 ip-

2183 1449 2319 1515 sius,
2350 1466 2472 1506 cum
2504 1452 2740 1523 resurgit
2770 1470 2803 1509 a
2840 1453 3075 1509 mortuis
3095 1455 3123 1511 ?
3150 1454 3289 1522 Quia
3316 1455 3461 1511 sicut
3490 1472 3637 1511 mors
3663 1454 3785 1527 ejus

2184 1555 2215 1594 a
2242 1539 2466 1597 diabolo
2496 1558 2597 1597 nos
2638 1542 2801 1611 eruit,
2854 1543 2932 1599 ita
2971 1553 3026 1601 et
3054 1543 3169 1599 vita
3208 1543 3328 1616 ejus
3355 1546 3422 1601 de
3450 1544 3541 1601 die
3581 1543 3785 1618 judicii

2183 1630 2283 1686 Dei
2314 1648 2414 1686 nos
2444 1631 2718 1689 liberabit.

2256 1720 2438 1791 (Vers.
2477 1722 2590 1793 11.)
2637 1747 2655 1769 ι
2684 1723 2807 1779 Νοη
2847 1724 3026 1779 solum
3056 1733 3240 1781 autem
3283 1723 3410 1793 hoc,
3439 1724 3535 1781 sed
3571 1734 3623 1781 et
3655 1726 3785 1798 glo-

467 1808 630 1849 081183
680 1792 1025 1884 ίξωίξίξθηιίξ
1066 1802 1169 1884 981,
1204 1793 1272 1849 ad
1329 1794 1434 1852 hoc
1482 1795 1601 1868 008i
1659 1796 1801 1853 forte
1829 1796 2069 1870 aliquem
2101 1813 2147 1873 B
2183 1810 2393 1867 riamur
2418 1811 2477 1867 in
2504 1792 2617 1868 Deo
2656 1828 2750 1884 per
2778 1812 3075 1868 Dominum
3106 1823 3355 1870 nostrum
3394 1792 3579 1871 .lesum
3610 1816 3785 1873 Chri-

471 1897 629 1953 posse
670 1881 964 1953 signiﬁcat.
996 1882 1246 1955 Denique
1272 1888 1462 1955 optant
1500 1891 1751 1956 parentes
1782 1901 1880 1956 pro
1908 1885 2072 1941 bonis

468 1970 603 2026 ﬁliis
633 1969 798 2039 mori,
848 1986 962 2025 non
1010 1970 1189 2027 dicam
1238 1987 1439 2028 uxores
1500 1990 1599 2044 pro
1628 1973 1789 2029 bonis
1835 1974 2067 2030 maritis.

467 2060 603 2117 Nam
651 2058 697 2115 si
738 2058 975 2115 velimus
1029 2059 1097 2116 de
1156 2060 1303 2117 bono
1350 2068 1404 2117 et
1427 2059 1578 2132 justo
1607 2079 1930 2135 proponere,
1974 2063 2069 2119 ali-

469 2148 690 2223 quando
715 2149 1000 2205 meliorem
1025 2148 1240 2222 justum
1266 2150 1750 2223 deprehendimus,
1773 2154 2070 2228 aliquando

469 2241 899 2313 praeponendum
928 2242 1158 2297 bonum.
1181 2241 1240 2298 Si
1271 2242 1420 2298 enim
1451 2242 1615 2314 juxta
1642 2245 1739 2299 Dei
1773 2246 1947 2317 legem
1974 2245 2069 2317 qui

462 2328 648 2401 justus
695 2336 796 2395 est,
838 2330 1035 2386 melior
1072 2330 1217 2387 bono
1264 2338 1382 2398 est;
1426 2331 1521 2387 sed
1564 2333 1663 2388 illo
1708 2334 1802 2406 qui
1834 2335 2066 2392 necdum

471 2434 658 2474 secum
689 2418 980 2486 laboravit,
1013 2428 1074 2475 ut
1101 2419 1465 2491 amplificaret
1492 2437 1547 2476 se
1573 2421 1734 2478 bonis
1758 2441 1770 2490 ;
1805 2425 2070 2481 exercitio

470 2506 619 2563 enim
648 2507 856 2564 bonum
887 2515 1099 2565 naturae
1136 2524 1247 2564 suae
1280 2508 1465 2581 justus
1495 2511 1827 2568 meliorabit.
1876 2513 1932 2569 Si
1977 2532 2069 2570 au-

470 2602 577 2650 tem
629 2595 794 2667 juxta
834 2597 1105 2653 mundum
1148 2597 1319 2652 fuerit
1350 2598 1557 2675 justus,
1603 2601 1942 2671 praeponitur
1985 2603 2070 2659 illi

466 2685 645 2742 bonus
692 2694 914 2759 propter
965 2687 1364 2757 innocentiam,
1414 2690 1545 2763 quia
1592 2690 1913 2764 hujusmodi
1958 2708 2070 2748 non

466 2782 547 2830 est
567 2775 686 2832 sine
717 2776 1009 2833 severitate
1029 2776 1249 2849 justitia
1273 2778 1413 2850 (22).
1440 2779 1630 2852 Itaque
1659 2781 1841 2836 omnis
1871 2789 2071 2838 natura

465 2862 611 2921 bona
640 2871 742 2933 est,
767 2864 986 2936 justitia
1009 2873 1192 2922 autem
1223 2867 1358 2939 legis
1403 2867 1502 2923 Dei
1543 2867 1759 2926 fructus
1809 2877 1890 2925 est
1922 2887 2068 2927 com-

466 2960 658 3024 petens
706 2962 953 3020 naturaa;
995 2954 1230 3027 ideoque
1269 2954 1486 3026 justitia
1529 2956 1750 3013 bonitas
1780 2967 1881 3027 est,
1922 2960 2069 3016 unde

459 3041 597 3113 justi
627 3058 842 3116 semper
869 3044 1216 3115 appellantur
1258 3051 1314 3100 et
1351 3043 1504 3100 boni.
1548 3047 1671 3102 Non
1696 3054 1881 3102 tamen
1930 3064 2067 3103 sem-

465 3147 562 3202 per
617 3130 749 3187 boni
800 3130 960 3203 justi,
1011 3131 1142 3205 quia
1189 3149 1301 3188 non
1346 3142 1569 3206 propter
1603 3151 1769 3207 opera
1796 3145 2064 3192 vocantur
2098 3176 2141 3237 Ο

463 3218 619 3289 boni,
650 3219 745 3277 sed
792 3228 1016 3293 propter
1043 3220 1459 3291 innocentiam;
1506 3222 1725 3296 justitia
1756 3224 1904 3281 enim
1946 3243 2061 3298 per-

463 3308 606 3365 fecta
660 3317 744 3367 est
798 3309 1036 3379 bonitas,
1087 3309 1220 3366 dum
1260 3313 1447 3386 explet
1492 3329 1654 3386 opere
1692 3321 1900 3370 naturae
1951 3331 2063 3371 suae

464 3398 629 3457 bona.

536 3506 722 3579 (Vers.
751 3506 834 3579 8.)
881 3530 898 3553 ι
945 3507 1311 3566 Commendat
1338 3516 1521 3565 autem
1553 3525 1709 3565 suam
1738 3510 2063 3568 charitatem

461 3601 607 3655 Deus
636 3598 695 3653 in
734 3597 914 3655 nobis.
948 3624 966 3646 ι
1016 3599 1107 3655 Sic
1135 3599 1488 3656 commendat
1528 3617 1683 3657 suam
1713 3601 2061 3672 charitatem,

461 3686 595 3744 dum
624 3686 809 3745 adhuc
839 3687 1086 3745 inimicis
1114 3688 1229 3745 suis
1257 3688 1559 3748 benevolus
1579 3698 1681 3761 est,
1704 3702 1758 3749 et
1781 3692 1953 3748 mittit
1969 3692 2064 3765 qui

460 3778 638 3835 salvet
664 3793 778 3846 eos,
808 3794 935 3836 cum
965 3778 1157 3852 utique
1177 3795 1289 3837 non
1310 3788 1643 3839 mereantur.

537 3883 720 3955 (Vers.
749 3884 831 3956 9.)
881 3908 899 3932 ι
947 3884 1220 3953 Quoniam
1278 3886 1326 3943 si
1363 3904 1489 3944 cum
1537 3887 1718 3945 adhuc
1754 3894 2065 3960 peccatores

468 3988 732 4043 essemus,
789 3973 1043 4033 Christus
1090 3991 1191 4046 pro
1232 3975 1394 4032 nobis
1441 3983 1693 4033 mortuus
1740 3984 1840 4044 est,
1887 3976 2065 4032 multo

464 4063 640 4137 magis
687 4062 980 4137 justiﬁcati
1038 4079 1188 4120 nunc
1246 4064 1304 4120 in
1360 4065 1626 4136 sanguine
1681 4064 1877 4138 ipsius,
1924 4065 2063 4122 salvi

461 4153 670 4209 erimus
717 4155 786 4211 ab
816 4154 896 4211 ira
928 4171 1023 4228 per
1061 4153 1263 4226 ipsum.
1297 4180 1315 4202 ι
1383 4154 1499 4210 Hoc
1545 4152 1704 4221 dicit,
1735 4154 1866 4226 quia
1893 4154 1938 4210 si
1966 4172 2064 4226 pro

460 4243 839 4312 peccatoribus
895 4244 1098 4301 Filium
1158 4260 1321 4301 suum
1364 4244 1512 4300 Deus
1562 4243 1739 4299 occidi
1788 4242 2062 4315 permisit,

460 4329 594 4401 quid
635 4328 800 4386 faciet
845 4347 943 4402 pro
975 4330 1313 4402 justiﬁcatis,
1364 4333 1473 4389 nisi
1516 4341 1697 4389 servet
1743 4349 1837 4389 eos
1861 4331 1930 4387 ab
1959 4332 2062 4399 ira,

459 4418 521 4476 id
551 4427 654 4487 est,
708 4426 858 4476 tutos
887 4421 1014 4477 illos
1058 4430 1275 4492 praestet
1317 4422 1387 4480 ab
1432 4422 1671 4478 ilusione
1699 4421 1908 4479 diaboli
1942 4440 1955 4489 ;
2001 4430 2064 4478 ut

2180 1908 2350 1969 stum,
2381 1917 2478 1972 per
2505 1917 2667 1975 quem
2697 1918 2847 1959 nunc
2867 1904 3375 1962 reconciliationem
3402 1905 3735 1978 accepimus.
3752 1933 3771 1954 ν

2179 1989 2300 2045 Non
2328 1998 2542 2046 tantum
2574 2008 2673 2064 pro
2698 2002 2919 2064 accepta
2943 1994 3118 2049 salute
3147 2002 3201 2051 et
3220 1994 3511 2052 securitate
3532 1996 3644 2051 Deo
3665 2013 3781 2069 gra-

2179 2079 2285 2136 tias
2314 2080 2551 2154 agendas
2579 2081 2758 2151 docet,
2781 2083 2876 2139 sed
2907 2093 2961 2140 et
2991 2084 3337 2155 gloriandum
3370 2100 3467 2156 per
3496 2084 3778 2143 Christqu

2179 2172 2363 2228 Jesum
2395 2171 2453 2226 in
2482 2173 2615 2239 Deo,
2670 2173 2765 2245 qui
2823 2172 3079 2245 dignatus
3108 2184 3215 2230 -est
3258 2192 3327 2230 ex
3358 2173 3545 2246 impiis
3579 2176 3696 2246 (25)
3730 2183 3784 2231 et

2181 2261 2426 2318 inimicis
2455 2261 2564 2318 dici
2616 2279 2717 2319 nos
2762 2280 2890 2319 suos
2916 2263 3140 2323 amicos.
3192 2273 3253 2320 ut
3300 2265 3487 2320 omnia
3514 2264 3784 2321 beneﬁcia

2179 2369 2275 2425 per
2303 2352 2583 2410 Christum
2622 2361 2944 2410 consecutos
2972 2372 3073 2411 nos
3105 2355 3436 2428 gaudeamus
3477 2375 3487 2413 :
3542 2364 3604 2412 ut
3651 2356 3783 2429 quia

2181 2458 2277 2515 per
2314 2442 2493 2516 ipsum
2523 2444 2881 2516 cognovimus
2910 2448 3104 2514 Deum,
3138 2446 3433 2519 gloriantes
3462 2447 3520 2502 in
3540 2464 3625 2515 eo,
3647 2446 3782 2502 red-

2180 2530 2377 2588 damus
2401 2533 2451 2587 ei
2481 2531 2962 2589 honorificentiam
2990 2552 3175 2607 parem
3196 2538 3309 2593 Deo
3335 2537 3502 2603 Patri,
3525 2537 3643 2609 ipso
3669 2536 3776 2592 sibi

2179 2621 2378 2678 idoneo
2410 2630 2540 2678 teste
2576 2621 2906 2693 praedicante
2940 2641 2951 2677 :
3000 2647 3019 2670 «ι
3052 2624 3120 2680 Ut
3151 2623 3541 2695 honoriﬁcent,
3571 2625 3778 2698 inquit,

2180 2712 2406 2779 Filium,
2454 2712 2597 2768 sicut
2640 2713 3008 2770 honoriﬁcam
3045 2717 3269 2771 Patrem
3308 2715 3487 2787 (Joau.
3512 2733 3568 2784 v,
3600 2716 3716 2787 23).
3753 2742 3770 2763 -

2178 2803 2306 2859 Post
2334 2800 2433 2858 Dei
2463 2818 2591 2873 ergo
2621 2802 2799 2858 Patris
2827 2802 3254 2875 providentiam,
3302 2810 3356 2860 et
3398 2804 3604 2860 donum
3635 2803 3781 2877 quod

2178 2891 2331 2948 dedit
2379 2909 2474 2965 per
2518 2892 2825 2961 Christum,
2876 2900 2937 2948 ut
2976 2910 3265 2964 personam
3297 2894 3429 2949 Filii
3460 2893 3620 2951 nobis
3647 2910 3783 2966 gra-

2177 2990 2288 3038 tam
2306 2980 2663 3054 faceret,quia
2680 2998 2775 3053 per
2796 2998 2970 3037 unum
2990 2982 3272 3046 Christum
3295 2982 3563 3056 redempti
3590 2999 3782 3039 sumus

2176 3070 2245 3126 ab
2272 3086 2384 3125 uno
2412 3072 2526 3126 Deo
2556 3071 2733 3138 Patre,
2767 3068 2967 3141 adjecit
2991 3088 3003 3125 :

2252 3163 2433 3235 (Vers.
2469 3162 2582 3233 12.)
2629 3186 2648 3208 ι
2677 3162 2969 3234 Propterea
2996 3162 3141 3219 sicut
3168 3179 3264 3235 per
3292 3179 3465 3219 unum
3497 3163 3781 3219 hominem

2174 3260 2457 3325 peccatum
2488 3250 2547 3306 in
2577 3250 2727 3307 hunc
2766 3251 3035 3307 mundum
3074 3251 3326 3320 intravit,
3369 3262 3424 3309 et
3452 3269 3547 3324 per
3577 3270 3781 3325 pecca-

2172 3348 2294 3397 tum
2327 3356 2497 3408 mors,
2551 3339 2631 3396 sic
2659 3339 2717 3394 in
2753 3354 2944 3395 omnes
2974 3339 3226 3395 homines
3257 3357 3406 3397 mors
3436 3342 3777 3413 pertransiit,

2174 3430 2234 3486 in
2291 3448 2400 3504 quo
2456 3446 2649 3486 omnes
2695 3439 3082 3503 peccaverunt.
3133 3455 3151 3479 ι
3222 3431 3493 3499 Quoniam
3526 3432 3781 3505 superius

2173 3520 2274 3576 Dei
2304 3519 2533 3591 gratiam
2564 3536 2659 3591 per
2679 3519 2959 3577 Christum
2991 3520 3173 3577 datam
3203 3521 3444 3577 ostendit
3475 3522 3778 3578 secundum

2174 3608 2423 3664 ordinem
2453 3607 2728 3675 veritatis,
2776 3625 2925 3666 nunc
2964 3610 3143 3681 ipsum
3199 3610 3451 3667 ordinem
3483 3612 3648 3668 unius
3680 3612 3780 3667 Dei

2174 3699 2348 3755 Patris
2380 3698 2520 3773 (26),
2570 3715 2667 3771 per
2713 3716 2887 3755 unum
2945 3699 3227 3757 Christum
3281 3698 3488 3756 Filium
3535 3700 3653 3773 ejus
3686 3700 3780 3757 de-

2173 3790 2343 3847 clarat
2376 3807 2387 3845 :
2423 3798 2485 3845 ut
2530 3788 2660 3862 quia
2689 3788 2890 3857 Adam,
2943 3805 3111 3855 unus,
3153 3788 3209 3844 id
3257 3796 3360 3857 est,
3407 3791 3548 3857 Eva,
3578 3798 3632 3847 et
3660 3790 3781 3862 ipsa

2174 3878 2322 3935 enim
2387 3877 2564 3934 Adam
2613 3884 2715 3946 est,
2770 3878 3020 3950 peccavit
3064 3878 3121 3933 in
3178 3878 3458 3947 omnibus,
3507 3879 3585 3935 ita
3636 3894 3781 3936 unus

2175 3969 2430 4027 Christus
2460 3968 2636 4024 Filius
2682 3967 2781 4024 Dei
2813 3976 3092 4040 peccatum
3133 3969 3270 4024 vicit
3314 3968 3371 4023 in
3400 3968 3677 4025 omnibus.
3709 3969 3782 4025 Et

2175 4061 2306 4134 quia
2348 4057 2693 4131 propositum
2746 4058 2932 4130 gratiae
2974 4058 3072 4114 Dei
3120 4075 3247 4130 erga
3274 4074 3443 4130 genus
3472 4058 3775 4115 humanum

2174 4149 2434 4218 ostendit,
2468 4157 2529 4204 ut
2584 4148 2703 4218 ipsa
2734 4146 3037 4219 primordia
3091 4149 3298 4220 peccati
3347 4148 3677 4214 ostenderet,
3711 4146 3779 4203 ab

2174 4242 2352 4299 Adam
2382 4240 2571 4312 coepit,
2594 4239 2687 4313 qui
2708 4240 2948 4311 primum
2972 4240 3220 4311 peccavit
3246 4258 3256 4296 :
3290 4247 3352 4295 ut
3372 4240 3777 4312 providentiam

2172 4330 2339 4387 unius
2370 4330 2469 4386 Dei
2507 4344 2605 4401 per
2634 4344 2809 4383 unum
2840 4329 3168 4385 reformasse
3205 4329 3443 4398 doceret,
3502 4329 3648 4402 quod
3685 4346 3780 4401 per

2172 4436 2346 4476 unum
2388 4419 2569 4475 fuerat
2625 4419 2836 4490 lapsum
2899 4427 2954 4475 et
3008 4426 3245 4475 tractum
3304 4419 3361 4474 in
3393 4427 3646 4475 mortem.
3676 4418 3781 4475 Hic

458 4508 639 4566 securi
667 4508 782 4564 sint
810 4508 866 4565 in
897 4509 986 4565 die
1011 4508 1233 4581 judicii,
1273 4528 1398 4567 cum
1429 4513 1657 4584 cmperit
1710 4512 1946 4583 perﬁdos
1982 4513 2065 4569 ul-
2094 4528 2142 4587 ι)
2175 4527 2303 4584 ergo
2332 4525 2478 4565 unus
2520 4517 2601 4565 est
2635 4524 2733 4581 per
2763 4524 2925 4580 quem
2966 4508 3186 4577 salvati,
3224 4509 3367 4565 hanc
3396 4509 3479 4565 illi
3511 4525 3780 4566 reveren-

458 4597 538 4655 tio
567 4598 899 4655 devastare?
944 4598 1215 4666 Quoniam
1263 4600 1413 4655 enim
1458 4599 1677 4657 bonitas
1705 4601 1802 4657 Dei
1845 4602 2062 4659 nullum

461 4688 642 4763 perire
670 4690 811 4757 vult,
844 4696 1077 4746 mortem
1109 4689 1491 4763 dignissimam
1532 4690 1703 4759 dedit,
1744 4700 1807 4748 ut
1845 4692 2066 4749 intelli-

462 4777 716 4852 gentibus
743 4779 844 4836 Dei
901 4780 1136 4851 gratiam
1188 4780 1334 4837 circa
1379 4796 1456 4849 se,
1486 4779 1708 4837 adderet
1738 4780 2063 4854 dignitatem

461 4875 515 4926 et
543 4868 797 4942 gloriam,
831 4868 1059 4941 ingratis
1089 4868 1397 4925 cumularet
1426 4886 1643 4942 pcenam
1686 4870 1826 4942 (23).
1860 4871 2064 4942 Ingrati

463 4957 505 5016 ii
534 4965 665 5016 sunt
694 4958 790 5032 qui
838 4960 952 5016 Deo
996 4966 1246 5027 vocante,
1290 4957 1646 5027 dissentiunt,
1696 4960 1798 5017 Dei
1829 4960 2065 5031 gratiam

534 5195 653 5268 (21)
689 5195 813 5252 Νοη
858 5193 974 5268 sui,
1017 5193 1129 5268 huc
1152 5212 1304 5268 mss.
1338 5195 1501 5254 Corb.
1537 5204 1592 5253 et
1620 5194 1830 5267 Remig.
1863 5194 2063 5265 addit.,

459 5268 594 5324 sicut
644 5285 746 5339 pro
792 5267 1004 5323 callidis
1046 5267 1365 5323 debitoribus
1414 5275 1512 5324 aut
1558 5268 1729 5324 tardis
1764 5269 1915 5323 tarde
1946 5268 2065 5339 quis

460 5341 616 5412 ﬁdem
644 5356 795 5395 suam
825 5339 1058 5412 obligare
1086 5339 1344 5412 patiatur.

533 5411 652 5491 (22)
684 5413 890 5491 Omnes
906 5410 1038 5491 edit.
1059 5426 1122 5465 ac
1151 5411 1335 5491 plures
1366 5410 1647 5491 mss.,sine
1674 5410 1941 5491 impietate
1946 5410 2062 5491 jus-

464 5481 823 5555 titiaimagis
851 5481 1121 5555 concinne
1154 5481 1251 5555 alii
1274 5482 1480 5555 plures,
1512 5482 1623 5536 sine
1650 5483 1920 5555 severitate
1931 5481 2064 5551 jus-

464 5553 604 5628 titia,
635 5569 664 5609 e
693 5552 898 5628 quibus
926 5552 1097 5628 aliqui
1124 5552 1417 5626 adjiciunt,
1466 5571 1556 5609 nec
1585 5554 1835 5609 severitas
1864 5554 2064 5609 immu-

464 5625 547 5680 nis
573 5643 605 5678 a
635 5625 869 5681 malitia.

536 5694 655 5767 (23)
683 5697 924 5768 Ingrati:
970 5699 1267 5755 cumularet
1309 5712 1541 5769 poenam,
1591 5696 1742 5754 abest
1774 5714 1806 5753 a
1849 5697 2063 5756 cunctis

2176 4601 2330 4668 tiam,
2360 4616 2526 4672 quam
2557 4600 2671 4654 Deo
2701 4597 2845 4670 patri
2877 4598 3161 4667 debemus,
3192 4598 3311 4670 ipso
3340 4599 3581 4655 volente.
3630 4596 3779 4654 Dicit

2176 4692 2324 4748 enim
2371 4691 2517 4748 idem
2572 4690 2681 4745 alio
2717 4690 2838 4746 loco
2874 4707 2886 4744 :
2944 4713 2962 4736 ‹
2994 4689 3099 4757 Qui
3130 4689 3187 4744 in
3216 4688 3305 4744 his
3333 4689 3504 4745 servit
3532 4686 3776 4755 Christo,

2176 4782 2351 4853 placet
2388 4782 2502 4837 Deo
2546 4780 2722 4852 (Rom.
2768 4795 2887 4846 xiv,
2923 4778 3054 4851 i8);
3117 4804 3135 4827 ι
3189 4795 3315 4835 cum
3353 4777 3620 4848 scriptum
3662 4775 3773 4832 sit:

2188 4896 2206 4920 ι
2235 4872 2537 4929 Dominum
2579 4872 2756 4927 Deum
2800 4877 2958 4927 tuum
3005 4869 3280 4938 adorabis,
3317 4870 3369 4925 et
3400 4868 3482 4924 illi
3511 4868 3615 4925 soli
3653 4884 3779 4923 ser-

2176 4963 2295 5020 vies
2332 4963 2522 5033 (Deut.
2552 4978 2634 5028 v1,
2668 4960 2781 5033 13).
2829 4985 2847 5010 ›
2911 4961 2971 5017 Si
3013 4977 3112 5033 ego
3142 4960 3247 5018 soli
3281 4962 3396 5017 Deo
3424 4958 3777 5016 serviendum

2174 5211 2328 5261 mss.;
2362 5200 2418 5249 at
2446 5193 2504 5249 in
2534 5192 2688 5248 nulla
2724 5188 2856 5245 edit.
2890 5206 3002 5246 non
3032 5191 3346 5248 exhibetur.

2248 5259 2364 5337 (24)
2398 5267 2557 5321 Rom.
2592 5263 2726 5337 edit.
2767 5277 2797 5316 e
2822 5262 2992 5337 variis
3008 5263 3146 5337 lect.
3180 5262 3310 5319 Gill.
3345 5262 3463 5318 haec
3493 5259 3774 5337 restituit:

2173 5331 2291 5395 Non
2322 5331 2550 5392 enim...:
2584 5334 2676 5405 qui
2701 5334 2917 5404 prodest
2940 5334 3210 5399 inimicis;
3249 5351 3370 5406 quas
3404 5333 3570 5389 verba
3608 5331 3776 5387 etiam

2173 5410 2232 5465 in
2262 5408 2385 5465 cod.
2420 5406 2590 5463 Vind.
2624 5405 2841 5460 Thuan.
2875 5412 2929 5460 et
2961 5406 3171 5477 Remig.
3196 5405 3567 5477 reperiuntur.

2246 5481 2365 5553 (25)
2396 5480 2525 5553 Mss.
2554 5477 2788 5550 aliquot,
2817 5477 2912 5548 qui
2931 5473 3180 5549 dignatus
3207 5473 3283 5534 est
3308 5478 3422 5550 ﬁlio
3453 5493 3548 5531 suo
3568 5473 3778 5530 arbitro

2171 5570 2238 5608 ea:
2259 5551 2474 5617 impiis,
2515 5559 2618 5606 etc.

2245 5618 2365 5693 (26)
2399 5624 2477 5679 Ite
2506 5629 2617 5678 vet.
2650 5622 2786 5680 edit.
2817 5631 2872 5680 et
2900 5618 3086 5693 cuncti
3122 5634 3252 5693 mss.
3286 5623 3360 5677 At
3388 5627 3580 5678 contra
3608 5621 3770 5678 Rom.

2173 5690 2505 5765 edit.,'nunc
2535 5696 2707 5767 ipsam
2731 5694 2891 5751 unius
2920 5691 3019 5751 Dei
3046 5690 3251 5757 Patris,
3282 5701 3386 5749 etc.
