4136 6194
313 290 376 349 97
1398 286 1764 347 COMMENT.
1812 287 1887 345 IN
1921 285 2140 344 EPIST.
2181 288 2277 344 AD
2316 286 2486 347 ROM.
3530 290 3603 349 98

312 414 457 483 dicit,
495 421 549 470 et
602 411 823 470 Christo
843 413 1050 469 servire
1100 411 1380 486 praecepit,
1434 412 1491 469 in
1537 414 1751 469 unitate
1795 412 1896 469 Dei
1925 416 1977 474 A
2078 412 2192 468 Lex
2246 412 2516 469 naturalis
2569 429 2785 487 semper
2823 423 2924 482 est,
2959 429 3060 471 nec
3118 413 3472 487 ignorabatur
3501 414 3602 470 ali-

313 509 388 558 est
439 500 710 568 Christus,
759 516 863 556 nec
918 499 1101 573 dispar
1126 508 1220 556 aut
1275 501 1413 556 alter
1457 502 1639 557 Deus:
1674 501 1895 574 quando
2003 502 2226 576 quando
2258 520 2271 569 ;
2303 503 2398 558 sed
2445 504 2736 575 putabatur
2775 504 2845 561 ad
2873 511 3092 576 tempus
3120 511 3333 559 tantum
3365 502 3603 559 auctori-

310 608 426 648 cum
456 591 557 646 soli
591 592 705 646 Deo
762 590 1115 646 serviendum
1175 591 1265 646 lex
1295 591 1465 659 dicat,
1523 591 1896 648 communiter
2002 601 2172 649 tatem
2258 592 2483 661 habere,
2537 610 2649 648 non
2714 602 2768 651 et
2824 594 2968 666 apud
2995 595 3169 649 Deum
3228 610 3352 649 reos
3399 593 3596 649 facere.

311 680 493 752 utique
509 678 731 736 Christo
758 679 1002 736 serviens
1022 682 1134 736 Deo
1151 681 1363 757 placere
1390 680 1720 751 praedicatur
1752 681 1894 751 (27).

308 768 473 841 igitur
500 791 518 814 ι
535 767 680 824 sicut
706 784 802 840 per
828 785 1002 824 unum
1033 768 1318 825 hominem
1340 778 1627 841 peccatum
1657 769 1716 825 in
1750 769 1901 825 hunc

312 855 576 912 mundum
606 856 859 926 intravit,
903 865 957 913 et
987 873 1084 930 per
1131 865 1415 929 peccatum
1460 874 1631 927 mors,
1663 883 1682 906 ι
1742 858 1818 912 ita
1846 863 1903 912 et

306 962 399 1018 per
453 962 625 1001 unum
668 944 953 1003 Christum
1012 945 1297 1001 damnatio
1354 953 1410 1001 et
1466 962 1612 1002 mors
1669 944 1897 1017 peccati,

306 1044 560 1108 praestans
588 1036 765 1093 vitam
796 1045 1080 1103 aeternam,
1114 1034 1259 1107 quod
1290 1034 1522 1091 inferius
1564 1036 1824 1092 declarat.

385 1125 487 1180 cIu
518 1140 651 1197 quo,
684 1150 703 1173 ι
746 1124 805 1180 id
835 1131 938 1192 est,
999 1124 1057 1179 in
1104 1124 1302 1192 Adam,
1350 1148 1366 1169 ι
1398 1140 1587 1180 omnes
1641 1140 1900 1196 peccave-

306 1223 456 1271 runt.
491 1240 508 1261 ι
554 1214 685 1270 Ideo
714 1212 878 1281 dixit,
912 1239 929 1261 ι
973 1212 1031 1267 in
1064 1228 1193 1284 quo,
1228 1238 1246 1259 -
1289 1229 1413 1267 cum
1444 1212 1511 1268 de
1544 1213 1776 1269 muliere
1808 1215 1903 1270 lo-

304 1310 526 1375 quatur,
559 1304 691 1375 quia
716 1318 829 1358 non
857 1301 927 1357 ad
975 1300 1209 1373 speciem
1242 1301 1454 1370 retulit,
1484 1301 1578 1358 sed
1607 1302 1678 1358 ad
1707 1319 1896 1375 genus.

305 1392 655 1448 Manifestum
702 1392 886 1465 itaque
944 1398 1026 1447 est
1082 1390 1141 1446 in
1169 1391 1347 1447 Adam
1403 1407 1596 1447 omnes
1653 1408 1902 1464 peccasse

301 1481 456 1554 quasi
486 1482 543 1537 in
576 1497 751 1537 massa
776 1500 790 1549 ;
824 1482 944 1553 ipsa
976 1482 1128 1537 enim
1160 1497 1254 1553 per
1268 1488 1551 1553 peccatum
1585 1490 1898 1554 corruptus,

302 1585 435 1643 quos
468 1571 680 1643 genuit,
736 1587 930 1627 omnes
960 1570 1075 1626 nati
1129 1578 1262 1626 sunt
1289 1570 1391 1626 sub
1447 1579 1688 1644 peccato.
1721 1573 1808 1628 Ex
1837 1588 1901 1629 eo

302 1661 468 1733 igitur
523 1660 713 1719 cuncti
770 1668 1110 1733 peccatores,
1169 1660 1300 1733 quia
1326 1676 1397 1716 ex
1443 1677 1507 1717 eo
1536 1661 1657 1733 ipso
1711 1674 1903 1718 sumus

301 1766 525 1818 omnes;
590 1750 684 1806 hic
737 1749 887 1805 enim
935 1749 1267 1807 beneﬁcium
1325 1750 1423 1805 Dei
1474 1750 1734 1823 perdidit,
1768 1750 1901 1806 dum

302 1838 707 1910 praevaricavit,
742 1838 1006 1911 indignus
1036 1838 1210 1895 factus
1237 1838 1397 1895 edere
1426 1838 1493 1895 de
1525 1839 1719 1897 arbore
1746 1840 1897 1909 vitae,

300 1935 361 1982 ut
392 1935 718 1984 moreretur.
778 1928 926 1984 Mors
954 1935 1134 1984 autem
1166 1927 1461 1986 dissolutio
1511 1930 1759 2002 corporis
1797 1937 1898 1998 est,

302 2034 430 2074 cum
460 2018 647 2073 anima
672 2033 704 2072 a
753 2033 980 2090 corpore
1008 2026 1310 2090 separatur.
1343 2019 1443 2075 Est
1471 2026 1526 2074 et
1580 2019 1690 2076 alia
1732 2036 1900 2089 mors,

301 2123 423 2180 quae
449 2105 691 2164 secunda
706 2106 913 2164 dicitur
940 2107 998 2163 in
1027 2108 1299 2181 gehenna,
1335 2124 1498 2181 quam
1535 2124 1647 2164 non
1681 2116 1903 2179 peccato

300 2197 430 2253 Adae
487 2197 753 2270 patimur,
783 2197 881 2254 sed
912 2196 1030 2269 ejus
1058 2197 1346 2254 occasione
1375 2197 1614 2269 propriis
1664 2197 1904 2270 peccatis

299 2287 637 2359 acquiritur:
671 2303 703 2343 a
732 2303 840 2361 qua
868 2286 1001 2343 boni
1030 2288 1305 2343 immunes
1326 2294 1475 2355 sunt,
1509 2294 1725 2342 tantum
1756 2287 1904 2360 quod

300 2374 355 2429 in
381 2375 606 2431 inferno
633 2383 813 2445 erant,
851 2376 947 2432 sed
978 2376 1271 2449 superiori,
1304 2376 1461 2449 quasi
1491 2377 1547 2431 in
1582 2376 1903 2449 libera(28),

299 2464 393 2538 qui
451 2464 525 2521 ad
574 2465 743 2523 caelos
796 2465 1090 2523 ascendere
1139 2482 1250 2522 non
1295 2474 1584 2539 poterant;
1634 2465 1908 2522 sententia

299 2555 442 2611 enim
475 2555 811 2613 tenebantur
840 2555 967 2612 data
997 2558 1053 2612 in
1076 2555 1276 2625 Adam,
1309 2556 1456 2629 quod
1476 2555 1904 2629 chirographum

299 2644 355 2701 in
407 2645 648 2703 decretis
698 2655 877 2703 morte
928 2648 1136 2707 Christi
1181 2648 1423 2705 deletum
1462 2656 1545 2705 est
1575 2650 1804 2723 (Coloss.
1840 2666 1902 2717 ιι,

302 2733 412 2807 ili).
443 2736 731 2794 Sententia
765 2746 949 2794 autem
979 2737 1185 2795 decreti
1215 2738 1347 2807 fuit,
1379 2746 1441 2795 ut
1470 2738 1635 2795 unius
1658 2738 1905 2795 hominis

301 2840 497 2898 corpus
524 2828 833 2884 solveretur
885 2845 1049 2902 super
1104 2836 1344 2885 terram:
1378 2829 1565 2885 anima
1605 2846 1738 2887 vero
1770 2829 1907 2885 vin-

300 2916 440 2972 culis
471 2916 677 2973 inferni
708 2920 935 2975 detenta
964 2919 1138 2975 exitia
1156 2926 1455 2991 pateretur.

370 3004 556 3078 (Vers.
589 3006 703 3078 13.)
783 3032 802 3056 ε
836 3008 1020 3080 Usque
1073 3008 1143 3064 ad
1202 3007 1376 3079 legem
1425 3006 1576 3062 enim
1623 3012 1907 3077 peccatum

304 3101 420 3149 erat
450 3094 512 3149 in
566 3092 676 3149 hoc
706 3094 951 3151 mundo:
1001 3103 1290 3166 peccatum
1326 3102 1507 3150 autem
1537 3109 1650 3148 non
1676 3094 1908 3166 imputa-

300 3178 491 3250 batur,
524 3198 652 3238 cum
682 3182 774 3238 lex
818 3200 934 3239 non
981 3192 1139 3240 esset.
1163 3208 1181 3230 ›
1244 3185 1306 3239 In
1349 3183 1527 3239 Adam
1558 3198 1748 3239 omnes
1776 3181 1912 3240 dicit

303 3287 589 3343 peccasse,
617 3272 764 3329 sicut
796 3290 960 3346 supra
989 3274 1312 3344 memoravi,
1340 3284 1394 3331 et
1432 3290 1615 3347 usque
1646 3273 1715 3329 ad
1741 3274 1913 3346 legem

302 3358 495 3415 datam
554 3377 666 3417 non
712 3362 1045 3434 imputatum
1101 3380 1217 3420 esse
1260 3372 1584 3436 peccatum;
1645 3363 1914 3435 putabant

303 3449 457 3505 enim
515 3466 573 3507 se
599 3450 855 3508 homines
887 3452 1032 3525 apud
1082 3453 1257 3510 Deum
1288 3454 1515 3525 impune
1542 3469 1786 3525 peccare,
1818 3453 1912 3510 sed

308 3554 418 3595 non
450 3538 598 3612 apud
628 3539 906 3598 homines.
942 3542 1054 3598 Nec
1079 3542 1226 3598 enim
1260 3543 1350 3598 lex
1395 3542 1663 3599 naturalis
1693 3544 1913 3615 penitus

308 3627 702 3705 obtorpuerat;
739 3630 871 3703 quia
920 3646 1032 3686 non
1075 3630 1403 3703 ignorabant
1441 3632 1570 3704 quia
1612 3632 1761 3704 quod
1800 3632 1913 3703 pati

308 3715 590 3785 nolebant,
645 3716 771 3774 aliis
819 3718 998 3776 facere
1050 3736 1162 3776 non
1209 3720 1500 3777 debebant.
1546 3721 1683 3777 Nam
1739 3736 1913 3794 usque

308 3804 440 3861 adeo
467 3822 585 3862 non
617 3806 870 3879 ignotum
901 3808 1010 3865 fuit
1039 3820 1323 3882 peccatum
1367 3811 1513 3868 inter
1543 3810 1816 3880 homines,
1853 3820 1914 3867 ut

309 3892 499 3965 Iacob,
530 3912 658 3952 cum
714 3896 864 3953 idola
891 3915 992 3955 sua
1043 3898 1190 3971 apud
1220 3899 1380 3955 illum
1438 3907 1709 3973 quaereret
1760 3916 1915 3957 socer

307 3982 419 4055 ejus
467 3984 686 4055 Laban,
735 3986 795 4041 in
846 4004 957 4059 quo
1003 3988 1294 4045 inventum
1324 3988 1519 4045 fuisset
1550 3989 1787 4059 furtum,
1818 3996 1914 4053 55

310 4088 479 4137 morte
536 4080 768 4154 dignum
808 4080 1088 4153 judicaret
1146 4084 1305 4157 (Gen.
1366 4101 1530 4150 xxxr,
1583 4084 1810 4157 30-32);
1862 4092 1916 4141 et

311 4166 515 4241 Ioseph
568 4171 823 4243 quamvis
862 4188 958 4244 per
989 4174 1346 4242 calumniam,
1378 4180 1562 4229 tamen
1604 4172 1760 4245 quasi
1790 4188 1916 4229 reus

312 4255 533 4314 clausus
570 4260 627 4313 in
656 4276 874 4316 carcere
924 4269 1007 4317 est
1038 4264 1193 4333 (Gen.
1221 4278 1423 4329 xxxrx,
1452 4261 1545 4333 20)
1570 4278 1581 4316 :
1634 4268 1689 4316 et
1720 4260 1912 4332 pistor,

312 4353 364 4401 et
389 4348 662 4419 pincerna
692 4350 1000 4408 Pharaonis
1051 4352 1123 4407 ob
1151 4352 1416 4409 delictum
1464 4353 1725 4409 similiter
1770 4353 1917 4426 passi

314 4450 438 4497 sunt
468 4443 632 4512 (Gen.
690 4460 781 4512 xL,
836 4444 940 4514 3):
1003 4451 1057 4499 et
1107 4443 1343 4515 Moyses,
1400 4444 1581 4500 occiso
1628 4445 1913 4517 IEgyptio,

2005 680 2367 753 Ignorabatur
2397 681 2543 736 enim
2573 684 2702 755 quia
2722 681 3067 754 judicaturus
3088 691 3230 739 esset
3260 685 3406 739 Deus
3436 698 3605 754 genus

2008 769 2343 835 humanum,
2397 786 2462 825 ac
2490 786 2587 841 per
2615 770 2721 827 hoc
2749 789 2859 828 non
2892 773 3265 845 imputabatur
3294 781 3601 845 peccatum,

2010 860 2168 932 quasi
2224 867 2511 930 peccatum
2568 876 2679 915 non
2731 861 3009 933 cognitum
3065 871 3205 918 esset
3282 862 3400 933 (30)
3457 860 3603 933 apud

2009 950 2208 1016 Deum,
2239 947 2588 1003 incuriosum
2622 950 2798 1005 Deum
2847 958 3161 1005 asserentes.
3193 953 3266 1006 At
3294 950 3392 1006 ubi
3420 959 3603 1006 autem

2010 1036 2102 1092 lex
2130 1035 2256 1091 data
2301 1043 2383 1092 est
2413 1052 2509 1107 per
2537 1036 2788 1108 Moysen,
2845 1037 3255 1094 manifestatum
3305 1046 3387 1094 est
3414 1052 3604 1094 curare

2008 1126 2183 1181 Deum
2216 1141 2302 1181 res
2334 1124 2625 1192 humanas,
2658 1133 2713 1180 et
2742 1128 2857 1181 non
2884 1126 3116 1198 impune
3142 1127 3212 1181 iis
3231 1126 3480 1183 futurum
3510 1127 3606 1199 qui

2008 1214 2438 1283 malefacientes,
2502 1230 2832 1287 quacunque
2878 1230 2948 1269 ex
3009 1231 3172 1272 causa
3227 1215 3287 1270 in
3352 1214 3609 1287 praesenti

2008 1303 2271 1361 evadunt.
2334 1304 2473 1359 Nam
2504 1303 2695 1375 utique
2725 1303 2771 1358 si
2822 1303 2966 1358 inter
2997 1317 3075 1371 se,
3107 1302 3366 1374 magistra
3390 1302 3612 1375 justitia

2010 1393 2099 1448 vel
2129 1401 2349 1461 natura,
2408 1399 2628 1464 peccata
2675 1408 2787 1447 non
2818 1391 2998 1447 inulta
3033 1391 3372 1459 censebant;
3399 1399 3608 1465 quanto

2011 1480 2184 1552 magis
2242 1482 2440 1550 Deum,
2472 1497 2635 1554 quem
2688 1478 2882 1535 mundi
2908 1479 3154 1536 sciebant
3183 1479 3460 1553 opiﬁcem,
3491 1480 3610 1536 haec

2011 1570 2409 1643 requisiturqu
2441 1587 2552 1626 non
2585 1570 2892 1627 debuerant
2924 1570 3214 1642 ignorare!
3248 1569 3460 1643 Quippe
3482 1588 3608 1628 cum

2011 1660 2248 1716 Sodoma
2307 1668 2362 1717 et
2403 1660 2714 1718 Gomorrha
2761 1676 2858 1732 per
2904 1660 3086 1731 ignem
3136 1658 3462 1731 adjudicataa
3499 1659 3612 1717 sint

2011 1748 2280 1822 deperire,
2331 1750 2478 1823 quod
2539 1749 2752 1806 oblivio
2806 1748 3032 1822 quidem
3090 1755 3340 1816 texerat;
3394 1748 3611 1821 Moyses

2014 1847 2201 1896 autem
2230 1846 2293 1894 ut
2340 1838 2581 1895 ﬁrmaret
2634 1841 2810 1896 Deum
2853 1837 3101 1910 judicem
3131 1837 3271 1905 fore,
3314 1837 3608 1897 scribendo

2013 1930 2392 1986 manifestavit
2440 1932 2597 2002 (Gen.
2630 1948 2751 1998 xxx,
2785 1930 2900 2001 21s).
2949 1929 3055 1986 Sed
3083 1945 3209 1985 cum
3241 1928 3611 2000 praetermisso

2013 2023 2151 2091 Deo,
2181 2022 2444 2095 ﬁgmenta
2500 2031 2785 2096 coeperunt
2832 2023 2890 2078 in
2919 2022 3185 2078 honorem
3215 2022 3315 2078 Dei
3344 2023 3607 2095 recipere,

2013 2113 2298 2186 depravati
2371 2122 2575 2183 mente,
2643 2121 2851 2187 partem
2921 2113 3056 2185 legis
3125 2114 3415 2181 naturalis,
3490 2129 3611 2185 quae

2015 2204 2194 2276 prima
2221 2204 2339 2275 (31)
2371 2211 2472 2273 est,
2507 2204 2878 2260 calcaverunt.
2930 2203 3072 2271 Quia
3100 2203 3190 2259 lex
3210 2201 3479 2259 naturalis
3499 2210 3612 2258 tres

2015 2291 2183 2348 habet
2237 2300 2438 2364 partes,
2495 2294 2655 2367 cujus
2712 2294 2891 2365 prima
2948 2292 3065 2349 haec
3125 2299 3227 2362 est,
3286 2300 3347 2348 ut
3392 2290 3613 2364 agnitus
3706 2316 3721 2335 ι

2014 2378 2320 2447 honoretur
2372 2380 2618 2450 Creator,
2663 2397 2764 2437 nec
2809 2379 2927 2452 ejus
2982 2379 3206 2435 claritas
3252 2386 3307 2434 et
3360 2376 3613 2449 majestas

2016 2470 2183 2527 alicui
2214 2470 2281 2527 de
2332 2470 2599 2528 creaturis
2632 2469 2929 2541 deputetur
2962 2468 3080 2541 (32)
3109 2487 3120 2524 :
3155 2466 3399 2525 secunda
3428 2472 3610 2547 autem

2017 2576 2142 2633 pars
2171 2568 2254 2617 est
2285 2562 2530 2630 moralis,
2562 2561 2670 2616 hoc
2698 2567 2798 2626 est,
2826 2567 2890 2615 ut
2903 2558 3042 2615 bene
3070 2557 3311 2625 vivatur,
3346 2554 3616 2611 modestia

2023 2649 2364 2721 gubernante
2389 2669 2403 2718 ;
2427 2649 2683 2722 congruit
2702 2649 2852 2705 enim
2870 2647 3085 2702 homini
3108 2645 3334 2701 habenti
3356 2644 3614 2700 notitiam

2022 2738 2298 2795 Creatoris
2344 2738 2518 2793 vitam
2563 2752 2719 2792 suam
2750 2737 2865 2807 lege
2896 2735 3193 2802 refrenare,
3224 2749 3292 2787 ne
3320 2732 3617 2787 frustretur

2019 2828 2262 2898 agnitio:
2324 2827 2491 2883 tertia
2542 2842 2675 2881 vero
2730 2840 2856 2897 pars
2896 2831 2978 2879 est
3006 2822 3285 2889 docibilis,
3326 2827 3391 2876 ut
3417 2820 3618 2876 notitia

2019 2926 2285 2974 creatoris
2309 2916 2431 2985 Dei,
2450 2923 2504 2972 et
2531 2916 2847 2988 exemplum
2871 2928 3088 2969 morum
3108 2911 3326 2969 cateris
3344 2909 3613 2977 tradatur;

2020 3014 2084 3062 ut
2112 3007 2329 3064 discant
2385 3004 2849 3080 quemadmodum
2899 3001 3045 3076 apud
3076 3001 3390 3060 Creatorem
3440 2998 3619 3056 meri-

2019 3105 2139 3154 tum
2187 3097 2493 3154 collocatur
2543 3095 2685 3170 (33).
2741 3095 2872 3151 Haec
2918 3101 3000 3149 est
3047 3108 3177 3149 vera
3220 3098 3277 3149 et
3305 3090 3619 3150 Christiana

2020 3185 2333 3258 prudentia.

2095 3276 2279 3347 (Vers.
2310 3274 2424 3347 lli.)
2472 3298 2490 3321 σ
2519 3273 2627 3330 Sed
2654 3270 2909 3345 regnavit
2960 3286 3109 3326 mors
3138 3268 3206 3325 ab
3234 3268 3412 3325 Adam
3444 3281 3618 3341 usque

2022 3365 2090 3421 ad
2114 3366 2369 3438 Moysen.
2394 3388 2412 3412 ι
2456 3364 2729 3432 Quoniam
2756 3378 2870 3418 non
2906 3359 3281 3432 imputabatur
3307 3364 3618 3428 peccatum,

2022 3464 2318 3529 antequam
2354 3455 2444 3510 lex
2474 3452 2699 3509 daretur
2734 3468 2833 3525 per
2858 3451 3110 3522 Moysen,
3141 3448 3284 3504 sicut
3316 3446 3437 3502 dixi
3465 3464 3479 3513 ;
3503 3446 3622 3518 ipsa

2021 3544 2407 3618 usurpationis
2436 3544 2767 3616 impunitate
2796 3539 3059 3612 regnabat
3106 3553 3273 3605 mors,
3304 3535 3485 3594 sciens
3512 3533 3619 3591 sibi

2022 3635 2149 3692 illos
2176 3635 2426 3692 devotos.
2450 3632 2728 3705 Regnabat
2774 3646 2903 3703 ergo
2929 3644 3078 3685 mors
3106 3625 3399 3684 securitate
3429 3622 3624 3681 domi-

2021 3723 2269 3781 nationis
2299 3740 2410 3781 suaa
2439 3732 2550 3780 tam
2585 3723 2644 3777 in
2670 3720 2792 3790 hos,
2815 3719 2912 3793 qui
2947 3718 3017 3774 ad
3046 3727 3263 3790 tempus
3292 3714 3620 3783 evadebant,

2022 3831 2185 3889 quam
2217 3814 2276 3869 in
2310 3814 2437 3870 illos
2453 3813 2549 3885 qui
2580 3812 2747 3868 etiam
2782 3809 2875 3866 hic
2896 3825 3083 3881 poenas
3115 3806 3320 3863 dabant
3344 3822 3442 3878 pro
3465 3805 3627 3861 malis

2023 3907 2138 3963 suis
2165 3906 2446 3979 operibus.
2482 3907 2685 3963 Omnes
2708 3903 2856 3959 enim
2884 3918 3012 3958 suos
3039 3916 3156 3957 esse
3196 3899 3440 3965 videbat,
3489 3897 3624 3968 quia

2039 4020 2057 4042 ι
2095 3995 2190 4069 qui
2245 3995 2380 4052 facit
2460 4002 2769 4067 peccatum,
2826 4007 3017 4048 servus
3067 3997 3150 4045 est
3182 3987 3392 4059 peccati
3440 3986 3623 4056 (Joan.

2024 4101 2150 4153 VIII,
2198 4084 2368 4155 34);.
2422 4084 2648 4156 impune
2690 4082 2839 4139 enim
2889 4080 3081 4137 cedere
3136 4083 3411 4147 putantes,
3456 4071 3629 4142 magis

2023 4174 2460 4247 delinquebant:
2494 4175 2641 4231 circa
2673 4175 2792 4229 haec
2822 4179 3006 4227 tamen
3049 4172 3271 4239 peccata
3312 4162 3628 4236 promptio-

2024 4286 2131 4338 res,
2172 4286 2295 4343 quaa
2344 4267 2587 4325 mundus
2632 4267 2789 4339 quasi
2822 4265 2977 4321 licita
3007 4260 3304 4317 nutriebat.
3334 4259 3455 4328 Quo
3482 4257 3629 4316 facto

2025 4359 2298 4433 gaudebat
2328 4358 2577 4424 Satanas,
2608 4370 2835 4412 securus
2864 4351 3016 4427 quod
3040 4368 3204 4410 causa
3223 4351 3357 4408 Adae
3373 4348 3627 4408 relictum

2024 4466 2057 4505 a
2080 4450 2194 4505 Deo
2225 4446 2507 4503 hominem
2539 4445 2597 4500 in
2627 4443 3025 4518 possessionem
3055 4439 3311 4497 habebat.

315 4507 603 4588 atterr‘itus
635 4507 903 4605 (29)vleg'e
931 4542 1014 4590 est
1045 4507 1250 4605 (Exod.
1284 4507 1345 4600 tt,
1390 4532 1597 4605 12-14).
1628 4507 1916 4601 Quomodo
1945 4507 1995 4565 D
2100 4537 2382 4609 Regnabat
2433 4552 2563 4607 ergo
2606 4507 2756 4591 mors
2801 4533 2860 4589 in
2906 4548 3020 4601 eos,
3058 4556 3075 4579 ι
3124 4530 3219 4602 qui
3264 4533 3631 4602 peccaverunt

317 4635 440 4693 ergo
504 4638 621 4678 non
673 4624 1052 4695 imputabatur
1106 4630 1414 4695 peccatum,
1472 4638 1599 4678 cum
1658 4624 1749 4679 lex
1804 4641 1913 4681 non

319 4714 503 4771 esset?
562 4720 661 4769 aut
716 4714 994 4786 quomodo
1049 4715 1458 4784 vindicabatur,
1511 4713 1621 4772 nisi
1679 4715 1770 4771 lex
1814 4715 1916 4773 sci-

321 4809 467 4860 retur
484 4804 513 4861 2

393 4987 513 5059 (27)
547 4988 752 5045 Omnes
778 4986 939 5054 edit.,
968 4988 1081 5045 Leo:
1124 4996 1409 5045 commonet
1441 4990 1648 5048 Christo
1689 4992 1920 5048 serviens

322 5057 429 5114 Deo
454 5057 670 5187 piatur:
709 5061 951 5116 dicatur:
1008 5077 1139 5117 mss.
1172 5078 1303 5118 vero
1352 5062 1808 5135 frequentissimi,
1857 5071 1921 5121 ut

326 5146 424 5187 nos
456 5149 515 5187 in
570 5148 639 5187 ex
667 5148 723 5187 u.

326 5146 424 5187 nos
456 5141 515 5187 in
545 5141 723 5189 textu.

395 5203 516 5275 (28)
577 5204 876 5277 Nonnulli“
901 5220 1056 5271 mss.,
1094 5206 1181 5259 sed
1209 5205 1501 5277 superiore,
1556 5206 1713 5277 quasi
1756 5206 1922 5262 libera

319 5276 559 5401 pfuritate
587 5292 599 5331 :
624 5276 746 5357 _alii
805 5275 1040 5348 aliquot,
1098 5277 1187 5356 sed
1214 5275 1517 5348 superiora,
1546 5275 1704 5349 quasi
1734 5278 1920 5333 libera.

378 5347 475 5401 all.
508 5345 691 5401 addit.
722 5350 980 5401 tenebant.
1006 5362 1117 5401 non
1144 5348 1510 5401 incommode.
1535 5352 1795 5401 Attamen
1814 5364 1920 5401 me-

378 5347 475 5403 all.
508 5345 691 5415 addit,
722 5345 980 5414 tenebant,
1006 5362 1117 5401 non
1144 5345 1510 5404 incommode.
1535 5345 1795 5405 Attamen
1814 5364 1923 5405 me-

326 5415 436 5473 lius
471 5419 692 5500 .reliqui
754 5436 896 5500 mss._
944 5426 1012 5500 et.
1041 5434 1242 5500 omnes
1287 5419 1443 5500 edit.,
1476 5421 1579 5500 sed
1633 5419 1923 5493 superiori,

325 5490 482 5558 quasi
502 5492 560 5545 in
591 5489 776 5558 libera,
804 5491 901 5546 ubi
931 5489 1283 5558 subintellige
1311 5492 1567 5548 custodia.

400 5507 482 5544 asa
502 5508 560 5545 tn
591 5507 776 5558 uoera,
804 5507 901 5546 um
931 5507 1215 5545 summam
1254 5507 1283 5545 e
1311 5507 1373 5544 cu

400 5561 522 5703 (29)
553 5562 683 5618 Mss.
718 5562 951 5643 aliquot,
982 5561 1201 5643 territus
1218 5507 1375 5633 fugit.

426 5632 497 5688 30
555 5633 759 5690 Omnes
779 5635 911 5691 edit.
945 5640 998 5689 et
1026 5633 1251 5703 quidam
1284 5649 1375 5690 ms:

426 5632 522 5703 30)
555 5633 759 5690 Omnes
779 5632 911 5691 edit.
945 5640 998 5689 et
1026 5633 1251 5707 quidam
1284 5649 1443 5703 mss.,
1480 5635 1635 5705 quasi
1656 5639 1928 5708 peccatum

2032 4627 2091 4682 in
2147 4627 2579 4684 similitudinem
2638 4622 3109 4699 praevaricationis
3168 4621 3321 4691 Adae,
3353 4647 3371 4669 ›
3416 4620 3511 4693 qui
3549 4626 3644 4674 est‘

2034 4714 2215 4771 forma
2239 4717 2479 4772 \futuri:
2545 4716 2693 4789 quod
2751 4716 2810 4770 in
2866 4712 3128 4785 subjectis
3175 4709 3627 4766 monstrabimus.

2033 4805 2222 4878 Itaque
2256 4821 2369 4861 non
2420 4805 2478 4860 in
2508 4821 2699 4861 omnes
2728 4812 2963 4861 mortem
2995 4817 3245 4875 regnasse
3277 4799 3629 4856 manifestum

2033 5004 2140 5045 non
2169 4994 2330 5045 esset:
2363 4986 2461 5044 alii
2487 4985 3025 5059 pluresnobiscum,,
3044 4983 3204 5059 quasi
3221 4987 3493 5055 peccatum
3518 4995 3632 5051 cog-

2033 5062 2205 5117 nitum
2229 5077 2335 5115 non
2367 5056 2533 5115 esset:
2568 5058 2732 5117 Corb.
2780 5058 2952 5123 solus,
2982 5056 3111 5127 quia
3157 5057 3205 5111 si
3226 5059 3497 5127 peccatum
3524 5067 3631 5105 non

2035 5141 2161 5189 esset
2188 5133 2450 5205 cognitum
2503 5132 2649 5203 apud
2677 5131 2868 5195 Deum,
2919 5128 3245 5184 incuriosum
3283 5128 3452 5183 Deum
3478 5137 3631 5178 asse-

2034 5211 2232 5260 rerent.

2136 5277 2229 5347 31)
2284 5273 2457 5347 Corb.
2506 5272 2702 5341 codex,
2759 5271 3040 5345 depravati
3056 5271 3214 5343 legem
3238 5267 3425 5324 mentis
3460 5267 3632 5318 natu-

2037 5345 2197 5413 ralis,
2210 5345 2213 5347 ’
2227 5362 2345 5417 qum
2365 5345 2568 5417 prima,
2602 5352 2707 5400 etc.

2139 5409 2415 5489 32)-Mss.,
2438 5409 2651 5489 aliquot
2678 5414 2842 5472 alicui
2863 5422 3063 5489 praeter
3090 5412 3233 5470 Filio
3263 5409 3577 5489 deputetura

2139 5423 2232 5489 32)
2263 5423 2415 5486 Mss.,
2438 5423 2651 5489 aliquot
2678 5423 2842 5472 alicui
2863 5423 3063 5487 praeter
3090 5423 3233 5470 FtltO
3263 5423 3577 5485 deputatum.

2114 5423 2231 5561 $33)
2292 5488 2455 5555 Corb.
2513 5504 2641 5557 ms.,
2692 5488 3131 5559 quemadmodum
3181 5484 3389 5536 creator
3441 5478 3634 5531 merito

2040 5564 2267 5619 colatur.
