4150 6194
486 283 557 338 99
1487 276 1584 333 AD
1623 272 1856 334 OPERA
1892 278 1948 333 S.
1993 270 2328 333 AMBROSII
2368 270 2748 329 APPENDIX.

3675 271 3779 326 100

487 415 589 479 est,
620 405 751 478 quia
782 420 890 459 non
934 410 1299 475 peccaverunt
1326 418 1518 459 omnes
1554 404 1611 457 in
1640 399 2063 457 similitudinem
2100 405 2150 463 Α
2174 407 2237 456 ut
2265 400 2396 473 quia
2425 416 2591 468 mors,
2623 398 2680 453 id
2708 404 2812 463 est,
2839 394 3152 463 dissolutio,
3183 410 3280 467 per
3308 394 3581 452 invidiam
3612 398 3779 468 facta,

487 493 956 570 praevaricationis
984 493 1138 560 Adae,
1166 491 1222 548 id
1242 500 1342 560 est,
1374 508 1486 547 non
1520 508 1730 558 omnes,
1760 499 2075 564 contempto

487 588 622 655 Deo,
671 590 1053 657 peccaverunt.
1101 582 1206 649 Qui
1236 591 1417 638 autem
1443 590 1572 636 sunt
1611 580 1727 651 qui,
1758 589 2075 653 contempto

487 676 621 741 Deo,
681 680 1062 745 peccaverunt,
1120 671 1226 727 nisi
1257 671 1349 742 qui
1379 670 1624 740 neglecto
1670 669 1923 726 Creatore
1953 688 2075 727 ser-

490 764 713 819 vierunt
783 770 1063 827 creaturas,
1122 759 1252 814 deos
1302 758 1409 813 sibi
1482 757 1884 814 constituentes
1938 775 2078 830 quos

488 853 751 918 colerent,
770 848 838 904 ad
868 848 1126 920 injuriam
1156 846 1287 901 Dei?
1316 846 1526 901 Idcirco
1554 846 1841 903 laetabatur
1871 848 1923 901 in
1958 847 2078 904 istis

488 941 762 1007 diabolus,
805 939 932 1011 quia
979 935 1202 991 videbat
1247 935 1373 990 illos
1428 935 1735 991 imitatores
1784 951 1911 992 suos
1939 937 2079 992 effe—

486 1038 602 1088 ctos
633 1029 771 1100 (34).
800 1028 934 1082 Nam
965 1033 1019 1081 et
1067 1025 1244 1080 Thare
1272 1032 1425 1096 pater
1479 1024 1736 1091 Abrahae,
1783 1035 1836 1081 et
1864 1025 2081 1081 Nachor

488 1127 542 1175 et
563 1118 743 1173 Laban
772 1115 1022 1188 prOprios
1049 1114 1180 1170 deos
1227 1113 1332 1169 sibi
1363 1112 1741 1170 vindicabant.
1775 1115 1846 1170 Et
1877 1131 2079 1186 pecca-

488 1215 605 1263 tum
628 1206 761 1262 Adaa
792 1222 904 1260 non
934 1204 1093 1275 longe
1113 1211 1195 1258 est
1214 1203 1282 1259 ab
1311 1202 1627 1259 idololatria
1651 1222 1664 1270 ;
1695 1204 2079 1275 praevaricavit

488 1296 663 1363 enim,
708 1301 908 1366 putans
957 1308 1015 1348 se
1044 1291 1327 1347 hominem
1385 1291 1634 1347 futurum
1665 1294 1863 1348 Deum.
1897 1294 2081 1349 [Esti—

491 1388 666 1443 mavit
695 1385 844 1440 enim
893 1382 1000 1439 hoc
1029 1383 1201 1455 magis
1230 1381 1603 1454 profuturum,
1635 1383 1781 1456 quod
1826 1384 2081 1441 diabolus

415 1469 419 1474 ’
489 1475 684 1543 suasit,
713 1489 875 1547 quam
900 1472 1045 1546 quod
1075 1474 1220 1527 Deus
1230 1470 1417 1543 jussit,
1437 1472 1495 1527 in
1522 1473 1644 1537 loco
1666 1473 1765 1529 Dei
1795 1472 2077 1530 diabolum

489 1573 735 1622 statuens
766 1583 779 1631 ;
835 1562 982 1619 unde
1013 1569 1067 1618 et
1103 1560 1384 1633 subjectus
1430 1570 1512 1618 est
1543 1560 1782 1619 diabolo.
1815 1564 2083 1620 Similiter

491 1663 545 1711 et
587 1653 666 1722 hi,
726 1662 1059 1725 transgresso
1113 1653 1250 1719 Deo,
1298 1650 1429 1707 dum
1479 1659 1747 1708 creaturae
1803 1653 2076 1720 serviunt,

490 1752 720 1818 peccant
769 1740 939 1798 simili
970 1741 1155 1808 modo,
1201 1757 1313 1796 non
1359 1740 1741 1813 eodem;quia
1770 1741 2081 1799 similitudo

490 1834 631 1890 solet
659 1832 860 1888 habere
889 1829 1100 1903 aliquid
1126 1828 1416 1885 dissimile.
1444 1830 1554 1887 Nec
1581 1829 1731 1885 enim
1763 1837 1941 1902 potest
1968 1830 2079 1886 dici

491 1921 620 1993 quia
676 1927 731 1975 et
772 1919 832 1974 hi
873 1918 967 1991 qui
997 1927 1333 1991 praeceptum
1370 1926 1700 1990 acceperunt
1740 1935 1853 1976 non
1883 1918 2081 1975 edendi

490 2008 558 2065 de
613 2008 807 2065 arbore
853 2008 996 2064 sicut
1051 2006 1227 2063 Adam
1284 2007 1508 2063 fuerunt
1549 2010 1703 2079 (Gen.
1736 2026 1798 2076 II,
1842 2010 1954 2081 17),
1987 2009 2083 2082 qui

491 2105 876 2171 peccaverunt,
933 2113 1042 2153 non
1114 2096 1472 2168 praevaricato
1527 2098 1665 2163 Deo,
1711 2097 1805 2153 sed
1861 2098 1918 2153 in
1969 2098 2084 2170 lege

491 2187 751 2243 naturali.
788 2186 893 2253 Qui
917 2186 1065 2241 enim
1098 2185 1393 2253 intellexit,
1426 2187 1543 2242 sive
1574 2203 1643 2241 ex
1681 2186 1928 2253 traduce,
1968 2187 2085 2243 sive

493 2276 703 2333 indicio
786 2276 1047 2345 naturali,
1100 2286 1156 2334 et
1208 2286 1502 2335 veneratus
1562 2287 1644 2335 est
1685 2282 1884 2342 Deum.
1941 2280 2082 2336 nulli

493 2367 975 2424 honoriﬁcentiam
1011 2367 1255 2423 nominis
1305 2384 1367 2425 ac
1400 2367 1701 2440 majestatis
1723 2368 1842 2441 ejus
1871 2369 2086 2441 imper-

492 2458 675 2538 tiens;
708 2456 752 2512 si
785 2455 1050 2529 peccavit,
1071 2456 1199 2528 quia
1229 2456 1570 2528 impossibile
1599 2466 1680 2513 est
1694 2474 1807 2514 non
1836 2474 2080 2530 peccare,

490 2546 596 2602 sub
635 2548 749 2602 Deo
806 2546 1077 2617 peccavit,
1128 2561 1239 2600 non
1287 2546 1345 2601 in
1390 2548 1587 2616 Deum,
1634 2563 1797 2620 quem
1837 2546 2081 2618 judicem

492 2634 699 2690 sensit:
758 2632 991 2706 ideoque
1020 2632 1080 2687 in
1112 2632 1430 2705 hujusmodi
1482 2651 1630 2691 mors
1672 2651 1784 2692 non
1811 2638 2079 2708 regnavit.

492 2724 555 2779 In
606 2722 707 2778 hos
754 2730 961 2790 autem,
992 2728 1088 2785 56
1144 2722 1288 2779 sicut
1327 2722 1470 2793 dixi,
1526 2725 1797 2797 regnavit,
1835 2726 1930 2798 qui
1982 2727 2085 2783 sub

490 2824 672 2896 specie
699 2823 974 2880 idolorum
998 2824 1309 2880 servierunt
1334 2824 1575 2881 diabolo.
1613 2824 1903 2896 Propterea
1938 2826 2086 2898 quod

492 2911 582 2967 lex
614 2911 672 2966 in
733 2913 1059 2967 auctoritate
1102 2929 1214 2968 non
1266 2922 1384 2969 erat
1430 2915 1795 2986 promulgata,
1836 2914 2082 2985 judicem

496 3002 671 3056 Deum
709 3002 1025 3072 praesentire
1072 3002 1462 3073 nequiverunt.
1507 3002 1747 3057 Maxima
1786 3003 1933 3057 enim
1963 3020 2087 3075 pars

497 3087 919 3180 mundi.Deum
975 3088 1093 3144 fore
1147 3087 1392 3180 judicem
1445 3088 1770 3180 ignorabat:
1830 3092 2083 3163 perpauci
2122 3120 2165 3180 ο

492 3183 679 3231 autem
713 3174 770 3229 in
821 3191 959 3247 quos
988 3191 1099 3231 non
1140 3176 1391 3247 regnavit
1418 3193 1601 3244 mors;
1638 3177 1695 3232 in
1722 3194 1861 3250 quos
1901 3188 2083 3235 autem

497 3263 770 3336 regnavit,
796 3272 920 3337 post
959 3264 1119 3320 istam
1152 3272 1407 3332 mortem,
1439 3282 1560 3338 quae
1586 3266 1764 3339 prima
1797 3267 2021 3337 dicitur,
2055 3287 2086 3325 a

492 3355 737 3412 secunda
790 3356 1007 3428 excepti
1056 3365 1187 3412 sunt
1238 3355 1306 3411 ad
1346 3371 1563 3427 poenam
1617 3365 1670 3413 et
1719 3358 2083 3430 perditionem

496 3446 760 3503 futuram.
819 3447 880 3502 In
910 3462 1048 3519 quos
1097 3454 1279 3502 autem
1334 3463 1445 3502 non
1501 3447 1771 3519 regnavit,
1820 3450 1947 3522 quia
1973 3467 2085 3507 non

492 3543 861 3610 peccaverunt
881 3537 937 3590 in
971 3534 1399 3591 similitudinem
1430 3534 1903 3609 prmvaricationis
1928 3538 2083 3610 Adae,

492 3625 595 3682 sub
669 3641 762 3697 spe
813 3627 1096 3700 .reservati
1162 3634 1292 3681 sunt
1336 3626 1599 3683 adventui
1658 3628 1958 3687 Salvatoris
2026 3632 2085 3688 in

494 3713 669 3772 libera
699 3715 853 3787 (35);
884 3716 1030 3771 sicut
1048 3716 1249 3788 legitur
1263 3715 1329 3771 de
1356 3716 1654 3786 Abraham,
1675 3718 1804 3792 quia
1834 3721 2086 3793 quamvis

493 3804 639 3876 apud
674 3803 880 3860 inferos
923 3804 1112 3873 fuerit,
1175 3804 1443 3862 discretus
1489 3816 1672 3865 tamen
1710 3809 1876 3881 longo
1919 3810 2084 3867 inter-

496 3892 644 3948 vallo
679 3898 796 3958 est;
831 3891 907 3948 ita
939 3898 1002 3947 ut
1036 3891 1215 3949 chaos
1248 3903 1390 3950 esset
1431 3894 1622 3967 ingens
1655 3895 1803 3951 inter
1824 3895 2004 3968 justos
2032 3905 2086 3952 et

492 3994 806 4059 peccatores
871 3986 1023 4058 (Luc.
1058 4002 1175 4055 xvi,
1206 3987 1321 4059 26).
1354 3987 1411 4043 Si
1442 3988 1588 4044 inter
1612 3987 1792 4060 justos
1821 3997 1875 4045 et
1899 4005 2086 4061 pecca-

493 4086 638 4134 tores
668 4077 834 4135 chaos
863 4078 1057 4151 ingens
1081 4086 1216 4146 erat,
1256 4087 1461 4150 quanto
1488 4080 1660 4152 magis
1691 4080 1835 4136 inter
1863 4080 2083 4152 impios,

492 4176 556 4224 ut
605 4168 771 4240 justis
817 4176 960 4224 esset
1006 4167 1351 4240 refrigerium
1400 4168 1539 4239 (36),
1589 4175 1643 4223 et
1707 4170 2086 4240 peccatoribus

494 4265 676 4327 aestus,
718 4259 905 4328 impiis
947 4274 1079 4313 vero
1125 4257 1326 4323 ardor;
1381 4264 1444 4312 ut
1491 4264 1617 4313 ante
1647 4255 1923 4329 judicium
1953 4260 2086 4332 quid

494 4347 876 4419 unusquisque
928 4347 1129 4418 dignus
1153 4355 1313 4413 esset,
1348 4364 1456 4403 non
1491 4347 1724 4403 lateret?
1749 4348 1830 4403 Ac
1860 4364 1954 4419 per
1982 4347 2087 4406 hoc

494 4435 759 4508 regnabat
783 4434 842 4489 in
870 4449 963 4489 eos
982 4451 1151 4503 mors,
1181 4435 1311 4508 quia
1337 4435 1561 4490 videbat
1576 4452 1740 4507 opera
1764 4436 2087 4494 subtilitatis

495 4542 608 4581 suae
657 4524 952 4596 profecisse
1003 4524 1081 4579 eis
1106 4523 1175 4579 ad
1233 4541 1447 4594 poenam
1478 4526 1631 4596 quasi
1669 4524 1934 4583 inimicis.
1966 4528 2085 4583 Non

494 4613 641 4670 enim
662 4613 823 4669 latuit
841 4613 1001 4668 illum
1026 4612 1095 4668 ad
1116 4612 1223 4668 hoc
1239 4612 1446 4668 factum
1467 4613 1750 4670 hominem
1772 4615 1827 4670 in
1856 4617 2085 4686 mundo,

497 4711 559 4759 ut
592 4703 883 4775 imperium
916 4703 1083 4759 unius
1138 4703 1237 4758 Dei
1264 4702 1609 4775 praedicaret,
1650 4704 1797 4777 quod
1827 4707 2085 4778 praevari-

499 4799 657 4846 catus
685 4798 767 4845 est
799 4790 1047 4846 Satanas.

568 4879 649 4933 Ac
674 4877 721 4933 si
751 4878 808 4933 in
839 4878 1029 4934 Graeco
1060 4895 1172 4934 non
1201 4879 1279 4935 ita
1303 4887 1523 4936 cautum
1551 4878 1799 4948 dicatur;
1830 4882 1912 4938 sic
1935 4881 2083 4937 enim

496 4966 704 5024 dicitur
747 4967 1035 5038 scriptum,
1085 4968 1250 5023 etiam
1289 4967 1347 5024 in
1402 4985 1497 5024 eos
1534 4976 1766 5025 mortem
1811 4986 2084 5042 regnasse,

388 5100 391 5105 λ
495 5056 590 5130 qui
654 5071 763 5111 non
815 5064 1181 5127 peccaverunt
1210 5057 1269 5111 in
1316 5057 1740 5113 similitudinem
1767 5060 2086 5130 prmvarica-

494 5146 665 5205 tionis
746 5145 900 5203 Adae.
934 5147 1129 5203 Totum
1152 5147 1298 5203 enim
1328 5146 1420 5204 hic
1466 5149 1789 5220 complexus
1844 5150 2084 5219 videtur,

569 5273 687 5345 (34)
719 5256 924 5329 Idcirco
944 5343 957 5345 _
976 5271 1320 5329 (tutabatur...
1363 5275 1583 5344 eﬂ'ectos,
1613 5273 1799 5330 deerat
1824 5275 1881 5330 in
1910 5276 2085 5331 omni-

495 5345 598 5428 bus
625 5343 785 5413 edit.,
817 5343 964 5418 quod
995 5360 1096 5400 nos
1164 5360 1330 5416 prope
1372 5343 1437 5401 ex
1474 5345 1736 5402 omnibus
1767 5363 1894 5402 mss.
1931 5348 2086 5403 resti-

493 5424 850 5560 Cod.
887 5486 1167 5552 nonnulli,
1197 5487 1445 5560 adventui
1476 5489 1774 5545 Saluatoris
1801 5491 1860 5545 in
1895 5490 2085 5546 libera-

501 5558 728 5631 tionem;
755 5561 851 5615 alii
882 5575 1035 5628 vero,
1083 5567 1138 5615 et
1166 5558 1300 5631 edit.
1342 5559 1448 5616 hoc
1491 5560 1637 5616 inter
1680 5578 1736 5617 se
1793 5560 2085 5631 dissident,

498 5629 646 5705 quod
687 5647 816 5687 mss.
868 5648 976 5687 non
1025 5630 1207 5703 pauci,
1266 5646 1330 5687 ac
1381 5639 1491 5687 vet.
1523 5633 1657 5689 edit.
1707 5633 1961 5702 efferunt,
1989 5629 2082 5690 ad;

2186 498 2269 547 est
2318 489 2549 557 diaboli,
2610 488 2772 543 etiam
2823 486 2882 541 in
2934 501 3027 540 eos
3067 484 3164 557 qui
3219 500 3331 539 non
3388 495 3778 556 peccaverunt,

2187 595 2437 652 regnasse
2468 586 2698 633 mortem
2733 575 2910 642 dicat;
2942 574 3257 629 moriuntur
3284 574 3456 639 enim,
3487 575 3632 648 quod
3665 577 3781 633 voti

2188 676 2270 725 est
2322 668 2554 724 Satanae.
2610 665 2766 734 Quod
2806 666 2853 720 si
2908 680 3104 721 verum
3156 671 3319 732 esset,
3377 680 3491 720 non
3534 666 3782 738 oportuit

2189 758 2299 814 dici
2325 775 2336 813 :
2386 783 2403 804 ι
2424 757 2692 829 Regnavit
2720 772 2867 811 mors
2895 755 2963 810 ab
2993 755 3165 811 Adam
3198 770 3370 827 usque
3398 754 3467 810 ad
3494 755 3768 828 Moysen;.

2190 848 2236 904 si
2262 847 2329 903 ab
2377 846 2539 902 initio
2591 862 2765 919 usque
2792 845 2861 901 ad
2890 844 3056 901 ﬁnem
3098 853 3287 917 regnat
3336 844 3394 900 in
3425 861 3636 902 omnes.
3670 847 3785 904 Aut

2190 936 2333 992 forte
2369 935 2569 1009 gradus
2621 934 2773 1002 fecit,
2802 942 2865 991 ut
2918 934 2987 990 ab
3027 932 3204 989 Adam
3245 950 3421 1007 usque
3449 934 3518 990 ad
3556 937 3782 1009 Moysen

2191 1027 2522 1099 regnaverit,
2555 1033 2609 1083 et
2629 1027 2864 1098 aMoyse
2888 1041 3061 1098 usque
3079 1024 3148 1080 ad
3176 1025 3481 1095 Christum,
3508 1045 3540 1084 a
3560 1027 3785 1085 Christo

2191 1132 2323 1172 vero
2351 1130 2524 1189 usque
2551 1114 2621 1171 ad
2672 1114 2876 1181 ﬁnem;
2918 1120 2981 1170 ut
3029 1114 3096 1169 ad
3130 1130 3294 1187 quam
3325 1117 3625 1172 utilitatem
3662 1117 3784 1174 haec

2192 1206 2400 1262 locutio
2447 1204 2753 1277 proﬁceret,
2803 1220 2929 1261 cum
2985 1220 3090 1261 nec
3115 1205 3196 1261 sic
3249 1205 3469 1263 locutus
3496 1207 3781 1279 probetur.

2187 1295 2345 1351 Dixit
2373 1294 2560 1355 enim:
2628 1319 2645 1342 ι
2672 1294 2758 1351 Ab
2806 1294 2979 1350 Adam
3031 1294 3283 1366 regnavit
3312 1310 3462 1352 mors
3510 1312 3684 1370 usque
3715 1298 3784 1355 ad

2191 1385 2441 1456 Moysen,
2469 1409 2487 1430 -
2531 1391 2755 1455 propter
2806 1382 2955 1456 quod
3001 1383 3093 1440 lex
3122 1399 3236 1439 non
3267 1394 3385 1442 erat
3412 1386 3781 1456 manifestata,

2192 1482 2254 1531 ut
2281 1474 2408 1531 data
2434 1474 2574 1545 lege,
2605 1472 2707 1529 sub
2741 1474 3067 1529 auctoritate
3097 1473 3214 1545 ejus
3247 1474 3521 1546 viverent,
3552 1477 3787 1535 scientes

2192 1563 2327 1637 quid
2354 1572 2632 1628 caverent,
2663 1579 2732 1618 ne
2784 1571 3036 1635 regnaret
3074 1563 3129 1619 in
3160 1580 3252 1621 eos
3280 1582 3446 1621 mors.
3480 1566 3653 1638 Igitur
3690 1568 3786 1640 qui

2192 1662 2319 1711 ante
2349 1655 2520 1727 legem
2547 1653 2653 1709 hoc
2699 1652 2964 1721 servavit,
2999 1660 3197 1709 natura
3225 1653 3385 1723 duce,
3421 1656 3569 1729 quod
3598 1666 3787 1730 postea

2194 1745 2284 1801 lex
2350 1744 2657 1813 mandavit,
2688 1742 2963 1816 numquid
2992 1751 3173 1815 potest
3218 1743 3331 1800 dici
3362 1746 3493 1818 quia
3518 1764 3668 1805 mors
3696 1764 3787 1804 re-

2191 1834 2383 1906 gnavit
2403 1834 2461 1889 in
2492 1849 2618 1888 eum
2644 1832 2673 1888 ?
2709 1834 2846 1889 Nam
2869 1831 2998 1888 vide
3028 1832 3161 1905 quid
3192 1833 3259 1890 de
3291 1850 3356 1891 eo
3387 1837 3653 1909 scriptum
3670 1838 3744 1894 sit
3770 1858 3782 1895 :

2207 1949 2225 1972 ι
2255 1923 2566 1990 Peccatum,
2599 1921 2804 1994 inquit,
2833 1937 2947 1977 non
2978 1921 3374 1993 imputabatur,
3406 1942 3530 1981 cum
3551 1926 3645 1983 lex
3674 1943 3785 1983 non

2193 2022 2373 2079 esset;
2405 2038 2423 2061 ι
2458 2018 2511 2067 et
2562 2010 2798 2082 adjecit:
2856 2036 2874 2058 ε
2904 2010 3009 2067 Sed
3031 2013 3283 2085 regnavit
3321 2030 3468 2071 mors
3495 2015 3563 2071 ab
3610 2016 3784 2073 Adam

2193 2118 2366 2175 usque
2393 2101 2461 2157 ad
2479 2101 2728 2173 Moysen,
2760 2126 2778 2147 ι
2819 2116 2884 2156 eo
2914 2100 3106 2172 utique
3131 2108 3398 2173 tempore,
3423 2119 3533 2175 quo
3553 2103 3645 2159 lex
3674 2121 3786 2160 non

2193 2202 2344 2260 erat;
2377 2199 2432 2248 et
2458 2190 2718 2247 convenit
2765 2199 2828 2247 ut
2856 2190 2986 2263 quia
3046 2199 3338 2264 antequam
3403 2192 3494 2248 lex
3540 2193 3785 2262 daretur,

2193 2298 2343 2338 mors
2371 2279 2644 2352 regnavit,
2692 2277 2747 2334 in
2778 2295 2872 2335 eos
2898 2295 3157 2351 regnasse
3186 2279 3423 2349 dicatur,
3459 2282 3555 2354 qui
3584 2299 3788 2355 pecca-

2194 2380 2396 2430 verunt
2425 2373 2483 2428 in
2511 2370 2939 2429 similitudinem
2969 2371 3441 2442 praevaricationis
3461 2374 3615 2443 Adae,
3642 2376 3790 2433 sicut

2194 2478 2360 2534 supra
2390 2461 2838 2517 memoravimus.
2871 2460 3025 2517 Sicut
3069 2460 3217 2516 enim
3247 2470 3369 2533 post
3399 2462 3569 2535 legem
3602 2465 3787 2522 datam

2195 2551 2292 2623 qui
2316 2550 2481 2607 idolis
2509 2558 2603 2607 aut
2650 2548 3005 2605 fornicationi
3044 2548 3376 2619 servierunt,
3434 2558 3789 2608 contemnen-

2194 2647 2278 2696 tes
2304 2639 2696 2711 legislatorem,
2752 2638 3003 2710 regnavit
3033 2638 3092 2694 in
3130 2654 3222 2694 eos
3254 2655 3433 2707 mors;
3468 2639 3546 2696 ita
3579 2649 3633 2697 et
3658 2650 3786 2699 ante

2196 2731 2368 2804 legem
2417 2728 2513 2800 qui
2570 2744 2792 2784 sensum
2840 2728 2977 2799 legis
3040 2737 3462 2799 praesenserunt,
3524 2728 3789 2787 honoriﬁ-

2194 2826 2381 2878 cantes
2415 2824 2692 2873 auctorem
2750 2816 2887 2888 ejus,
2920 2832 3032 2872 non
3077 2817 3269 2889 utique
3314 2817 3567 2889 regnavit
3612 2821 3669 2875 in
3698 2837 3793 2879 eos

2198 2924 2348 2964 mors
2374 2924 2385 2963 :
2444 2913 2730 2978 propterea
2758 2905 2907 2961 enim
2938 2921 3191 2977 regnasse
3237 2905 3464 2975 dicitur,
3496 2907 3627 2979 quia
3653 2925 3793 2981 cog-

2195 2997 2337 3053 nitio
2365 2996 2532 3053 unius
2587 2994 2684 3052 Dei
2725 3003 3024 3051 evanuerat
3052 2996 3138 3050 'in
3166 2996 3349 3052 terris.
3408 2999 3660 3071 Denique
3708 3002 3794 3058 sic

2195 3087 2364 3159 coepit
2394 3088 2520 3144 data
2564 3086 2693 3141 lex:
2740 3110 2758 3132 ε
2786 3087 2902 3157 Ego
2944 3102 3088 3153 sum,
3111 3085 3314 3157 inquit,
3347 3087 3617 3144 Dominus
3646 3091 3793 3147 Deus

2194 3184 2344 3244 tuus,
2376 3175 2471 3248 qui
2502 3174 2670 3230 eduxi
2701 3182 2754 3229 te
2773 3174 2841 3230 de
2872 3175 3137 3246 1Egypto,
3169 3175 3237 3231 de
3260 3175 3428 3232 domo
3454 3179 3748 3236 servitutis
3776 3199 3789 3238 :

2195 3282 2305 3322 non
2336 3272 2501 3320 erunt
2528 3262 2632 3319 tibi
2660 3262 2739 3319 dii
2769 3263 2860 3318 alii
2886 3272 3081 3335 praeter
3111 3281 3197 3319 me
3217 3282 3230 3330 ;
3254 3273 3308 3320 et
3339 3282 3451 3322 non
3480 3266 3649 3324 facies
3686 3269 3789 3325 tibi

2194 3355 2427 3421 idolum,
2493 3368 2670 3425 neque
2718 3352 2886 3407 ullam
2939 3353 3363 3410 similitudinem
3436 3356 3638 3425 (Exod.
3688 3374 3787 3426 xx,

2194 3445 2334 3516 2-4).
2373 3469 2391 3491 ι
2434 3445 2571 3499 Data
2624 3442 2793 3515 igitur
2822 3443 2912 3497 lex
2942 3451 3045 3512 est,
3100 3461 3167 3500 ne
3198 3461 3348 3501 mors
3399 3457 3689 3518 regnaret;
3729 3456 3790 3505 ut

2194 3533 2416 3590 abolitis
2473 3533 2710 3605 peccatis
2765 3532 3064 3604 prioribus,
3110 3533 3211 3589 uni
3234 3537 3348 3591 Deo
3392 3535 3792 3594 obsecundaret

2196 3639 2365 3696 genus
2420 3621 2745 3677 humanum.
2794 3621 2949 3677 Unde
2995 3622 3104 3679 alio
3138 3623 3258 3679 loco
3305 3622 3443 3680 dicit
3472 3625 3618 3681 idem
3646 3627 3791 3698 Apo-

2195 3712 2409 3769 stolus:
2476 3737 2495 3759 ι
2521 3712 2640 3768 Non
2669 3721 2855 3784 regnet
2887 3720 3170 3784 peccatum
3224 3713 3284 3769 in
3337 3724 3521 3772 vestro
3566 3718 3789 3774 mortali

2194 3821 2444 3877 corpore,
2481 3814 2544 3861 ut
2572 3804 2843 3861 obediatis
2871 3805 2921 3860 ei
2957 3806 3133 3875 (Rom.
3167 3822 3245 3873 v1,
3282 3806 3395 3875 12).
3431 3833 3448 3855 ›
3491 3809 3611 3876 Quo
3639 3808 3791 3867 dicto

2194 3895 2434 3951 Ostendit
2480 3896 2646 3951 etiam
2694 3910 2844 3950 nunc
2884 3910 3110 3966 regnare
3155 3902 3407 3966 mortem,
3455 3898 3501 3953 si
3540 3899 3629 3953 lex
3660 3915 3791 3955 con-

2193 3992 2489 4041 temnatur.
2511 3984 2668 4052 Quod
2685 3985 2832 4040 enim
2852 4000 3080 4057 regnum
3112 3985 3306 4042 mortis
3325 3982 3427 4057 est,
3450 3988 3557 4043 nisi
3579 4004 3703 4045 cum
3727 3989 3791 4044 ﬁt

2195 4074 2451 4131 voluntas
2467 4072 2606 4144 ejus,
2627 4074 2759 4130 dum
2778 4074 3104 4145 imperat,ad
3130 4076 3431 4146 perniciem
3455 4076 3787 4150 obedientis,

2192 4166 2354 4238 cujus
2382 4166 2601 4238 imperii
2629 4166 2887 4221 voluntas
2914 4172 3077 4237 caput
3091 4173 3173 4221 est
3200 4164 3528 4221 idololatriae
3549 4168 3577 4223 Ῡ

2264 4256 2336 4312 Et
2361 4264 2545 4311 tamen
2574 4255 2653 4311 sic
2681 4253 3055 4325 praescribitur
3083 4254 3242 4311 nobis
3288 4254 3356 4311 de
3400 4256 3605 4312 Graecis
3641 4256 3791 4313 codi-

2195 4344 2375 4412 cibus,
2406 4344 2561 4417 quasi
2591 4359 2703 4399 non
2739 4343 2843 4415 ipsi
2874 4342 2941 4398 ab
2975 4342 3211 4400 invicem
3246 4342 3595 4416 discrepent;
3641 4344 3790 4417 quod

2196 4432 2329 4489 facit
2355 4432 2603 4488 studium
2632 4432 3023 4489 contentionis.
3055 4432 3195 4500 Quia
3235 4432 3380 4488 enim
3414 4433 3637 4504 propria
3665 4433 3791 4504 quis

2196 4522 2521 4578 auctoritate
2547 4521 2629 4576 uti
2661 4538 2770 4577 non
2802 4529 2980 4593 potest
3003 4521 3072 4577 ad
3101 4521 3415 4590 victoriam,
3446 4521 3617 4577 verba
3652 4521 3788 4593 legis

2195 4611 2491 4681 adulterat,
2553 4620 2615 4667 ut
2674 4627 2896 4667 sensum
2967 4628 3125 4667 suum
3195 4612 3351 4685 quasi
3417 4611 3588 4667 verba
3651 4610 3789 4682 legis

2193 4708 2418 4768 asserat,
2477 4708 2538 4756 ut
2592 4716 2703 4755 non
2752 4700 2913 4768 ratio,
2944 4700 3038 4756 sed
3095 4701 3392 4757 auctoritas
3438 4699 3790 4772 przescribere

2195 4789 2470 4845 videatur.
2504 4788 2733 4845 Constat
2760 4797 2942 4844 autem
2974 4805 3137 4860 porro
3185 4790 3321 4845 olim
3347 4788 3611 4863 quosdam
3643 4789 3790 4845 Lati-

2193 4895 2296 4935 nos
2342 4878 2408 4934 de
2443 4877 2722 4933 veteribus
2752 4878 2957 4934 Graecis
2984 4878 3279 4934 translatos
3306 4878 3612 4947 codicibus,
3650 4896 3790 4953 quos

2194 4971 2543 5040 incorruptos
2575 4967 2902 5039 simplicitas
2946 4976 3257 5040 temporum
3303 4968 3547 5025 servavit
3582 4976 3637 5024 et
3665 4985 3788 5041 pro-

2193 5058 2319 5115 bat:
2354 5065 2640 5131 postquam
2665 5063 2849 5112 autem
2879 5073 2912 5112 a
2940 5055 3236 5113 concordia
3263 5056 3465 5113 animis
3505 5056 3789 5115 disceden-

2193 5147 2362 5216 tibus,
2391 5156 2446 5205 et
2474 5146 2751 5204 haereticis
2779 5145 3229 5217 perturbantibus
3256 5145 3504 5220 torqueri
3531 5146 3787 5219 quastio-

2192 5284 2377 5333 ventu:
2428 5276 2627 5349 reliqui
2681 5276 2899 5345 melius,
2931 5275 3221 5332 adventui:
3269 5275 3430 5332 Rom.
3477 5272 3613 5330 edit.
3645 5274 3784 5341 sola,

2192 5350 2466 5405 adventus.

2267 5421 2383 5491 (36)
2409 5421 2490 5476 Ita
2518 5418 2647 5475 Gill.
2679 5436 2743 5476 ac
2770 5421 2927 5478 Rom.
2961 5419 3094 5476 edit.
3131 5434 3257 5476 cum
3293 5435 3424 5474 mss.
3458 5415 3782 5491 nonnullis:

2193 5487 2303 5564 vet.
2337 5487 2519 5564 autem
2549 5491 2690 5564 edit._
2714 5499 2768 5548 et
2816 5491 3016 5564 reliqui
3048 5508 3206 5557 mss.,
3252 5497 3451 5561 quanto
3480 5488 3646 5559 magis
3673 5487 3786 5559 piis

2192 5570 2240 5620 et
2256 5562 2420 5634 justis
2447 5570 2575 5620 esset
2601 5562 2965 5635 refrigerium“.
