4150 6194
341 255 441 312 illi

1449 245 1811 307 COMMENT.
1854 248 1925 305 IN
1962 248 2161 306 EPIST
2224 249 2322 305 AD
2361 246 2533 307 ROM.

3541 234 3645 311 102

342 378 508 436 nibus
561 384 848 451 coeperunt
904 377 1066 448 (37),
1124 377 1297 433 multa
1349 377 1641 435 immutata
1690 388 1821 435 sunt
1874 377 1943 435 ad
1970 379 2022 437 A
2053 376 2592 445 condemnationem,
2632 376 2842 432 donum
2880 385 3063 433 autem
3099 393 3169 433 ex
3198 372 3395 433 inultis
3430 377 3651 435 delictis

340 492 561 533 sensum
614 474 963 541 humanum;
1026 482 1087 529 ut
1144 473 1252 531 hoc
1305 474 1684 531 contineretur
1735 474 1831 531 57
1888 476 1947 531 in

340 568 567 634 litteris,
615 565 767 638 quod
811 563 1031 620 homini
1071 564 1391 620 videretur:
1442 564 1590 621 unde
1627 566 1793 622 etiam
1841 568 1947 639 ipsi

341 656 516 713 Greci
545 655 798 712 diversos
836 653 1056 710 codices
1097 652 1323 709 habent.
1377 656 1493 711 Hoc
1538 663 1721 710 autem
1753 672 1947 712 verum

340 747 600 814 arbitror,
654 745 876 819 quando
913 753 968 801 et
1013 746 1156 801 ratio
1184 753 1239 800 et
1280 745 1512 802 historia
1557 754 1613 802 et
1650 748 1949 803 auctoritas

339 839 713 896 observatur:
766 852 895 891 nam
946 835 1223 908 hodieque
1272 837 1329 892 in
1380 837 1593 893 Latinis
1641 838 1950 909 reprehen—

340 930 554 985 duntur
572 926 883 994 codicibus,
907 926 990 981 sic
1011 926 1383 981 inveniuntur
1401 943 1433 981 a
1449 927 1728 984 veteribus
1749 927 1945 1000 posita,

341 1015 710 1083 Tertulliano,
744 1015 1035 1072 Victorino
1063 1022 1118 1070 et
1146 1014 1447 1086 Cypriane.

414 1107 670 1163 Primum
719 1106 888 1177 igitur
928 1105 985 1160 in
1026 1104 1216 1161 Judea
1260 1106 1428 1178 ccepit
1474 1106 1683 1162 destrui
1715 1123 1945 1179 regnum

346 1197 567 1262 mortis,
585 1195 715 1268 quia
742 1218 760 1241 ι
782 1202 941 1251 notus
968 1195 1024 1250 in
1044 1195 1235 1251 Judea
1251 1196 1398 1251 Deus
1420 1196 1593 1268 (Psal.
1619 1213 1789 1265 Lxxv,
1809 1196 1888 1268 2);
1915 1220 1933 1245 ι

346 1302 500 1341 nunc
531 1292 712 1340 autem
743 1284 800 1339 in
830 1284 1090 1341 omnibus
1127 1283 1389 1357 gentibus
1420 1285 1670 1358 quotidie
1710 1285 1945 1342 destrui-

346 1386 460 1443 tur,
507 1374 640 1430 dum
689 1390 885 1446 magna
926 1390 997 1429 ex
1043 1381 1199 1447 parte
1243 1390 1314 1431 ex
1359 1373 1493 1432 ﬁliis
1539 1375 1751 1431 diaboli
1803 1374 1947 1433 ﬁunt

341 1464 446 1519 ﬁlii
469 1464 590 1519 Dei.
624 1464 815 1536 Itaque
843 1478 956 1519 non
985 1463 1045 1519 in
1067 1479 1260 1519 omnes
1288 1466 1538 1536 regnavit
1565 1480 1734 1532 mors,
1766 1465 1861 1521 sed
1888 1466 1944 1520 in

341 1570 435 1610 eos
460 1552 558 1625 qui
587 1560 959 1624 peccaveth
988 1553 1047 1608 in
1078 1553 1506 1610 similitudinem
1539 1555 1946 1626 praevaricatio-

341 1643 431 1700 nis
455 1642 616 1710 Ade,
658 1641 808 1698 sicut
849 1660 1019 1715 supra
1048 1644 1371 1699 memoravi.
1405 1644 1578 1699 Adam
1607 1653 1789 1700 autem
1822 1645 1946 1700 ideo

2055 468 2115 522 in
2157 465 2634 537 justiﬁcationem.
2669 492 2687 515 ι
2728 466 3019 522 Manifeste
3050 466 3331 521 diversum
3375 472 3475 533 est,
3521 465 3653 539 quia

2054 572 2171 611 uno
2200 556 2331 611 Ade
2359 566 2579 626 peccato
2605 556 2961 612 condemnati
2989 563 3137 623 sunt,
3169 555 3261 627 qui
3297 555 3353 609 in
3389 554 3648 611 similitu-

2055 646 2243 702 dinem
2301 645 2774 717 prevaricationis
2828 645 2946 717 ejus
3001 653 3411 718 peccaverunt:
3477 646 3653 718 gratia

2054 753 2186 792 vero
2216 735 2312 792 Dei
2358 752 2453 808 per
2481 734 2761 792 Christum
2803 753 2915 790 non
2947 752 3015 791 ex
3046 753 3156 791 uno
3191 736 3415 803 delicto,
3456 734 3550 791 sed
3579 751 3650 790 ex

2055 825 2247 880 multis
2270 823 2603 896 justiﬁcavit
2627 823 2903 892 homines,
2926 823 3109 880 dando
3129 824 3242 880 illis
3264 822 3645 879 remissionem

2054 923 2425 986 peccatorum.
2470 913 2584 969 Hoc
2615 912 2682 968 ad
2714 912 3177 985 magniﬁcentiam
3218 913 3434 985 pietatis
3462 912 3562 969 Dei
3593 918 3649 966 et

2054 1003 2264 1061 Christi
2296 1002 2563 1075 loquitur,
2586 1009 2649 1056 ut
2670 1019 2795 1058 cum
2815 1002 3021 1058 delicto
3042 1001 3175 1057 Ade
3205 1002 3366 1056 multi
3387 1008 3651 1058 tenentur

2053 1109 2087 1148 a
2115 1100 2292 1149 morte
2321 1091 2562 1148 secunda
2590 1091 2649 1145 in
2679 1091 2900 1147 inferno
2929 1090 3205 1158 inferiori,
3229 1091 3438 1146 donum
3461 1099 3645 1148 tamen

2054 1182 2240 1254 gratie
2262 1181 2381 1248 Dei,
2412 1198 2538 1237 cum
2558 1180 2771 1252 justum
2792 1186 2935 1235 esset
2963 1179 3130 1251 plecti
3159 1179 3306 1248 illos,
3334 1196 3444 1236 non
3464 1182 3644 1237 solum

2055 1270 2291 1343 ignoscit
2319 1270 2457 1340 illis,
2488 1270 2584 1326 sed
2604 1267 2897 1342 justiﬁcat.

2128 1363 2310 1435 (Vers.
2338 1364 2451 1434 17.)
2495 1387 2512 1407 ι
2544 1362 2600 1417 Si
2629 1361 2778 1416 enim
2804 1360 2971 1416 unius
2991 1358 3195 1416 delicto
3223 1376 3369 1416 mors
3399 1362 3649 1433 regnavit

2055 1468 2152 1524 per
2197 1468 2405 1517 unum,
2460 1452 2638 1506 multo
2694 1448 2868 1521 magis
2913 1448 3307 1504 abundantiam
3363 1450 3549 1521 gratie
3596 1456 3651 1505 et

2053 1541 2369 1598 donationis
2389 1548 2443 1596 et
2466 1539 2698 1612 justitie
2729 1539 3080 1610 accipientes,
3116 1538 3175 1593 in
3198 1539 3314 1594 vita
3343 1540 3652 1611 regnabunt

2052 1648 2151 1704 per
2204 1648 2379 1688 unum
2437 1632 2623 1687 Jesum
2678 1628 2981 1686 Christum.
3043 1654 3061 1676 ι
3122 1628 3507 1685 Contuendum
3567 1636 3652 1685 est

339 1732 519 1787 forma
543 1731 720 1787 futuri
748 1739 851 1800 est,
884 1732 1016 1805 quia
1034 1730 1151 1803 jam
1172 1741 1292 1788 tum
1323 1732 1383 1789 in
1408 1734 1674 1807 mysterio
1700 1735 1949 1791 decrevit
1978 1742 2021 1802 Β
2055 1739 2231 1778 unum
2262 1737 2379 1777 9-888
2407 1736 2653 1787 sensum,
2695 1726 2752 1774 εἴ
2798 1718 2857 1772 in
2903 1717 3059 1773 ΠΠῙῘΟ
3100 1716 3321 1807 digeri?
3349 1733 3361 1771 ε
3414 1724 3647 1807 φρηθρι

341 1822 489 1877 Deus
543 1836 642 1892 per
691 1836 866 1876 unum
924 1820 1209 1877 Christum
1263 1822 1591 1891 emendare,
1649 1824 1796 1896 quod
1852 1840 1947 1896 per

343 1926 521 1966 unum
562 1910 734 1965 Adam
782 1919 1070 1983 peccatum
1119 1921 1236 1969 erat
1283 1913 1426 1985 (38),
1468 1913 1613 1969 sicut
1649 1913 1856 1970 dicitur
1887 1914 1947 1969 in

344 2000 680 2073 Apocalypsi
707 2001 936 2058 Joannis
963 2003 1199 2075 apostoli
1233 2021 1246 2058 :
1291 2026 1310 2051 ι
1340 2004 1567 2075 Agnus,
1599 2002 1816 2077 inquit,
1846 2005 1947 2078 qui

344 2089 564 2146 occisus
584 2097 665 2144 est
705 2105 737 2144 a
776 2089 1181 2146 constitutione
1209 2089 1405 2146 mundi
1438 2091 1627 2163 (Apoc.
1654 2108 1783 2161 xm,
1801 2093 1885 2165 8).
1914 2116 1932 2140 ι

341 2179 594 2253 Denique
621 2178 862 2251 subjecit
890 2199 903 2236 :

414 2270 596 2340 (Vers.
625 2270 735 2342 15.)
780 2294 799 2316 ι
829 2269 936 2326 Sed
976 2286 1089 2328 non
1131 2270 1279 2327 sicut
1320 2269 1609 2340 delictum,
1641 2270 1719 2327 ita
1754 2279 1809 2328 et
1836 2271 1948 2328 do-

343 2375 504 2417 num.
539 2384 557 2407 ι
591 2359 823 2431 Propter
842 2360 992 2432 quod
1016 2360 1167 2416 enim
1197 2360 1431 2417 formam
1462 2377 1578 2417 esse
1608 2359 1756 2416 dixit
1780 2361 1948 2417 unius

342 2448 553 2506 Christi
611 2464 787 2504 unum
837 2448 1055 2517 Adam;
1106 2465 1175 2505 ne
1222 2457 1276 2505 et
1324 2466 1544 2508 causam
1594 2449 1728 2505 Ade
1779 2451 1945 2506 talem

341 2537 685 2611 signiﬁcasse
726 2545 1037 2610 putaretur,
1082 2539 1263 2612 qualis
1299 2548 1355 2595 et
1400 2540 1611 2599 Christi
1653 2549 1773 2608 est;
1823 2540 1947 2596 ideo

342 2628 421 2684 ait
447 2646 460 2683 :
509 2652 527 2674 -
558 2627 665 2684 Sed
692 2644 806 2685 non
832 2627 976 2685 sicut
1004 2628 1294 2696 delictum,
1321 2629 1399 2685 ita
1418 2639 1469 2686 et
1496 2630 1734 2696 donum;
1768 2656 1785 2680 ι
1819 2630 1950 2703 quia

345 2716 408 2772 in
451 2733 519 2772 eo
566 2724 783 2774 tantum
825 2717 1004 2773 forma
1030 2718 1210 2774 Adam
1237 2717 1453 2782 Christi
1474 2726 1578 2788 est,
1626 2719 1758 2793 quia
1799 2719 1948 2793 quod

350 2823 497 2864 unus
525 2807 797 2879 peccavit,
829 2823 973 2863 unus
1003 2807 1339 2865 emendavit.

427 2920 447 2943 ι
479 2896 537 2952 Si
568 2896 719 2952 enim
740 2896 911 2952 unius
929 2895 1135 2953 delicto
1163 2897 1328 2953 multi
1359 2897 1564 2954 mortui
1593 2903 1747 2966 sunt,
1769 2897 1949 2953 multo

343 2986 521 3058 magis
549 2985 727 3058 gratia
756 2986 856 3042 Dei
888 2993 943 3041 et
968 2986 1179 3042 donum
1219 2986 1277 3041 in
1309 2986 1482 3059 gratia
1506 2985 1674 3042 unius
1703 2985 1951 3042 hominis

342 3077 473 3167 Iesu
494 3076 703 3133 Christi
734 3077 791 3167 in
813 3077 997 3148 plures
1023 3076 1361 3167 abundavit;
1397 3102 1415 3124 ι
1449 3075 1555 3133 hoc
1579 3083 1680 3143 est,
1704 3075 1948 3167 si‘unius
1977 3107 2020 3167 ο

345 3164 557 3221 delicto
590 3165 752 3220 multi
794 3167 998 3222 mortui
1035 3171 1185 3233 sunt,
1231 3164 1515 3221 imitantes
1544 3164 1947 3237 praevaricatio-

346 3270 482 3309 nem
532 3253 673 3325 ejus,
720 3255 887 3328 magis
933 3256 1127 3327 gratia‘
1157 3256 1259 3311 Dei
1302 3262 1357 3311 et
1406 3254 1617 3310 donum
1667 3254 1723 3309 in
1764 3255 1949 3326 plures

344 3342 659 3399 abundavit
684 3344 1067 3416 confugientes
1097 3343 1167 3399 ad
1206 3359 1283 3399 se.
1320 3345 1512 3400 Plures
1534 3344 1685 3399 enim
1717 3342 1948 3415 gratiam

343 3442 784 3507 consequuntur,
806 3450 973 3507 quam
1003 3434 1209 3490 mortui
1240 3441 1370 3490 sunt
1389 3433 1595 3490 delicto
1617 3432 1773 3489 Ade.
1794 3432 1949 3489 Unde

344 3523 704 3579 manifestum
744 3532 829 3579 est
874 3539 988 3579 non
1032 3522 1101 3579 de
1144 3522 1247 3579 hac
1292 3531 1507 3588 morte,
1536 3539 1659 3596 que
1689 3521 1950 3578 omnibus

344 3612 660 3669 communis
675 3620 776 3681 est,
808 3612 1165 3685 signiﬁcasse,
1199 3612 1329 3685 quia
1356 3628 1548 3668 omnes
1576 3612 1808 3668 omnino
1834 3627 1948 3667 mo-

345 3704 591 3772 riuntur,
634 3712 688 3759 et
724 3719 837 3759 non
881 3709 1062 3758 tamen
1094 3720 1285 3759 omnes
1325 3702 1556 3774 gratiam
1590 3717 1950 3775 consequun-

343 3799 484 3847 tur:
535 3807 714 3864 neque
772 3800 1004 3848 mortem
1064 3792 1122 3847 in
1176 3808 1370 3847 omnes
1417 3807 1692 3863 regnasse,
1741 3790 1836 3847 sed
1890 3788 1951 3845 in

344 3900 442 3939 eos
460 3882 553 3955 qui
580 3881 787 3939 delicto
817 3881 972 3951 Ade,
1004 3881 1213 3938 mortui
1244 3891 1393 3951 sunt,
1425 3882 1792 3955 signiﬁcatur,
1813 3898 1951 3954 quos

345 3973 406 4028 in
435 3972 865 4028 similitudinem
895 3972 1369 4045 praevaricationis
1387 3972 1521 4029 Ade
1541 3972 1683 4029 dicit
1698 3986 1951 4044 peccasse

350 4063 492 4134 (39).
545 4062 589 4118 Ii
625 4071 755 4119 sunt
801 4078 939 4135 quos
984 4061 1125 4119 dicit
1172 4062 1231 4117 in
1279 4062 1446 4119 unius
1492 4061 1700 4119 delicto
1747 4061 1952 4117 multos

348 4161 623 4221 mortuos,
669 4152 900 4225 gratiam
940 4159 1121 4207 autem
1169 4152 1270 4209 Dei
1317 4152 1374 4207 in
1422 4153 1608 4224 plures
1648 4150 1947 4218 abundare,

346 4246 482 4318 quia
507 4254 563 4301 et
610 4246 671 4299 in
720 4245 790 4298 iis
835 4243 931 4316 qui
979 4243 1184 4300 delicto
1232 4243 1367 4299 Ade
1415 4244 1619 4299 mortui
1664 4242 1950 4308 dicuntur,

345 4335 614 4391 similiter
641 4341 951 4407 peccantes,
994 4339 1048 4388 et
1091 4331 1148 4386 in
1193 4331 1262 4386 iis
1303 4332 1397 4403 qui
1441 4349 1551 4387 non
1588 4336 1955 4404 peccaverunt

346 4423 409 4479 in
442 4423 548 4479 hac
569 4423 697 4478 Ade
729 4420 1207 4495 prevaricationis
1235 4419 1627 4488 similitudine,
1650 4420 1746 4476 Dei
1778 4418 1953 4492 gratia

345 4512 664 4569 abundavit
694 4531 705 4568 :
740 4523 968 4585 paterno
997 4520 1183 4568 autem
1214 4516 1440 4583 peccato
1467 4525 1535 4564 ex
1562 4509 1657 4565 Dei
1683 4510 1954 4565 sententia

346 4610 513 4660 erant
544 4601 691 4672 apud
714 4601 936 4671 inferos,
968 4602 1144 4674 gratia
1158 4600 1260 4657 Dei
1282 4597 1592 4654 abundavit
1612 4597 1669 4652 in
1686 4597 1951 4655 descensu

347 4692 683 4759 Salvatoris,
705 4692 959 4749 omnibus
981 4694 1119 4749 dans
1149 4690 1580 4763 indulgentiam,
1603 4705 1728 4746 cum
1761 4688 1951 4745 trium-

347 4786 468 4860 pho
498 4782 734 4840 sublatis
764 4781 844 4839 eis
868 4782 925 4838 in
953 4785 1172 4840 coelum.

429 4876 615 4946 (Vers.
653 4874 767 4948 l6.)
814 4899 831 4921 ε
861 4875 933 4930 Et
977 4892 1088 4931 non
1128 4876 1271 4935 sicut
1314 4892 1411 4949 per
1438 4892 1613 4933 unum
1644 4881 1950 4948 peccatum,

352 4966 438 5022 ita
473 4974 530 5020 et
567 4964 816 5020 donum:
868 4980 996 5019 nam
1033 4962 1309 5034 judicium
1353 4963 1578 5037 quidem
1620 4980 1691 5021 ex
1731 4980 1844 5021 uno
1893 4962 1953 5019 in

433 5193 553 5267 (37)
595 5194 752 5251 Rom.
786 5193 947 5262 edit.,
984 5191 1203 5250 Constat
1228 5201 1401 5250 autem
1437 5196 1532 5251 hoc
1568 5212 1668 5267 per
1694 5193 1954 5266 quosdam

350 5266 577 5325 Latinas
606 5267 668 5321 de
696 5267 952 5322 veteribus
984 5266 1184 5322 Graecis
1228 5270 1521 5324 translatos
1561 5266 1691 5323 olim
1730 5267 1951 5332 codices,

350 5356 489 5411 quos
516 5340 852 5408 incorruptos
879 5338 1192 5409 simplicitas
1222 5345 1510 5411 temporum
1528 5339 1823 5411 scrvavitget
1845 5354 1952 5411 ser-

351 5410 451 5466 bat
478 5427 497 5464 :
542 5416 825 5482 postquam
865 5417 1040 5465 autem
1085 5410 1370 5482 concordia
1403 5411 1596 5466 animis
1638 5410 1955 5482 dissidenti-

352 5484 523 5539 bus...
542 5480 794 5552 torqueri
831 5482 1209 5551 questionibus
1241 5481 1412 5552 cepit.
1444 5482 1566 5539 νει.
1600 5489 1785 5538 autem
1814 5480 1949 5538 edit.

351 5570 425 5610 ac
464 5570 595 5609 mss.
641 5551 931 5610 nobiscum
971 5553 1204 5622 faciunt,
1246 5551 1355 5608 nisi
1384 5552 1532 5622 quod
1569 5553 1770 5610 cedem
1814 5552 1949 5608 edit.

351 5642 425 5684 ac
463 5624 622 5702 pauci
668 5640 799 5683 mss.
845 5641 945 5699 pro
979 5624 1358 5683 discedentibus
1394 5623 1602 5683 habent
1639 5623 1954 5685 dissidenti-

1979 4470 2030 4530 D

2056 1812 2207 1867 enim
2247 1810 2387 1868 dicit
2432 1824 2706 1880 regnasse,
2750 1823 2861 1863 non
2905 1822 3149 1878 regnare,
3182 1805 3313 1878 quia
3339 1805 3435 1878 qui
3474 1804 3651 1861 intel-

2058 1902 2316 1956 lexerunt
2354 1915 2452 1971 per
2492 1899 2666 1971 legem
2702 1895 2980 1969 judicium
3009 1895 3129 1964 Dei,
3175 1894 3378 1951 sublati
3424 1902 3554 1949 sunt
3581 1891 3648 1949 de

2056 1990 2175 2062 ejus
2202 1988 2455 2062 imperio.
2484 1987 2753 2060 Regnavit
2785 1992 2992 2054 autem,
3024 1985 3155 2058 quia
3182 1985 3301 2041 sine
3332 1983 3651 2040 manifesta-

2054 2081 2206 2137 tione
2246 2081 2379 2153 legis
2406 2080 2579 2136 timor
2620 2077 2719 2134 Dei
2761 2078 2821 2133 in
2849 2077 3013 2133 terris
3053 2092 3164 2132 non
3201 2085 3338 2133 erat.
3388 2075 3652 2147 Superior

2055 2187 2184 2243 ergo
2225 2186 2417 2227 sensus
2458 2174 2561 2235 est,
2611 2174 2673 2223 ut
2714 2167 2844 2240 quia
2888 2182 3036 2222 mors
3080 2165 3331 2237 regnavit
3371 2164 3440 2219 ab
3472 2164 3649 2219 Adam

2054 2276 2229 2333 usque
2256 2258 2325 2316 ad
2350 2259 2578 2331 Moysen
2612 2257 2670 2312 in
2695 2272 2807 2324 eos,
2832 2254 2929 2328 qui
2956 2257 3324 2327 peccaverunt
3351 2253 3410 2308 in
3439 2252 3651 2309 simili-

2055 2349 2307 2406 tudinem
2348 2345 2819 2420 prevaricatiouis
2855 2344 3012 2413 Ade,
3053 2344 3232 2401 multo
3269 2342 3443 2415 magis
3475 2341 3652 2413 gratia

2055 2446 2244 2509 regnet
2287 2435 2630 2492 abundantia
2672 2434 2806 2490 doni
2861 2434 2962 2491 Dei
3010 2433 3070 2489 in
3116 2433 3288 2489 vitam
3340 2447 3437 2505 per
3474 2447 3648 2487 unum

2056 2529 2241 2585 Jesum
2290 2526 2595 2585 Christum.
2647 2525 2704 2581 Si
2752 2524 2901 2580 enim
2947 2540 3097 2579 mors
3144 2523 3431 2595 regnavit,
3482 2536 3650 2595 quare

2055 2634 2169 2674 non
2198 2617 2372 2689 magis
2392 2616 2565 2688 gratia
2584 2621 2791 2686 regnet,
2813 2631 2935 2686 que
2956 2614 3132 2668 multo
3153 2612 3337 2684 plures
3359 2612 3647 2683 justiﬁcat,

2057 2724 2221 2781 quam
2251 2706 2312 2761 hi
2339 2713 2469 2762 sunt
2498 2705 2555 2760 in
2584 2720 2721 2777 quos
2750 2703 3001 2775 regnavit
3025 2718 3172 2757 mors
3198 2720 3210 2757 :
3247 2708 3454 2774 quanto
3479 2702 3654 2773 magis

2058 2796 2231 2870 gratia
2255 2810 2482 2867 regnare
2513 2791 2786 2849 credenda
2813 2798 2917 2857 est,
2950 2806 3070 2863 que
3099 2789 3313 2846 confert
3341 2789 3514 2845 vitam
3554 2804 3652 2860 per

2059 2886 2342 2945 Christum
2369 2885 2397 2941 ?

2133 2976 2315 3048 (Vers.
2350 2973 2466 3046 18.)
2517 2996 2535 3021 ε
2580 2970 2754 3045 Igitur
2781 2972 2925 3028 sicut
2964 2987 3061 3043 per
3086 2970 3252 3026 unius
3283 2968 3547 3028 delictum
3592 2968 3652 3025 in

2059 3082 2250 3123 omnes
2302 3064 2557 3121 homines
2605 3062 2664 3118 in
2711 3060 3268 3129 condemnationem,
3326 3059 3407 3116 sic
3452 3068 3506 3117 et
3558 3075 3654 3131 per

2059 3158 2226 3213 unius
2248 3154 2524 3228 justitiam
2545 3155 2604 3210 in
2627 3171 2816 3210 omnes
2836 3152 3088 3209 homines
3107 3151 3166 3207 in
3191 3150 3652 3223 justiﬁcationem

2060 3246 2227 3315 vite,
2259 3273 2277 3295 ι
2320 3246 2426 3302 hoc
2453 3254 2571 3313 est,
2619 3245 2765 3301 sicut
2810 3259 2907 3316 per
2950 3242 3115 3298 unius
3156 3239 3420 3297 delictum
3462 3257 3656 3298 omnes

2059 3334 2573 3395 condemnationem
2605 3340 2924 3390 meruerunt
2952 3331 3210 3389 similiter
3238 3338 3544 3403 peccantes,
3578 3331 3656 3387 ita

2060 3434 2115 3482 et
2144 3425 2200 3481 in
2225 3423 2445 3497 justitia
2471 3424 2637 3480 unius
2657 3438 2847 3479 omnes
2866 3419 3322 3494 justiﬁcabuntur
3344 3418 3649 3476 credentes.

2060 3525 2117 3581 Si
2147 3525 2240 3598 qui
2271 3522 2367 3580 58
2401 3532 2585 3580 autem
2616 3522 3131 3579 condemnationem
3171 3520 3315 3578 hanc
3345 3520 3653 3593 generalem

2060 3632 2177 3673 esse
2205 3623 2422 3688 putant,
2468 3612 2641 3670 simili
2687 3613 2852 3669 modo
2880 3619 2935 3667 et
2974 3611 3427 3684 justiﬁcationem
3477 3626 3655 3684 gene-

2062 3706 2231 3762 ralem
2282 3704 2573 3777 accipient.
2628 3702 2732 3760 Sed
2782 3718 2895 3758 non
2945 3710 3029 3758 est
3076 3717 3304 3769 verum,
3361 3700 3493 3773 quia
3541 3715 3653 3755 non

2062 3812 2254 3851 omnes
2286 3795 2539 3852 credunt.

2136 3885 2318 3957 (Vers.
2354 3885 2466 3957 19.)
2503 3909 2520 3930 ι
2548 3884 2702 3941 Sicut
2729 3883 2878 3939 enim
2906 3898 3004 3955 per
3023 3880 3457 3939 inobedientiam
3486 3880 3654 3936 unius

2063 3974 2309 4031 hominis
2354 3982 2663 4047 peccatores
2707 3973 2995 4032 constituti
3042 3980 3172 4029 sunt
3218 3972 3444 4043 plures:
3496 3970 3571 4025 ita
3598 3979 3655 4026 et

2063 4082 2160 4138 per
2190 4065 2358 4121 unius
2395 4064 2764 4121 obedientiam
2797 4062 2935 4136 justi
2972 4060 3378 4117 constituentur
3406 4056 3587 4113 multi.
3622 4082 3640 4105 ι

2062 4156 2212 4224 Quos
2240 4171 2405 4229 supra
2422 4171 2615 4211 omnes
2644 4153 2810 4221 dixit,
2841 4152 2935 4208 hic
2961 4150 3145 4222 plures
3173 4156 3227 4203 et
3254 4147 3458 4202 multos
3486 4146 3655 4218 signi-

2063 4245 2226 4313 ﬁcat;
2269 4246 2453 4316 plures
2493 4244 2641 4299 enim
2671 4241 2933 4298 delictum
2972 4237 3105 4293 Ade
3134 4235 3308 4292 secuti
3350 4242 3482 4291 sunt
3522 4252 3655 4307 pre-

2063 4334 2380 4402 varicando,
2411 4349 2521 4389 non
2553 4346 2770 4399 omnes;
2803 4338 2857 4385 et
2894 4325 3219 4398 multijusti
3246 4325 3657 4381 constituentur

2064 4443 2160 4499 per
2205 4424 2371 4481 ﬁdem
2419 4421 2661 4490 Christi,
2710 4436 2822 4476 non
2864 4434 3073 4474 omnes.
3126 4417 3246 4472 Non
3292 4431 3421 4486 ergo
3467 4415 3525 4469 in
3564 4429 3659 4470 eos

2064 4515 2315 4588 regnavit
2345 4529 2512 4581 mors,
2543 4510 2637 4585 qui
2675 4526 2787 4566 non
2821 4512 3190 4582 peccaverunt
3224 4503 3285 4559 in
3320 4503 3660 4560 similitudi-

2063 4622 2189 4662 nem
2222 4601 2691 4677 prevaricationis
2714 4598 2868 4655 Ade.

2137 4696 2318 4767 (Vers.
2351 4693 2468 4764 20.)
2519 4716 2535 4738 ι
2582 4691 2698 4746 Lex
2730 4697 2911 4744 autem
2960 4684 3314 4752 subintravit,
3363 4692 3426 4739 ut
3471 4680 3659 4737 abun-

2062 4785 2219 4842 daret
2245 4783 2531 4840 delictum.
2583 4806 2601 4828 ι
2643 4780 2827 4836 Potest
2860 4776 2973 4834 dici
3020 4792 3049 4831 e
3089 4784 3324 4833 contra:
3376 4774 3497 4829 Non
3528 4788 3660 4846 ergo

2064 4874 2312 4947 oportuit
2357 4871 2477 4929 dari
2528 4872 2721 4944 legem,
2777 4884 2846 4923 ne
2892 4873 3113 4940 peccata
3154 4866 3561 4931 increscerent;
3612 4862 3658 4919 si

2065 4964 2213 5019 enim
2260 4969 2385 5019 ante
2431 4962 2601 5034 legem
2652 4959 2836 5014 minus
2882 4964 3164 5030 peccatum
3213 4962 3315 5023 est,
3366 4968 3477 5009 non
3523 4966 3661 5023 opus

2066 5191 2183 5257 bus,
2214 5188 2401 5246 minus
2424 5184 2715 5245 concinne.

2139 5250 2257 5343 (38)
2297 5264 2377 5318 Ita
2406 5260 2652 5343 plerique
2687 5273 2816 5343 mss.
2848 5262 2905 5311 at
2931 5254 3029 5343 alii
3058 5250 3350 5343 nonnulli,
3384 5254 3659 5343 et‘om‘nes

2065 5320 2662 5405 edit.,lprwvdricat'um
2692 5334 2846 5405 erat:
2875 5327 2999 5385 cod.
3032 5343 3163 5382 vero
3188 5320 3373 5383 Corb.,
3398 5334 3498 5389 per
3519 5333 3658 5387 prce-

2064 5400 2443 5462 varicdtionem
2466 5408 2732 5475 peccatum
2760 5400 3070 5475 increverat.
3117 5470 3126 5475 _
3199 5464 3230 5475 Δ·
3314 5456 3400 5475 ΑΔ,
3602 5456 3637 5475 ν

2277 5456 2450 5535 ’(Ξόὶῇ.
2653 5472 2863 5553 quosin
2887 5464 3327 5543 prevaricationc
3351 5456 3659 5518 similitudi-

2063 5550 2151 5607 nis
2178 5550 2312 5606 Ade
2343 5564 2578 5621 peccasse
2606 5550 2818 5605 asserit.
