4136 6194
264 349 353 412 105
1337 342 1701 407 COMMENT.
1739 344 1811 404 IN
1848 344 2070 403 EPIST.
2111 345 2208 402 AD
2248 344 2415 402 ROM.

3437 345 3542 405 106

325 479 494 551 (Vera.
525 478 606 550 3.)
650 500 669 525 ι
710 480 799 534 An
839 475 1106 549 ignoratis
1134 475 1263 548 quia
1290 475 1606 549 quicunque
1643 471 1835 546 bapti—
1860 473 1914 533 A
1943 470 2144 528 debere
2174 488 2394 546 peccare
2419 490 2430 527 :
2465 470 2705 527 maxime
2735 486 2805 527 ne
2841 469 2908 527 ad
2938 469 3311 529 idololatriam
3344 485 3539 529 rever-

256 567 351 624 zati
377 583 560 624 sumus
590 568 647 622 in
688 565 910 622 Christo
939 566 1085 634 Jesu,
1118 564 1178 620 in
1211 571 1389 619 morte
1418 563 1537 635 ejus
1572 561 1836 635 baptizati
1942 568 2133 617 tantur
2169 579 2183 629 ;
2233 559 2616 634 gravissimum
2666 566 2761 624 60
2805 560 2954 616 enim
2998 561 3235 630 crimen,
3273 569 3327 617 et
3374 568 3539 634 caput

255 675 429 715 sumus
445 658 473 713 ?
498 683 518 705 ι

248 748 350 820 jam
406 763 514 801 non
566 745 761 801 debere
812 760 1055 816 peccare,
1106 744 1237 817 quia
1286 760 1413 799 cum
1469 741 1837 812 baptizamur,

253 836 637 893 commorimur
678 834 919 891 Christo.
954 833 1072 889 Hoc
1101 840 1184 887 est
1222 831 1282 886 in
1315 838 1494 885 morte
1525 828 1644 899 ejus
1671 827 1845 899 bapti-

250 929 386 996 zari;
420 928 536 983 illic
574 926 723 982 enim
768 925 961 981 omnia
1006 932 1235 996 peccata
1270 929 1461 976 nostra
1509 920 1842 988 moriuntur,

251 1027 306 1074 ut
336 1018 581 1073 innovati
615 1016 867 1088 deposita
897 1021 1094 1080 morte,
1129 1026 1410 1082 resurgere
1452 1009 1740 1065 videamur
1775 1005 1845 1062 ad

250 1108 411 1163 vitam
458 1107 636 1162 renati
667 1124 679 1161 :
710 1112 774 1159 ut
811 1100 1088 1175 quomodo
1138 1100 1393 1156 Christus
1425 1107 1677 1153 mortuus
1725 1111 1844 1168 pec-

246 1184 373 1252 cato
412 1194 737 1261 resurrexit,
795 1193 872 1247 ita
919 1198 972 1247 et
1015 1205 1114 1245 nos
1167 1205 1263 1261 per
1300 1186 1636 1258 baptismum
1691 1200 1843 1256 spem

246 1284 668 1341 resurrectionis
722 1280 1040 1337 habeamus.
1107 1277 1389 1349 Baptisma
1450 1276 1634 1347 itaque
1697 1288 1846 1330 mors

243 1373 454 1445 peccati
500 1379 598 1439 est,
638 1377 701 1426 ut
746 1369 853 1424 alia
880 1374 1138 1440 sequatur
1175 1365 1463 1430 nativitas,
1492 1362 1621 1436 quae
1654 1377 1843 1434 corpo-

244 1462 316 1517 ris
353 1469 612 1516 manente
657 1457 1000 1530 compagine,
1038 1454 1322 1510 hominem
1369 1459 1553 1509 mente
1594 1451 1845 1517 innovat,

244 1550 453 1623 sepulta
482 1547 731 1605 omnium
761 1546 1036 1602 malorum
1063 1551 1288 1600 actuum
1321 1548 1611 1597 vetustate.
1638 1592 1639 1595 η

313 1640 498 1711 (Vera.
531 1638 612 1711 4.)
657 1661 675 1684 ι
706 1633 1031 1708 Consepulti
1059 1633 1210 1690 enim
1241 1648 1436 1688 sumus
1467 1646 1594 1687 cum
1626 1629 1725 1685 illo
1754 1642 1849 1699 per

243 1728 574 1802 baptismum
607 1727 666 1783 in
710 1734 967 1792 mortem,
1007 1730 1070 1777 ut
1098 1719 1563 1795 quemadmodum
1596 1716 1850 1776 Christus

242 1802 548 1874 resurrexit
575 1833 607 1872 a
634 1814 877 1871 mortuis
905 1829 1002 1885 per
1026 1812 1293 1867 virtutem
1324 1809 1523 1876 Patris,
1562 1808 1641 1864 ita
1667 1814 1721 1862 et
1749 1822 1850 1862 nos

241 1908 296 1963 in
324 1909 585 1963 novitate
628 1906 759 1961 vitae
791 1903 1157 1959 ambulemus.
1193 1927 1211 1949 ι
1273 1901 1400 1956 Haec
1429 1898 1643 1965 dicens,
1682 1895 1848 1951 etiam

241 1996 391 2053 istud
432 1994 732 2067 signiﬁcat,
780 1991 927 2066 quod
970 1991 1210 2063 primum
1253 1997 1371 2056 est;
1422 1988 1553 2062 quia
1598 1984 1852 2044 Christus

238 2102 444 2159 corpus
484 2101 644 2142 suum
692 2101 724 2140 a
754 2081 989 2139 mortuis
1018 2080 1305 2147 excitavit,
1339 2078 1455 2151 ipse
1492 2078 1641 2134 enim
1675 2076 1852 2132 virtus

241 2184 319 2233 est
345 2176 452 2232 Dei
483 2175 682 2242 Patris,
718 2173 863 2229 sicut
904 2170 1080 2227 dicit:
1136 2192 1154 2215 ε
1185 2168 1395 2224 Solvite
1424 2168 1692 2239 templum
1722 2166 1849 2236 hoc,

242 2272 293 2322 et
346 2281 449 2338 ego
508 2262 689 2319 tribus
735 2259 931 2316 diebus
973 2258 1229 2314 excitabo
1278 2257 1438 2313 illud.
1492 2258 1607 2313 Hoc
1643 2263 1847 2325 autem,

243 2353 447 2427 inquit,
476 2350 698 2409 dicebat
726 2349 793 2406 de
822 2348 1029 2420 templo
1053 2347 1299 2419 corporis
1327 2347 1413 2402 sui
1449 2346 1630 2417 (Joan.
1669 2363 1733 2414 li,
1762 2345 1850 2414 19,

240 2443 329 2515 21)
366 2463 379 2511 ;
417 2470 436 2492 ι
497 2452 553 2499 et
584 2442 716 2515 quia
770 2440 1073 2497 resurrexit
1126 2439 1185 2494 in
1235 2455 1439 2495 novam
1492 2438 1687 2507 vitam,
1731 2452 1852 2509 quae

235 2531 346 2603 jam
379 2534 530 2589 mori
560 2530 792 2587 nesciat.
822 2530 976 2586 Nova
1009 2538 1192 2584 autem
1222 2528 1448 2596 dicitur,
1480 2527 1609 2600 quia
1637 2544 1669 2583 a
1697 2525 1851 2584 Chri-

239 2629 323 2679 sto
350 2623 486 2680 data
510 2629 615 2690 est,
649 2638 769 2695 quae
799 2628 881 2676 est
908 2619 1206 2691 disciplina
1235 2618 1569 2675 Christiana.
1600 2618 1713 2674 Nos
1742 2633 1851 2672 au-

238 2719 345 2768 tem
380 2712 651 2785 baptizati
702 2709 1007 2783 consepulti
1039 2726 1228 2765 sumus
1258 2709 1482 2767 Christo
1514 2708 1744 2779 (Coloss.
1788 2723 1849 2775 η,

241 2803 353 2876 12),
405 2812 473 2859 ut
521 2803 590 2859 de
637 2810 834 2859 caetero
881 2801 1025 2858 hanc
1072 2801 1243 2857 vitam
1292 2816 1606 2873 sequamur,
1660 2800 1717 2854 in
1747 2814 1855 2871 qua

238 2893 507 2952 Christus
537 2894 859 2950 resurrexit.
897 2892 1182 2964 Baptisma
1219 2892 1403 2963 itaque
1434 2887 1857 2945 resurrectionis

236 2986 444 3058 pignus
486 2995 590 3055 est,
642 2993 696 3040 et
741 2985 943 3054 imago,
985 2990 1048 3036 ut
1087 2980 1203 3051 jam
1245 2981 1301 3035 in
1333 2978 1621 3050 praeceptis
1649 2976 1857 3032 Christi

234 3083 556 3143 manentes,
616 3073 685 3129 ad
737 3071 1016 3144 praeterita
1072 3069 1255 3124 denuo
1310 3083 1422 3123 non
1483 3066 1853 3122 revolvamur.

232 3162 337 3230 Qui
391 3164 554 3218 enim
606 3161 865 3227 moritur,
910 3159 1025 3230 jam
1080 3174 1191 3213 non
1240 3163 1459 3229 peccat:
1511 3171 1660 3209 mors
1708 3154 1854 3209 enim
1890 3192 1934 3254 Ο

229 3250 365 3307 ﬁnis
396 3249 620 3323 peccati
657 3256 757 3305 est.
798 3248 936 3304 Nam
980 3245 1104 3301 ideo
1150 3261 1247 3317 per
1289 3260 1484 3317 aquam
1529 3244 1852 3313 celebratur,

230 3350 291 3397 ut
339 3341 507 3395 sicut
562 3352 701 3411 aqua
730 3336 917 3392 sordes
971 3333 1217 3407 corporis
1272 3333 1468 3399 abluit,
1526 3333 1602 3389 ita
1647 3340 1699 3389 et
1755 3348 1855 3388 nos

231 3446 326 3503 per
356 3429 713 3502 baptismum
759 3427 827 3483 ab
855 3425 1009 3482 omni
1057 3432 1279 3501 peccato
1325 3423 1690 3496 spiritualiter
1727 3439 1853 3495 pur-

237 3529 389 3591 gatos
422 3535 534 3575 nos
562 3526 618 3574 et
658 3517 951 3572 innovatos
982 3514 1287 3583 credamus,
1322 3522 1384 3571 ut
1413 3512 1560 3586 quod
1586 3513 1855 3585 incorpo-

237 3610 344 3666 rale
377 3615 494 3677 est,
532 3605 893 3662 invisibiliter
920 3603 1195 3660 abluatur.

306 3698 504 3771 (Vers.
541 3697 624 3767 5.)
670 3720 689 3741 ι
722 3694 780 3750 Si
806 3695 956 3749 enim
986 3691 1345 3765 complantati
1377 3707 1567 3747 sumus
1596 3690 1853 3747 similitu-

235 3784 354 3843 dini
385 3785 607 3843 mortis
652 3783 791 3856 ejus,
842 3782 1007 3839 simul
1039 3792 1093 3839 et
1121 3781 1537 3857 resurrectionis
1565 3780 1790 3838 erimus.
1824 3805 1842 3829 ι

238 3874 391 3933 Tunc
421 3892 545 3933 nos
587 3873 827 3930 feliciter
870 3871 1009 3928 dicit
1037 3888 1192 3944 posse
1230 3886 1529 3944 resurgere,
1574 3870 1621 3926 si
1660 3868 1855 3926 simili-

238 3965 421 4023 tudini
465 3965 681 4023 mortis
714 3962 832 4036 ejus
862 3962 1141 4020 fuerimus
1182 3962 1561 4036 complantati,
1592 3961 1649 4017 id
1678 3968 1779 4030 est,
1811 3960 1857 4016 si

240 4054 297 4111 in
326 4057 627 4130 baptismo
655 4053 844 4110 omnia
872 4053 1012 4109 vitia
1050 4052 1405 4126 deponentes,
1440 4053 1497 4107 in
1529 4067 1730 4107 novam
1759 4050 1860 4105 vi-

235 4151 347 4201 tam
392 4144 687 4213 translati,
734 4143 802 4200 de
848 4151 1046 4200 caetero
1073 4159 1185 4200 non
1232 4135 1555 4216 peccemus:
1588 4158 1685 4214 per
1713 4138 1859 4214 quod

239 4233 407 4290 simul
441 4243 502 4291 et
542 4232 964 4290 resurrectionis
994 4232 1145 4289 illius
1176 4231 1385 4289 similes
1410 4232 1615 4288 erimus
1647 4249 1661 4299 ;
1694 4229 1862 4287 simi-

239 4320 425 4380 litudo
467 4338 633 4379 enim
682 4322 877 4378 mortis
905 4321 1144 4376 similem
1189 4321 1467 4393 praestabit
1512 4319 1861 4376 resurrectio-

236 4426 390 4466 nem.
424 4409 601 4478 Quod
645 4410 704 4466 in
736 4408 969 4481 epistola
1016 4424 1115 4463 sua
1162 4408 1398 4464 Joannes
1447 4410 1726 4480 apostolus
1754 4423 1863 4464 me-

238 4508 425 4558 morat
474 4500 713 4557 dicans:
761 4522 779 4545 ι
816 4498 1034 4555 Scimus
1084 4497 1215 4571 quia
1260 4514 1384 4554 cum
1425 4497 1756 4570 apparuerit,
1796 4498 1865 4553 si-

600 657 717 713 Hoc
768 656 922 724 dicit,
973 664 1036 711 ut
1085 656 1324 712 sciamus
1380 654 1684 726 baptizatos
1737 666 1840 706 n08
1944 659 2117 716 totius
2163 658 2367 715 erroris
2407 666 2518 725 est;
2554 674 2623 714 ne
2656 657 2887 729 perdant
2931 658 3161 731 gratiam
3200 650 3479 730 acceptam
3509 673 3542 713 a

1947 750 2061 805 Deo
2105 764 2202 820 per
2245 746 2548 805 Christum.
2599 746 2887 803 Hominem
2928 764 3055 820 ergo
3102 756 3342 804 veterem
3388 755 3544 804 actus

1950 837 2256 910 praeteritos
2286 836 2441 904 dicit,
2482 838 2611 909 quia
2649 837 2794 893 sicut
2826 853 3003 892 novus
3041 836 3209 893 homo
3251 853 3348 910 per
3376 836 3546 894 ﬁdem

1952 934 2007 981 et
2030 943 2219 998 puram
2253 927 2425 981 vitam
2467 925 2674 981 dicitur
2702 925 2844 997 (46),
2876 925 2953 982 ita
2983 934 3037 981 et
3068 916 3225 982 vetus
3254 926 3422 982 homo
3452 942 3548 999 per

1952 1015 2316 1071 difﬁdentiam
2370 1022 2423 1071 et
2470 1015 2645 1071 malos
2694 1024 2869 1071 actus.
2920 1015 3032 1070 Hos
3067 1023 3221 1071 actus
3256 1015 3551 1072 cruciﬁxos

1952 1102 2109 1171 dicit,
2142 1103 2198 1159 id
2225 1112 2306 1159 est
2340 1112 2607 1169 mortuos,
2639 1111 2703 1157 ut
2744 1119 2944 1174 corpus
2979 1101 3294 1159 destruatur
3321 1103 3549 1176 peccati,

1952 1191 2101 1265 quod
2129 1199 2210 1249 est
2233 1200 2431 1248 cuncta
2455 1191 2710 1248 crimina.
2736 1190 2936 1263 Omnia
2956 1193 3105 1247 enim
3135 1198 3358 1264 peccata
3385 1193 3553 1249 simul

1952 1297 2152 1353 corpus
2189 1280 2446 1353 appellat,
2498 1280 2645 1353 quod
2674 1279 2886 1337 destrui
2929 1278 3067 1337 dicit
3097 1296 3194 1352 per
3221 1278 3426 1337 bonam
3472 1281 3554 1338 vi-

1953 1378 2089 1439 tam,
2119 1376 2172 1425 et
2200 1368 2365 1424 ﬁdem
2396 1368 2746 1426 catholicam.

2028 1458 2210 1530 (Vers.
2244 1459 2327 1529 8.)
2387 1482 2404 1505 ‹
2443 1458 2501 1515 Si
2542 1466 2723 1514 autem
2756 1457 2963 1514 mortui
2993 1474 3183 1515 sumus
3225 1475 3351 1516 cum
3380 1457 3555 1519 Chri-

1955 1557 2061 1617 sto,
2094 1548 2373 1605 credimus
2394 1547 2542 1621 quod
2574 1548 2740 1603 etiam
2772 1547 2939 1604 simul
2969 1547 3223 1604 vivemus
3244 1565 3370 1605 cum
3392 1548 3540 1608 illo..

1956 1638 2306 1695 Manifestum
2334 1647 2415 1695 est
2435 1637 2537 1694 hos
2562 1637 2658 1711 qui
2678 1655 2897 1695 carnem
2926 1638 3325 1695 cruciﬁxerunt
3348 1639 3555 1712 (ϐαιοὶ.

1955 1742 2015 1796 v,
2043 1726 2159 1800 24),
2208 1726 2266 1784 id
2294 1736 2395 1797 est,
2428 1726 2699 1783 mundum
2728 1744 2855 1785 cum
2885 1727 3042 1784 vitiis
3069 1733 3123 1784 et
3151 1728 3560 1801 concupiscen-

1883 1834 1929 1894 Β
1958 1816 2051 1873 tiis
2076 1816 2215 1888 ejus,
2257 1816 2399 1872 mori
2430 1815 2662 1885 mundo,
2690 1825 2745 1872 et
2771 1817 3040 1875 commori
3069 1816 3314 1887 Christo,
3340 1827 3559 1875 aeternae

1959 1921 2176 1981 quoque
2227 1905 2358 1961 vita:
2413 1921 2476 1962 ac
2532 1906 2761 1963 salutari
2815 1906 3198 1979 coimaginari,
3254 1914 3318 1964 ut
3371 1907 3560 1980 gloria

1959 1996 2167 2055 Christi
2214 1995 2425 2051 similes
2456 1995 2600 2053 efﬁci
2644 2006 2979 2053 mereantur.
3010 1996 3149 2055 Caro
3176 2014 3328 2068 vero,
3367 1997 3427 2055 id
3455 2007 3557 2068 est,

1960 2102 2160 2159 corpus
2190 2086 2269 2141 sic
2300 2084 2666 2157 cruciﬁgitur,
2712 2086 2759 2141 si
2801 2085 3074 2144 desideria
3110 2086 3228 2160 ejus
3255 2088 3560 2158 calcentur,

1960 2190 2082 2248 quae
2112 2182 2367 2231 manente
2398 2175 2457 2230 in
2501 2191 2564 2230 ea
2593 2181 2834 2246 peccato,
2870 2182 3128 2233 creantur
3159 2176 3277 2250 (47)
3317 2193 3388 2233 ex
3412 2193 3562 2251 prai-

1959 2263 2298 2321 varicatione
2345 2264 2512 2337 primi
2559 2262 2807 2321 hominis
2851 2255 3063 2338 empta:
3111 2266 3171 2322 in
3212 2282 3375 2324 carne
3410 2265 3563 2322 enim

1960 2352 2215 2411 diabolus
2261 2352 2643 2426 cruciﬁgitur;
2676 2353 2793 2426 ipse
2829 2354 2978 2411 enim
3010 2363 3113 2426 est,
3155 2356 3250 2430 qui
3284 2356 3431 2413 fallit
3469 2371 3565 2429 per

1960 2460 2203 2501 carnem.
2242 2442 2396 2500 ‘Caro
2460 2459 2587 2517 ergo
2638 2443 2938 2517 aliquando
2966 2448 2973 2457 '
3004 2445 3270 2516 mundus,
3333 2444 3391 2501 id
3458 2452 3561 2516 est,

1960 2534 2251 2602 elementa,
2294 2532 2593 2605 aliquando
2622 2548 2755 2588 vero
2782 2550 2980 2606 corpus
3009 2533 3255 2592 hominis
3284 2532 3565 2607 intelligi-

1959 2634 2073 2695 tur,
2103 2626 2193 2681 vel
2220 2625 2337 2698 ipsa
2366 2624 2551 2680 anima
2576 2640 2810 2696 sequens
2833 2640 3094 2695 corporea
3116 2624 3274 2680 vitia.

2035 2716 2219 2786 (Vers.
2251 2715 2286 2771 9
2318 2721 2373 2768 et
2405 2713 2519 2784 10.)
2568 2739 2585 2759 ι
2620 2713 2866 2770 Scientes
2898 2712 3047 2785 quod
3084 2712 3339 2770 Christus
3368 2727 3565 2767 resur-

1964 2818 2095 2876 gens
2125 2818 2197 2858 ex
2227 2801 2485 2868 mortuis,
2511 2800 2626 2872 jam
2660 2817 2773 2856 non
2814 2801 3072 2869 moritur,
3105 2817 3253 2857 mors
3294 2799 3378 2856 illi
3419 2800 3567 2857 ultra

1963 2907 2077 2947 non
2112 2889 2510 2946 dominabitur.
2544 2889 2700 2958 Quod
2738 2889 2887 2947 enim
2923 2896 3177 2946 mortuus
3207 2899 3289 2947 est
3316 2897 3559 2963 peccato,

1966 2991 2216 3038 mortuus
2244 2990 2326 3039 est
2353 2982 2520 3038 semel
2546 3001 2557 3038 :
2594 2982 2741 3055 quod
2770 2989 2952 3038 autem
2982 2980 3146 3050 vivit,
3180 2981 3322 3038 vivit
3361 2982 3495 3038 Deo.
3526 3004 3547 3029 ι

1964 3072 2321 3129 Securitatem
2364 3071 2687 3128 aeternitatis
2728 3071 2787 3127 in
2824 3071 3224 3128 resurrectione
3259 3070 3561 3129 Salvatoris

1964 3162 2246 3219 ostendit:
2297 3162 2366 3218 ad
2414 3179 2579 3236 quam
2620 3162 2812 3218 venire
2863 3161 3155 3233 contingit,
3216 3161 3263 3218 si
3312 3160 3559 3218 melioris

1945 3245 2090 3308 vitae
2121 3252 2288 3309 fuerit
2335 3253 2632 3309 aemulatio.
2677 3252 2783 3320 Qui
2812 3252 2960 3309 enim
2999 3251 3137 3309 bene
3181 3252 3389 3324 agendo
3420 3251 3564 3309 vivit

1961 3342 2098 3410 Deo,
2126 3340 2220 3398 hic
2242 3358 2369 3398 vere
2395 3342 2559 3410 vivit,
2595 3341 2727 3414 quia
2749 3349 3008 3397 aeternam
3040 3339 3204 3396 habet
3233 3340 3426 3395 vitam.

2038 3431 2221 3503 (Vers.
2270 3430 2382 3502 11.)
2449 3456 2467 3478 ι
2495 3431 2578 3486 Ita
2620 3436 2676 3485 et
2716 3446 2815 3485 vos
2844 3428 3158 3485 existimate
3186 3443 3287 3483 vos
3316 3433 3565 3484 mortuos

1963 3519 2186 3594 quidem
2218 3535 2333 3576 esse
2363 3525 2606 3591 peccato,
2637 3517 2889 3575 viventes
2918 3524 3099 3574 autem
3124 3517 3238 3572 Deo
3264 3515 3323 3572 in
3343 3514 3565 3574 Christo

1963 3610 2091 3666 Jesu
2121 3608 2359 3666 Domino
2406 3615 2616 3665 nostro.
2648 3633 2667 3657 ι
2709 3607 2801 3664 Sic
2840 3608 3109 3681 loquitur,
3140 3614 3202 3663 ut
3229 3605 3422 3665 doceat
3452 3622 3565 3663 non

1962 3699 2122 3756 aliter
2163 3698 2305 3754 mori
2356 3714 2513 3770 posse
2568 3705 2815 3769 peccato,
2865 3704 2921 3753 et
2974 3697 3087 3753 Deo
3134 3696 3346 3766 viVere,
3400 3712 3565 3771 quam

1962 3795 2028 3845 ut
2063 3788 2121 3844 in
2152 3785 2372 3845 Christo
2404 3787 2477 3843 sit
2516 3786 2699 3842 omnis
2724 3801 2877 3859 spes:
2922 3802 3084 3859 quem
3123 3786 3426 3843 Dominum
3454 3801 3567 3841 no-

1965 3882 2142 3932 strum
2186 3874 2442 3947 appellat,
2489 3882 2552 3930 ut
2591 3874 2733 3931 nihil
2765 3874 2901 3947 legis
2941 3873 3011 3931 ad
3049 3876 3281 3932 salutem
3314 3872 3567 3947 proﬁciat

1966 3962 2351 4035 capessendam
2383 3961 2439 4017 in
2488 3963 2676 4018 futuro
2727 3962 2947 4031 saeculo,
2981 3961 3201 4035 quando
3249 3977 3361 4017 non
3407 3960 3568 4015 aliter

1966 4058 2079 4113 Deo
2104 4054 2337 4125 vivitur,
2369 4070 2531 4131 quam
2563 4070 2659 4128 per
2687 4052 2990 4112 Christum.

2043 4147 2223 4219 (Vers.
2259 4146 2372 4218 12.)
2419 4172 2435 4193 ι
2463 4148 2585 4204 Non
2616 4162 2745 4217 ergo
2772 4152 2962 4218 regnet
2986 4149 3272 4215 peccatum
3306 4138 3365 4195 in
3384 4147 3567 4196 vestro

1970 4235 2189 4292 mortali
2215 4251 2462 4308 corpore,
2497 4243 2559 4290 ut
2588 4232 2859 4289 obediatis
2887 4227 3351 4301 concupiscentiis
3382 4226 3552 4301 ejus.»

1971 4325 2198 4383 Mortale
2246 4340 2443 4395 corpus
2473 4329 2555 4377 est
2588 4337 2657 4376 ex
2697 4335 2859 4377 causa
2896 4315 3367 4391 praevaricationis
3408 4316 3565 4389 Adae,

1972 4429 2041 4469 ex
2088 4413 2195 4470 ﬁde
2232 4422 2413 4470 autem
2459 4408 2666 4467 Christi
2705 4408 2821 4465 fore
2863 4407 3105 4467 creditur
3135 4406 3466 4465 immortale.
3498 4408 3567 4464 Ut
3649 4463 3660 4475 ,

1974 4511 2155 4559 autem
2206 4503 2273 4559 ad
2325 4500 2746 4575 promissionem
2785 4498 2929 4555 hanc
2978 4498 3252 4567 veniatur,
3299 4513 3413 4553 non
3441 4496 3566 4553 obe-

240 4590 405 4646 miles
436 4592 493 4647 ei
532 4590 739 4645 erimus
772 4588 829 4662 (Ι
854 4589 1015 4644 Joan.
1048 4605 1129 4657 ru,
1164 4586 1244 4660 2),
1274 4613 1292 4637 ι
1331 4586 1436 4643 hoc
1454 4595 1556 4655 est,
1588 4587 1864 4642 immorta-
1894 4552 1946 4612 Β
1975 4592 2238 4649 diendum
2267 4552 2401 4648 dicit
2426 4596 2667 4663 peccato,
2710 4606 2778 4646 ne
2821 4595 3009 4662 regnet
3039 4588 3097 4643 in
3128 4595 3317 4644 nostro
3349 4585 3567 4643 mortali

240 4677 349 4735 lem
404 4687 465 4735 et
530 4678 835 4751 gloriosum
891 4692 1191 4749 resurgere.
1246 4676 1357 4733 Nec
1408 4674 1556 4731 enim
1604 4674 1722 4731 haec
1762 4674 1867 4731 erit

240 4768 602 4837 similitudo,
633 4776 699 4823 ut
727 4766 871 4822 nihil
901 4767 1089 4835 distet,
1122 4766 1254 4840 quia
1280 4765 1481 4823 similis
1508 4765 1613 4823 erit
1642 4764 1701 4820 in
1734 4780 1867 4822 cor-

241 4859 398 4929 poris
434 4856 647 4930 gloria,
677 4873 791 4912 non
821 4856 1214 4913 in-divinitatis
1235 4865 1449 4913 natura.

313 4948 522 5019 (Vers.
566 4946 602 5002 6
640 4956 695 5003 et
742 4947 821 5019 7.)
880 4970 898 4993 ι
929 4946 1174 5003 Scientes
1203 4944 1310 5003 hoc
1346 4945 1475 5019 quia
1512 4954 1672 5003 vetus
1699 4944 1867 5001 homo

242 5045 440 5093 noster
494 5036 669 5092 simul
720 5034 1022 5093 cruciﬁxus
1059 5042 1162 5103 est,
1207 5044 1270 5107 ut
1311 5036 1624 5093 destruatur
1671 5051 1868 5107 corpus

240 5128 493 5200 peccati,
547 5134 614 5185 ut
659 5129 807 5184 ultra
852 5143 966 5183 non
1010 5128 1311 5186 serviamus
1355 5138 1596 5203 peccato.
1630 5154 1649 5177 ι
1698 5128 1871 5185 Multa

243 5216 498 5276 innectit
559 5226 615 5274 et
666 5218 848 5286 iterat,
903 5224 966 5273 ut
1018 5215 1320 5289 baptizatos
1374 5218 1566 5278 doceat
1597 5216 1711 5291 jam
1756 5232 1870 5273 non

321 5429 453 5503 (46)
495 5426 745 5503 Quidam
769 5443 941 5503 _mss.,
977 5442 1151 5503 pavus
1192 5427 1343 5481 homo
1366 5443 1463 5498 per
1495 5427 1785 5503 Christum,
1814 5425 1873 5482 id

247 5498 343 5568 est,
398 5498 527 5572 (μή,
556 5498 667 5569 eius
707 5498 864 5571 ﬁdem
903 5498 1073 5564 habet,
1116 5514 1412 5570 puramque
1454 5500 1619 5555 vitam
1651 5504 1872 5567 exercet,

248 5571 426 5628 novus
459 5571 692 5636 dicitur,
723 5577 827 5627 etc.

323 5643 455 5719 (47)
492 5642 628 5699 Mss.
661 5642 892 5715 aliquot,
923 5659 1040 5715 quae
1056 5648 1269 5700 manent
1296 5640 1353 5698 in
1383 5657 1480 5707 ea;
1503 5648 1709 5713 peccato
1737 5641 1875 5699 enim

250 5723 553 5784 creantur,
578 5721 682 5772 etc.

446 5813 703 5875 PATROL.
743 5811 924 5895 XVII.

1971 4698 2235 4754 corpore:
2292 4688 2482 4752 regnat
2543 4688 2726 4736 autem
2775 4678 2910 4734 dum
2965 4677 3217 4750 imperat.
3277 4675 3335 4731 Si
3386 4681 3567 4731 autem

1974 4786 2085 4827 non
2115 4776 2331 4842 regnat,
2356 4785 2470 4824 non
2502 4767 2786 4823 videbitur
2816 4782 3015 4839 corpus
3043 4764 3149 4821 hoc
3172 4779 3288 4821 esse
3318 4765 3569 4833 mortale,

1975 4860 2106 4933 quia
2149 4859 2207 4914 in
2251 4874 2345 4933 spe
2393 4856 2715 4915 aeternitatis
2762 4862 2862 4912 est.
2916 4855 3038 4912 Non
3088 4863 3310 4927 propter
3337 4852 3570 4910 dissolu-

1974 4949 2182 5006 tionem
2238 4946 2388 5004 dixit
2456 4945 2689 5003 mortale
2749 4960 2970 5017 corpus,
3023 4942 3117 4999 sed
3172 4950 3394 5015 propter
3444 4959 3573 5015 pce-

1976 5055 2104 5095 nam
2162 5039 2446 5112 gehennae,
2499 5044 2562 5093 ut
2614 5036 2707 5092 ille
2761 5033 3012 5091 mortalis
3062 5033 3299 5103 dicatur,
3362 5033 3457 5108 qui
3513 5032 3571 5088 in

1978 5128 2281 5200 gehennam
2334 5124 2639 5185 mittendus
2697 5132 2817 5193 est;
2862 5123 2993 5196 quia
3038 5121 3133 5197 qui
3179 5129 3401 5194 peccato
3447 5119 3572 5177 obe-

1979 5216 2161 5288 diunt,
2196 5224 2429 5276 mortem
2458 5214 2755 5273 secundam
2784 5211 2989 5271 inferni
3020 5211 3137 5285 (48)
3173 5228 3283 5269 non
3310 5209 3572 5275 evadunt,

2078 5421 2181 5496 48)
2226 5420 2368 5496 v99.
2397 5418 2532 5496 edit.
2577 5434 2705 5475 cum
2750 5432 2880 5496 mss.
2930 5412 3575 5496 non-paucis,riut01ft_etn

1980 5484 2212 5562 inferni;
2261 5491 2392 5550 Gill.
2434 5491 2493 5546 in
2523 5506 2693 5562 marg.
2726 5495 2780 5544 et
2808 5488 2966 5562 Rom.
3017 5484 3150 5541 edit.
3183 5484 3240 5537 in
3266 5494 3577 5562 corp.l_cum

1985 5549 2114 5621 mss.
2138 5549 2489 5630 quibusdam,
2516 5549 2736 5617 mortem
2751 5558 3032 5630 secundani
3056 5573 3070 5622 ;
3095 5568 3224 5607 mss.
3253 5564 3388 5630 vero
3414 5549 3573 5610 Gem.

1983 5636 2128 5692 Prat.
2152 5626 2327 5693 Mich.
2359 5626 2506 5693 Vall.
2539 5632 2756 5689 Thuan.
2785 5639 2839 5687 et
2867 5626 3103 5698 Remig.,
3136 5626 3356 5679 mortem
3385 5640 3580 5683 secun-

1984 5708 2109 5766 dam
2136 5705 2356 5779 inferni.

3362 5796 3399 5856 4
