4150 6194
515 291 617 350 107
1553 286 1649 341 ΑΙ)
1689 283 1925 342 OPERA
1963 281 2019 337 S.
2061 280 2115 336 Α

2224 277 2395 338 ROSII
2431 277 2811 336 APPENDIX.

3717 267 3827 329 108

513 439 546 480 a
575 438 683 496 qua
732 421 983 480 Salvator
1024 417 1084 475 in
1132 433 1189 476 se
1233 416 1516 476 credentes
1561 413 1837 470 liberavit.
1877 412 2108 469 Mortale
2143 411 2293 494 A_iis
2334 411 2484 467 enim
2532 410 2873 478 dominatur,
2921 407 3016 482 qui
3063 413 3310 480 peccant.
3371 405 3493 461 Non
3550 405 3699 462 enim
3747 407 3824 462 ita

512 530 640 587 ergo
687 512 876 570 dicens
923 527 1142 584 corpus,
1191 518 1370 567 totum
1415 505 1695 579 hqpiinem
1750 502 2104 576 signiﬁcavit,

513 601 644 677 quia
699 601 795 674 qui
852 600 1119 658 obediunt
1175 604 1418 671 peccato,
1478 593 1734 650 mortales
1793 592 2105 650 dicuntur:

527 714 548 741 ι
577 692 780 748 Anima
822 691 992 758 enim,
1044 687 1244 760 inquit,
1279 703 1397 759 quae
1435 691 1641 756 peccat,
1691 682 1808 754 ipsa
1845 683 2111 738 morietur

516 782 734 855 (Ezech.
767 798 929 847 xvm,
958 779 1040 848 4),
1069 802 1087 823 ι
1133 775 1189 830 id
1219 782 1321 843 est,
1354 781 1502 829 totus
1531 770 1698 827 homo
1724 789 1738 840 ;
1771 787 1932 827 nemo
1962 771 2110 827 enim

513 869 633 926 sine
662 884 886 941 corpore
901 864 1244 938 judicabitur
1275 861 1414 933 (49).

587 957 768 1030 (Vers.
831 954 944 1023 13.)
1018 977 1035 999 ε
1091 950 1197 1007 Sed
1258 967 1436 1024 neque
1494 948 1804 1006 exhibeatis
1868 947 2115 1006 membra

514 1053 694 1102 vestra
723 1059 874 1098 arma
894 1041 1206 1114 iniquitatis
1228 1047 1469 1112 peccato.
1491 1065 1508 1086 ι
1554 1037 1808 1095 Ostendit
1830 1037 2112 1094 diabolum

513 1133 717 1191 nostris
763 1149 864 1188 nos
907 1129 1108 1202 jaculis
1148 1129 1504 1202 impugnare;
1537 1129 1750 1186 occasio
1779 1129 1924 1184 enim
1953 1127 2114 1185 datur

513 1223 598 1280 illi
638 1237 734 1294 per
777 1228 964 1276 nostra
1002 1225 1243 1290 peccata,
1276 1227 1338 1274 ut
1382 1217 1662 1274 deserente
1701 1233 1802 1272 nos
1833 1218 1965 1287 Deo,
2014 1233 2114 1274 ac-

513 1317 670 1383 cepta
698 1315 965 1380 potestate
995 1304 1195 1362 illudat
1222 1313 1277 1362 et
1305 1307 1604 1364 mortiﬁcet
1633 1323 1754 1363 nos.
1788 1305 1916 1362 Ideo
1945 1322 2112 1361 mem-

512 1399 612 1455 bra
641 1405 826 1453 nostra
867 1397 934 1452 ab
965 1395 1119 1452 omni
1159 1411 1320 1468 opere
1357 1395 1668 1470 iniquitatis
1697 1395 1979 1452 continere
2007 1394 2114 1451 de—

511 1487 728 1555 bemus,
775 1494 837 1542 ut
866 1485 1127 1542 inimicus
1169 1493 1356 1540 noster
1388 1484 1616 1541 inermis
1645 1485 1904 1540 inventus
1945 1483 2113 1556 subji-

511 1578 709 1636 ciatur.
751 1578 822 1632 Et
853 1592 965 1632 non
995 1575 1142 1632 dixit
1167 1594 1178 1631 :
1221 1575 1499 1631 Exhibete
1529 1591 1758 1648 corpora
1787 1582 1987 1642 vestra,
2020 1573 2114 1630 sed

527 1691 546 1716 ι
572 1666 820 1723 membra
841 1674 1058 1730 vestra;
1094 1690 1111 1712 ι
1129 1663 1390 1721 membris
1415 1663 1563 1720 enim
1587 1662 1857 1719 ministris
1878 1672 2111 1730 erratur,

513 1771 625 1812 non
656 1763 771 1812 toto
803 1768 1028 1826 corpore
1060 1751 1199 1825 (50).

605 1869 622 1897 ι
649 1843 754 1900 Sed
808 1842 1066 1899 exhibete
1115 1858 1213 1898 vos
1252 1843 1385 1908 Deo,
1442 1847 1703 1914 tanquam
1752 1857 1821 1897 ex
1881 1841 2115 1898 mortuis

514 1934 788 1990 viventes.
804 1957 822 1979 ι
866 1931 1096 1988 Mortem
1120 1929 1485 2002 ignorantiam
1509 1937 1563 1985 et
1583 1929 1964 1986 inﬁdelitatem
1987 1947 2114 1986 cum

514 2022 658 2079 mala
725 2023 841 2077 vita
895 2019 1190 2093 signiﬁcat,
1261 2018 1392 2092 quia
1457 2019 1575 2075 vita
1638 2028 1720 2076 est
1791 2036 2115 2093 cognoscere

513 2113 688 2170 Deum
722 2127 817 2183 per
859 2108 1162 2168 Christum.
1195 2108 1338 2176 Quia
1367 2108 1515 2164 enim
1554 2124 1716 2164 nemo
1747 2109 1865 2164 sine
1893 2119 2115 2182 parente

513 2213 697 2264 ortum
742 2206 911 2262 sumit
958 2205 1109 2271 vitm,
1159 2205 1346 2261 omnia
1375 2211 1557 2260 autem
1604 2220 1635 2260 a
1676 2205 1790 2260 Deo
1837 2210 1957 2259 orta
1987 2209 2116 2258 sunt

513 2295 584 2355 ad
622 2296 793 2350 vitam
839 2311 935 2368 per
967 2293 1270 2362 Christum,
1313 2292 1524 2349 idcirco
1553 2293 1649 2366 qui
1684 2308 1794 2348 non
1835 2291 2117 2364 cognoscit

513 2392 795 2459 parentem
826 2384 1078 2440 omnium
1119 2399 1235 2440 esse
1275 2384 1452 2439 Deum
1481 2399 1579 2456 per
1608 2382 1912 2450 Christum,
1943 2381 2114 2438 vitam

513 2473 713 2531 habere
756 2490 866 2530 non
896 2472 1119 2541 dicitur,
1156 2471 1262 2529 hoc
1302 2479 1402 2540 est,
1437 2459 1528 2528 sic
1556 2471 1788 2527 habetur
1819 2487 1882 2527 ac
1928 2470 1973 2525 si
2003 2486 2115 2525 non

513 2563 626 2622 sit:
678 2565 792 2636 ipse
839 2564 988 2620 enim
1034 2564 1388 2636 semetipsum
1435 2579 1551 2620 esse
1589 2570 1770 2635 negat,
1817 2562 1949 2618 dum
1997 2561 2116 2616 sine

512 2661 737 2728 parente
793 2654 907 2710 Deo
951 2667 1067 2708 esse
1124 2669 1180 2708 se
1236 2659 1411 2724 putat.
1470 2652 1660 2724 Itaque
1706 2649 2018 2723 ignorantia
2063 2655 2117 2704 et

513 2742 690 2815 turpis
718 2741 836 2798 vita
863 2759 1013 2797 mors
1041 2749 1160 2809 est;
1193 2741 1331 2797 vitia
1358 2741 1507 2797 enim
1539 2742 1643 2798 ista
1671 2748 1905 2796 mortem
1934 2738 2116 2813 acqui-

511 2841 664 2901 runt,
704 2849 816 2888 non
859 2840 1090 2888 mortem
1137 2831 1300 2900 hanc,
1341 2849 1460 2904 quae
1490 2831 1802 2889 communis
1833 2838 1915 2887 est
1939 2829 2114 2886 omni-

510 2921 639 2988 bus,
671 2920 766 2976 sed
794 2927 1026 2976 mortem
1072 2919 1354 2992 gehennae,
1394 2920 1538 2976 sicut
1566 2937 1730 2992 supra
1761 2919 2063 2976 memoravi
2099 2937 2108 2973 :

513 3019 577 3068 ut
603 3009 845 3081 cognitio
888 3007 1129 3080 parentis
1171 3008 1290 3076 Dei,
1323 3015 1376 3062 et
1409 3016 1597 3065 sancta
1626 3009 1972 3066 conversatio
2001 3009 2117 3064 vita

515 3098 608 3166 sit,
661 3112 772 3152 non
819 3094 936 3153 baac
966 3113 1087 3170 quae
1133 3096 1351 3154 occasui
1383 3095 1647 3166 subjacet,
1684 3097 1777 3154 sed
1819 3098 1915 3154 illa
1942 3096 2115 3154 futuri

515 3187 725 3256 saeculi,
777 3203 897 3260 quae
940 3194 1169 3242 vocatur
1215 3193 1434 3242 aeterna.
1466 3187 1856 3257 Quamobrem,
1919 3215 1935 3237 ι
1961 3187 2116 3245 exhi-

515 3275 638 3334 bete
661 3292 761 3332 vos
791 3275 926 3344 Deo,
957 3298 975 3321 ι
1016 3273 1219 3346 inquit,
1251 3290 1412 3347 quem
1441 3285 1830 3348 cognoscentes
1859 3277 2116 3350 profecis-

518 3367 592 3424 tis
620 3367 679 3424 in
709 3366 964 3434 salutem,
1005 3372 1068 3420 ut
1100 3363 1403 3421 inhonestae
1434 3365 1562 3423 vita:
1595 3367 1992 3436 renuntiantes,
2023 3383 2116 3424 es-

514 3457 647 3514 setis
676 3473 746 3513 ex
776 3455 1009 3512 mortuis
1039 3453 1309 3511 viventes.

597 3549 686 3607 61
751 3568 769 3592 ι
808 3545 880 3599 Et
921 3542 1170 3599 membra
1216 3551 1402 3600 vestra
1447 3558 1598 3599 arma
1638 3541 1869 3614 justitia:
1919 3544 2054 3599 Deo.
2084 3567 2102 3590 ι

517 3639 690 3696 Tanta
737 3654 837 3693 nos
883 3636 1152 3694 modestia
1194 3637 1666 3695 conversationem
1710 3646 1951 3695 nostram
1997 3640 2118 3698 vult

519 3729 843 3802 gubernare,
876 3735 938 3782 ut
968 3734 1120 3783 actus
1148 3727 1323 3784 nostri
1355 3727 1589 3800 justitiae
1617 3727 1717 3784 Dei
1747 3728 2116 3800 proﬁcientes,

517 3835 630 3876 non
661 3817 953 3874 mundanae
975 3815 1208 3888 justitiae
1233 3818 1390 3892 (quia
1420 3818 1613 3874 mundi
1630 3818 1851 3890 justitia
1870 3818 1988 3874 sine
2009 3818 2118 3874 ﬁde

518 3916 600 3966 est
628 3906 856 3976 Christi,
898 3907 1015 3962 sine
1046 3922 1154 3978 qua
1184 3923 1295 3962 non
1327 3906 1462 3976 vita,
1500 3906 1594 3962 sed
1638 3923 1785 3962 mors
1826 3906 1930 3978 est)
1969 3923 2120 3962 arma

517 3998 860 4073 praebeamus
892 3996 976 4053 illi
1006 3995 1076 4054 ad
1102 3996 1474 4054 defendendos
1504 4014 1604 4053 nos
1631 4016 1642 4053 ε
1682 3998 1772 4054 cui
1801 4016 1928 4055 cum
1968 4014 2120 4054 arma

437 4149 442 4154 ,
517 4103 616 4160 per
657 4104 820 4161 opera
848 4087 992 4143 bona
1023 4085 1350 4160 praebemus,
1394 4085 1588 4158 dignos
1617 4103 1717 4142 nos
1761 4087 1994 4142 facimus
2027 4085 2116 4142 ad-

513 4175 702 4248 juvari
747 4177 814 4232 ab
853 4192 934 4245 ea,
984 4175 1114 4249 quia
1156 4174 1375 4248 justitia
1425 4175 1525 4232 Dei
1576 4174 1836 4247 indignos
1865 4175 2114 4246 despicit.

519 4263 625 4319 Ubi
672 4263 819 4318 enim
865 4263 1082 4335 justitia
1130 4266 1229 4322 Dei
1263 4266 1451 4336 fuerit,
1496 4265 1575 4322 ibi
1627 4264 1841 4322 habitat
1880 4263 2120 4337 Spiritus

521 4359 744 4410 sanctus
793 4351 862 4408 ad
913 4353 1281 4424 adjuvandam
1330 4355 1771 4413 imbecillitatem
1824 4362 2114 4423 nostram;

521 4442 666 4500 sicut
695 4441 842 4497 enim
873 4450 1096 4513 peccato
1125 4459 1276 4499 arma
1305 4446 1632 4516 praebemus,
1663 4461 1789 4500 cum
1821 4444 1963 4501 male
1993 4444 2118 4517 agi—

2217 503 2580 572 ambulantes,
2628 509 2691 558 ut
2719 500 2988 574 przecipit,
3028 497 3130 554 sub
3175 497 3291 570 lege
3333 496 3452 568 (51)
3493 511 3724 552 sumus:
3776 496 3826 552 si

2219 610 2351 648 vero
2388 609 2500 648 non
2547 607 2854 664 peccemus,
2904 606 3015 646 non
3056 603 3246 644 sumus
3275 586 3378 642 sub
3414 586 3553 658 lege,
3596 586 3690 643 sed
3719 587 3826 644 sub

2221 681 2412 754 gratia.
2462 681 2520 736 Si
2557 687 2740 735 autem
2772 694 3086 751 peccemus,
3132 675 3404 731 vertimur
3445 674 3548 730 sub
3594 675 3730 747 lege,
3770 686 3828 734 et

2222 769 2453 841 incipiet
2495 768 2672 824 nostri
2704 765 2978 822 dominari
3009 773 3314 836 peccatum,
3344 763 3475 836 quia
3507 763 3602 836 qui
3645 788 3664 810 ‹
3691 763 3828 820 facit

2222 866 2527 932 peccatum,
2557 873 2748 912 servus
2791 864 2872 911 est
2901 853 3108 926 peccati
3159 853 3340 923 (Joan.
3391 869 3516 920 vm,
3549 851 3676 922 34):
3710 877 3728 899 ι
3771 863 3828 910 et

2223 964 2442 1006 necesse
2495 955 2575 1003 est
2621 954 2683 1002 ut
2725 945 2797 1001 sit
2841 944 2944 1000 sub
2980 944 3097 1015 lege
3143 942 3284 1014 (52),
3323 940 3569 1014 quandiu
3599 941 3830 999 remissa

2224 1053 2334 1092 non
2364 1037 2601 1109 accipit;
2653 1041 2937 1107 peccatum
2977 1031 3124 1088 enim
3153 1031 3481 1087 auctoritate
3508 1031 3641 1104 legis
3670 1047 3828 1088 reum

2224 1125 2357 1180 facit
2406 1132 2784 1196 peccatorem:
2843 1139 2907 1179 ac
2952 1137 3048 1194 per
3095 1120 3200 1176 hoc
3248 1120 3338 1176 cui
3393 1119 3519 1177 data
3575 1120 3828 1178 remissio

2223 1222 2324 1283 est,
2355 1223 2409 1270 et
2438 1212 2681 1271 custodit
2713 1229 2789 1281 se,
2836 1229 2904 1268 ne
2937 1209 3005 1267 de
3035 1219 3234 1266 caetero
3263 1217 3470 1282 peccet,
3501 1226 3676 1282 neque
3704 1226 3828 1282 pec-

2223 1311 2406 1360 catum
2443 1303 2493 1358 ei
2524 1301 2928 1369 dominabitur,
2977 1315 3154 1372 neque
3196 1297 3298 1354 sub
3344 1299 3459 1372 lege
3506 1307 3606 1355 est.
3641 1298 3830 1358 Cessat

2223 1393 2372 1449 enim
2404 1393 2550 1449 circa
2579 1408 2702 1448 eum
2735 1389 3032 1448 auctoritas
3068 1387 3222 1461 legis,
3256 1387 3352 1461 qui
3393 1387 3658 1446 liberatus
3685 1400 3765 1445 est
3797 1405 3830 1444 a

2225 1489 2448 1556 peccato
2480 1501 2495 1551 ;
2529 1499 2667 1556 quos
2699 1481 2848 1537 enim
2880 1495 3001 1536 reos
3039 1486 3189 1535 tenet
3218 1480 3329 1549 lex,
3361 1478 3552 1535 traditi
3582 1489 3711 1537 sunt
3740 1480 3828 1536 illi

2225 1591 2256 1630 a
2284 1582 2526 1646 peccato.
2557 1572 2665 1640 Qui
2696 1586 2824 1644 ergo
2860 1569 3099 1643 peccatis
3127 1577 3328 1626 exutus
3371 1576 3476 1638 est,
3505 1586 3619 1626 non
3650 1578 3830 1643 potest

2224 1679 2339 1720 esse
2369 1662 2470 1718 sub
2495 1663 2632 1734 lege.

2297 1755 2481 1826 (Vers.
2523 1754 2637 1824 15.)
2696 1778 2714 1801 ι
2744 1752 2889 1822 Quid
2937 1769 3064 1828 ergo
3091 1754 3119 1812 ?
3157 1753 3524 1828 peccabimus,
3557 1752 3687 1826 quia
3713 1767 3828 1809 non

2224 1861 2414 1901 sumus
2455 1843 2560 1900 sub
2591 1843 2726 1916 lege,
2779 1842 2872 1900 sed
2904 1843 3008 1900 sub
3034 1843 3208 1916 gratia
3227 1842 3256 1899 ‘l
3282 1841 3462 1899 Absit.
3490 1863 3511 1892 ι
3551 1839 3825 1909 Quoniam

2226 1933 2314 1989 lex
2361 1949 2393 1988 a
2438 1934 2553 1988 Deo
2595 1940 2699 2001 est,
2749 1949 2812 1989 ac
2852 1949 2948 2005 per
2995 1932 3101 1990 hoc
3149 1947 3218 1988 ne
3263 1930 3404 1988 forte
3431 1938 3826 2004 opponeretur,

2225 2022 2341 2094 ipse
2369 2021 2477 2077 sibi
2519 2021 2807 2094 proposuit
2836 2021 2988 2094 (53):
3023 2022 3079 2078 Si
3111 2038 3181 2077 ex
3210 2021 3324 2076 Deo
3353 2029 3434 2077 est
3476 2019 3588 2087 lex,
3621 2017 3827 2092 inquit,

2223 2128 2325 2170 cur
2367 2127 2481 2168 non
2529 2110 2790 2168 debemus
2834 2127 2951 2168 esse
2998 2110 3101 2167 sub
3146 2109 3310 2182 lege?
3356 2108 3472 2166 Hoc
3517 2114 3733 2180 purgat,
3765 2125 3832 2165 ac

2225 2198 2383 2257 docet
2430 2216 2554 2256 cum
2601 2201 2700 2256 Dei
2749 2201 3054 2269 voluntate,
3097 2199 3191 2272 qui
3240 2198 3375 2271 legis
3422 2205 3614 2254 auctor
3663 2203 3765 2264 est,
3797 2212 3832 2252 a

2225 2292 2446 2350 Christo
2493 2308 2596 2350 nos
2642 2293 2901 2349 liberatos
2933 2292 3001 2348 de
3046 2291 3150 2347 sub
3193 2291 3351 2363 lege;
3385 2290 3640 2363 quamvis
3677 2291 3830 2346 enim

2224 2392 2372 2439 recte
2404 2381 2531 2437 data
2561 2382 2634 2438 sit
2663 2383 2751 2437 lex
2801 2383 2951 2453 (data
2993 2389 3074 2438 est
3106 2381 3275 2450 enim,
3325 2391 3388 2438 ut
3415 2390 3470 2438 et
3497 2397 3620 2437 reos
3648 2388 3831 2436 osten-

2224 2471 2376 2528 deret
2431 2471 2576 2543 apud
2623 2473 2820 2540 Deum,
2882 2472 2976 2545 qui
3026 2481 3395 2544 peccaverunt
3449 2477 3574 2526 ante
3604 2469 3775 2542 legem
3813 2490 3825 2526 :

2224 2568 2278 2616 et
2307 2560 2494 2618 timori
2525 2568 2684 2629 esset,
2717 2571 2778 2619 ut
2824 2561 2890 2617 de
2919 2569 3116 2620 caetero
3163 2577 3275 2617 non
3323 2561 3690 2633 peccaretur),
3730 2559 3834 2615 sed

2225 2653 2354 2726 quia
2386 2653 2725 2710 inﬁrmitatis
2755 2671 2865 2710 suae
2907 2653 3290 2711 imbecillitate
3321 2670 3489 2726 genus
3518 2653 3832 2708 humanum

2225 2759 2257 2798 a
2300 2744 2537 2814 peccatis
2583 2759 2641 2799 se
2689 2743 2940 2800 inhibere
2986 2760 3097 2799 non
3146 2743 3349 2816 potuit,
3401 2743 3607 2800 factum
3656 2740 3832 2797 obno-

2225 2831 2384 2887 xium
2432 2833 2628 2889 mortis
2671 2832 2910 2901 inferni;
2960 2841 3143 2889 motus
3184 2834 3329 2890 Deus
3359 2832 3559 2905 pietate
3589 2831 3830 2888 clemen-

2225 2923 2315 2978 tia:
2347 2939 2478 2991 sum,
2515 2940 2622 2996 qua
2651 2939 2865 2996 semper
2893 2921 3138 2978 humano
3169 2921 3354 2994 generi
3385 2921 3660 2988 subvenit,
3692 2935 3828 2992 pro-

2225 3010 2366 3067 vidit
2421 3026 2517 3084 per
2571 3011 2874 3080 Christum,
2924 3028 3034 3086 qua
3092 3012 3305 3068 ratione
3358 3010 3658 3082 desperatis
3711 3008 3832 3080 jam

2224 3100 2448 3158 daretur
2497 3101 2730 3171 medela,
2781 3110 2843 3158 ut
2897 3101 3222 3159 remissione
3273 3109 3618 3174 peccatorum
3675 3115 3829 3156 acce-

2225 3200 2339 3265 pta,
2371 3194 2513 3248 eruti
2561 3210 2593 3248 a
2643 3193 2781 3265 lege,
2813 3209 2934 3265 quae
2974 3193 3101 3250 illos
3153 3191 3390 3249 habebat
3431 3190 3722 3258 obnoxios,
3771 3197 3833 3246 et

2225 3281 2456 3337 relevati
2486 3289 2540 3338 et
2583 3281 2838 3354 reparati,
2871 3283 2985 3338 Deo
3015 3281 3309 3354 adjuvante
3338 3297 3436 3353 per
3483 3280 3647 3337 ﬁdem
3679 3279 3826 3351 (54),

2226 3368 2381 3424 vitiis
2409 3384 2441 3423 a
2473 3368 2677 3440 quibus
2723 3369 2876 3440 prius
2905 3369 3119 3426 subacti
3167 3369 3406 3438 fuerant,
3436 3375 3828 3441 repugnarent,

2225 3456 2463 3528 ideoque
2518 3472 2630 3512 non
2677 3459 3028 3530 peccavimus
3081 3457 3237 3530 quasi
3286 3457 3459 3529 legem
3513 3463 3832 3528 spernentes

2225 3547 2344 3612 Dei,
2387 3546 2482 3602 sed
2530 3547 2704 3618 ipsius
2751 3546 2851 3603 Dei
2899 3547 3055 3620 quasi
3085 3545 3492 3619 providentiam
3538 3545 3711 3602 secuti
3739 3560 3829 3602 su-

2226 3652 2347 3691 mus
2376 3651 2472 3707 per
2501 3634 2804 3692 Christum.

2299 3726 2481 3798 (Vers.
2519 3726 2633 3798 16.)
2692 3751 2708 3773 ε
2740 3725 2973 3814 Nescitis
3005 3725 3135 3800 quia
3163 3725 3255 3783 cui
3284 3724 3560 3783 exhibetis
3591 3741 3690 3782 vos
3719 3742 3830 3782 ser-

2226 3835 2325 3875 vos
2365 3818 2435 3875 ad
2478 3818 2872 3888 obediendum,
2922 3820 3068 3876 servi
3098 3820 3228 3876 estis
3258 3819 3395 3892 ejus,
3427 3819 3517 3877 cui
3541 3819 3831 3886 obedistis,

2226 3910 2342 3966 sive
2375 3910 2586 3982 peccati
2631 3910 2688 3965 in
2738 3916 2992 3978 mortem,
3036 3909 3154 3967 sive
3184 3909 3518 3966 obeditionis
3557 3907 3627 3966 ad
3667 3907 3834 3980 justi-

2225 3997 2404 4055 tiam?
2435 4024 2453 4046 ι
2510 4001 2668 4056 Nunc
2706 4015 2774 4055 ne
2804 3997 2955 4054 aliud
2983 3998 3322 4071 proﬁtentes,
3353 3997 3505 4056 aliud
3536 3997 3834 4065 faciamus,

2226 4095 2281 4144 et
2325 4105 2452 4146 cum
2504 4089 2603 4145 Dei
2654 4089 2799 4145 servi
2841 4088 3104 4158 dicimur,
3137 4089 3301 4161 gestis
3329 4089 3475 4145 servi
3504 4087 3710 4145 diaboli
3742 4087 3835 4143 in-

2228 4177 2524 4234 veniamur
2551 4196 2564 4246 ;
2615 4184 2916 4250 praemonet
2943 4185 2998 4234 et
3043 4177 3334 4234 denuntiat
3362 4176 3480 4249 ejus
3515 4193 3616 4234 nos
3643 4192 3838 4234 servos

2226 4284 2364 4336 esse,
2411 4266 2572 4339 cujus
2619 4276 2674 4324 et
2720 4268 3062 4324 voluntatem
3102 4268 3389 4340 explemus
3434 4266 3724 4339 operibus;
3777 4274 3836 4322 et

2226 4371 2338 4414 non
2399 4372 2590 4428 parum
2646 4355 2834 4413 obesse
2880 4359 3054 4413 Deum
3107 4357 3358 4414 conﬁteri
3406 4355 3727 4424 Dominum,
3778 4365 3841 4412 et

2230 4445 2445 4502 actibus
2516 4445 2735 4502 diabolo
2808 4445 3095 4512 famulari;
3156 4461 3283 4501 nam
3343 4443 3450 4500 hoc
3494 4444 3628 4500 olim
3684 4445 3840 4500 Deus

520 4548 680 4588 mus:
715 4531 792 4587 ita
840 4540 894 4588 et
921 4530 1175 4603 justitia,
1206 4549 1331 4588 cum
1361 4541 1508 4588 recte
1538 4549 1840 4603 versamur,
1873 4533 2119 4591 membra
2145 4523 2194 4582 D
2230 4533 2473 4603 denotat,
2525 4542 2578 4590 et
2627 4541 2846 4591 accusat
2887 4533 3075 4590 dicens
3102 4551 3112 4588 :
3175 4559 3192 4579 ι
3221 4532 3380 4588 Plebs
3410 4532 3526 4589 haec
3555 4530 3716 4587 labiis
3745 4547 3841 4589 me

519 4628 708 4678 nostra
737 4620 1109 4678 custodientes
1141 4620 1210 4676 ab
1240 4621 1391 4676 omni
1420 4622 1784 4694 turpitudine.

594 4711 777 4784 (Vers.
832 4710 945 4784 14.)
1011 4711 1338 4769 «Peccatum
1391 4721 1575 4770 autem
1623 4716 1790 4772 vestri
1835 4715 1949 4788 jam
2005 4731 2118 4772 non

520 4800 938 4870 dominabitur;
989 4819 1100 4858 non
1149 4803 1298 4859 enim
1341 4804 1445 4860 sub
1490 4805 1609 4880 lege
1669 4807 1820 4875 estis,
1865 4805 1959 4863 sed
2017 4805 2119 4861 sub

522 4890 716 4963 gratia.
748 4915 766 4939 ι
818 4891 875 4947 Si
919 4892 1222 4949 secundum
1252 4901 1523 4967 praecepta
1563 4911 1683 4968 quae
1723 4895 1836 4964 dat,
1869 4895 2118 4951 ambule-

521 4995 665 5049 mus,
709 4987 994 5052 peccatum
1053 4981 1214 5038 nobis
1263 4981 1403 5040 dicit
1448 4999 1561 5040 non
1610 5000 1765 5056 posse
1810 4983 2115 5053 dominari;

523 5233 579 5283 tu
582 5154 713 5283 ⁷(119)
751 5154 1018 5212 Nonnulli
1064 5171 1222 5227 mss.,
1257 5159 1369 5216 sine
1409 5176 1572 5216 causa
1601 5175 1818 5232 corpore
1840 5157 2121 5230 judicabi—

544 5245 632 5284 ur.

595 5299 740 5377 (50)
763 5298 891 5356 Mss.
927 5319 1052 5377 _non
1095 5303 1277 5376 pauci,
1319 5303 1564 5377 membris
1604 5303 1762 5370 enim,
1803 5310 1970 5377 prout
2006 5322 2120 5376 pec-

522 5377 642 5426 cata
685 5372 1016 5444 dictaea-int,
1067 5372 1353 5431 ministerii
1415 5381 1653 5442 erratur,
1708 5372 1822 5433 aut—
1859 5372 2120 5432 ministris

522 5450 910 5598 ανῖἔῗῖἓρώ.
943 5516 1090 5598 cod.,
1123 5517 1201 5574 Iis
1231 5517 1368 5573 enim
1395 5517 1724 5598 dominatur,
1766 5518 1859 5598 qui
1884 5525 2120 5590 peccant,

523 5590 652 5706 qucia
679 5590 849 5714 ονίιηιὲς
881 5595 1126 5661 peccator
1151 5606 1333 5647 smus
1373 5596 1450 5647 est
1481 5590 1681 5664 peccati
1727 5597 1775 5648 et
1817 5607 2012 5649 necesse
2049 5597 2124 5648 est

525 5672 630 5709 me
658 5673 718 5710 su
827 5675 905 5728 ge.

2231 4621 2488 4692 honorat,
2546 4639 2641 4680 cor
2684 4629 2866 4678 autem
2915 4638 3107 4678 eorum
3151 4622 3310 4693 longe
3360 4630 3442 4677 est
3483 4637 3516 4677 a
3555 4635 3641 4676 me
3692 4620 3837 4691 (Isa.

2227 4728 2390 4778 xxxx,
2428 4712 2540 4783 13).
2573 4737 2590 4760 ι
2637 4712 2708 4766 Et
2738 4710 3007 4767 Dominus
3027 4711 3106 4767 ait
3136 4711 3192 4766 in
3222 4709 3558 4782 Evangelia:
3609 4733 3626 4756 ι
3659 4709 3841 4766 Nemo

2227 4810 2406 4875 potest
2439 4803 2655 4859 duobus
2684 4801 2926 4859 dominis
2955 4802 3162 4859 servire
3191 4803 3403 4875 (Matth.
3435 4818 3513 4870 v1,
3545 4799 3663 4870 24).
3696 4823 3714 4846 ι
3760 4799 3842 4855 Et

2229 4894 2288 4950 in
2342 4895 2456 4968 lege
2507 4893 2718 4950 dictum
2765 4899 2848 4950 est
2898 4892 3054 4964 (55):
3125 4915 3144 4941 ι
3190 4892 3335 4949 Deus
3382 4907 3493 4947 non
3549 4887 3840 4946 deridetur

2231 4983 2440 5056 (Galat.
2472 4999 2552 5052 v1,
2587 4983 2664 5054 7).
2697 5005 2716 5028 ι

2302 5159 2419 5232 (52)
2456 5159 2610 5232 Rom.
2644 5154 2777 5232 edit.
2809 5155 2943 5232 sola,
2972 5171 3256 5232 persamur
3283 5153 3376 5211 sub
3407 5153 3528 5232 lege.

2303 5225 2422 5313 (5‘3)
2456 5229 2592 5310 Ead.
2627 5227 2762 5284 edit.
2797 5227 2930 5294 sola,
2963 5227 3066 5298 ipsi
3091 5225 3497 5313 sib‘i'.0prStft‘ti‘..
3521 5225 3669 5307 Infra
3699 5240 3841 5282 vero

2228 5298 2326 5358 ubi
2357 5298 2474 5357 hinc
2503 5301 2620 5372 ipsa
2649 5316 2775 5356 cum
2802 5315 2932 5372 mss.
2965 5299 3274 5372 nonnullis,
3293 5298 3362 5354 et
3390 5299 3521 5354 Gill.
3547 5298 3839 5372 in_m‘arg.,

2229 5375 2339 5430 Hoc
2378 5368 2612 5444 purgat;
2657 5379 2768 5428 vet.
2814 5371 2947 5427 edit.
2997 5386 3125 5428 cum
3177 5370 3302 5426 aliis
3353 5386 3484 5426 mss.
3537 5368 3839 5438 exhibent,

2231 5447 2341 5503 Hoc
2370 5444 2644 5515 cognoscit.

2307 5510 2537 5588 (54)'Ita
2565 5515 2697 5570 edit.
2745 5530 2973 5588 omnes:
3006 5521 3079 5588 at
3127 5521 3320 5572 contra
3367 5529 3498 5571 mss.
3548 5510 3619 5569 ad
3652 5527 3840 5570 unum

2231 5586 2407 5659 voces
2419 5604 2516 5659 per
2544 5588 2699 5659 ﬁdem
2727 5602 2839 5642 non
2871 5586 3192 5659 admittunt.

2307 5657 2438 5731 (55)
2456 5657 2612 5717 Rom.
2640 5659 2774 5716 edit.
2807 5657 2945 5728 sola,
2978 5663 3026 5716 ct
3052 5657 3186 5715 alibi
3206 5657 3406 5716 dictum
3429 5662 3524 5717 est.
