4136 6194
295 254 394 332 10,9

1361 254 1720 314 COMMENT.
1763 255 1837 312 ΙΝ
1871 252 2090 311 EPIST.
2130 255 2227 310 AD
2264 253 2431 311 ROM.

3474 255 3578 315 “0

350 335 532 455 (νοτε.
583 385 668 452 17,
703 382 816 454 18.)
864 405 883 430 ι
912 380 1125 440 Gratias
1154 388 1334 436 autem
1391 383 1521 448 Deo,
1553 379 1700 453 quod
1738 396 1864 437 cum
1893 383 1944 441 A
1980 376 2325 434 addiscentes
2379 379 2493 450 (57)
2543 376 2747 434 bonam
2796 378 2996 445 vitam,
3054 378 3470 449 confundimur,
3513 397 3580 438 eo

289 475 512 538 fuissetis
551 473 695 529 servi
744 472 974 544 peccati,
1023 470 1288 528 obedistis
1332 487 1402 526 ex
1442 470 1606 528 corde
1643 471 1702 525 in
1748 486 1869 526 eam

286 569 503 635 formam
535 562 826 630 doctrinae,
876 559 934 615 in
981 576 1084 632 qua
1127 559 1316 616 traditi
1373 559 1522 615 estis.
1576 556 1874 614 Credentes

288 665 459 714 autem
499 654 558 709 in
607 651 910 717 Christum,
954 650 1101 705 servi
1137 650 1266 706 facti
1320 665 1512 704 sumus
1551 646 1804 718 justitiae.
1845 671 1862 694 ι

282 745 410 817 Ejus
440 743 588 798 enim
638 740 878 796 dicimur
921 738 1088 806 servi,
1141 737 1232 793 cui
1272 735 1585 792 obedimus.
1631 735 1703 788 Et
1747 732 1879 804 quia

281 835 481 907 justum
531 838 614 886 est
660 827 885 885 obedire
928 826 1150 884 Christo
1198 828 1276 897 (et
1307 825 1422 896 ipse
1470 824 1619 878 enim
1660 821 1879 892 justitia

285 931 378 991 est,
408 930 462 977 et
491 936 611 992 quae
641 917 914 990 praecipit,
955 915 1110 987 justa
1147 915 1325 985 sunt),
1358 913 1564 969 idcirco
1592 910 1726 966 dicit
1753 925 1880 963 ser-

283 1029 374 1068 vos
413 1027 516 1066 nos
561 1009 734 1064 factos
769 1004 1009 1076 justitiae
1039 1019 1107 1058 ex
1159 1003 1342 1070 corde,
1373 1017 1483 1056 non
1513 1016 1580 1055 ex
1611 999 1726 1069 lege
1759 1015 1770 1052 :
1807 1013 1876 1052 ex

280 1101 584 1165 voluntate,
642 1110 757 1150 non
799 1110 869 1148 ex
924 1093 1118 1147 timore
1172 1110 1184 1146 :
1246 1098 1308 1145 ut
1363 1087 1631 1161 professio
1687 1093 1878 1141 nostra

283 1187 457 1246 animi
480 1185 695 1257 judicio
724 1189 1023 1255 promatur.
1069 1181 1171 1235 Per
1201 1187 1448 1234 naturam
1481 1178 1629 1233 enim
1655 1175 1876 1232 inducti

277 1292 475 1333 sumus
520 1273 590 1331 ad
625 1271 812 1338 ﬁdem,
865 1287 973 1325 non
1020 1285 1116 1342 per
1169 1269 1362 1338 legem,
1425 1266 1478 1322 in
1531 1282 1639 1339 qua
1690 1264 1874 1320 forma

277 1364 546 1422 doctrinae
575 1361 673 1417 Dei
705 1359 938 1432 imperio
967 1358 1098 1414 facti
1125 1375 1338 1426 sumus,
1371 1358 1466 1430 qui
1507 1356 1678 1412 ﬁnxit
1706 1363 1878 1410 natu-

278 1471 411 1510 ram.
455 1453 520 1508 In
574 1457 772 1505 natura
801 1448 947 1503 enim
996 1447 1284 1516 habemus,
1317 1454 1380 1502 ut
1425 1461 1820 1517 cognoscamus
1850 1459 1882 1498 a

278 1567 405 1623 quo,
436 1558 492 1605 et
519 1564 615 1621 per
644 1563 829 1620 quem,
879 1552 934 1601 et
964 1545 1021 1601 in
1053 1562 1162 1617 quo
1204 1561 1395 1601 sumus
1441 1543 1632 1600 creati.
1681 1543 1882 1598 Forma

277 1657 401 1713 ergo
441 1637 708 1695 doctrinae
753 1643 856 1704 est,
915 1637 973 1691 in
1021 1651 1184 1708 quam
1242 1635 1473 1691 tradidit
1516 1651 1616 1690 nos
1661 1634 1883 1690 Creator

1983 469 2133 544 quod
2181 467 2392 524 dudum
2439 468 2673 540 turpiter
2727 469 3077 527 vixerimus:
3143 479 3197 526 et
3242 487 3354 527 non
3398 471 3578 528 solum

1986 561 2114 630 hoc,
2146 560 2276 630 quia
2319 566 2373 614 et
2427 559 2697 614 sententia
2729 575 3065 631 paganorum
3120 560 3299 633 turpis
3353 570 3407 617 et
3436 561 3581 617 fmda

1985 659 2087 718 est,
2142 649 2385 705 maxime
2423 665 2543 721 quae
2602 649 2659 704 in
2689 649 2926 723 Phrygia
2981 650 3207 707 inventa
3251 661 3351 719 est,
3387 652 3446 706 in
3475 647 3583 724 qu'a

1987 740 2095 794 nisi
2154 755 2387 811 spurcus
2435 737 2654 794 intersit
2699 738 2838 809 (58),
2899 749 3302 797 sacramentum
3360 749 3580 798 mutum

1987 844 2088 904 est,
2123 843 2175 891 et
2205 834 2467 906 torpescit
2520 834 2746 906 religio!
2789 836 2928 891 Ecce
2957 839 3187 893 maculis
3221 840 3380 909 plena
3419 839 3584 894 liber-

1986 930 2090 991 tas,
2149 930 2201 977 et
2253 921 2602 993 squaloribus
2656 922 2917 994 obligata,
2969 923 3126 993 cujus
3177 940 3316 994 opus
3367 934 3582 997 turpem

1989 1010 2295 1067 mercedem
2327 1009 2525 1065 habet:
2593 1033 2610 1056 ι
2646 1009 2821 1081 Cujus
2859 1010 2987 1066 ﬁnis
3031 1027 3180 1067 mors
3208 1022 3323 1069 est:
3359 1040 3377 1062 ι
3417 1014 3583 1072 ﬁnem

1989 1099 2136 1155 dixit
2190 1099 2400 1153 exitum
2453 1097 2582 1152 vitae
2636 1105 2691 1153 et
2731 1105 2974 1167 actuum,
3019 1101 3110 1156 cui
3153 1109 3248 1158 aut
3295 1119 3462 1171 mors,
3495 1111 3590 1160 aut

1988 1189 2103 1244 vita
2130 1189 2396 1245 succedit.
2441 1187 2546 1243 Sed
2590 1187 2695 1244 hoc
2727 1189 2847 1244 loco
2878 1205 3026 1245 mors
3059 1190 3288 1262 duplex,
3338 1209 3370 1248 a
3412 1201 3591 1250 morte

1988 1277 2137 1333 enim
2159 1277 2226 1333 ad
2255 1285 2489 1333 mortem
2519 1279 2811 1335 transitur.

2064 1367 2246 1439 (Vers.
2290 1367 2404 1438 22.)
2446 1367 2603 1422 Nunc
2649 1383 2780 1422 vero
2825 1368 3042 1424 liberati
3081 1386 3112 1425 a
3149 1380 3392 1442 peccato,
3436 1372 3586 1430 servi

1990 1467 2171 1516 autem
2203 1459 2331 1514 facti
2376 1461 2508 1526 Deo,
2557 1458 2771 1515 habetis
2815 1459 3060 1517 fructum
3091 1469 3334 1518 vestrum
3365 1464 3426 1519 in
3454 1477 3595 1520 san-

1989 1549 2402 1618 ctiﬁcationem,
2450 1550 2616 1604 ﬁnem
2668 1566 2798 1605 vero
2844 1550 3016 1606 vitam
3059 1560 3342 1609 aeternam.
3391 1579 3409 1603 ι
3478 1554 3594 1612 Hoc

1991 1648 2094 1708 est,
2141 1639 2188 1695 si
2243 1647 2462 1711 accepta
2516 1639 2840 1696 remissione
2889 1649 3260 1714 peccatorum,
3316 1643 3592 1700 bonorum

278 1729 627 1793 naturaliter.
675 1727 782 1782 hoc
822 1732 925 1792 est.
974 1723 1120 1797 quod
1173 1740 1337 1796 supra
1366 1723 1546 1780 dixit:
1585 1727 1680 1784 62
1723 1746 1741 1768 ε
1773 1719 1885 1793 Ιρεί
1919 1743 1965 1802 Β
1996 1740 2218 1787 actuum
2253 1732 2438 1786 aemuli
2495 1731 2782 1800 fuerimus,
2823 1733 3171 1806 acquiremus
3223 1733 3590 1804 sanctitatem,

278 1824 384 1880 sibi
422 1831 558 1880 sunt
608 1824 698 1877 lex
724 1823 908 1892 (Rom.
939 1837 1002 1888 II,
1037 1820 1164 1892 id);
1198 1847 1216 1867 ι
1282 1819 1413 1875 dum
1446 1818 1641 1875 vident
1671 1827 1882 1874 naturae

278 1930 392 1970 suae
439 1929 581 1980 esse,
639 1910 787 1984 quod
834 1909 1103 1976 credunt;
1157 1918 1218 1965 ut
1257 1909 1406 1982 quod
1449 1910 1653 1966 Iudaeis
1703 1910 1793 1964 lex
1839 1917 1892 1964 et

277 2002 571 2076 propheta)
602 2000 972 2073 praedicarunt
1011 1999 1078 2054 de
1126 1998 1370 2068 Christo,
1400 2000 1507 2056 hoc
1553 1997 1786 2071 gentiles
1822 2013 1892 2052 ex

282 2091 447 2149 corde
490 2089 775 2147 conﬁdant
808 2090 947 2162 (56).
991 2089 1133 2145 Hinc
1180 2090 1380 2161 gratias
1425 2090 1592 2144 refert
1629 2087 1888 2155 Domino,

282 2181 412 2254 quia
471 2196 602 2237 cum
654 2195 894 2235 essemus
951 2179 1096 2234 servi
1145 2179 1375 2251 peccati,
1426 2178 1774 2235 obedivimus
1820 2192 1888 2232 ex

278 2271 444 2328 corde
492 2269 781 2327 credentes
824 2269 882 2325 in
911 2269 1194 2328 Christum
1230 2289 1240 2325 :
1293 2276 1358 2325 ut
1386 2271 1722 2324 serviremus
1750 2269 1888 2334 Deo,

285 2377 395 2417 non
426 2377 528 2433 per
558 2361 731 2432 legem
763 2359 963 2430 Moysi,
992 2357 1086 2414 sed
1115 2375 1209 2429 per
1239 2359 1411 2429 legem
1443 2366 1676 2413 naturae.

349 2450 540 2522 (Vers.
572 2450 686 2521 19.)
735 2473 753 2496 ι
774 2449 1087 2504 Humanum
1122 2448 1246 2503 dico
1276 2447 1891 2520 propterinﬁrmitatem

284 2540 469 2595 carnis
501 2545 720 2594 vestrae.
746 2563 764 2586 ι
827 2539 970 2593 Dum
1015 2536 1397 2593 inﬁrmitatem
1445 2538 1627 2594 carnis
1675 2551 1894 2592 memo-

281 2635 384 2694 rat,
419 2628 615 2682 minus
651 2643 709 2683 se
755 2626 1028 2697 signiﬁcat
1070 2625 1286 2697 exigere
1329 2627 1396 2683 ab
1443 2626 1688 2696 homine,
1726 2641 1890 2699 quam

279 2716 518 2789 dignum
549 2724 632 2773 est
682 2717 827 2774 circa
861 2715 960 2772 Dei
1009 2717 1304 2773 culturam.
1336 2717 1585 2790 Denique
1614 2716 1891 2772 subinfer-

276 2813 405 2862 tur:

358 2917 380 2944 ι
411 2896 577 2952 Sicut
604 2895 753 2951 enim
782 2894 1116 2951 exhibuistis
1162 2895 1412 2950 membra
1441 2903 1624 2951 vestra
1679 2894 1888 2951 servire

284 2983 674 3041 immunditiae
701 2993 755 3039 et
774 2982 1084 3055 iniquitati,
1113 2981 1183 3037 ad
1215 2983 1564 3054 iniquitatem
1593 3001 1606 3048 ;
1642 2984 1719 3038 ita
1748 2997 1897 3038 nunc

273 3074 547 3130 exhibete
577 3073 824 3128 membra
880 3080 1065 3128 vestra
1104 3072 1311 3127 servire
1358 3071 1609 3142 justitize,
1658 3071 1716 3126 in
1760 3087 1896 3127 san-

269 3164 706 3221 ctiﬁcationem.
739 3189 758 3212 ι
797 3163 870 3218 Ut
897 3162 1243 3220 occasionem
1269 3163 1430 3219 nobis
1459 3163 1698 3219 auferret
1728 3163 1889 3219 timo-

272 3253 357 3309 ris
411 3251 721 3309 accedendi
767 3251 834 3307 ad
878 3251 1065 3322 ﬁdem,
1127 3252 1258 3324 quia
1313 3253 1468 3324 quasi
1527 3250 1894 3324 importabilis

273 3345 444 3401 nobis
507 3352 565 3399 et
620 3359 809 3415 aspera
873 3343 1176 3412 videretur,
1235 3358 1300 3398 ea
1343 3359 1600 3399 mensura
1652 3360 1751 3399 nos
1779 3344 1893 3398 Deo

276 3434 493 3490 servire
527 3432 804 3506 praecepit,
853 3448 962 3505 qua
989 3433 1140 3504 prius
1176 3431 1587 3487 famulabamur
1615 3432 1844 3488 diabolo
1872 3450 1883 3487 :

275 3538 400 3579 cum
443 3524 645 3596 utique
695 3520 1018 3594 propensius
1066 3521 1287 3577 deberet
1315 3520 1514 3576 serviri
1559 3523 1671 3577 Deo
1727 3536 1893 3593 quam

275 3611 527 3680 diabolo,
597 3612 796 3685 quippe
864 3626 990 3666 cum
1057 3609 1150 3666 hic
1206 3610 1372 3677 salus,
1441 3609 1561 3665 illic
1610 3609 1893 3666 damnatio

274 3710 581 3775 operetur;
624 3700 872 3756 medicus
903 3706 1090 3755 tamen
1126 3699 1394 3772 spiritalis
1419 3715 1531 3754 non
1565 3700 1690 3770 plus
1715 3716 1747 3754 a
1779 3715 1892 3755 no-

273 3788 358 3845 bis
413 3789 628 3862 exigit,
679 3805 746 3844 ne
789 3787 920 3844 dum
955 3789 1237 3860 fpraecepta
1271 3788 1425 3861 quasi
1463 3789 1651 3859 gravia
1681 3788 1893 3860 fugere-

277 3894 418 3949 mus,
453 3877 871 3952 perpendentes
918 3876 1302 3933 inﬁrmitatem
1338 3886 1604 3946 nostram,
1633 3892 1895 3932 manere-

276 3992 395 4033 mus
423 3977 486 4033 in
520 3982 729 4032 morte.
780 3974 937 4031 Unde
992 3976 1302 4031 Dominus:
1364 3999 1383 4021 ι
1413 3975 1634 4043 Tollite,
1685 3974 1891 4047 inquit,

270 4064 468 4140 jugnm
508 4083 706 4124 meum
752 4083 917 4138 super
957 4082 1124 4122 vos...
1173 4065 1302 4138 quia
1347 4081 1515 4122 suave
1548 4073 1648 4133 est,
1673 4073 1726 4121 et
1755 4080 1894 4120 onus

276 4171 461 4213 meum
489 4158 624 4213 leve
655 4156 869 4228 (Matth.
901 4173 984 4225 x1,
1015 4156 1105 4224 29,
1135 4155 1252 4226 30).
1288 4181 1304 4204 ι

349 4251 555 4320 (Vers.
587 4250 656 4305 20
681 4257 736 4305 et
765 4250 882 4321 21.)
931 4273 950 4295 ‹
977 4248 1117 4305 Cum
1152 4250 1298 4304 enim
1339 4251 1483 4305 servi
1529 4250 1715 4306 essetis
1757 4265 1894 4322 pec-

274 4341 413 4407 cati,
469 4339 642 4395 liberi
707 4339 890 4394 fuistis
938 4337 1189 4410 justitiae.
1235 4337 1406 4404 Quem
1456 4339 1602 4393 enim
1650 4341 1890 4395 fructum

277 4425 566 4484 habuistis
592 4436 728 4485 tunc
758 4429 816 4483 in
846 4427 981 4496 illis,
1014 4428 1072 4482 in
1107 4427 1312 4500 quibus
1342 4443 1490 4482 nunc
1518 4428 1840 4484 erubescitis
1864 4428 1892 4483 ?

276 4517 418 4573 Nam
447 4518 588 4574 ﬁnis
617 4517 841 4572 illorum
881 4533 1029 4572 mors
1058 4525 1158 4574 est.
1196 4543 1213 4564 -
1256 4515 1606 4574 Manifestum
1639 4525 1738 4583 est,
1766 4516 1895 4587 quia

279 4607 376 4681 qui
412 4607 564 4663 liber
609 4614 692 4663 est
711 4624 740 4661 a
767 4608 902 4671 Deo,
933 4614 1014 4662 est
1045 4623 1238 4662 servus
1267 4606 1502 4678 peccati;
1534 4605 1667 4661 dum
1707 4613 1894 4678 peccat

276 4697 454 4766 enim,
509 4695 725 4752 recedit
773 4712 804 4750 a
851 4697 985 4763 Deo,
1037 4704 1089 4752 et
1138 4695 1200 4751 ﬁt
1248 4697 1350 4752 sub
1402 4704 1642 4768 peccato.
1695 4695 1892 4762 Quales

277 4801 407 4859 ergo
461 4795 603 4843 sunt
652 4785 868 4841 fructus
924 4787 1154 4858 peccati,
1207 4785 1264 4841 in
1319 4786 1519 4858 quibus
1577 4785 1890 4844 conversati

352 4914 477 4986 (56)
514 4915 601 4968 Ita
632 4927 821 4967 omnes
848 4928 977 4986 mss.
1007 4931 1019 4980 ;
1047 4919 1238 4986 contra
1269 4929 1398 4967 vero
1418 4928 1608 4968 omnes
1638 4911 1794 4980 edit.,
1826 4930 1892 4967 ex

276 4983 436 5040 corde
456 4983 827 5056 conﬁteantur
857 5001 871 5049 ;
906 4983 1514 5056 Amerb.,rconfitentur.

349 5058 478 5128 (57)
517 5054 727 5128 omnes
756 5054 915 5128 edit.,
967 5054 1026 5108 in
1070 5055 1255 5122 quibus
1283 5054 1640 5128 addiscentes;
1688 5055 1890 5110 melius

276 5127 482 5183 omnes
521 5144 678 5194 mss.,
710 5127 766 5180 in
795 5127 984 5195 quibus
1012 5128 1302 5181 conversati
1330 5127 1652 5182 addiscentes
1681 5145 1694 5193 ;
1746 5142 1891 5181 unus

273 5200 615 5265 abdicantes,
648 5198 742 5254 sed
783 5214 951 5269 pravo
971 5211 1153 5252 sensu.

349 5271 479 5342 (58)
518 5271 648 5326 Vet.
682 5267 814 5324 edit.
849 5276 903 5342 et
925 5285 1055 5324 mss.
1121 5267 1425 5342 nonnulli,‘
1449 5269 1568 5324 Nisi
1614 5269 1889 5342 spurcitiis

275 5339 541 5406 intersit;
594 5342 754 5396 Rom.
809 5340 941 5395 edit.
992 5357 1056 5395 ac
1092 5339 1310 5411 pauculi
1356 5339 1517 5394 etiam
1576 5339 1730 5409 mss.,
1787 5341 1891 5395 nisi

273 5414 574 5484 spurcities
605 5413 854 5477 intersit;
883 5411 975 5467 sed
996 5411 1090 5466 alii
1128 5427 1258 5464 mss.
1293 5411 1469 5464 multo
1504 5412 1705 5482 plures,
1738 5421 1800 5467 ut
1831 5413 1890 5467 in

274 5493 463 5540 textu.
532 5484 746 5541 Rursus
793 5500 923 5538 vero
955 5499 1052 5554 pro
1098 5487 1487 5554 sacramentum
1517 5485 1738 5537 multum
1795 5490 1886 5552 est,

274 5565 336 5612 ut
371 5558 435 5613 in
470 5555 614 5611 edit.
647 5564 701 5611 et
726 5571 855 5611 mss.
889 5552 1216 5627 quibusdam
1242 5552 1504 5627 habetur;
1541 5553 1597 5607 in
1612 5555 1735 5610 aliis
1763 5556 1887 5612 cod.

273 5627 516 5702 legitur,
556 5623 937 5684 sacramentum
963 5632 1159 5682 motum
1178 5631 1271 5692 est,
1303 5623 1360 5680 in
1396 5623 1520 5680 aliis
1551 5627 1766 5682 nothum
1793 5633 1886 5682 est.

1925 3105 1968 3165 C

1920 4469 1968 4527 D

2000 1819 2168 1876 ﬁnem
2198 1835 2329 1875 vero
2364 1819 2710 1888 habebimus,
2735 1821 2793 1877 id
2839 1829 2942 1892 est,
2986 1823 3222 1892 exitum,
3255 1823 3429 1880 vitam
3460 1840 3597 1896 per-

2002 1917 2221 1981 petuam
2254 1926 2266 1975 ;
2301 1924 2331 1962 a
2383 1915 2557 1963 morte
2609 1909 2759 1964 enim
2820 1908 2944 1978 hac,
2999 1927 3164 1983 quam
3211 1909 3376 1967 ﬁnem
3424 1910 3593 1978 dixit,

1999 1997 2360 2054 transibimus
2376 1996 2443 2052 ad
2469 1998 2641 2052 vitam
2673 2014 2794 2070 quae
2832 1997 2952 2053 sine
2980 1997 3091 2054 ﬁne
3119 2007 3222 2056 est.

2076 2087 2256 2158 (Vers.
2288 2086 2403 2158 23.)
2449 2111 2466 2133 ε
2488 2088 2625 2144 Nam
2657 2103 2862 2144 merces
2882 2089 3089 2160 peccati
3112 2105 3259 2145 mors
3275 2097 3374 2146 est.
3394 2117 3412 2140 ι
3442 2090 3597 2159 Quae-

2001 2185 2147 2233 stum
2204 2178 2409 2248 peccati
2459 2185 2692 2233 mortem
2757 2179 2913 2247 dicit,
2979 2180 3111 2252 quia
3152 2196 3248 2253 per
3306 2190 3592 2254 peccatum

2001 2282 2148 2320 mors
2171 2266 2318 2338 (59);
2361 2283 2423 2324 ac
2444 2284 2538 2339 per
2573 2268 2678 2324 hoc
2724 2268 2817 2342 qui
2865 2267 2932 2325 de
2981 2278 3180 2327 caetero
3221 2270 3499 2330 abstinent
3540 2288 3598 2329 se

2000 2371 2033 2411 a
2077 2355 2334 2427 peccatis,
2365 2357 2700 2428 stipendium
2753 2358 3034 2430 accipiunt
3084 2361 3255 2417 vitam
3313 2370 3596 2431 aeternam,

2011 2444 2141 2516 quia
2162 2445 2256 2517 qui
2287 2463 2398 2502 non
2423 2456 2669 2518 peccant,
2702 2448 2867 2503 alieni
2899 2459 3028 2506 sunt
3069 2467 3100 2506 a
3129 2459 3305 2508 morte
3335 2452 3596 2509 secunda.

2084 2535 2310 2591 «Gratia
2361 2544 2544 2592 autem
2574 2537 2673 2592 Dei
2723 2537 2838 2592 vita
2866 2545 3068 2593 aeterna
3108 2538 3166 2594 in
3209 2539 3431 2596 Christo
3473 2542 3602 2599 Iesu

2000 2625 2239 2680 Domino
2277 2632 2487 2680 nostro.
2518 2651 2538 2673 ι
2595 2626 2749 2681 Sicut
2778 2628 2928 2683 enim
2977 2637 3264 2700 sequentes
3292 2639 3602 2702 peccatum,

2001 2714 2298 2786 acquirunt
2344 2724 2599 2783 mortem,
2647 2716 2724 2769 ita
2774 2726 2828 2771 et
2872 2724 3160 2788 sequentes
3205 2719 3433 2788 gratiam
3479 2719 3604 2788 Dei,

2006 2803 2064 2859 id
2091 2811 2191 2871 est,
2225 2803 2389 2857 ﬁdem
2427 2803 2654 2871 Christi,
2687 2820 2806 2877 quae
2832 2804 3000 2861 donat
3045 2814 3288 2878 peccata,
3323 2805 3606 2866 habebunt

2005 2881 2179 2947 Vitam
2209 2901 2466 2947 aeternam
2495 2911 2506 2948 :
2541 2901 2600 2949 ut
2633 2894 2903 2966 gaudeant
2935 2911 2991 2950 se
3011 2895 3078 2951 ad
3101 2904 3316 2969 tempus
3347 2894 3600 2967 dissolvi,

2002 2981 2236 3037 scientes
2264 2998 2321 3038 se
2360 2981 2503 3040 hanc
2550 2983 2719 3040 vitam
2752 2991 3164 3054 consecuturos,
3215 3003 3336 3058 qua;
3366 2993 3421 3042 et
3447 2987 3602 3043 omni

2003 3069 2166 3126 taedio
2211 3079 2410 3140 careat,
2459 3079 2512 3128 et
2566 3075 2965 3130 successionem
3010 3091 3120 3130 non
3176 3074 3392 3131 habeat.
3425 3075 3601 3144 Quam

2002 3169 2224 3216 sanctus
2274 3161 2498 3216 Simeon
2543 3170 2831 3234 exoptans,
2875 3164 3034 3235 petiit
3081 3179 3136 3219 se
3186 3163 3319 3220 hinc
3366 3164 3601 3222 dissolvi

2008 3249 2159 3322 (Luc.
2194 3267 2256 3319 ιι,
2278 3250 2395 3322 29),
2417 3259 2479 3307 ut
2509 3253 2612 3307 iret
2629 3254 2686 3308 in
2711 3269 2861 3325 pace,
2887 3253 2945 3309 id
2973 3261 3053 3310 est
3082 3255 3218 3322 vita,
3237 3271 3358 3327 quae
3385 3256 3601 3311 nullam

2002 3340 2208 3410 patitur
2253 3341 2715 3413 inquietudinem.
2767 3344 2838 3398 Et
2885 3341 2992 3399 hoc
3034 3342 3242 3398 donum
3279 3360 3311 3398 a
3352 3345 3466 3399 Deo
3509 3361 3606 3417 per

2003 3428 2282 3486 Christum
2315 3430 2475 3485 nobis
2509 3430 2699 3486 datum
2730 3431 3032 3487 Dominum
3063 3439 3316 3488 nostrum
3345 3439 3599 3503 testatur,

2002 3525 2062 3574 ut
2092 3521 2206 3574 Deo
2257 3520 2403 3575 Patri
2453 3521 2652 3593 gratias
2698 3535 2795 3594 per
2842 3521 3060 3578 nullum
3088 3523 3322 3580 alterum
3353 3521 3461 3580 nisi
3506 3538 3604 3597 per

2002 3609 2208 3665 Filium
2237 3610 2356 3683 ejus
2377 3627 2619 3684 agamus.

2603 3751 2832 3811 CAPUT
2868 3753 2989 3810 VII.

2077 3866 2256 3938 (Vers.
2279 3867 2356 3939 1.)
2384 3891 2400 3913 ι
2441 3870 2526 3923 An
2561 3867 2848 3940 ignoratis,
2867 3869 3102 3926 fratres?
3122 3869 3429 3926 scientibus
3445 3867 3596 3923 enim

2003 3966 2175 4036 legem
2208 3966 2420 4038 loquor.
2454 3992 2470 4013 -
2519 3966 2587 4022 Ut
2615 3968 2829 4022 animos
2847 3982 3037 4023 eorum
3057 3966 3240 4022 ﬁrmet
3262 3967 3320 4020 in
3349 3962 3603 4021 doctrina

2002 4053 2214 4119 divina,
2253 4055 2507 4127 exemplo
2555 4054 2812 4136 humanae
2859 4056 2993 4126 legis
3039 4055 3248 4119 utitur;
3294 4059 3358 4106 ut
3399 4049 3599 4105 iterum

2000 4168 2096 4224 per
2129 4159 2343 4208 terrena
2371 4152 2595 4208 suadeat
2625 4153 2886 4221 coelestia,
2918 4151 2964 4206 si
2994 4159 3047 4205 et
3076 4167 3107 4205 a
3128 4147 3322 4204 mundi
3353 4153 3602 4204 creatura

2000 4242 2145 4296 Deus
2183 4241 2560 4312 cognoscitur;
2591 4241 2722 4312 quia
2749 4239 2896 4295 enim
2928 4237 3096 4293 unius
3127 4245 3208 4293 est
3247 4245 3446 4305 totum,
3472 4235 3601 4292 licet

2001 4329 2231 4385 diversae
2260 4329 2372 4384 sint
2402 4346 2508 4397 res,
2537 4343 2602 4383 ex
2623 4329 2810 4400 aliqua
2828 4334 3014 4382 tamen
3038 4334 3189 4399 parte
3218 4325 3325 4382 sibi
3357 4325 3598 4381 invicem

1999 4418 2210 4473 similes
2239 4428 2386 4475 sunt.
2427 4418 2621 4475 Sciunt
2656 4433 2782 4488 ergo
2813 4417 2985 4488 legem
3034 4416 3287 4484 Romani,
3319 4415 3450 4488 quia
3487 4429 3598 4470 non

2004 4514 2133 4562 sunt
2151 4507 2371 4562 barbari
2405 4525 2417 4562 :
2444 4505 2538 4562 sed
2569 4505 3108 4578 comprehenderunt
3137 4505 3443 4560 naturalem
3468 4501 3600 4574 jus-

2002 4594 2180 4650 titiam
2213 4597 2406 4666 partim
2437 4613 2507 4651 ex
2546 4613 2621 4664 se,
2660 4597 2858 4667 partim
2915 4612 2984 4651 ex
3014 4595 3256 4651 Graecis:
3300 4609 3427 4648 nam
3454 4591 3599 4665 leges

2002 4683 2264 4740 Romanis
2293 4691 2388 4747 63
2418 4702 2487 4740 ex
2515 4685 2749 4742 Athenis
2773 4687 2995 4757 perlatae
3039 4694 3170 4741 sunt
3190 4683 3338 4756 (60),
3371 4683 3516 4738 sicut
3545 4689 3599 4737 et

2001 4782 2205 4839 Grmcis
2233 4800 2301 4840 ex
2339 4783 2599 4840 Hebraeis.
2633 4785 2777 4838 Ante
2810 4784 3036 4856 Moysen
3067 4783 3215 4839 enim
3251 4797 3362 4837 non
3394 4780 3597 4837 latebat

2074 4910 2189 4983 (59)
2242 4909 2444 4992 omnes
2473 4909 2607 4992 edit:
2638 4925 2698 4966 ac
2739 4909 2899 4992 pauci
2953 4925 3110 4992 mss.,
3156 4908 3285 4978 quia
3327 4914 3598 4978 peccatum

1998 4998 2140 5036 mors
2163 4981 2182 5046 ,'
2203 4982 2400 5037 melius
2427 4981 2633 5049 caeteri,
2665 4981 2792 5052 quia
2816 4999 2912 5053 per
2935 4985 3205 5053 peccatum
3234 4996 3396 5053 mors.

2073 5053 2189 5122 (60)
2219 5055 2308 5109 Sic
2346 5069 2537 5108 omnes
2581 5051 2715 5121 edit,
2760 5051 2832 5108 ef
2859 5069 2988 5108 mss.
3043 5052 3281 5122 aliquot:
3317 5051 3415 5106 alii
3461 5067 3596 5122 vero

2001 5121 2110 5179 non
2135 5125 2299 5205 pauci
2326 5125 2465 5205 llaec
2513 5141 2624 5205 prae
2663 5141 2718 5180 se
2747 5124 2932 5205 ferunt
2957 5141 2987 5205 ;Δ
3009 5121 3217 5205 partim
3264 5138 3329 5175 e1.-
3371 5121 3592 5205 Graecis,

1993 5197 2195 5266 partim
2223 5214 2286 5250 ea:
2317 5194 2548 5250 Hebraeis
2567 5213 2588 5260 ;
2624 5196 2864 5266 quamvis
2894 5200 3015 5249 ante
3042 5194 3254 5263 Moysen
3282 5210 3386 5266 non
3419 5194 3594 5247 latue-

1998 5264 2072 5320 rit
2104 5269 2187 5322 lex
2209 5285 2228 5332 ;
2274 5268 2362 5321 sed
2397 5268 2528 5322 ordo
2577 5264 2683 5321 non
2729 5274 2863 5333 erat,
2913 5282 3075 5335 neque
3115 5264 3432 5338 auctoritas;
3465 5275 3594 5338 nam

2002 5339 2124 5408 legis
2178 5329 2308 5412 ordo
2365 5339 2618 5412 Romanis
2671 5356 2734 5412 ex
2782 5329 3002 5412 Athenis
3035 5337 3276 5412 perlatus
3320 5339 3443 5412 .est;
3486 5329 3592 5412 a'lii

2000 5401 2274 5477 nonnulli,
2314 5411 2513 5480 partim
2560 5427 2624 5464 ea:
2658 5411 2874 5478 Graecis,
2907 5401 3054 5464 sicut"
3081 5413 3128 5460 et
3160 5403 3330 5460 Graeci
3383 5401 3593 5480 ex_He-

2000 5480 2193 5546 bracis;
2249 5473 2490 5552 quamvis
2553 5481 2688 5536 enim
2740 5473 2869 5536 ante
2915 5481 3219 5549 Moysen....
3278 5488 3405 5527 nam
3463 5473 3593 5548 leges

1998 5552 2250 5610 Romanis
2270 5571 2334 5610 ex
2361 5554 2579 5611 Athenis
2597 5555 2820 5624 perlatae
2852 5558 2992 5608 sunt.
