4150 6194
499 260 598 326 111

1510 250 1606 310 AD
1644 250 1879 309 OPERA
1916 247 1973 303 s.
2012 228 2347 302 AMBROSII
2365 226 2763 305 ,APPENDIX.

3696 214 3798 280 112

498 396 611 462 lex,
642 391 738 448 sed
766 389 902 447 ordo
928 405 1043 446 non
1068 396 1201 445 erat.
1234 399 1411 458 neque
1438 378 1757 439 auctoritas.
1787 374 1908 430 Non
1939 372 2090 444 igno-

2203 385 2341 441 Hinc
2369 383 2575 441 factum
2607 391 2689 439 est
2723 388 2786 437 ut
2827 393 3019 436 omnes
3060 374 3346 433 credentes
3396 372 3455 427 in
3487 370 3795 439 Christum,

498 483 751 541 rantibus
778 499 906 554 ergo
936 483 1107 553 legem
1137 479 1276 537 dicit
1300 496 1311 533 :

581 599 600 621 ι
631 573 771 642 Quia
812 574 901 627 lex
949 571 1267 628 dominatur
1311 565 1548 633 homini,
1598 569 1803 635 quanto
1846 568 2090 631 tempore

500 664 663 721 vivit.
706 689 723 711 ι
789 663 909 718 Non
956 669 1038 717 est
1069 662 1346 717 occultum
1385 669 1605 712 omnem
1645 652 1815 707 vitam
1847 649 2092 706 hominis

498 771 615 812 esse
644 753 747 810 sub
777 755 893 824 lege
937 759 1167 817 naturae,
1224 765 1345 821 quas
1401 746 1527 802 data
1567 750 1649 798 est
1696 740 1939 796 mundo:
1973 738 2093 793 haec

501 844 594 900 lex
639 842 904 916 generalis
952 848 1051 895 est.
1094 839 1251 893 Nunc
1302 851 1433 891 vero
1468 833 1630 889 aliam
1675 830 1933 903 proponit
1976 844 2091 901 spe-

500 932 695 991 cialem
732 930 1016 1002 (quamvis
1044 936 1096 983 et
1125 927 1242 998 ipsa
1271 923 1539 997 generalis
1567 929 1668 989 est,
1701 920 1797 975 sed
1821 919 1953 975 dum
1981 935 2091 974 non

500 1020 766 1091 recipitur
792 1018 859 1072 ab
905 1016 1185 1079 omnibus,
1215 1014 1277 1069 fit
1320 1011 1621 1084 specialis),
1653 1026 1748 1081 per
1776 1024 1938 1080 quam
1970 1007 2094 1062 vult

500 1107 730 1181 probare
775 1105 1132 1161 assertionem
1181 1119 1336 1158 suam
1373 1119 1387 1168 ;
1455 1098 1721 1171 gradatim
1777 1097 1926 1153 enim
1972 1099 2094 1153 vult

499 1197 713 1255 tradere
744 1196 1051 1250 veritatem.
1080 1193 1227 1249 Dicit
1255 1208 1385 1263 ergo
1412 1210 1423 1248 :

575 1287 755 1358 (Vers.
790 1285 869 1353 2.)
916 1308 933 1329 ε
964 1285 1097 1339 Nam
1128 1299 1250 1356 quae
1276 1280 1377 1338 sub
1404 1280 1527 1336 viro
1556 1286 1636 1335 est
1657 1275 1875 1346 mulier,
1903 1278 2091 1335 viven-

499 1385 555 1434 te
583 1376 726 1444 viro,
752 1376 975 1446 alligata
1018 1381 1101 1429 est
1150 1373 1254 1445 legi
1284 1372 1414 1427 viri.
1445 1397 1465 1420 ι
1518 1372 1648 1426 Haec
1677 1370 1768 1426 lex
1815 1368 1881 1425 de
1912 1370 2090 1425 Evan-

500 1466 643 1539 gelio
671 1471 773 1530 est,
803 1478 915 1517 non
944 1479 1015 1517 ex
1041 1462 1249 1534 Moyse,
1281 1475 1458 1533 neque
1504 1476 1575 1515 ex
1610 1458 1831 1531 justitia
1854 1466 2087 1514 terrena.

499 1553 729 1627 Aliquid
768 1569 917 1625 ergo,
956 1551 1096 1607 duce
1133 1559 1350 1617 natura,
1398 1548 1611 1622 aliquid
1652 1564 1724 1603 ex
1769 1549 1885 1618 lege
1912 1547 2091 1619 Moysi

500 1642 866 1707 addiscentes,
915 1640 1144 1712 perfecti
1208 1639 1340 1696 facti
1408 1645 1538 1694 sunt
1578 1654 1673 1709 per
1726 1637 2088 1709 Evangelium

2197 491 2461 541 eruantur
2489 500 2521 538 a
2548 482 2685 554 lege,
2720 478 2936 536 sublato
2962 482 3204 549 peccato,
3226 471 3356 545 quia
3372 470 3582 526 victum
3613 485 3801 542 pecca-

2198 584 2316 631 tum
2342 570 2481 644 (63),
2514 570 2659 643 quod
2688 577 2771 625 est
2791 566 3070 634 diabolus,
3088 580 3183 636 per
3203 577 3402 634 corpus
3422 558 3655 624 Christi,
3686 575 3802 614 non

2200 663 2365 719 habet
2401 660 2783 716 auctoritatem
2831 657 2890 712 in
2936 672 3028 711 eos
3067 653 3163 725 qui
3216 650 3284 707 ad
3334 650 3492 705 illum
3523 649 3804 721 pertinent

2200 766 2232 805 a
2260 766 2369 822 quo
2398 747 2578 803 victus
2607 753 2707 802 est.
2755 747 2901 801 Dum
2930 742 3079 799 enim
3118 756 3231 797 non
3262 745 3453 811 peccat
3495 744 3550 792 et
3582 736 3802 793 occidi-

2200 845 2292 893 tur
2348 837 2504 911 quasi
2558 851 2704 903 reus,
2754 834 2890 890 vicit
2945 840 3226 905 peccatum
3271 828 3339 884 de
3392 834 3636 900 peccato,
3696 825 3806 883 hoc

2201 935 2300 995 est,
2331 925 2613 982 diabolum
2643 922 2866 995 proprio
2895 927 3137 993 peccato,
3173 917 3326 992 quod
3368 918 3426 972 in
3455 933 3522 973 eo
3553 915 3800 983 admisit,

2198 1014 2487 1071 damnavit
2512 1032 2524 1068 :
2557 1021 2612 1068 et
2631 1010 3060 1083 chirographum
3108 1007 3255 1081 quod
3286 1013 3506 1078 peccato
3538 1004 3672 1060 Adae
3696 1003 3807 1059 de-

2200 1112 2412 1161 cretum
2444 1111 2579 1171 erat,
2597 1101 2805 1157 delevit
2835 1101 3068 1171 (Coloss.
3103 1114 3166 1161 Ir.
3207 1095 3295 1167 14)
3326 1113 3337 1150 :
3372 1094 3592 1168 quando
3622 1093 3690 1148 ab
3720 1093 3805 1148 in-

2200 1194 2333 1250 feris
2362 1192 2683 1259 resurrexit,
2715 1190 2843 1247 data
2873 1187 3196 1261 hujusmodi
3239 1187 3417 1241 forma
3450 1182 3806 1241 credentibus

2201 1284 2330 1352 sibi,
2376 1291 2437 1339 ut
2483 1300 2514 1339 a
2563 1290 2739 1338 morte
2778 1280 3016 1337 secunda
3061 1276 3236 1334 teneri
3287 1292 3401 1332 non
3445 1282 3689 1347 possent.
3721 1274 3806 1330 Ac

2200 1389 2297 1445 per
2326 1362 2431 1428 hoc
2460 1372 2666 1427 mortui
2695 1386 2886 1426 sumus
2915 1368 3022 1440 legi
3054 1383 3150 1439 per
3181 1381 3388 1437 corpus
3434 1362 3673 1430 Christi;
3706 1361 3807 1436 qui

2199 1462 2347 1517 enim
2380 1462 2484 1533 legi
2511 1467 2760 1515 mortuus
2808 1473 2921 1513 non
2950 1454 3140 1524 fuerit,
3177 1471 3304 1511 reus
3332 1460 3447 1510 est:
3478 1460 3533 1509 et
3558 1453 3653 1526 qui
3677 1468 3806 1509 reus

2199 1558 2301 1619 est,
2332 1549 2627 1606 secundam
2660 1554 2893 1603 mortem
2927 1544 3158 1602 evadere
3187 1559 3300 1599 non
3333 1550 3529 1615 potest.

2282 1663 2301 1686 ι
2333 1640 2403 1695 Ut
2429 1640 2551 1695 sitis
2592 1637 2821 1694 alterius
2849 1634 2945 1709 qui
2986 1650 3057 1689 ex
3104 1631 3339 1688 mortuis
3388 1629 3711 1698 resurrexit,
3741 1638 3807 1687 ut

499 1731 729 1791 Christi.
784 1731 1045 1803 Sequenti
1100 1746 1227 1801 ergo
1282 1730 1536 1801 exemplo
1601 1726 1841 1799 apertius
1903 1727 2096 1782 suadet
2123 1730 2169 1789 B
2200 1726 2597 1783 fructiﬁcemus
2634 1726 2768 1781 Deo.
2799 1749 2817 1771 ι
2877 1723 2993 1778 Hoc
3038 1720 3197 1789 dicit,
3245 1718 3375 1792 quia
3419 1717 3547 1774 ideo
3592 1725 3808 1788 mortui

500 1820 987 1879 Christianismum
1017 1828 1245 1875 exutum
1287 1834 1402 1874 esse
1445 1833 1476 1872 a
1505 1819 1619 1889 lege
1659 1817 1951 1885 factorum,
1983 1832 2094 1872 non

500 1909 569 1966 ab
598 1909 753 1965 omni
780 1910 896 1981 lege
921 1928 934 1977 ;
958 1925 1059 1965 nec
1086 1910 1231 1963 ultra
1255 1906 1370 1979 jam
1399 1906 1660 1980 expedire
1680 1923 1797 1963 esse
1821 1905 1923 1962 sub
1954 1907 2090 1977 lege,

498 2014 570 2056 ne
616 1999 845 2071 gratiam
897 2000 998 2055 Dei
1044 2006 1271 2056 evacuet
1322 2014 1574 2055 reversus
1602 1998 1705 2054 sub
1744 1998 1938 2069 legem,
1965 1999 2095 2071 quia

499 2087 601 2146 Dei
631 2089 805 2160 gratia
836 2088 1092 2145 liberavit
1120 2105 1152 2144 a
1181 2090 1297 2160 lege
1326 2087 1632 2157 hominem,
1678 2096 1740 2143 ut
1784 2087 2004 2159 spiritu,
2038 2086 2095 2143 id

501 2185 583 2235 est
628 2188 829 2247 mente,
862 2178 1065 2235 serviat
1094 2181 1227 2235 Deo.
1260 2177 1413 2235 Sicut
1442 2177 1591 2235 enim
1621 2176 1843 2245 mulier,
1874 2184 2094 2232 mortuo

501 2267 646 2337 viro,
696 2267 927 2324 liberata
966 2276 1048 2325 est
1090 2285 1122 2324 a
1150 2270 1267 2341 lege
1303 2266 1434 2336 viri,
1473 2283 1585 2323 non
1623 2281 1656 2321 a
1704 2268 1819 2339 lege
1847 2274 2090 2322 naturae:

500 2357 579 2413 ita
607 2367 662 2415 et
710 2358 768 2414 hi
810 2360 903 2430 qui
937 2357 1109 2431 gratia
1153 2358 1253 2415 Dei
1284 2357 1503 2414 liberati
1532 2373 1564 2412 a
1603 2358 1720 2430 lege
1760 2364 1911 2425 sunt,
1940 2373 2097 2429 aqua

498 2447 833 2503 tenebantur
864 2447 963 2516 rei,
996 2455 1057 2503 ut
1085 2455 1302 2503 mortua
1320 2447 1435 2518 (61)
1470 2446 1586 2502 illis
1614 2446 1708 2514 sit,
1740 2453 1802 2501 ut
1832 2444 2095 2503 Christia-

501 2534 684 2592 nismo
718 2534 903 2606 juncti
943 2552 1055 2591 non
1095 2536 1208 2592 sint
1252 2535 1513 2593 adulteri.
1559 2534 1617 2591 Si
1650 2534 1796 2590 enim
1829 2536 1921 2590 lex
1948 2534 2098 2607 apud

502 2623 629 2679 illos
662 2625 826 2693 vivit,
857 2624 1094 2681 adulteri
1125 2633 1274 2693 sunt,
1307 2632 1360 2680 et
1385 2624 1532 2680 nihil
1563 2624 1678 2682 illis
1708 2624 1950 2697 proderit
1985 2624 2099 2680 dici

500 2711 869 2783 Christianos,
909 2717 1040 2788 quia
1071 2716 1302 2772 obnoxii
1348 2725 1510 2773 erunt
1554 2716 1777 2773 ultioni.
1808 2717 1920 2773 Nec
1948 2715 2097 2770 enim

502 2803 636 2875 legis
669 2805 775 2860 erit
819 2804 1053 2874 adulter,
1103 2805 1197 2862 sed
1243 2805 1554 2877 Evangelii,
1585 2805 1680 2878 qui
1728 2812 1945 2861 mortua
1984 2805 2099 2875 lege

496 2888 728 2960 junctus
779 2892 1103 2962 Evangelio,
1145 2901 1269 2962 post
1313 2892 1458 2948 redit
1497 2891 1566 2947 ad
1610 2893 1822 2965 legem;
1884 2899 2101 2947 mortua

501 2979 650 3035 enim
690 2981 782 3035 lex
810 2980 1016 3037 dicitur
1047 2981 1189 3053 (62),
1223 2981 1442 3054 quando
1471 2998 1634 3054 quem
1669 2981 1892 3038 tenebat
1919 2997 2097 3049 reum,

502 3069 757 3141 ignotum
777 3078 860 3125 est
879 3070 951 3139 ei,
982 3070 1306 3127 auctoritate
1336 3071 1470 3143 legis
1498 3078 1764 3127 cessante.

455 3221 463 3231 ,
578 3158 859 3231 (Vers.3.)
896 3160 1090 3228 «Quod
1122 3161 1170 3216 si
1197 3168 1447 3217 mortuus
1463 3160 1636 3218 fuerit
1665 3160 1751 3216 vir
1769 3159 1910 3231 ejus,
1943 3159 2092 3215 libe-

503 3255 622 3303 rata
648 3256 731 3304 est
773 3264 804 3304 a
852 3249 967 3321 lege
1014 3249 1144 3318 viri,
1181 3258 1244 3306 ut
1284 3266 1395 3307 non
1425 3250 1499 3307 sit
1527 3250 1798 3318 adultera,
1830 3251 1877 3307 si
1900 3249 2101 3322 juncta

502 3334 673 3393 fuerit
700 3338 859 3394 alteri
908 3338 1049 3395 viro.
1082 3364 1101 3388 ι
1162 3339 1377 3396 Sublati
1404 3357 1436 3396 a
1474 3341 1616 3412 lege,
1658 3346 1877 3411 accepta
1906 3338 2096 3395 remis-

503 3423 658 3481 sione
708 3435 1078 3498 peccatorum,
1135 3437 1189 3486 et
1221 3429 1403 3501 juncti
1449 3429 1775 3501 Evangelio,
1808 3444 1921 3484 non
1967 3436 2097 3484 sunt

504 3511 741 3569 adulteri
774 3516 927 3587 legis,
961 3518 1090 3589 quia
1113 3527 1335 3575 mortua
1366 3518 1512 3591 apud
1540 3517 1668 3574 illos
1696 3525 1795 3574 est.
1829 3518 1885 3573 Si
1914 3526 2097 3573 autem

504 3608 785 3658 servantes
816 3604 1011 3675 legem,
1034 3606 1289 3662 accedere
1312 3624 1369 3664 se
1397 3614 1593 3680 putant
1611 3607 1680 3663 ad
1707 3607 2097 3679 Evangelium,

505 3691 586 3747 rei
626 3699 787 3747 erunt
832 3702 886 3749 et
929 3693 1186 3762 adulteri,
1217 3697 1347 3770 quia
1391 3697 1521 3754 viva
1567 3699 1683 3770 lege
1705 3695 2015 3769 junxerunt
2041 3710 2099 3750 se

506 3781 656 3851 ﬁdei,
689 3792 743 3840 et
773 3792 936 3840 erunt
964 3784 1022 3839 in
1051 3792 1282 3859 utraque
1320 3787 1574 3844 adulteri.

581 3873 765 3947 (Vers.
788 3873 869 3945 4.)
914 3899 933 3922 ι
962 3877 1172 3949 Itaque,
1200 3876 1398 3934 fratres
1413 3877 1541 3947 mei,
1565 3887 1619 3934 et
1649 3895 1747 3934 vos
1781 3873 2098 3933 mortiﬁcati

507 3962 640 4020 estis
662 3962 768 4036 legi
816 3980 912 4037 per
939 3980 1139 4037 corpus
1182 3966 1408 4024 Christi.
1448 3993 1466 4017 ι
1525 3967 1794 4035 Quoniam
1847 3966 2101 4022 Salvator

506 4059 695 4108 noster
739 4067 938 4124 corpus
982 4069 1145 4110 suum
1188 4053 1410 4110 diabolo
1455 4053 1777 4127 crucifigere
1826 4054 2097 4126 permisit,

507 4139 687 4196 sciens
715 4157 813 4212 pro
843 4141 1004 4198 nobis
1036 4158 1152 4199 esse
1185 4151 1239 4199 et
1282 4150 1474 4200 contra
1514 4143 1675 4199 illum
1713 4162 1727 4210 ;
1768 4142 1976 4199 idcirco
2006 4157 2102 4213 per

505 4239 706 4297 corpus
751 4227 956 4285 Christi
986 4234 1167 4289 salvos
1210 4250 1311 4290 nos
1361 4232 1498 4290 dicit
1534 4232 1724 4289 factos.
1765 4231 1905 4289 Mori
1954 4232 2102 4287 enim

509 4312 616 4384 legi
645 4316 759 4370 Deo
788 4317 975 4375 vivere
1006 4330 1104 4390 est,
1146 4323 1273 4395 quia
1316 4324 1408 4379 lex
1434 4323 1755 4380 dominatur
1792 4322 2103 4394 peccatori-

507 4400 632 4509 bus.
682 4402 952 4509 Cui‘e‘rgo
992 4407 1351 4506 dimittuntur
1406 4420 1646 4483 peccata,
1694 4411 1929 4466 moritur
1973 4411 2098 4483 legi,
2130 4449 2181 4509 Β

508 4488 617 4547 hoc
659 4499 761 4561 est,
804 4493 1025 4550 liberari
1068 4513 1101 4552 a
1129 4498 1263 4569 lege.
1294 4501 1482 4571 Itaque
1516 4516 1611 4572 per
1651 4516 1851 4572 corpus
1894 4500 2102 4558 Christi

509 4577 616 4635 hoc
660 4583 1052 4655 consequimur
1106 4585 1433 4643 beneficium
1473 4607 1487 4657 ;
1532 4588 1752 4646 tradens
1792 4590 1940 4647 enim
1982 4606 2097 4647 cor-

508 4683 611 4740 pus
655 4686 816 4727 suum
873 4674 1141 4744 Salvator,
1191 4684 1421 4732 mortem
1493 4678 1647 4747 vicit,
1708 4686 1762 4734 et
1816 4687 2100 4752 peccatum

507 4757 813 4817 damnavit.
878 4764 940 4818 In
990 4764 1109 4836 ipso
1156 4766 1305 4822 enim
1348 4768 1596 4842 peccavit
1648 4768 1922 4837 diabolus,
1971 4785 2099 4826 cum

508 4848 670 4905 illum
714 4850 1066 4909 innocentem
1110 4854 1334 4924 occidit,
1399 4857 1492 4929 qui
1536 4868 1826 4929 peccatum
1870 4857 2099 4912 omnino

506 4938 777 5007 nesciret;
816 4956 941 4997 cum
968 4942 1118 4999 enim
1140 4945 1420 5002 hominem
1442 4945 1549 5002 sibi
1571 4947 1780 5019 peccati
1826 4963 1989 5002 causa
2008 4946 2097 5002 de-

504 5027 772 5100 fenderet,
805 5030 1066 5091 invcnlus
1089 5040 1171 5091 est
1197 5034 1257 5092 in
1287 5051 1351 5093 eo
1379 5051 1524 5105 reus,
1555 5036 1613 5092 in
1647 5052 1755 5109 quo
1784 5035 2095 5093 accusabat.

586 5228 704 5302 (61)
749 5230 876 5287 Mss.
922 5230 1154 5306 aliquot,
1205 5234 1415 5306 liberati
1460 5252 1495 5289 a
1541 5234 1642 5305 lege
1686 5250 1794 5306 non
1821 5239 1975 5288 erunt
2002 5233 2098 5306 sub

500 5305 623 5370 illa,
653 5318 687 5356 a
715 5319 822 5373 qua
853 5304 1156 5361 tenebantur
1181 5305 1280 5375 rei,
1312 5322 1402 5361 nec
1427 5307 1575 5362 ultra
1592 5304 1846 5377 ’eajiedire
1873 5321 1976 5360 esse
2002 5305 2098 5360 sub

505 5379 628 5449 lege,
642 5380 731 5449 Aut
746 5381 998 5449 mortem,
1026 5384 1133 5449 etc.
1334 5440 1344 5448 _

575 5445 692 5526 (62)
718 5446 886 5526 [idem
940 5447 1089 5526 cod.,
1133 5445 1351 5526 Mgrtua
1397 5448 1534 5504 enim
1579 5449 1662 5504 lea:
1706 5447 1933 5518 dicitur,
1983 5464 2099 5503 cum

498 5525 664 5574 cessat
693 5521 803 5585 ejus
832 5521 1141 5577 auctoritas.
1186 5522 1244 5576 Si
1272 5527 1446 5576 autem
1481 5527 1744 5588 mortuus,
1769 5527 1873 5576 etc.

576 5588 695 5657 (63)
727 5589 852 5647 Mss.
887 5592 1079 5664 Carn.,
1123 5593 1251 5662 quia
1279 5593 1509 5649 vinctum
1547 5598 1908 5665 peccatum...
1934 5608 1968 5649 a
1997 5606 2099 5663 quo

2202 1832 2392 1872 sumus
2417 1815 2544 1887 legi,
2569 1822 2631 1870 ut
2650 1813 2719 1870 de
2745 1822 2942 1870 caetero
2972 1809 3179 1868 Christi
3204 1809 3380 1865 simus
3411 1807 3562 1864 servi
3591 1807 3799 1864 solius:

2202 1914 2257 1961 et
2285 1904 2390 1960 hoc
2416 1903 2523 1959 erit
2558 1901 2896 1959 fructificare
2929 1901 3062 1956 Deo.
3112 1897 3449 1972 Acquiritur
3484 1896 3634 1953 enim
3666 1897 3802 1965 Deo,

2202 1992 2298 2065 qui
2362 1992 2423 2047 in
2485 1991 2659 2065 gratia
2704 1989 2825 2062 ejus
2879 1995 3083 2057 manet,
3148 1986 3357 2061 dignus
3405 1984 3806 2043 resurrectione

2202 2081 2494 2153 promissa.

2277 2171 2461 2241 (Vers.
2492 2172 2575 2242 5.)
2620 2194 2639 2217 ι
2669 2169 2808 2227 Cum
2837 2168 2987 2225 enim
3015 2182 3259 2223 essemus
3291 2166 3351 2222 in
3382 2182 3569 2224 carne.
3602 2191 3620 2214 ι
3662 2165 3805 2224 Cum

2204 2259 2264 2315 in
2292 2276 2455 2317 carne
2497 2259 2592 2329 sit,
2635 2267 2719 2315 est
2744 2260 2893 2315 enim
2925 2257 2985 2313 in
3012 2272 3265 2328 corpore,
3306 2265 3467 2329 negat
3517 2272 3574 2313 se
3601 2271 3718 2311 esse
3743 2255 3806 2311 in

2202 2364 2397 2405 carne:
2441 2348 2570 2421 quia
2618 2347 2711 2404 hic
2738 2346 2946 2403 dicitur
2973 2361 3090 2401 esse
3137 2344 3196 2401 in
3238 2361 3425 2414 carne,
3467 2345 3561 2418 qui
3591 2343 3803 2417 aliquid

2205 2437 2474 2509 sequitur,
2500 2436 2648 2510 quod
2680 2437 2797 2508 lege
2827 2434 3172 2508 prohibetur.
3211 2435 3387 2507 Igitur
3415 2435 3471 2490 in
3499 2451 3661 2491 carne
3688 2451 3806 2491 esse

2206 2527 2510 2583 multifario
2547 2526 2879 2600 intelligitur
2915 2544 2928 2582 :
2975 2542 3103 2581 nam
3147 2526 3332 2581 omnis
3374 2523 3692 2582 incredulus
3739 2526 3802 2581 in

2206 2632 2369 2673 carne
2397 2622 2499 2684 est,
2531 2615 2589 2671 id
2641 2623 2741 2683 est,
2788 2614 3044 2682 carnalis,
3088 2622 3142 2669 et
3172 2611 3519 2670 Christianus
3555 2610 3659 2668 sub
3690 2612 3808 2683 lege

2209 2702 2404 2760 vivens
2432 2703 2491 2758 in
2521 2718 2683 2760 carne
2713 2710 2793 2758 est
2824 2720 2835 2757 :
2882 2710 2938 2758 et
2978 2701 3075 2774 qui
3122 2700 3191 2757 de
3238 2699 3561 2756 hominibus
3590 2698 3806 2772 aliquid

2206 2802 2407 2867 sperat,
2434 2794 2491 2850 in
2523 2810 2685 2851 carne
2700 2802 2782 2849 est
2805 2812 2817 2849 :
2841 2804 2895 2850 et
2915 2794 3011 2867 qui
3042 2794 3183 2849 male
3198 2792 3463 2866 intelligit
3493 2791 3805 2860 Christum,

2208 2884 2266 2939 in
2323 2900 2486 2941 carne
2514 2893 2637 2952 est;
2694 2892 2749 2939 et
2801 2884 2848 2940 si
2895 2883 3020 2956 quis
3068 2881 3416 2941 Christianus
3461 2881 3807 2937 luxuriosam

2208 2971 2373 3028 habet
2401 2973 2597 3042 vitam,
2642 2972 2701 3028 in
2729 2988 2891 3029 carne
2936 2979 3038 3029 est.
3071 2976 3170 3035 64
3214 2971 3330 3028 Hoc
3379 2980 3559 3027 tamen
3594 2970 3715 3026 loco
3745 2969 3809 3025 in

2133 3093 2177 3153 ο
2208 3087 2369 3128 carne
2423 3088 2538 3129 esse
2591 3072 2673 3129 sic
2720 3071 3109 3143 intelligemus,
3168 3071 3301 3143 quia
3359 3076 3486 3124 ante
3526 3068 3693 3125 fidem
3741 3067 3804 3124 in

2206 3179 2369 3219 carne
2412 3178 2658 3230 eramus;
2711 3161 2813 3217 sub
2842 3168 3063 3233 peccato
3096 3159 3247 3216 enim
3293 3158 3637 3226 vivebamus,
3688 3156 3799 3214 hoc

2206 3260 2307 3320 est,
2354 3253 2596 3308 carnales
2633 3266 2824 3307 sensus
2884 3257 3190 3323 sequentes,
3241 3248 3395 3304 vitiis
3457 3255 3513 3304 et
3562 3247 3802 3319 peccatis

2203 3341 2638 3413 subjacebamus.
2682 3342 2891 3397 Sensus
2926 3348 3110 3398 autem
3155 3340 3337 3397 carnis
3379 3346 3481 3407 est,
3531 3354 3643 3393 non
3671 3353 3804 3394 cre-

2206 3430 2334 3487 dere
2367 3430 2658 3503 spiritalia,
2702 3430 2760 3486 id
2805 3439 2907 3500 est,
2952 3430 3071 3486 sine
3112 3428 3506 3488 commistione
3546 3427 3656 3483 viri
3687 3426 3803 3483 vir-

2207 3518 2388 3591 ginem
2422 3519 2714 3592 peperisse,
2764 3527 2818 3576 et
2844 3536 2916 3575 ex
2972 3533 3115 3591 aqua
3157 3524 3212 3573 et
3242 3516 3457 3589 Spiritu
3483 3522 3672 3573 sancto
3702 3515 3801 3571 ho-

2208 3610 2413 3667 minem
2454 3609 2636 3665 denuo
2677 3610 2847 3677 nasci,
2888 3616 2943 3665 et
2983 3608 3221 3665 solutam
3269 3608 3511 3664 animam
3546 3624 3579 3664 a
3604 3605 3807 3679 copula

2207 3699 2388 3756 carnis
2431 3716 2620 3755 rursus
2659 3699 2716 3755 in
2749 3714 2912 3756 carne
2954 3713 3253 3771 resurgere.
3283 3698 3361 3754 De
3391 3696 3480 3753 his
3521 3694 3803 3764 diﬂidens,

2207 3787 2266 3843 in
2293 3803 2455 3844 carne
2482 3795 2600 3855 est;
2630 3786 2763 3844 hinc
2790 3805 2801 3843 :

2293 3874 2505 3944 «Vitia,
2534 3875 2631 3944 ait,
2677 3883 3046 3947 peccatorum,
3095 3890 3217 3948 quae
3263 3890 3359 3947 per
3404 3874 3578 3947 legem
3621 3879 3804 3929 osten-

2209 3962 2438 4032 duntur,
2470 3964 2837 4036 operabantur
2860 3964 2919 4019 in
2960 3963 3223 4019 membris
3250 3963 3475 4031 nostris,
3503 3970 3566 4018 ut
3594 3961 3805 4018 fructi-

2209 4050 2438 4108 ﬁcarent
2458 4053 2645 4108 morti.
2680 4078 2699 4101 ι
2742 4052 3095 4109 Manifestum
3110 4060 3193 4108 est
3221 4051 3351 4125 quia
3369 4051 3464 4124 qui
3493 4067 3607 4108 non
3625 4048 3805 4107 credit

2210 4141 2313 4196 sub
2360 4148 2580 4211 peccato
2639 4139 2771 4212 agit,
2828 4148 2883 4196 et
2939 4140 3193 4212 captivus
3244 4140 3485 4197 trahitur
3539 4139 3608 4195 ad
3660 4139 3805 4195 vitia

2211 4227 2582 4285 admittenda:
2618 4237 2680 4285 ut
2714 4229 2957 4286 fructum
3000 4230 3165 4287 faciat
3196 4230 3360 4287 morti
3388 4228 3670 4286 secundae:
3705 4228 3806 4284 lu-

2210 4332 2363 4374 crum
2413 4317 2560 4373 enim
2598 4326 2732 4375 tunc
2798 4318 2932 4376 facit
2986 4334 3157 4388 mors,
3205 4334 3331 4374 cum
3390 4326 3672 4390 peccatur.
3736 4318 3804 4374 In

2212 4406 2473 4464 membris
2519 4417 2702 4465 tamen
2753 4408 2891 4465 dicit
2945 4408 3081 4464 vitia
3129 4407 3342 4480 operari
3404 4408 3543 4479 (64),
3602 4423 3715 4463 non
3738 4407 3804 4463 in

2209 4513 2458 4569 corpore,
2490 4513 2558 4552 ne
2587 4498 2801 4554 occasio
2838 4504 2979 4554 esset
3014 4497 3157 4553 male
3185 4496 3550 4553 tractantibus
3569 4511 3800 4567 corpus;

2208 4585 2339 4659 quia
2393 4586 2451 4642 in
2503 4585 2827 4658 maliloquio
2884 4586 3071 4659 lingua
3126 4586 3395 4657 arguitur,
3445 4595 3499 4642 et
3554 4586 3613 4641 in
3651 4585 3805 4641 furto
3856 4587 3863 4593 '

2208 4693 2404 4734 manus
2452 4677 2769 4748 corripitur,
2819 4685 2874 4733 et
2916 4678 2972 4732 in
3019 4676 3403 4733 dissimulante
3430 4692 3588 4733 aures
3628 4676 3804 4733 incre-

2206 4774 2429 4839 pantur,
2475 4774 2529 4822 et
2569 4767 2647 4822 ita
2687 4765 2747 4823 in
2789 4766 3019 4835 caeteris,
3063 4782 3182 4839 quae
3229 4766 3483 4840 quamvis
3523 4765 3592 4822 de
3637 4764 3805 4822 corde

2207 4864 2423 4924 exeant,
2455 4855 2695 4912 Domino
2724 4855 2782 4911 in
2799 4855 3101 4927 Evangelio
3126 4862 3416 4911 attestante
3440 4854 3557 4927 (65)
3585 4854 3800 4926 (Matth.

2206 4962 2303 5016 xv,
2358 4948 2470 5019 18),
2516 4946 2891 5004 membrorum
2947 4955 3131 5004 tamen
3167 4946 3478 5003 ministerio
3506 4946 3807 5018 explentur

2205 5036 2482 5108 operibus.
2516 5035 2828 5109 Disputatio
2856 5036 2974 5095 haec
3004 5038 3178 5111 tangit
3218 5035 3457 5105 Iudaeos,
3496 5043 3550 5092 et
3581 5050 3673 5092 eos
3703 5034 3804 5107 qui

2205 5233 2409 5288 vinctus
2429 5237 2520 5287 est.

2280 5302 2591 5386 (ὤχρᾳ-1).
2647 5301 2940 5386 cod.,‘cum
2976 5307 3226 5375 peccatur
3276 5300 3335 5359 in
3360 5300 3627 5363 membris.
3665 5303 3807 5362 Sane

2203 5374 2337 5432 vitia
2366 5374 2492 5429 dicit
2519 5374 2751 5445 operari,
2769 5382 2872 5431 etc.

2280 5446 2396 5517 (65)
2430 5447 2655 5518 Domino
2700 5446 2757 5501 in
2812 5445 3101 5518 Evangelia
3146 5453 3441 5518 attestante,
3490 5447 3676 5506 aberat
3729 5447 3804 5507 ab

2205 5518 2337 5601 edit.
2371 5516 2647 5601 Omnibus,
2679 5525 2733 5574 et
2768 5534 2900 5601 mss.
2934 5516 3257 5577 nonnullis:
3290 5519 3387 5579 sed
3419 5536 3489 5579 ex
3516 5519 3642 5579 aliis
3663 5520 3806 5595 plu-

2206 5590 2360 5648 ribus
2390 5590 2704 5648 restitutum
2735 5597 2837 5648 est.
