4136 6194
285 355 376 413 113
1360 351 1724 411 COMMENT.
1763 350 1836 407 IN

1945 348 2092 406 ’IST.
2135 350 2230 406 AD
2266 350 2433 407 ROM.
3462 352 3563 413 114

279 476 556 537 Christiani
601 475 885 546 dicuntur,
930 485 984 534 et
1030 477 1131 534 sub
1158 477 1274 550 lege
1300 476 1497 533 volunt
1524 476 1729 549 vigere,
1787 483 1851 531 ut
1876 476 1929 537 A
1958 472 2201 529 ostendit
2262 473 2410 529 enim
2456 482 2510 530 et
2538 490 2658 548 quas
2714 474 2958 533 latebant
3021 483 3264 549 peccata,
3321 483 3376 533 et
3428 477 3563 550 quia

277 567 525 624 discentes
553 567 801 624 carnales
827 584 884 624 se
932 583 1066 635 esse,
1119 566 1373 623 recedant
1429 582 1461 621 a
1505 566 1641 637 lege.
1696 564 1850 622 Vitia
1955 564 2181 634 impune
2220 563 2407 619 futura
2434 580 2546 620 non
2592 573 2772 621 essent
2804 565 2950 639 apud
2994 568 3192 623 Deum.
3235 566 3358 634 Quo
3394 583 3557 623 com-

277 664 440 713 tamen
493 665 843 728 peccatorum
880 672 999 729 quae
1043 655 1318 712 dominari
1348 655 1406 711 in
1436 670 1599 711 carne
1625 654 1849 727 agenti-
1952 660 2126 724 perte,
2178 652 2348 709 homo
2395 654 2571 710 factus
2611 662 2691 709 est
2740 671 2884 723 reus,
2934 666 2989 713 et
3026 655 3152 712 ideo
3194 673 3305 712 non
3333 657 3556 715 videtur

271 748 365 804 bus
416 747 571 816 dicit,
607 765 704 820 per
757 749 928 821 legem
960 748 1198 816 ostendi,
1229 764 1342 802 non
1373 762 1470 818 per
1506 746 1680 818 legem
1729 744 1849 800 ﬁeri
1958 742 2157 813 gratias
2189 759 2346 814 agere
2389 743 2513 816 legi.
2543 744 2677 811 Quis
2720 745 2868 800 enim
2896 746 3133 803 libenter
3181 747 3379 805 habeat
3401 765 3554 819 eum,

271 836 622 904 demonstrat;
660 837 823 894 index
878 837 1028 893 enim
1057 836 1267 909 peccati
1294 836 1387 891 lex
1413 842 1515 903 est,
1541 850 1654 890 non
1690 832 1852 905 geni-
1957 831 2053 902 qui
2084 831 2191 887 sibi
2229 848 2447 904 poenam
2494 831 2785 889 imminere
2813 836 3153 892 annuntiat?
3184 837 3313 908 Legi
3368 844 3551 893 autem

270 924 394 990 trix,
422 941 540 981 reos
567 925 780 983 faciens
810 933 1146 999 peccatores.
1955 916 2083 974 ﬁdei
2126 920 2327 992 gratias
2359 921 2491 991 agit,
2535 922 2666 993 quia
2706 923 2801 994 qui
2843 939 2942 994 per
2990 925 3164 995 legem
3221 926 3397 997 Moysi
3427 941 3552 981 reus

333 1014 506 1085 (Vers.
549 1015 631 1088 6.)
707 1040 726 1063 ε
760 1016 922 1071 Nunc
968 1021 1152 1069 autem
1185 1011 1353 1068 soluti
1405 1026 1597 1066 sumus
1641 1026 1673 1064 a
1731 1010 1847 1083 lege
1954 1008 2131 1064 factus
2163 1016 2265 1077 est,
2314 1025 2409 1080 per
2461 1010 2635 1080 legem
2691 1009 2821 1065 ﬁdei
2850 1012 3238 1087 reconciliatus
3266 1022 3348 1069 est
3396 1016 3546 1072 Deo:

266 1103 468 1171 mortis,
505 1104 564 1159 in
594 1121 705 1177 qua
731 1103 1133 1160 detinebamur.
1166 1127 1185 1150 ι
1228 1102 1404 1159 Soluti
1434 1115 1622 1156 sumus
1649 1116 1680 1154 a
1707 1100 1843 1171 lege,

263 1190 387 1247 dum
417 1192 797 1251 remissionem
828 1201 1172 1265 peccatorum
1195 1192 1505 1264 accepimus
1534 1206 1677 1257 ;non
1694 1189 1843 1245 enim

255 1276 365 1349 jam
418 1279 583 1336 habet
635 1280 694 1337 in
763 1297 864 1337 nos
917 1287 1260 1352 potestatem,
1331 1278 1519 1335 inﬁdis
1586 1280 1733 1334 enim
1790 1286 1845 1335 et

261 1369 630 1438 peccatoribus
689 1368 1028 1426 dominatur.
1084 1369 1197 1425 Lex
1249 1376 1432 1425 autem
1489 1370 1685 1425 mortis
1718 1368 1843 1425 ideo

261 1454 400 1513 dicta
434 1466 534 1526 est,
565 1458 695 1532 quia
714 1460 876 1532 punit
905 1475 1063 1527 reos;
1095 1458 1394 1515 mortiﬁcat
1427 1467 1611 1515 autem
1638 1474 1841 1531 pecca-

260 1550 423 1602 tores:
454 1562 566 1604 non
595 1564 724 1621 ergo
746 1549 890 1604 mala
916 1556 1019 1618 est,
1068 1547 1164 1605 sed
1194 1547 1364 1621 justa.
1399 1546 1664 1616 Quamvis
1691 1548 1840 1605 enim

260 1634 455 1691 malum
509 1636 583 1692 sit
625 1636 987 1710 patientibus,
1045 1636 1193 1710 quod
1236 1636 1474 1692 infertur
1519 1654 1550 1692 a
1577 1637 1715 1709 lege,
1745 1636 1842 1694 sed

258 1721 347 1777 illa
372 1740 484 1779 non
537 1732 620 1781 est
648 1726 815 1792 mala,
868 1725 1000 1799 quia
1046 1724 1194 1797 juste
1225 1726 1394 1781 infert
1447 1726 1606 1782 iram.
1654 1728 1843 1799 Itaque

1950 1098 2202 1170 quamvis
2232 1105 2286 1152 et
2329 1097 2423 1152 illa
2446 1096 2594 1168 justa
2626 1106 2681 1153 et
2710 1097 2855 1153 bona
2882 1101 2991 1167 sit;
3025 1101 3316 1156 ostendere
3344 1103 3549 1159 etenim

1951 1185 2250 1241 imminens
2301 1187 2630 1258 periculum,
2684 1186 2893 1243 bonum
2923 1197 3023 1245 est.
3062 1190 3167 1245 Sed
3199 1189 3333 1246 huic
3380 1190 3553 1264 magis

1954 1276 2155 1348 gratias
2185 1275 2318 1347 agit,
2348 1291 2444 1348 per
2469 1292 2631 1348 quem
2661 1285 2879 1349 ereptus
2910 1276 2978 1334 de
3008 1277 3254 1351 periculo
3284 1279 3448 1335 vivit.

2032 1369 2128 1426 65
2198 1388 2216 1412 ι
2244 1365 2382 1421 Nam
2431 1373 2485 1421 et
2537 1366 3041 1437 concupiscentiam
3072 1367 3405 1435 nesciebam,
3436 1368 3546 1426 nisi

1951 1461 2043 1515 lex
2073 1460 2280 1516 diceret
2309 1486 2327 1506 ι
2380 1461 2439 1515 in
2467 1461 2697 1517 Exodo:
2756 1485 2774 1508 ι
2802 1463 2924 1518 Non
2955 1463 3307 1534 concupisces
3338 1464 3543 1534 (Exod.

1950 1566 2007 1617 x,
2059 1550 2171 1621 l7).
2205 1574 2223 1596 ι
2286 1550 2406 1606 Νοη
2461 1549 2726 1606 discrevit
2778 1551 3283 1622 concupiscentiam
3327 1551 3471 1609 hanc
3513 1570 3546 1610 a

1948 1645 2192 1711 peccato,
2241 1638 2336 1694 sed
2392 1639 2637 1704 miscuit,
2694 1639 2800 1696 hoc
2847 1640 3186 1711 signiﬁcans,
3242 1640 3375 1713 quia
3415 1658 3544 1698 cum

1949 1743 2051 1785 nec
2101 1727 2342 1800 suspicio
2398 1728 2620 1801 quidem
2650 1736 2790 1785 esset
2821 1728 2971 1786 istud
3022 1746 3134 1785 non
3189 1729 3353 1786 licere
3399 1730 3545 1803 apud

257 1825 360 1867 non
403 1814 551 1869 mala
574 1822 658 1871 est
709 1815 1112 1887 peccatoribus,
1156 1814 1251 1871 sed
1274 1813 1444 1887 justa,
1491 1815 1652 1871 bonis
1706 1832 1840 1872 vero
1868 1839 1916 1900 Β
1947 1819 2144 1885 Deum,
2172 1817 2426 1890 cOgnovi,
2487 1818 2689 1890 inquit,
2741 1834 2856 1875 esse
2907 1826 3216 1891 peccatum.
3272 1818 3387 1875 Sub
3442 1835 3544 1876 sua

252 1900 512 1971 spiritalis
539 1909 640 1959 est.
672 1903 808 1971 Quis
837 1903 1009 1960 'enim
1039 1904 1257 1961 dubitet
1284 1906 1529 1978 spiritale
1557 1923 1672 1963 esse
1700 1923 1841 1979 pro-

252 1986 439 2045 hibere
493 1992 759 2063 peccare?
821 1992 927 2049 Sed
983 1994 1115 2067 quia
1168 1994 1276 2051 hoc
1341 2012 1452 2051 non
1499 1997 1699 2069 potuit,
1779 2007 1842 2054 ut

250 2078 482 2136 salvaret
539 2080 820 2138 hominem
878 2083 1212 2140 remittendo
1267 2094 1508 2159 peccata,
1563 2088 1653 2143 lex
1708 2086 1840 2143 ﬁdei

250 2163 367 2221 data
409 2175 510 2237 est,
543 2185 665 2243 quae
718 2170 1001 2228 credentes
1031 2172 1289 2230 liberaret
1332 2191 1365 2230 a
1393 2174 1643 2232 dominio
1680 2177 1836 2250 legis,

250 2260 305 2308 ut
331 2265 551 2326 possent
606 2275 857 2331 reparare
886 2278 943 2317 se
992 2261 1062 2318 ad
1091 2262 1286 2329 vitam,
1335 2279 1471 2336 quos
1500 2265 1590 2322 lex
1618 2266 1839 2325 tenebat

249 2357 360 2437 reos
396 2346 465 2402 ad
517 2356 772 2406 mortem.
803 2350 941 2424 Ipsis
973 2353 1120 2409 enim
1152 2354 1243 2409 lex
1276 2356 1472 2412 mortis
1501 2364 1604 2425 est,
1634 2359 1837 2432 quibus

248 2444 376 2487 Iram
414 2444 677 2507 operatur
706 2455 871 2496 causa
896 2442 1123 2514 peccati.

327 2545 346 2568 ι
378 2522 460 2579 Ita
486 2532 551 2581 ut
595 2527 903 2586 serviamus
948 2530 1005 2585 in
1034 2531 1283 2588 novitate
1328 2532 1577 2605 spiritus,
1605 2542 1672 2597 et
1725 2551 1837 2593 non

248 2608 302 2664 in
342 2622 613 2673 vetustate
660 2618 880 2676 litterae.
920 2644 939 2667 ι
999 2621 1105 2678 Hic
1134 2622 1307 2697 legem
1338 2630 1560 2696 tangere
1590 2634 1833 2699 putatur,

249 2715 400 2773 quam
430 2705 655 2777 quidem
686 2707 755 2764 ad
775 2710 1241 2783 comparationem
1272 2713 1408 2786 legis
1435 2713 1564 2770 ﬁdei
1596 2714 1836 2773 inferio-

248 2805 353 2847 rem
384 2793 541 2865 facit,
584 2812 697 2853 non
726 2805 915 2855 tamen
949 2800 1239 2858 inimicam
1283 2802 1517 2876 judicat.
1545 2805 1680 2861 Nam
1712 2805 1838 2862 ideo

246 2876 375 2966 dicit
412 2899 515 2939 nos
546 2893 733 2943 erutos
777 2904 810 2943 a
873 2890 990 2962 lege
1037 2892 1256 2961 mortis,
1285 2900 1349 2947 ut
1394 2893 1700 2950 serviamus
1728 2895 1837 2966 legi

246 2963 387 3037 ﬁdei,
418 2988 541 3045 qua
575 2974 739 3031 nobis
786 2977 1106 3048 praesidium
1134 2980 1373 3035 contulit
1398 2982 1660 3050 salutare,
1690 2963 1839 3055 quod

244 3065 398 3116 vetus
433 3062 529 3119 lex
551 3081 666 3120 non
696 3067 876 3138 potuit
904 3086 915 3122 :
947 3083 1017 3123 ne
1047 3068 1233 3139 gratize
1261 3068 1593 3126 beneﬁcium
1624 3072 1838 3130 inanire

1948 1908 2177 1980 persona
2223 1907 2378 1980 quasi
2406 1908 2711 1980 generalem
2758 1908 2870 1980 agit
2916 1924 3157 1964 causam.
3192 1908 3308 1964 Lex
3356 1908 3544 1982 itaque

1949 1995 2453 2067 concupiscentiam
2518 1996 2795 2068 prohibet,
2857 2013 2977 2069 quae
3052 2004 3342 2070 propterea
3392 1997 3543 2070 quod

1949 2084 2350 2140 oblectamento
2403 2092 2504 2153 est,
2550 2101 2661 2141 non
2716 2086 3010 2157 putabatur
3058 2102 3175 2142 esse
3230 2094 3539 2158 peccatum.

1948 2174 2197 2247 Simplex
2246 2175 2393 2231 enim
2435 2176 2726 2232 videbatur
2764 2193 2945 2245 causa,
2992 2177 3380 2249 concupiscere
3424 2178 3538 2234 ali-

1947 2264 2081 2339 quid
2111 2264 2373 2337 proximi,
2405 2267 2511 2323 hoc
2558 2274 2739 2324 autem
2772 2268 2862 2323 lex
2907 2266 3153 2340 prodidit
3182 2283 3296 2324 esse
3337 2285 3541 2340 pecca-

1947 2363 2102 2412 tum:
2160 2356 2515 2414 saecularibus
2565 2373 2802 2431 namque
2862 2356 3186 2413 hominibus
3236 2357 3381 2413 nihil
3430 2367 3543 2414 tam

1946 2446 2187 2502 inultum
2214 2446 2338 2519 (67)
2374 2446 2596 2503 videtur
2639 2456 2692 2504 et
2720 2446 3019 2519 placidum,
3051 2463 3216 2521 quam
3265 2448 3541 2519 voluptas.

2021 2537 2203 2611 (Vers.
2248 2539 2330 2610 8.)
2401 2563 2419 2586 ι
2454 2538 2753 2595 Occasione
2796 2554 2925 2611 ergo
2967 2546 3207 2610 accepta,
3256 2546 3541 2610 peccatum

1947 2641 2045 2697 per
2089 2627 2410 2682 mandatum
2441 2633 2725 2697 operatum
2753 2633 2835 2681 est
2871 2626 2931 2679 in
2962 2641 3049 2680 me
3070 2640 3290 2680 omnem
3328 2641 3544 2681 concu-

1946 2715 2293 2787 piscentiam.
2327 2740 2344 2761 ι
2389 2715 2624 2771 Omnem
2653 2713 2842 2769 dicens
2861 2714 3387 2785 concupiscentiam,
3412 2731 3544 2770 cun-

1946 2811 2036 2860 cta
2062 2811 2283 2874 peccata
2310 2802 2604 2875 signiﬁcat.
2635 2802 2810 2873 Supra
2837 2800 2987 2856 enim
3034 2801 3540 2872 concupiscentiam

1939 2890 2105 2963 juxta
2133 2892 2305 2964 legem
2335 2900 2623 2959 memorat,
2653 2890 2743 2947 cui
2773 2906 2924 2947 nunc
2950 2898 3146 2947 caetera
3162 2889 3366 2946 addens
3383 2890 3542 2961 vitia,

1946 2998 2166 3039 omnem
2196 2982 2341 3037 dixit
2381 2981 2884 3055 concupiscentiam
2913 2990 3194 3053 operatam
3227 2982 3284 3036 in
3315 2981 3543 3038 homine

1946 3071 2192 3145 impulsu
2221 3072 2450 3139 diaboli,
2481 3088 2643 3145 quem
2688 3073 2745 3127 in
2775 3079 3000 3144 peccato
3027 3069 3338 3143 signiﬁcat;
3390 3080 3454 3127 ut
3482 3071 3542 3127 in

244 3146 552 3243 videamur,
602 3153 708 3225 legi
754 3155 929 3210 veteri
976 3156 1294 3213 servientes.
1350 3158 1465 3215 Lex
1512 3169 1670 3217 vetus
1726 3179 1837 3219 non
1870 3182 1913 3243 ρ
1947 3163 2284 3222 contrarium
2343 3164 2499 3218 ﬁeret
2550 3161 2764 3217 homini
2814 3162 2925 3229 lex,
2969 3176 3091 3233 qum
3146 3159 3273 3216 data
3303 3168 3440 3228 erat,
3479 3167 3544 3216 ut

241 3236 503 3295 criminis
548 3240 743 3313 utique
782 3258 982 3298 nomen
1010 3253 1110 3313 est,
1141 3245 1236 3301 sed
1280 3249 1544 3319 temporis
1572 3250 1658 3304 vel
1698 3259 1839 3308 aeta-

242 3322 342 3390 tis;
376 3327 565 3383 senuit
593 3328 766 3397 enim,
796 3330 925 3401 quia
963 3332 1217 3388 cessavit.
1250 3334 1360 3390 Lex
1389 3343 1572 3392 autem
1602 3337 1836 3409 spiritus

245 3409 351 3481 ipsa
392 3422 480 3470 est
529 3416 619 3471 lex
664 3416 815 3485 ﬁdei,
878 3420 1007 3492 quia
1054 3419 1189 3477 ﬁdes
1241 3421 1300 3477 in
1357 3424 1543 3481 animo
1599 3436 1701 3494 est,
1735 3445 1837 3486 nec

247 3500 495 3570 operibus
519 3503 853 3576 addiscitur,
905 3508 1002 3564 sed
1040 3509 1205 3567 corde
1246 3512 1541 3578 creditur:
1577 3523 1633 3571 et
1680 3533 1836 3575 mens

248 3583 352 3658 ipsa
395 3590 667 3665 intelligit
718 3604 927 3653 naturae
968 3615 1079 3655 suae
1111 3615 1226 3657 esse
1281 3602 1429 3674 quod
1483 3604 1679 3675 credit,
1735 3623 1835 3665 nec

249 3677 408 3734 oculis
431 3681 704 3751 cernitur,
730 3693 827 3740 aut
854 3685 1113 3744 mAnibus
1140 3690 1396 3761 palpatur
1423 3711 1435 3749 :
1469 3701 1524 3749 et
1552 3710 1672 3766 quae
1701 3712 1835 3768 spe—

250 3776 424 3827 rantur
472 3774 645 3842 dona,
679 3792 792 3833 non
842 3778 1090 3835 visibilia
1141 3789 1291 3850 sunt,
1326 3799 1428 3840 nec
1455 3791 1693 3857 terrena,
1739 3786 1835 3843 sed

250 3858 521 3928 spiritalia.
565 3865 742 3922 Vetus
768 3884 897 3941 ergo
926 3869 1017 3925 lex
1043 3870 1100 3926 in
1129 3871 1336 3930 tabulis
1358 3873 1587 3945 lapideis
1615 3875 1834 3934 forma-

328 3959 439 4007 est:
485 3955 587 4011 lex
614 3965 798 4012 autem
829 3959 1057 4032 spiritus
1082 3960 1139 4017 in
1170 3962 1376 4019 tabulis
1405 3964 1587 4021 cordis
1614 3966 1832 4038 spirita-

251 4032 360 4091 liter
403 4043 700 4113 scribitur,
732 4054 793 4102 ut
822 4047 895 4103 sit
940 4056 1176 4106 aeterna:
1239 4051 1425 4108 littera
1468 4032 1660 4109 autem-
1700 4054 1834 4127 legis

251 4130 430 4215 fateris
470 4140 638 4190 aetate
677 4136 1047 4194 consumitur.
1078 4141 1178 4196 Est
1207 4148 1261 4196 et
1309 4142 1418 4198 alia
1452 4142 1832 4215 interpretatio

249 4208 372 4310 legis
417 4222 673 4310 spiritus,
731 4233 795 4281 ut
841 4226 971 4297 quia
1017 4226 1168 4299 prior
1219 4229 1311 4285 lex
1356 4230 1425 4285 ab
1472 4208 1632 4304 opere
1688 4234 1833 4289 malo

249 4302 475 4394 inhibuit
513 4311 662 4383 (66),
694 4312 811 4370 haec
834 4321 1041 4383 autem,
1075 4332 1201 4373 cum
1230 4333 1333 4373 nec
1360 4318 1417 4373 in
1448 4302 1611 4376 corde
1638 4338 1830 4394 pecca-

246 4405 298 4445 re
323 4392 512 4456 debere
559 4400 718 4470 dicit,
754 4402 845 4458 lex
874 4402 1103 4475 spiritus
1134 4414 1386 4475 vocatur,
1428 4417 1491 4465 ut
1515 4392 1695 4465 totum
1722 4410 1834 4466 ho—

247 4480 437 4540 minem
467 4488 639 4546 faciat
665 4491 988 4562 spiritalem.

310 4572 485 4642 (Vers.
519 4579 605 4649 7.)
669 4605 685 4626 ι
716 4580 860 4648 Quid
909 4598 1037 4655 ergo
1078 4582 1365 4640 dicemus?
1392 4584 1507 4641 Lex
1553 4596 1836 4658 peccatum

248 4662 361 4719 est?
387 4666 572 4725 Absit.
607 4693 624 4716 ι
669 4669 941 4738 Quoniam
976 4673 1147 4746 legem
1193 4675 1386 4732 mortis
1425 4675 1569 4734 hanc
1596 4676 1754 4746 dicit,
1781 4686 1836 4735 et

247 4759 416 4810 erutos
442 4773 548 4815 nos
592 4757 661 4814 ab
687 4774 751 4814 ea
801 4752 1122 4833 gratulatur,
1155 4772 1209 4821 et
1253 4764 1312 4820 in
1357 4765 1453 4822 illa
1482 4766 1597 4824 Deo
1627 4768 1834 4824 servire

246 4852 409 4914 negat,
455 4865 526 4906 ne
572 4848 822 4923 iniquam
869 4851 1011 4909 hanc
1070 4868 1308 4911 asserere
1368 4862 1672 4928 putaretur,
1728 4856 1834 4915 hoc

246 4943 443 5004 purgat,
471 4955 607 4995 cum
630 4938 804 4995 dicit:
842 4940 1015 4997 Absit.

322 5045 341 5068 α
376 5023 482 5081 Sed
526 5036 815 5099 peccatum
844 5044 958 5083 non
994 5030 1251 5101 cognovi,
1283 5031 1390 5089 nisi
1417 5049 1514 5106 per
1560 5034 1756 5107 legem.
1799 5060 1818 5082 ι

247 5106 357 5166 Non
400 5130 532 5189 ergo
578 5125 866 5189 peccatum
913 5123 997 5173 est
1044 5117 1153 5186 lex,
1209 5119 1305 5177 sed
1356 5122 1526 5180 index
1573 5106 1829 5196 peccati;

313 5312 425 5388 (66)
454 5318 587 5392 Mss.
630 5319 865 5392 aliquot,
910 5320 1124 5375 Littera:
1149 5327 1411 5383 autem...
1458 5342 1834 5383 consumman-

252 5384 492 5445 tur...'ab
519 5408 709 5447 errore
724 5384 885 5446 'mato
914 5392 1158 5448 inhibuit.

274 5522 289 5535 ο
315 5456 429 5532 (67)
650 5462 903 5536 quaedam
938 5463 1137 5530 Paris.,
1166 5463 1302 5520 nihil
1332 5471 1501 5523 tamen
1510 5468 1830 5538 jucundum.

250 5521 521 5607 NonAsatis
548 5521 692 5607 apte'.

313 5598 427 5686 (Q8)
458 5605 541 5661 Ita
568 5598 1120 5686 vet.__edit.a_quibus
1140 5606 1259 5686 _l_ioc
1286 5607 1404 5686 solo
1430 5610 1650 5667 recessit
1669 5614 1829 5670 Rom.

252 5672 412 5737 quod
441 5691 605 5737 voces
649 5676 761 5739 alio
815 5672 1009 5737 ordi'ne
1071 5678 1401 5740 collocavit:
1461 5696 1592 5739 mss.
1650 5692 1833 5742 autem

1864 4540 1914 4598 D

1950 3253 2249 3325 prodesset.
2275 3252 2486 3309 Videns
2506 3251 2655 3306 enim
2680 3250 2933 3306 diabolus
2952 3249 3224 3305 auxilium
3243 3266 3339 3321 per
3367 3250 3540 3321 legem

1948 3343 2233 3414 provisum
2267 3341 2506 3420 homini,
2537 3357 2700 3414 quem
2730 3340 2789 3395 in
2830 3338 3148 3395 conditione
3174 3354 3231 3393 se
3260 3347 3371 3393 tam
3402 3354 3542 3408 pro-

1948 3439 2070 3503 pter
2114 3440 2398 3503 peccatum
2448 3429 2601 3497 Adae,
2652 3445 2817 3502 quam
2848 3433 3071 3500 propter
3119 3425 3292 3497 ipsius
3342 3424 3543 3481 habere

1947 3520 2323 3591 gratulabatur
2352 3519 2495 3591 (68),
2534 3516 2813 3574 intellexit
2856 3517 3065 3573 factum
3112 3513 3406 3569 adversum
3460 3529 3539 3570 se.

1944 3604 2117 3672 Quem
2146 3604 2295 3659 enim
2323 3603 2465 3660 vidit
2491 3603 2697 3660 factum
2738 3601 2840 3658 sub
2871 3603 3007 3676 lege,
3038 3619 3139 3675 pro
3168 3610 3317 3659 certo
3345 3601 3543 3661 habuit

1946 3692 2014 3749 de
2042 3709 2142 3749 suo
2183 3693 2463 3749 sublatum
2518 3690 2805 3759 dominio;
2862 3700 3160 3764 agnoverat
3187 3693 3337 3748 enim
3365 3692 3533 3749 homo

1946 3780 2223 3853 quomodo
2278 3798 2495 3853 poenam
2550 3780 2756 3837 inferni
2807 3781 3080 3837 evaderet.
3140 3780 3284 3837 Hinc
3334 3779 3542 3837 exarsit

1946 3869 2233 3925 iracundia
2259 3869 2524 3927 adversus
2548 3869 2853 3938 hominem,
2893 3876 2955 3925 ut
2984 3870 3066 3925 illi
3100 3870 3269 3942 legem
3306 3869 3540 3925 inverte-

1945 3967 2059 4025 ret;
2100 3966 2165 4013 ut
2210 3959 2519 4031 prohibitas
2550 3958 2913 4027 admittendo,
2950 3961 3123 4015 Deum
3154 3975 3343 4013 rursus
3371 3956 3539 4011 oﬁ‘en-

1943 4046 2117 4116 deret,
2134 4056 2188 4103 et
2216 4047 2396 4105 denuo
2419 4050 2477 4105 in
2496 4057 2820 4122 potestatem
2850 4047 3059 4104 diaboli
3087 4045 3323 4102 caderet.
3355 4042 3537 4113 Coepit

1944 4152 2057 4191 non
2102 4136 2387 4210 imperare,
2435 4138 2530 4194 sed
2584 4138 2867 4194 subtiliter
2909 4136 3137 4198 fallere;
3187 4130 3450 4203 quoniam
3481 4130 3540 4186 in

1943 4226 2059 4297 lege
2085 4225 2210 4282 data
2236 4228 2423 4283 amisit
2469 4227 2781 4282 dominium
2819 4223 3093 4287 diabolus,
3126 4218 3541 4293 scienslhomi—

1944 4330 2068 4369 nem
2100 4316 2168 4372 ad
2196 4316 2297 4372 Dei
2320 4314 2596 4386 judicium
2624 4314 2691 4369 de
2715 4319 2911 4369 caetero
2933 4310 3227 4383 pertinere.

2030 4429 2047 4450 ι
2079 4405 2207 4462 Sine
2234 4405 2352 4477 lege
2379 4404 2526 4459 enim
2566 4409 2848 4475 peccatum
2894 4409 3173 4458 mortuum
3200 4409 3334 4457 erat.
3362 4426 3380 4449 ι
3422 4400 3540 4458 Hoc

1944 4491 2152 4563 duplici
2182 4510 2374 4566 genere
2403 4493 2822 4565 intelligendum
2852 4501 2954 4562 est,
2983 4500 3045 4548 ut
3083 4499 3138 4547 et
3165 4490 3447 4547 diabolum
3479 4490 3539 4546 in

1946 4598 2167 4662 peccato
2201 4592 2341 4648 scias
2373 4591 2767 4665 signiﬁcatum,
2807 4600 2861 4648 et
2904 4590 3012 4647 hoc
3039 4590 3221 4662 ipsum
3252 4594 3536 4659 peccatum

1943 4678 2090 4751 quod
2110 4687 2338 4735 vocatur
2358 4690 2660 4751 peccatum.
2686 4681 2936 4737 Mortuus
2959 4677 3109 4734 enim
3143 4676 3349 4732 dicitur
3367 4676 3539 4733 fuisse

1942 4764 2193 4821 diabolus
2240 4766 2398 4838 (69);
2452 4769 2582 4839 quia
2614 4767 2857 4824 cessabat
2883 4766 2953 4821 ab
3006 4764 3264 4821 illusione
3293 4763 3538 4820 hominis

1941 4862 2068 4910 ante
2094 4855 2287 4927 legem,
2336 4854 2431 4911 sed
2478 4864 2593 4911 erat
2621 4856 2777 4928 quasi
2817 4854 3068 4927 quietus;
3119 4870 3344 4910 securus
3384 4853 3535 4908 enim

1940 4952 2058 5001 erat
2084 4944 2151 5001 de
2180 4946 2520 5018 possessione
2549 4944 2685 5017 ejus.
2714 4944 3004 5001 Peccatum
3030 4950 3213 4999 autem
3246 4949 3528 4997 mortuum

1938 5049 2053 5090 esse
2092 5034 2256 5103 dixit,
2289 5035 2419 5107 quia
2471 5034 2767 5106 putabatur
2820 5032 2969 5106 quod
3013 5048 3125 5087 non
3156 5031 3536 5102 imputaretur

1942 5124 2086 5196 apud
2114 5126 2343 5196 .Deum;
2389 5124 2512 5180 ideo
2546 5122 2690 5195 apud
2732 5122 3016 5179 hominem
3065 5128 3348 5177 mortuum
3396 5127 3533 5185 erat,

1942 5327 2138 5400 majori
2164 5345 2413 5395 numero,
2442 5344 2593 5400 quem
2623 5326 2679 5381 in
2704 5325 2997 5400 conditione
3023 5342 3076 5380 se
3098 5320 3382 5400 (nonnulli

1937 5388 2157 5472 pro-pter
2196 5388 2467 5471 peccatum
2505 5399 2638 5472 Aria:
2692 5398 2879 5472 habere
2930 5388 3379 5472 gratul‘abqutitrc
3435 5388 3534 5472 alii

1943 5459 2095 5539 verb,
2124 5459 2252 5528 licet
2277 5470 2546 5543 corrupti,
2584 5469 2757 5542 magis
2784 5469 2852 5525 ad
2880 5459 3013 5525 edit.
3050 5462 3318 5522 accedunt
3347 5459 3531 5515 lectio-

1944 5558 2092 5610 nem,
2127 5559 2290 5615 quam
2313 5543 2634 5615 retinemus.

2017 5607 2318 5685 (69)]tom.
2349 5614 2507 5681 edit.,
2533 5621 2582 5668 et
2607 5614 2700 5685 hoc
2728 5613 2902 5685 ipsum
2921 5607 3070 5685 gupd
3092 5608 3310 5659 vocatur
3332 5620 3530 5675 pecca-

1944 5678 2071 5741 tum.
2088 5678 2332 5743 Mortuus
2360 5678 2501 5743 enim
2524 5678 2793 5740 dicebatcir
2820 5678 3082 5737 diabolus.
