4136 6194
565 353 668 412 115

1567 357 1664 410 AD
1704 353 1938 410 OPEBA
1979 353 2033 408 S.
2076 351 2412 409 AMBROSII
2453 351 2831 410 APPENDIX.

3776 345 3876 400 116

563 479 721 553 quasi
750 478 978 550 impune
1006 485 1344 550 peccaretur.
1387 479 1526 537 Nam
1579 496 1688 534 non
1730 477 1930 534 latebat
1959 493 2156 549 pecca-
2191 480 2242 538 A
2271 478 2355 534 vis
2367 478 2436 534 ad
2452 479 2620 534 vitam
2639 477 3028 544 venire,serva
3053 472 3542 545 mandata(Matth.
3568 487 3691 538 xix,
3715 471 3824 540 17).
3843 492 3861 517 ι

565 576 704 636 tum,
747 567 892 624 sicut
920 583 1086 639 supra
1112 566 1273 624 dixi:
1333 569 1429 625 sed
1475 569 1832 641 ignorabatur
1876 567 2000 636 hoc,
2033 570 2163 640 quia

565 659 712 715 Deus
748 655 1102 728 judicaturus
1144 664 1245 712 est.
1297 657 1453 723 Quod
1499 673 1625 712 cum
1655 656 1782 712 data
1811 657 1924 729 lege
1976 659 2162 713 mani-

567 751 767 806 festum
798 757 880 805 est
927 749 1197 806 revixisse
1249 759 1553 822 peccatum.
1587 751 1762 818 Quare
1798 752 2022 819 revixit,
2054 752 2160 807 nisi

567 839 698 914 quia
723 848 850 896 ante
879 838 1115 906 vixerat,
1147 846 1201 894 et
1231 847 1416 910 postea
1446 839 1658 895 desidia
1683 839 1971 896 hominum
2004 857 2163 896 mor-

569 937 728 986 tuum
757 928 1086 987 aestimatum
1108 938 1212 996 est,
1244 946 1370 984 cum
1402 928 1660 984 viveret?
1689 929 1987 986 Putabatur
2011 931 2159 986 enim

569 1033 682 1074 non
732 1017 991 1090 imputari
1023 1025 1325 1089 peceatum,
1377 1033 1504 1072 cum
1533 1017 1918 1088 imputaretur.
1951 1020 2162 1076 Vivens

572 1123 698 1180 ergo
717 1123 816 1179 pro
841 1116 1060 1163 mortuo
1092 1105 1414 1160 habebatur.

643 1196 826 1268 (Vers.
857 1195 942 1264 9.)
1015 1217 1032 1240 ι
1062 1194 1177 1264 Ego
1211 1199 1392 1248 autem
1442 1193 1698 1249 vivebam
1729 1194 1846 1249 sine
1875 1195 1991 1267 lege
2045 1196 2162 1251 ali-

568 1285 809 1359 quando.
843 1309 860 1330 ι
896 1281 1041 1350 Quid
1070 1288 1152 1337 est
1175 1280 1295 1338 sine
1323 1283 1460 1352 lege,
1491 1300 1618 1340 cum
1642 1285 1730 1338 lex
1751 1300 1967 1357 semper
1996 1285 2165 1342 fuerit

569 1373 714 1430 sicut
763 1388 929 1446 supra
964 1371 1307 1428 memoravi?
1337 1372 1443 1427 nisi
1489 1372 1619 1444 quia
1662 1373 1781 1428 sine
1829 1373 2025 1429 timore
2065 1375 2164 1430 Dei

571 1463 739 1519 homo
795 1462 1036 1531 vivebat,
1069 1478 1292 1519 securus
1322 1461 1470 1536 quod
1499 1479 1612 1520 non
1646 1472 1789 1520 esset
1831 1467 1975 1522 Deus
2010 1465 2164 1537 judi-

570 1563 794 1611 caturus
822 1561 976 1612 actus
1004 1552 1295 1610 humanos.

656 1669 675 1691 α
703 1643 810 1700 Sed
838 1659 965 1701 cum
1009 1643 1251 1699 venisset
1301 1642 1648 1713 mandatum,
1699 1652 1981 1718 peccatum
2025 1645 2166 1702 revi-

571 1735 673 1792 xit.
707 1760 724 1782 ν
767 1733 896 1791 Ideo
932 1732 1079 1790 dixit
1112 1732 1381 1789 revixisse
1412 1741 1719 1805 peccatum,
1747 1743 1810 1790 ut
1834 1735 2168 1807 signiﬁcaret

2348 569 2530 639 (Vers.
2568 567 2678 636 13.)
2725 591 2742 614 ‹
2780 565 2938 632 Quod
2967 582 3094 636 ergo
3139 563 3345 619 bonum
3397 569 3500 630 est,
3557 560 3698 616 mihi
3730 575 3876 616 mors

2274 667 2356 713 est
2380 658 2407 712 il
2463 657 2647 713 Absit.
2679 681 2697 703 ι
2769 657 2910 713 Vere
2944 655 3087 711 absit
3107 651 3306 722 ;,unde
3335 651 3484 706 enim
3513 649 3633 706 ﬁeri
3677 656 3874 721 potest,

2273 762 2337 809 ut
2369 753 2513 825 quod
2565 753 2792 818 bonum,
2821 769 2936 808 esse
2968 751 3251 824 probatur,
3310 766 3458 804 mors
3490 748 3830 819 intelligatur
3850 747 3879 803 ‘l

2358 869 2375 890 ι
2405 843 2508 898 Sed
2541 851 2846 913 peccatum,
2883 851 2943 898 ut
2980 850 3236 913 appareat
3295 847 3604 911 peccatum,
3640 855 3736 909 per
3785 837 3878 892 bo-

2276 950 2411 988 num
2462 931 2599 986 mihi
2634 939 2916 1002 operatum
2949 940 3029 986 est
3061 939 3320 985 mortem.
3355 955 3373 976 ι
3423 928 3717 984 Diabolum
3744 925 3881 982 dicit

2275 1038 2369 1094 per
2419 1021 2624 1076 bonum
2681 1020 3022 1076 occasionem
3060 1019 3350 1090 accepisse,
3381 1024 3442 1072 ut
3491 1017 3695 1071 malum
3755 1031 3879 1088 ope-

2273 1120 2484 1166 raretur
2529 1109 2766 1176 homini,
2817 1110 2949 1163 dum
2993 1109 3152 1162 illum
3219 1106 3435 1163 seducit
3487 1104 3554 1160 ad
3610 1112 3877 1160 mortem:

2274 1199 2403 1271 quia
2431 1207 2491 1253 ut
2547 1215 2607 1253 ea
2662 1214 2782 1270 quae
2821 1207 2947 1253 ante
2981 1198 3152 1269 legem
3211 1196 3354 1252 male
3399 1201 3546 1266 gesta
3595 1202 3747 1262 sunt,
3787 1209 3882 1266 per

2274 1286 2587 1342 illecebram
2634 1285 2914 1356 cupidinis
2947 1285 3311 1356 probarentur
3351 1299 3468 1338 esse
3520 1290 3760 1354 peccata,
3828 1289 3882 1337 et

2274 1375 2341 1432 de
2394 1384 2590 1432 caetero
2654 1375 2982 1442 vitarentur,
3042 1373 3167 1429 data
3217 1383 3299 1429 est
3356 1373 3469 1440 lex,
3527 1372 3881 1427 manifestata

2275 1469 2332 1524 in
2380 1469 2578 1524 litteris
2624 1469 2768 1540 (73).
2819 1469 2975 1524 Tunc
3028 1467 3287 1524 incensus
3342 1473 3424 1523 est
3479 1465 3732 1534 Satanas,
3791 1479 3886 1536 per

2274 1557 2481 1613 bonum
2521 1557 2748 1628 utique;
2801 1555 2945 1611 vidit
2999 1555 3150 1612 enim
3209 1554 3504 1627 provideri
3560 1553 3801 1620 homini,
3832 1560 3886 1608 et

2276 1648 2471 1704 illicita
2531 1647 2616 1703 illi
2675 1647 2868 1714 suasit,
2906 1654 2966 1702 ut
3022 1662 3120 1717 pro
3173 1645 3289 1700 vita
3353 1659 3423 1698 ex
3469 1643 3586 1716 lege
3639 1641 3690 1697 ei
3737 1657 3886 1697 mors

2277 1739 2613 1810 proveniret.
2699 1736 2859 1804 Quod
2923 1735 3145 1808 quidem
3223 1731 3568 1806 negligentia;
3631 1729 3888 1787 humanae

572 1823 702 1898 quia
749 1832 876 1880 ante
904 1823 1153 1880 vixerat:
1188 1829 1376 1894 postea
1405 1830 1588 1878 autem
1620 1823 1830 1879 desidia
1867 1825 2158 1885 hominum
2195 1837 2242 1897 Β
2276 1827 2660 1884 ascribendum
2689 1836 2792 1894 est,
2825 1843 2944 1899 quae
2975 1825 3055 1880 sic
3080 1824 3324 1897 vigorem
3354 1831 3562 1878 natura:
3589 1837 3701 1878 suae
3730 1820 3886 1876 inﬁr-

573 1922 856 1969 mortuum
903 1912 1234 1968 aestimatum
1278 1917 1379 1978 est,
1411 1927 1538 1967 cum
1569 1911 1802 1980 viveret,
1833 1913 1976 1970 sicut
2009 1931 2168 1970 asso-

575 2000 652 2057 let
689 2001 825 2057 falsa
853 2000 1000 2058 fama
1045 2000 1166 2056 ﬁeri
1195 1999 1498 2072 peregrinis
1545 1999 1685 2071 (70).
1738 2002 1854 2058 Hoc
1893 2018 2020 2074 ergo
2049 2003 2168 2076 sig-

575 2090 766 2147 niﬁcat
799 2089 947 2164 quod
975 2089 1034 2146 in
1065 2089 1242 2146 initiis
1270 2106 1382 2146 non
1427 2090 1650 2146 latuerit
1674 2099 1961 2162 peccatum
1988 2091 2168 2164 impu-

577 2180 682 2237 tari
711 2179 855 2252 apud
883 2182 1079 2248 Deum,
1126 2179 1234 2236 hoc
1259 2187 1340 2236 est
1367 2178 1608 2236 vixisse:
1649 2181 1744 2236 sed
1777 2197 1901 2237 cum
1930 2199 2171 2238 consue-

574 2268 711 2326 tudo
727 2268 989 2342 peccandi
1005 2269 1113 2326 hoc
1128 2269 1513 2339 oblitterasset,
1538 2281 1817 2328 mortuum
1835 2273 2170 2329 aestimatum

577 2367 680 2428 est,
741 2369 803 2416 ut
855 2359 1064 2416 crimen
1103 2374 1230 2414 cum
1291 2374 1524 2429 persona
1569 2361 1800 2417 deﬁcere
1860 2370 2166 2434 putaretur.

579 2449 716 2507 Cum
747 2457 928 2506 autem
961 2450 1088 2507 data
1115 2458 1255 2508 esset
1294 2451 1382 2507 lex
1409 2470 1424 2518 ;
1459 2454 1546 2508 vel
1600 2453 1914 2522 reformata,
1969 2453 2174 2510 revixit

579 2539 725 2612 apud
775 2555 888 2608 eos,
946 2539 1091 2612 apud
1146 2557 1283 2613 quos
1342 2550 1623 2597 mortuum
1673 2543 2003 2598 aestimatum
2060 2550 2175 2598 erat

581 2637 866 2702 coeperunt
893 2631 1040 2686 enim
1073 2630 1213 2688 scire
1239 2631 1498 2704 imputari
1531 2641 1832 2703 peccatum.

655 2719 837 2790 (Vers.
874 2719 988 2790 10.)
1043 2744 1060 2767 ι
1091 2719 1207 2792 Ego
1227 2728 1408 2775 autem
1425 2727 1675 2776 mortuus
1696 2737 1838 2776 sum.
1874 2745 1890 2767 ι
1928 2721 2177 2780 Mortuus

580 2814 662 2864 est
677 2806 864 2876 homo,
885 2808 1015 2882 quia
1039 2808 1188 2864 videt
1203 2825 1259 2864 se
1276 2825 1429 2864 reum
1452 2825 1567 2864 esse
1587 2808 1734 2881 apud
1752 2810 1924 2865 Deum
1943 2810 2036 2882 qui
2053 2818 2179 2866 ante

580 2913 638 2954 se
649 2896 877 2970 putabat
887 2913 998 2952 non
1016 2897 1265 2953 futurum
1285 2897 1590 2954 obnoxium
1603 2914 1671 2954 ex
1688 2897 1756 2954 iis
1767 2915 1886 2971 quas
1903 2899 2177 2972 peccabat.

669 2985 786 3040 «Et
834 2985 1123 3045 inventum
1181 2994 1262 3042 est
1308 2986 1447 3042 mihi
1493 2988 1838 3056 mandatum,
1892 2989 2038 3061 quod
2069 2998 2184 3046 erat

583 3073 653 3131 ad
705 3073 878 3130 vitam
923 3074 1134 3144 datum,
1193 3075 1299 3133 hoc
1341 3093 1458 3133 esse
1488 3077 1558 3134 ad
1612 3084 1864 3134 mortem.
1898 3102 1915 3126 ι
1976 3079 2182 3135 Verum

2278 1918 2451 1974 mavit
2487 1917 2787 1988 cupiditate
2834 1915 3116 1987 peccandi,
3170 1923 3234 1970 ut
3275 1913 3653 1986 suggestiones
3680 1911 3888 1968 adver—

2279 2007 2405 2063 sarii
2439 2005 2736 2077 reprimere
2766 2022 2878 2060 non
2930 2011 3127 2075 posset.
3175 2002 3441 2059 Inimicus
3487 2009 3693 2068 tamen,
3725 2015 3886 2072 quem

2281 2098 2338 2153 in
2371 2103 2596 2168 peccato
2635 2094 2926 2167 signiﬁcat,
2961 2103 3020 2150 ut
3050 2099 3311 2165 appareat
3341 2108 3458 2148 esse
3483 2089 3764 2157 inimicus,
3796 2104 3890 2160 per

2282 2189 2456 2259 legem
2497 2185 2708 2258 accepit
2749 2184 3093 2242 occasionem
3125 2182 3354 2255 operari
3385 2181 3600 2238 homini
3631 2187 3888 2238 mortem.

2282 2278 2424 2332 Dum
2447 2275 2593 2331 enim
2622 2275 2691 2331 ad
2721 2275 2918 2331 illicita
2957 2274 3113 2329 illum
3146 2273 3352 2342 suasit,
3389 2279 3615 2344 apparet
3635 2287 3750 2328 esse
3778 2269 3890 2325 ini-

2285 2367 2480 2422 micus.
2529 2366 2850 2436 Quanquam
2910 2373 2962 2420 et
3010 2371 3146 2419 ante
3180 2365 3356 2434 legem
3402 2369 3636 2418 mortem
3674 2358 3892 2416 homini

2284 2455 2679 2528 procuraverit,
2705 2461 2931 2525 excepta
2960 2454 3135 2524 prima
3184 2468 3350 2509 causa
3383 2451 3538 2519 Adae,
3570 2457 3693 2523 post
3718 2450 3891 2521 legem

2285 2553 2468 2602 tamen
2521 2544 2756 2616 majores
2803 2543 2853 2598 ei
2900 2560 3087 2614 pmnas
3127 2542 3277 2614 apud
3324 2541 3551 2607 inferos,
3599 2539 3698 2595 ubi
3745 2553 3890 2594 mors

2284 2634 2524 2691 secunda
2583 2643 2683 2700 est,
2737 2632 3044 2688 adinvenit.
3094 2631 3277 2687 Minus
3325 2630 3474 2686 enim
3517 2627 3770 2685 criminis
3809 2635 3892 2682 est

2287 2731 2414 2780 ante
2444 2723 2615 2792 legem
2634 2721 3036 2776 manifestatam
3057 2735 3326 2791 peccasse,
3360 2734 3522 2790 quam
3548 2724 3669 2788 post
3688 2716 3886 2788 legem.

2375 2837 2393 2861 ε
2428 2813 2498 2868 Ut
2539 2811 2634 2868 ﬁat
2664 2827 2827 2883 supra
2859 2811 3083 2867 modum
3135 2810 3315 2882 ipsum
3347 2817 3632 2880 peccatum
3662 2821 3892 2878 peccans

2291 2919 2388 2974 per
2415 2900 2754 2957 mandatum.
2790 2925 2807 2946 ι
2839 2899 2983 2967 Quid
3011 2907 3111 2966 est,
3151 2924 3168 2945 σ
3197 2914 3360 2969 supra
3377 2897 3641 2963 modum;
3676 2920 3692 2943 -
3736 2894 3894 2968 quasi

2291 2991 2452 3047 datus
2484 2991 2556 3046 sit
2603 2990 2799 3046 modus
2829 2987 3302 3060 delinquentibus,
3363 3003 3490 3043 cum
3521 2999 3740 3057 peccare
3782 2999 3894 3038 non

2294 3080 2496 3137 liceat?
2534 3079 2636 3136 Sed
2693 3079 2792 3135 Dei
2835 3077 3001 3133 verba
3042 3084 3173 3132 sunt
3213 3074 3487 3132 dicentis:
3555 3098 3571 3119 ι
3599 3072 3719 3129 Non
3763 3077 3896 3126 sunt

588 3173 691 3234 est,
725 3165 854 3258 quia
883 3166 1071 3258 lexiad
1098 3166 1271 3223 vitam
1292 3167 1429 3258 data
1455 3176 1570 3226 est:
1623 3169 1718 3226 sed
1747 3185 1873 3224 cum
1903 3168 2185 3226 hominem
2219 3197 2263 3258 ο
2297 3171 2569 3241 completa
2612 3175 2830 3241 peccata
2875 3163 3324 3222 Amorrhaeorum
3369 3163 3525 3233 (Gen.
3568 3177 3669 3228 xv,
3714 3159 3827 3229 16).
3863 3183 3880 3206 ι

592 3271 705 3312 non
739 3256 916 3313 solum
959 3257 1031 3313 de
1085 3257 1386 3330 praeterito,
1416 3259 1511 3316 sed
1556 3267 1611 3315 et
1638 3259 1706 3316 de
1749 3260 1939 3316 futuro
1967 3276 2194 3332 peccan.

592 3355 703 3404 tem
739 3361 892 3403 reum
948 3346 1102 3416 fecit,
1141 3347 1286 3405 facta
1338 3358 1423 3405 est
1453 3351 1545 3406 lex
1573 3349 1699 3406 data
1730 3349 1846 3421 (71)
1893 3351 1961 3408 ad
2000 3351 2192 3418 vitam,

587 3452 704 3493 esse
729 3435 798 3492 ad
828 3444 1057 3493 mortem
1087 3455 1098 3494 :
1159 3437 1255 3494 sed
1304 3446 1367 3495 ut
1394 3438 1560 3507 dixit,
1594 3440 1863 3511 peccanti,
1896 3439 2025 3513 quia
2070 3440 2193 3496 obe-

592 3525 873 3583 dientibus
905 3527 1122 3600 proﬁcit
1150 3527 1219 3583 ad
1241 3528 1433 3584 vitam.

667 3615 851 3686 (Vers.
887 3616 1002 3688 11.)
1079 3641 1096 3664 ι
1123 3617 1258 3674 Nam
1290 3624 1595 3688 peceatum,
1649 3616 1933 3674 occasione
1972 3627 2194 3691 accepta

588 3721 685 3778 per
712 3705 1054 3774 mandatum,
1118 3706 1340 3763 seduxit
1385 3722 1493 3774 me,
1523 3714 1576 3762 et
1606 3723 1700 3778 per
1728 3706 1868 3763 illud
1894 3707 2116 3764 occidit.
2157 3732 2176 3758 ι

591 3796 891 3854 Peccatum
923 3795 1031 3850 hoc
1065 3795 1186 3852 loco
1227 3794 1510 3851 diabolum
1541 3795 1805 3867 intellige,
1859 3796 1954 3868 qui
2000 3805 2190 3854 auctor

595 3885 806 3956 peccati
834 3891 936 3940 est.
966 3883 1069 3939 Hic
1098 3884 1440 3941 occasionem
1477 3900 1572 3955 per
1601 3885 1770 3956 legem
1799 3883 2034 3954 invenit,
2056 3903 2188 3958 quo-

589 3975 757 4032 modo
793 3972 1177 4031 crudelitatem
1209 3989 1362 4028 suam
1401 3971 1468 4028 de
1512 3989 1642 4029 nece
1673 3972 1914 4031 hominis
1943 3975 2184 4043 satiaret,

591 4073 654 4122 ut
683 4064 816 4138 quia
841 4063 932 4120 lex
957 4061 1293 4118 comminata
1316 4069 1398 4118 est
1440 4061 1556 4133 (72)
1591 4063 1988 4133 peccatoribus,
2017 4064 2184 4121 homo

589 4159 686 4218 66
734 4152 1007 4210 instinctu
1042 4150 1159 4224 ejus
1188 4150 1467 4223 prohibita
1511 4166 1724 4221 semper
1753 4149 2068 4219 admittens,
2100 4153 2183 4208 of-

587 4253 742 4308 fenso
769 4253 903 4318 Deo,
942 4249 1210 4306 ultionem
1244 4247 1376 4322 legis
1424 4247 1727 4304 incurreret
1752 4266 1762 4303 :
1795 4255 1860 4304 ut
1885 4249 1954 4304 ab
1981 4265 2044 4304 ea
2063 4265 2182 4321 qua:

588 4339 673 4396 illi
725 4339 1018 4410 profutura
1055 4337 1183 4393 data
1233 4345 1370 4405 erat,
1427 4337 1800 4394 damnaretur.
1849 4336 1990 4404 Quia
2032 4339 2179 4392 enim

589 4429 772 4487 invito
817 4429 914 4485 illo
955 4427 1081 4484 data
1125 4435 1207 4483 est
1251 4428 1364 4496 lex,
1398 4427 1604 4483 exarsit
1654 4425 1868 4482 invidia
1918 4427 2180 4484 adversus

586 4519 895 4587 hominem,
943 4525 1008 4574 ut
1049 4533 1176 4573 eum
1231 4517 1469 4590 amplius
1522 4516 1739 4574 vitiosis
1802 4517 2179 4590 voluptatibus

586 4611 907 4677 macularet,
939 4624 1009 4664 ne
1037 4624 1234 4665 manus
1254 4606 1371 4679 ejus
1399 4606 1676 4663 evaderet.

661 4701 844 4772 (Vers.
877 4697 990 4768 12.)
1019 4721 1036 4745 ι
1065 4699 1255 4769 Itaque
1276 4696 1366 4752 lex
1393 4695 1620 4770 quidem
1642 4703 1850 4764 sancta,
1879 4706 1933 4753 et
1959 4698 2188 4754 manda-

587 4797 706 4846 tum
773 4796 1050 4856 sanctum,
1096 4795 1150 4843 et
1191 4786 1426 4859 justum,
1460 4793 1514 4842 et
1561 4785 1789 4842 bonum.
1828 4810 1846 4834 ι
1883 4819 1886 4822 ~
1930 4787 2000 4843 Ut
2045 4788 2187 4844 nihil

588 4879 833 4936 adversae
891 4876 1226 4950 suspicionis
1274 4883 1579 4932 remaneret
1614 4875 1670 4931 in
1719 4876 1856 4949 lege,
1900 4877 1979 4932 sic
2035 4878 2186 4933 illam

589 4966 956 5035 commendat,
990 4974 1052 5022 ut
1081 4981 1193 5022 non
1248 4965 1430 5022 solum
1479 4963 1682 5037 justam
1716 4964 1878 5033 hanc,
1928 4965 2022 5021 sed
2069 4983 2188 5022 san-

587 5067 732 5116 ctam
765 5065 819 5114 et
849 5057 1049 5114 bonam
1098 5055 1438 5130 pronuntiet.
1477 5057 1614 5113 Nam
1664 5053 1980 5110 mandatum
2015 5055 2186 5128 legem

591 5147 833 5220 intelligi
860 5148 1210 5221 evangelicus
1239 5164 1420 5205 sermo
1439 5154 1694 5204 testatur.
1725 5145 1821 5203 Ait
1850 5145 1998 5203 enim
2026 5164 2038 5203 :
2091 5171 2110 5196 α
2131 5147 2188 5204 Si

665 5364 786 5437 (70)
847 5363 1312 5491 Vocidperegrinis
1340 5363 1676 5446 subnectunt
1704 5379 1814 5419 non
1864 5361 2023 5434 pauci
2055 5378 2184 5418 mss.

665 5454 700 5491 η
728 5453 892 5491 vera:
927 5451 986 5491 se
1053 5452 1248 5491 parum
1280 5442 1433 5491 selte.

588 5453 892 5518 narrem};
927 5442 1023 5492 sed
1043 5452 1248 5518 parum
1280 5442 1433 5517 scite.

661 5509 782 5578 (71)
807 5509 965 5566 Rom.
995 5505 1127 5564 edit.
1157 5508 1294 5575 sola,
1335 5507 1549 5562 inventa
1573 5513 1648 5562 est
1679 5507 1764 5561 (ex
1793 5505 1947 5578 data,
1975 5513 2077 5561 etc.

659 5575 776 5654 (72)
857 5579 981 5654 Yet.
1041 5579 1174 5654 edit.
1235 5595 1362 5654 cum
1432 5593 1732 5654 mss.__non
1791 5575 2001 5654 paucis.
2076 5577 2188 5632 Lee:

584 5647 865 5729 dominata
889 5649 969 5707 "est
997 5668 1011 5718 ;
1041 5652 1202 5709 Rom.
1236 5649 1370 5707 edit.
1399 5664 1526 5707 cum
1556 5647 1678 5706 aliis
1709 5647 1862 5717 mss.,
1889 5651 2000 5706 Lex
2038 5665 2189 5706 com—

584 5726 791 5779 minata
819 5727 914 5778 est.

583 5734 791 5778 minata
819 5734 914 5778 εει.

2304 3261 2406 3316 Per
2435 3259 2582 3332 quod
2628 3257 2870 3314 ostendit
2916 3271 3230 3312 mensuram
3262 3252 3558 3328 quamdam
3607 3267 3723 3308 esse
3763 3248 3896 3306 deli-

2303 3355 2540 3414 ctorum,
2602 3363 2764 3418 quam
2814 3362 2941 3401 cum
2995 3343 3349 3415 impleverint
3408 3347 3740 3413 peccatores,
3783 3337 3899 3392 vita

2303 3435 2456 3508 digni
2503 3437 2730 3492 minime
2777 3435 3127 3506 judicentur;
3185 3433 3330 3490 sicut
3380 3438 3435 3488 et
3474 3431 3705 3497 Pharao,
3769 3427 3898 3501 quia

2303 3527 2470 3583 istum
2493 3526 2721 3582 modum
2754 3525 2895 3598 (74),
2928 3524 3255 3597 impleverat
3280 3523 3380 3580 Dei
3411 3523 3644 3578 virtutes
3663 3529 3717 3577 et
3743 3518 3899 3591 signa

2301 3617 2359 3672 in
2402 3616 2560 3671 illum
2618 3623 2835 3671 ostensa
2869 3621 3026 3681 sunt,
3074 3629 3168 3684 per
3209 3629 3330 3685 quas
3377 3611 3560 3668 caeteri
3603 3607 3781 3666 territi
3827 3607 3897 3663 ad

2299 3707 2668 3762 emolumenta
2695 3705 2823 3761 vitae
2853 3719 2911 3759 se
2951 3711 3301 3770 exercerent,
3356 3709 3417 3757 ut
3451 3701 3506 3757 in
3540 3707 3758 3755 mortuo
3785 3697 3900 3753 vita

2299 3795 2561 3853 discatur.
2611 3794 2717 3851 Sed
2755 3794 2902 3851 alius
2938 3800 3020 3848 est
3055 3790 3276 3860 modus,
3308 3806 3469 3863 quem
3509 3795 3709 3846 tractat
3738 3788 3900 3858 Apo-

2296 3885 2496 3951 stolus;
2548 3893 2609 3941 ut
2648 3885 2898 3941 ostendat
2929 3883 3078 3940 enim
3128 3882 3252 3953 plus
3298 3886 3578 3952 peccatum
3641 3893 3755 3932 esse
3797 3875 3902 3932 sub

2297 3976 2410 4047 lege
2442 3991 2602 4048 quam
2638 3975 2832 4030 fuerat
2863 3981 2988 4029 ante
3036 3973 3232 4043 legem,
3281 3987 3444 4042 supra
3473 3969 3622 4025 hunc
3649 3965 3900 4033 modum,

2293 4073 2640 4138 peccatorum
2719 4063 3047 4134 ampliorem
3081 4060 3306 4116 modum
3342 4057 3616 4130 signiﬁcat
3663 4054 3902 4111 crevisse

2294 4163 2418 4226 post
2458 4154 2635 4224 legem
2663 4150 2877 4206 invidia
2907 4157 2961 4205 et
2988 4149 3188 4205 astutia
3208 4149 3420 4205 Satanm
3443 4165 3456 4215 ;
3477 4157 3539 4204 ut
3553 4143 3904 4219 providentia

2292 4245 2386 4303 Dei
2407 4243 2692 4300 contraria
2715 4241 2874 4297 ﬁeret
2887 4239 3122 4306 homini,
3145 4256 3267 4295 cum
3291 4238 3487 4294 timore
3508 4237 3641 4310 legis
3670 4234 3900 4291 minime

2291 4349 2516 4408 peccare
2528 4330 2802 4388 debuerit.
2825 4329 2954 4386 ldeo
2973 4331 3119 4386 Deus
3136 4337 3198 4384 ut
3211 4328 3475 4384 invidiam
3489 4325 3700 4380 diaboli
3717 4323 3898 4379 vince'

2305 4435 2405 4493 ret,
2431 4432 2484 4482 et
2499 4419 2906 4496 providentiam
2927 4435 3082 4475 suam
3104 4417 3317 4474 homini
3339 4423 3508 4471 ratam
3533 4413 3757 4481 faceret,
3779 4427 3899 4470 mu-

2297 4515 2437 4571 tavit
2465 4511 2738 4578 ordinem,
2795 4509 3018 4564 mittens
3050 4507 3385 4561 Salvatorem
3407 4501 3689 4560 Christum
3719 4501 3816 4576 qui
3846 4517 3901 4564 et

2301 4604 2592 4662 diabolum
2625 4599 2892 4665 vinceret,
2914 4603 2968 4652 et
3001 4601 3204 4652 statuta
3222 4592 3322 4650 Dei
3347 4609 3472 4666 erga
3499 4591 3784 4650 hominem
3807 4591 3897 4647 ﬁr-

2299 4703 2471 4751 maret
2502 4691 2642 4763 (75).

2372 4784 2554 4853 (Vers.
2620 4776 2732 4846 14.)
2806 4799 2823 4822 ι
2854 4773 3067 4831 Scimus
3110 4772 3259 4829 enim
3306 4771 3454 4845 quod
3499 4771 3590 4828 lex
3630 4769 3897 4843 spiritalis

2301 4885 2402 4934 est.
2439 4900 2455 4922 ι
2499 4873 2770 4941 Quoniam
2793 4868 3100 4926 scientibus
3125 4867 3297 4939 legem
3329 4866 3593 4938 loquitur,
3627 4863 3751 4920 ideo
3783 4863 3892 4920 ait:

2313 4993 2332 5015 ε
2371 4966 2588 5022 Scimus
2637 4962 2768 5035 quia
2816 4962 2905 5016 lex
2961 4957 3226 5032 spiritalis
3256 4966 3372 5024 est;
3410 4982 3427 5004 ι
3494 4972 3596 5012 nec
3645 4956 3793 5011 enim
3837 4971 3895 5010 se

2298 5056 2402 5112 sub
2432 5055 2547 5128 lege
2596 5054 2806 5119 darent,
2867 5049 2974 5105 nisi
3013 5055 3371 5122 agnoscerent
3409 5046 3571 5102 istam
3619 5061 3736 5102 esse
3787 5044 3893 5116 spi-

2297 5146 2532 5203 ritalem.
2572 5144 2769 5214 Legem
2815 5139 3022 5212 Moysis
3073 5137 3378 5212 spiritalem
3429 5141 3614 5204 vocat,
3663 5152 3785 5208 quas
3813 5141 3895 5192 est

2519 5361 2678 5417 Rom.
2737 5357 2894 5426 edit.,
2947 5358 3075 5414 data
3103 5363 3177 5412 est
3220 5356 3304 5411 lea:
3335 5353 3528 5410 litteris
3556 5351 3797 5422 formata
3837 5351 3896 5405 in

2663 5501 2896 5576 aliquot,
2925 5500 3052 5573 quia
3084 5499 3291 5570 justum
3321 5501 3482 5554 istum
3512 5497 3742 5552 modum.
3769 5496 3889 5552 Non

2295 5577 2428 5633 satis
2479 5583 2642 5632 recte.

2369 5648 2486 5720 (75)
2539 5645 2803 5704 Nonnulli
2834 5661 2988 5716 mss.,
3031 5644 3125 5717 qui
3168 5649 3215 5700 et
3248 5642 3519 5700 diabolum
3558 5645 3822 5715 premeret
3844 5645 3893 5694 et

2295 5720 2555 5778 hominem
2587 5720 2850 5778 liberaret.
