4136 6194
289 317 380 376 117

1361 310 1725 370 COMMENT.
1768 313 1840 370 IN
1876 311 2096 369 EPIST.
2135 314 2233 370 AD
2271 312 2442 372 ROM.

3475 318 3580 378 118

282 441 400 499 data
419 440 474 496 in
501 439 704 497 tabulis
738 455 750 495 :
785 454 907 513 quae
937 438 1066 513 quia
1093 453 1320 512 peccare
1339 436 1615 511 prohibet,
1646 437 1864 510 spirita-
1896 440 1948 499 A
1972 438 2153 494 sentio
2191 437 2317 510 legi.
2350 461 2368 485 ι
2411 437 2610 495 Probat
2637 439 2811 513 legem
2840 447 2986 498 recte
3010 439 3326 513 prohibere,
3351 445 3577 516 quando

281 531 346 587 lis
371 537 466 598 est,
496 530 697 603 quippe
746 545 872 586 cum
904 528 1147 584 visibilia
1175 538 1229 584 et
1257 528 1498 585 carnalia
1525 527 1634 582 coli
1665 526 1864 600 prohi-

277 619 409 676 beat.
442 619 568 676 Haec
617 619 688 674 ad
714 617 1250 675 commendationem
1282 616 1416 688 legis
1455 617 1754 688 pertinent,
1794 631 1864 672 ne

277 709 427 781 culpa
450 708 592 764 forte
623 706 788 780 digna
816 713 1103 779 putaretur
1129 705 1198 762 ab
1217 705 1427 779 aliquo,
1450 705 1581 778 quia
1607 704 1864 760 severita-

274 805 373 855 tem
403 796 649 854 exercuit
676 797 734 852 in
763 803 1098 868 peccatores.

349 909 368 933 ι
400 886 516 959 Ego
545 893 725 941 autem
756 885 994 941 carnalis
1029 900 1177 952 sum,
1206 880 1561 938 venundatus
1597 882 1700 938 sub
1731 898 1865 955 pec-

269 982 404 1032 cato.
457 1000 476 1024 ι
545 975 842 1031 Hominem
900 982 1085 1030 autem
1112 971 1388 1027 carnalem
1419 971 1680 1042 appellat,
1727 971 1862 1026 dum

268 1071 467 1137 peccat.
505 1088 524 1111 ι
557 1064 838 1121 Venditus
865 1063 970 1119 sub
999 1068 1240 1134 peccato.
1274 1087 1291 1110 ι
1321 1061 1435 1117 Hoc
1461 1069 1542 1116 est
1571 1060 1862 1116 venditum

265 1169 376 1210 esse
394 1153 500 1210 sub
531 1161 756 1225 peccato
783 1167 852 1208 ex
881 1151 1057 1207 Adam
1084 1150 1178 1223 qui
1210 1149 1362 1222 prior
1390 1148 1658 1221 peccavit,
1697 1149 1862 1222 origi-

263 1258 388 1299 nem
443 1242 680 1310 trahere,
741 1250 797 1298 et
860 1241 1082 1314 proprio
1136 1238 1337 1295 delicto
1379 1237 1687 1310 subjectum
1739 1239 1862 1296 fieri

261 1340 511 1404 peccato,
567 1333 710 1390 sicut
735 1332 872 1389 dicit
890 1332 1054 1388 Isaias
1073 1330 1368 1404 propheta:
1408 1353 1427 1376 ι
1459 1329 1686 1388 Venditi
1708 1330 1859 1397 estis,

261 1420 464 1495 inquit,
508 1422 741 1494 peccatis
767 1420 959 1478 vestris
997 1422 1143 1492 (lsa.
1193 1437 1246 1489 ι,
1299 1421 1378 1493 1).
1421 1443 1441 1469 ›
1503 1419 1682 1477 Adam
1711 1421 1858 1478 enim

261 1509 511 1566 vendidit
538 1527 595 1568 se
623 1511 793 1583 prior,
827 1527 889 1567 ac
911 1525 1007 1583 per
1036 1508 1143 1566 hoc
1166 1525 1330 1565 omne
1356 1524 1543 1566 semen
1574 1509 1692 1581 ejus
1718 1509 1859 1566 sub-

256 1599 460 1672 jectum
493 1609 574 1658 est
601 1609 846 1673 peccato.
891 1600 1260 1668 Quamobrem
1286 1599 1572 1656 infirmum
1600 1615 1717 1655 esse
1746 1598 1860 1655 ho-

259 1690 462 1747 minem
491 1691 559 1748 ad
579 1698 848 1764 praecepta
873 1690 1009 1762 legis
1036 1688 1328 1759 servanda,
1351 1689 1460 1745 nisi
1476 1689 1685 1745 divinis
1702 1688 1856 1744 auxi-

1972 529 2215 586 invitum
2247 546 2302 586 se
2332 529 2438 586 hoc
2464 529 2661 599 facere,
2709 531 2856 604 quod
2906 532 2995 588 lex
3036 538 3206 601 vetat,
3239 532 3530 606 proﬁtetur
3561 552 3572 590 :

1972 624 2027 672 et
2071 626 2282 673 naturae
2336 634 2447 673 suae
2482 617 2617 675 dicit
2659 635 2796 687 esse,
2835 619 2984 694 quod
3013 620 3237 677 mandat
3267 623 3357 678 lex
3391 641 3404 689 ;
3447 621 3577 696 quia

1974 706 2121 778 quod
2149 714 2308 762 extra
2337 706 2488 775 facit,
2521 707 2774 764 odiosum
2802 708 2906 765 sibi
2934 708 3088 766 dicit.

2050 795 2232 867 (Vers.
2279 794 2394 867 17.)
2464 820 2481 844 σ
2509 797 2668 853 Nunc
2703 807 2883 854 autem
2917 798 3028 870 jam
3066 815 3180 854 non
3226 815 3327 873 ego
3379 817 3576 874 operor

1974 883 2138 952 illud,
2165 883 2260 940 sed
2291 884 2437 956 quod
2467 884 2743 942 inhabitat
2772 887 2830 942 in
2858 903 2944 942 me
2974 897 3276 959 peccatum.
3330 914 3347 937 ι
3415 890 3575 958 Quo-

1975 973 2126 1028 niam
2174 974 2288 1044 lege
2317 973 2470 1028 videt
2516 974 2802 1045 prohiberi
2850 975 2997 1047 quod
3044 975 3174 1047 agit,
3218 985 3272 1032 et
3301 979 3576 1038 consentit

1973 1077 2084 1118 non
2114 1061 2309 1117 debere
2339 1061 2458 1117 ﬁeri
2477 1078 2538 1119 ac
2559 1079 2655 1134 per
2674 1063 2781 1119 hoc
2806 1064 2959 1118 aliud
2980 1080 3118 1130 esse,
3148 1065 3307 1137 cujus
3334 1067 3575 1139 impulsu

1972 1151 2090 1208 haec
2118 1152 2202 1224 agi
2231 1151 2491 1220 declarat,
2527 1152 2583 1208 id
2609 1160 2711 1220 est,
2741 1160 3045 1224 peccatum.
3071 1155 3362 1212 Peccatum
3391 1166 3575 1216 autem

1969 1240 2094 1296 ideo
2125 1257 2339 1313 semper
2363 1241 2630 1309 nominat,
2663 1257 2788 1297 cum
2819 1240 3026 1297 sciatur
3045 1241 3300 1299 diabolus
3319 1245 3436 1317 (78)
3461 1261 3577 1304 esse

1971 1347 2096 1388 cum
2128 1333 2337 1404 angelis
2367 1333 2500 1401 suis,
2537 1332 2667 1406 quia
2688 1331 2797 1388 nisi
2834 1342 3105 1405 peccasset
3135 1334 3347 1406 primus
3377 1336 3569 1407 homo,

1969 1419 2088 1476 haec
2127 1436 2238 1477 non
2292 1422 2648 1494 provenirent
2700 1441 2710 1477 :
2768 1437 2830 1480 ac
2881 1438 2975 1494 per
3014 1423 3120 1481 hoc
3150 1433 3436 1496 peccatum
3464 1435 3570 1496 est,

1969 1509 2115 1584 quod
2145 1526 2206 1566 ea
2235 1512 2424 1566 omnia
2449 1511 2600 1567 facit.

2043 1603 2225 1675 (Vers.
2250 1602 2363 1673 18.)
2402 1626 2420 1650 ‹
2440 1602 2564 1659 Scio
2590 1601 2738 1657 enim
2771 1600 2917 1674 quod
2947 1617 3060 1658 non
3090 1601 3366 1659 inhabitat
3386 1604 3571 1675 inme,

1969 1693 2076 1751 hoc
2107 1702 2210 1762 est,
2259 1694 2319 1749 in
2365 1708 2530 1750 carne
2583 1707 2724 1758 mea,
2757 1691 3023 1746 bonum»
3067 1691 3190 1747 Non
3219 1689 3377 1761 dicit,
3427 1694 3574 1752 sicut

259 1779 346 1837 liis
366 1780 672 1849 muniatur,
689 1779 826 1836 hinc
849 1789 932 1836 est
957 1779 1104 1835 unde
1129 1780 1242 1835 ait:
1275 1803 1293 1826 ι
1316 1779 1431 1835 Lex
1468 1779 1736 1852 spiritalis
1753 1787 1852 1847 est;
1883 1803 1930 1864 Β
1968 1782 2297 1856 quibusdam
2328 1781 2571 1848 videtur,
2604 1795 2825 1836 carnem
2857 1781 3058 1838 malam
3097 1798 3108 1837 :
3163 1781 3258 1838 sed
3287 1782 3435 1856 quod
3464 1781 3576 1839 ha—

256 1885 352 1942 ego
381 1879 567 1927 autem
593 1869 834 1928 carnalis
861 1884 1006 1937 sum,
1035 1867 1386 1925 venundatus
1425 1868 1527 1924 sub
1556 1875 1798 1941 peccato,
1821 1894 1842 1918 ι

255 1959 363 2017 hoc
411 1967 514 2028 est,
571 1960 664 2015 lex
710 1958 873 2014 firma
917 1967 1000 2015 est
1046 1965 1101 2014 et
1140 1957 1313 2030 justa,
1351 1965 1407 2014 et
1452 1965 1600 2014 caret
1646 1959 1850 2031 culpa:

258 2048 432 2105 homo
461 2057 645 2105 autem
677 2047 888 2120 fragilis
918 2055 1018 2116 est,
1046 2056 1102 2104 et
1121 2056 1370 2120 paterno,
1390 2049 1478 2105 vel
1501 2047 1724 2120 proprio
1762 2053 1858 2111 67

256 2144 579 2218 subjugatus
594 2143 797 2201 delicto
815 2144 935 2216 (76)
951 2161 966 2212 ;
989 2151 1052 2201 ut
1071 2151 1338 2217 potestate
1350 2144 1436 2202 sui
1447 2145 1530 2201 uti
1550 2161 1662 2200 non
1684 2145 1857 2218 possit

255 2235 399 2292 circa
445 2231 818 2290 obedientiam
847 2233 1004 2305 legis.
1035 2232 1164 2289 Ideo
1195 2241 1277 2290 est
1305 2233 1372 2289 ad
1401 2234 1500 2290 Dei
1534 2235 1858 2290 misericor-

255 2324 399 2381 diam
442 2323 901 2397 confugiendum,
947 2333 1009 2380 ut
1056 2324 1405 2381 severitatem
1445 2324 1578 2397 legis
1607 2324 1854 2397 effugiat,

258 2421 308 2470 et
334 2422 670 2471 exoneratus
707 2412 948 2483 delictis,
980 2412 1047 2468 de
1075 2421 1273 2470 catero
1317 2415 1432 2469 Deo
1463 2413 1704 2478 favente,
1735 2413 1857 2469 ini-

255 2504 394 2561 mico
423 2505 665 2560 resistat.
689 2501 835 2571 Quid
863 2509 944 2558 est
960 2501 1108 2557 enim
1132 2501 1442 2574 subjectum
1468 2518 1585 2558 esse
1606 2511 1850 2574 peccato,

253 2592 358 2648 nisi
386 2609 592 2666 corpus
629 2591 830 2649 habere
882 2590 1024 2648 vitio
1070 2591 1268 2646 animae
1312 2597 1655 2662 corruptum,
1677 2591 1768 2647 cui
1799 2607 1856 2647 se

254 2682 455 2740 inserat
486 2690 794 2755 peccatum,
839 2688 892 2736 et
935 2679 1184 2752 impellat
1214 2680 1497 2736 hominem
1527 2679 1682 2753 quasi
1713 2697 1853 2752 cap-

252 2769 427 2828 tivum
479 2769 717 2839 delictis,
778 2777 840 2826 ut
886 2768 1053 2825 faciat
1101 2769 1444 2825 voluntatem
1489 2768 1608 2842 ejus
1633 2770 1663 2824 7
1714 2769 1856 2825 Hinc

252 2859 523 2916 Dominus
586 2860 733 2916 inter
789 2866 987 2917 caetera
1039 2856 1118 2914 ait
1168 2875 1180 2912 :
1271 2882 1289 2905 ι
1360 2858 1530 2915 Venit
1579 2857 1854 2925 diabolus,

252 2957 302 3006 et
329 2951 482 3008 tollit
532 2952 682 3024 quod
712 2951 1043 3007 semiustum
1101 2956 1183 3005 est
1234 2948 1294 3003 iu
1343 2965 1439 3004 cor
1487 2948 1734 3015 illorum,
1789 2961 1857 3000 ne

251 3039 388 3096 salvi
444 3040 583 3097 ﬁant
620 3041 780 3110 (Luc.
812 3056 939 3109 vm,
980 3039 1095 3109 12).
1143 3063 1160 3086 ι
1204 3036 1359 3092 Unde
1387 3035 1534 3091 idem
1564 3036 1860 3107 Apostolus

1965 1871 2108 1928 bitat
2137 1871 2196 1926 in
2217 1886 2398 1938 carne,
2431 1887 2544 1926 non
2572 1885 2689 1926 esse
2715 1870 2945 1937 bonum,
2977 1870 3070 1926 sed
3101 1878 3409 1943 peccatum.
3431 1871 3574 1940 Quo-

1969 1960 2135 2018 modo
2188 1957 2462 2017 inhabitat
2519 1959 2578 2015 in
2634 1975 2797 2016 carne
2844 1967 3150 2032 peccatum,
3202 1977 3329 2017 cum
3359 1976 3473 2017 non
3501 1959 3574 2018 sit

1968 2050 2298 2118 substantia,
2348 2049 2442 2106 sed
2491 2048 2870 2122 praevaricatio
2913 2048 3045 2104 boni
3095 2050 3260 2122 (79)?
3297 2050 3572 2119 Quoniam

1970 2141 2135 2212 primi
2156 2139 2400 2196 hominis
2420 2155 2620 2212 corpus
2641 2147 2966 2210 corruptum
2991 2146 3072 2195 est
3092 2155 3189 2211 per
3204 2149 3488 2212 peccatum
3510 2147 3572 2197 ut

1968 2230 2141 2302 possit
2158 2229 2410 2297 dissolvi,
2423 2227 2539 2300 ipsa
2558 2227 2763 2300 peccati
2787 2228 3068 2300 corruptio
3085 2244 3180 2300 per
3191 2227 3568 2286 conditionem

1969 2318 2287 2374 offensionis
2334 2324 2519 2373 manet
2561 2317 2622 2373 in
2664 2333 2914 2390 corpore,
2947 2317 3118 2374 robur
3146 2326 3336 2374 tenens
3365 2317 3572 2374 divinae

1967 2408 2251 2464 sententiae
2281 2406 2419 2464 datae
2457 2408 2516 2463 in
2548 2406 2744 2476 Adam,
2796 2406 2944 2480 quod
2971 2414 3052 2463 est
3089 2407 3308 2481 signum
3339 2407 3567 2478 diaboli,

1967 2497 2124 2570 cujus
2151 2497 2418 2555 instinctu
2449 2498 2694 2569 peccavit
2724 2498 2868 2570 (80).
2898 2499 3000 2554 Per
3028 2497 3086 2554 id
3115 2515 3243 2570 ergo
3271 2499 3418 2571 quod
3439 2498 3571 2555 facti

1967 2603 2127 2644 causa
2158 2595 2358 2655 manet,
2395 2587 2706 2643 inhabitare
2749 2587 2955 2643 dicitur
2984 2595 3267 2658 peccatum
3299 2587 3357 2643 in
3385 2604 3568 2657 carne,

1967 2677 2035 2732 ad
2064 2694 2227 2750 quam
2259 2676 2515 2732 diabolus
2539 2675 2770 2742 accedit,
2816 2676 2973 2746 quasi
3004 2675 3073 2730 ad
3099 2692 3252 2731 suam
3284 2677 3478 2746 legem,
3520 2684 3574 2732 et

1968 2774 2152 2820 manet
2199 2765 2354 2836 quasi
2403 2765 2462 2819 in
2507 2771 2730 2835 peccato
2774 2771 3058 2834 peccatum
3093 2781 3105 2818 :
3154 2763 3284 2835 quia
3312 2780 3437 2819 caro
3461 2763 3577 2835 jam

1969 2854 2176 2927 peccati
2207 2863 2310 2922 est,
2340 2861 2403 2909 ut
2432 2852 2670 2925 decipiat
2690 2850 2973 2908 hominem
3003 2852 3443 2926 suggestionibus
3463 2868 3575 2908 ma-

1969 2943 2058 3010 lis,
2090 2958 2158 2998 ne
2183 2941 2353 2998 homo
2382 2940 2548 2997 faciat
2577 2940 2724 3014 quod
2751 2939 3003 3013 praecipit
3032 2941 3142 2998 lex.

2055 3054 2073 3078 ‹
2101 3032 2236 3088 Nam
2272 3030 2414 3086 velle
2462 3029 2673 3101 adjacet
2725 3028 2887 3085 mihi.
2929 3053 2947 3076 ι
3007 3029 3140 3086 Tam
3178 3029 3324 3087 bona
3357 3031 3572 3102 asserit,

251 3125 306 3182 in
363 3128 481 3183 alia
535 3126 769 3198 epistola
816 3126 932 3182 ait:
983 3150 1002 3173 ι
1032 3126 1152 3182 Non
1199 3134 1281 3181 est
1329 3123 1488 3179 nobis
1538 3123 1857 3180 colluctatio
1891 3160 1934 3222 C
1970 3136 2088 3193 quze
2122 3119 2281 3192 jubet
2311 3120 2422 3188 lex,
2453 3127 2516 3174 ut
2553 3118 2879 3174 naturaliter
2903 3117 3009 3174 sibi
3051 3119 3265 3192 placere
3298 3119 3465 3189 dicat,
3519 3129 3574 3178 et

245 3215 518 3272 adversus
539 3231 760 3272 carnem
790 3223 845 3270 et
873 3214 1217 3287 sanguinem,
1267 3211 1361 3269 sed
1405 3213 1665 3269 adversus
1695 3213 1858 3285 prin-

245 3304 398 3377 cipes
462 3312 518 3359 et
571 3311 887 3377 potestates,
945 3310 1138 3360 contra
1188 3302 1462 3375 spiritalia
1509 3301 1768 3375 nequitiae
1798 3303 1857 3358 in

248 3393 573 3469 ocelestibus
605 3395 830 3466 (Ephes.
865 3411 943 3462 vr,
977 3393 1092 3465 12),
1127 3418 1144 3442 ι
1186 3408 1324 3466 quos
1354 3391 1616 3448 satellites
1645 3398 1859 3448 constat

252 3499 361 3540 esse
394 3485 633 3540 Satanm.
686 3484 821 3540 Nam
871 3491 998 3539 ante
1049 3481 1559 3554 praevaricationem
1612 3481 1859 3538 hominis

253 3574 573 3647 priusquam
617 3589 674 3629 se
713 3572 1050 3645 manciparet
1090 3571 1279 3641 morti,
1323 3587 1434 3627 non
1465 3577 1582 3626 erat
1621 3571 1708 3626 his
1758 3587 1857 3643 po-

254 3668 411 3719 testas
440 3663 517 3718 ad
545 3662 813 3719 interiora
868 3660 1116 3718 hominis
1162 3660 1439 3728 accedere,
1466 3667 1521 3716 et
1557 3660 1858 3732 cogitatio-

253 3765 342 3806 nes
372 3751 640 3808 adversas
668 3750 926 3806 inserere.
976 3750 1132 3807 Unde
1177 3757 1232 3805 et
1268 3747 1472 3805 astutia
1498 3747 1618 3819 ejus
1647 3748 1857 3804 factum

254 3848 346 3908 est,
406 3851 476 3898 ut
534 3839 982 3898 confabulatione
1043 3855 1139 3912 per
1198 3846 1508 3911 serpentem
1573 3835 1857 3892 hominem

254 3929 680 3989 circumveniret
709 3931 728 4001 (
737 3931 829 4002 77)
864 3931 1019 4002 (Gen.
1050 3945 1134 3997 in,
1168 3927 1304 4000 1-6).
1349 3928 1643 4000 Postquam
1674 3935 1858 3983 autem

256 4020 624 4080 circumvenit
661 4037 788 4077 eum
837 4027 892 4076 et
917 4017 1255 4091 subjugavit,
1283 4025 1606 4091 potestatem
1640 4018 1697 4072 in
1728 4032 1855 4072 eum

257 4112 486 4185 accepit,
533 4120 596 4168 ut
634 4108 955 4168 interiorem
987 4107 1271 4164 hominem
1301 4107 1560 4179 pulsaret,
1592 4107 1860 4179 copulans

257 4217 308 4256 se
358 4202 541 4260 menti
583 4201 738 4274 ejus;
796 4202 879 4257 ita
933 4207 996 4256 ut
1034 4214 1146 4255 non
1193 4198 1364 4270 possit
1403 4212 1694 4270 agnoscere
1724 4195 1860 4269 quid

257 4305 408 4349 suum
436 4292 521 4350 sit
549 4292 609 4348 in
654 4290 1007 4365 cogitatione,
1060 4287 1196 4362 quid
1239 4289 1412 4357 illius,
1451 4287 1563 4344 nisi
1599 4286 1861 4360 respiciat

259 4381 448 4453 legem.

332 4470 514 4543 (Vers.
549 4470 664 4542 15.)
715 4493 734 4518 ι
759 4467 918 4537 Quod
951 4468 1100 4524 enim
1129 4483 1348 4541 operor,
1375 4483 1487 4523 non
1516 4467 1787 4540 intelligo.
1826 4492 1845 4515 ι

262 4562 376 4618 Non
406 4561 672 4635 intelligit
699 4561 848 4635 quod
877 4568 1154 4632 operatur,
1176 4558 1306 4633 quia
1326 4557 1479 4615 videt
1508 4559 1659 4615 aliud
1684 4575 1740 4616 se
1761 4577 1857 4633 per

265 4651 430 4724 legem
467 4652 637 4721 scire,
668 4659 722 4708 et
747 4649 899 4707 aliud
926 4665 1103 4722 agere.
1149 4673 1168 4697 ι
1195 4650 1317 4706 Non
1344 4648 1493 4705 enim
1523 4648 1674 4721 quod
1701 4650 1852 4718 volo,

263 4741 363 4800 hoc
386 4761 485 4817 ago
521 4761 536 4800 :
571 4743 666 4800 sed
694 4741 840 4816 quod
855 4741 970 4810 odi,
1001 4740 1143 4798 illud
1166 4741 1329 4799 facio.
1363 4767 1382 4789 ι
1421 4739 1715 4814 Subjectus
1735 4757 1854 4814 pec-

265 4840 378 4888 cato
405 4834 544 4891 facit
571 4832 766 4904 utique
789 4831 935 4904 quod
963 4847 1075 4888 non
1105 4831 1248 4888 vult.

331 4921 516 4994 (Vers.
549 4921 666 4994 16.)
735 4945 754 4970 ε
782 4920 839 4978 Si
859 4927 1040 4977 autem
1063 4919 1209 4994 quod
1231 4919 1324 4976 odi
1351 4918 1490 4976 illud
1519 4919 1682 4989 facio,
1713 4936 1859 4978 con-

332 5093 450 5164 (76)
479 5094 566 5150 Ita
595 5108 725 5149 mss.
758 5091 991 5164 aliquot,
1021 5089 1248 5164 ac_Gill.
1273 5089 1429 5164 edit.;
1460 5088 1646 5164 caeteri
1674 5097 1857 5146 autem

265 5180 389 5220 mss.
418 5161 484 5222 ac
514 5164 673 5231 edit.,
706 5171 754 5219 et
777 5161 1001 5235 paterno
1032 5161 1340 5233 subjugatus
1367 5163 1571 5218 delicto.

334 5237 451 5308 (77)
483 5230 837 5311 Rom,7edit.,
880 5233 1124 5311 Primum
1163 5230 1336 5311 autem
1377 5235 1579 5289 astutia
1618 5230 1734 5301 ejus
1761 5230 1862 5302 fa-

263 5314 396 5362 ctum
423 5307 567 5364 est...
599 5310 750 5362 homo
777 5307 1260 5362 circumveniretur.

333 5380 452 5448 (78)
485 5381 646 5436 Rom.
679 5379 812 5435 edit.
841 5378 977 5445 sola,
1009 5381 1069 5430 ut
1094 5375 1586 5448 sciatarrdiabolus,
1619 5383 1723 5432 etc.

360 5447 453 5518 79)
487 5451 694 5506 Eadem
724 5450 857 5506 edit.
891 5451 1077 5513 Rom.,
1115 5447 1203 5501 sed
1225 5447 1457 5518 privatio
1488 5448 1625 5503 boni.

357 5517 453 5593 80)
487 5523 692 5580 Omnes
720 5521 878 5589 edit.,
931 5521 1138 5593 signum
1187 5517 1310 5589 legis
1339 5518 1604 5575 diaboli...
1629 5518 1864 5592 peccavit

271 5591 442 5649 Adam
465 5613 485 5659 ;
515 5609 707 5651 omnes
735 5610 865 5650 mss.
898 5600 960 5649 ut
989 5591 1047 5647 in
1075 5596 1360 5648 contextu.

341 5665 462 5737 (81)
493 5667 654 5725 Rom.
709 5665 841 5723 edit.
901 5681 1027 5725 cum
1083 5680 1216 5721 mss.
1256 5659 1606 5735 quibusdam,
1660 5661 1865 5734 cogitur

1968 3209 2103 3265 velit
2123 3209 2322 3266 facere.
2361 3233 2377 3255 ε
2408 3207 2672 3264 Perﬁcere
2697 3216 2880 3265 autem
2897 3207 3106 3264 bonum
3137 3225 3248 3266 non
3279 3209 3559 3267 invenio.»

1965 3299 2038 3354 Et
2067 3300 2244 3369 placet
2269 3314 2396 3370 ergo
2441 3297 2589 3370 quod
2617 3315 2649 3353 a
2688 3299 2803 3370 lege
2828 3296 3076 3371 jubetur,
3127 3307 3181 3355 et
3205 3300 3464 3356 voluntas
3491 3307 3575 3358 est

1967 3386 2206 3443 faciendi
2239 3404 2250 3442 :
2285 3387 2381 3443 sed
2409 3394 2470 3443 ut
2491 3387 2806 3459 impleatur,
2844 3395 3084 3459 potestas
3112 3396 3167 3444 et
3194 3388 3374 3444 virtus
3399 3389 3570 3456 deest,

1957 3476 2097 3549 quia
2135 3477 2215 3533 sic
2242 3493 2458 3549 pressus
2488 3487 2569 3534 est
2598 3485 2865 3550 potestate
2896 3477 3127 3550 peccati,
3174 3487 3236 3534 ut
3262 3494 3373 3534 non
3401 3477 3575 3550 possit

1967 3567 2050 3623 ire
2074 3584 2183 3641 quo
2213 3568 2356 3636 vult,
2386 3583 2566 3639 neque
2596 3568 2776 3624 valeat
2805 3565 3199 3636 contradicere,
3232 3566 3362 3639 quia
3390 3572 3572 3639 potes-

1966 3657 2095 3714 tatis
2124 3656 2242 3728 ejus
2273 3659 2412 3714 alter
2436 3664 2516 3713 est
2547 3656 2826 3713 dominus.
2873 3657 3050 3714 Homo
3094 3657 3241 3714 enim
3266 3657 3381 3729 jam
3427 3674 3572 3714 con-

1966 3748 2258 3804 suetudine
2299 3746 2563 3820 peccandi
2606 3754 2882 3819 gravatur,
2924 3755 2979 3804 et
3008 3747 3228 3805 facilius
3262 3747 3574 3804 succumbit

1968 3847 2189 3910 peccato
2234 3853 2398 3910 quam
2448 3836 2576 3910 legi,
2626 3853 2791 3909 quam
2835 3837 2939 3894 scit
2965 3836 3112 3894 bona
3140 3837 3376 3906 docere;
3432 3854 3496 3894 ac
3524 3842 3570 3898 si

1966 3926 2103 3982 velit
2134 3924 2280 3980 bona
2320 3924 2520 3993 facere,
2573 3925 2774 3999 premit
2822 3925 2984 3985 illum
3014 3925 3374 3995 consuetudo,
3406 3924 3575 3997 adju-

1966 4023 2084 4072 tore
2125 4015 2374 4074 inimico.

2043 4106 2224 4178 (Vers.
2253 4106 2368 4177 19.)
2414 4129 2434 4154 ‹
2461 4106 2581 4163 Non
2621 4107 2772 4164 enim
2794 4104 2944 4180 quod
2968 4105 3117 4173 volo,
3146 4103 3292 4159 facio
3321 4102 3533 4158 bonum
3557 4119 3570 4158 :

1967 4196 2063 4253 sed
2091 4198 2239 4271 quod
2273 4199 2404 4254 nolo
2439 4199 2672 4264 malum,
2705 4198 2812 4254 hoc
2853 4213 2974 4268 ago.
3016 4217 3035 4242 ι
3085 4195 3238 4265 Saepe
3265 4191 3483 4266 repetit,
3513 4201 3576 4251 ut

1967 4286 2255 4344 dilucidet.
2279 4288 2396 4344 Hoc
2420 4301 2547 4358 ergo
2576 4293 2676 4353 est,
2699 4285 2847 4358 quod
2876 4297 3043 4355 supra
3071 4281 3283 4339 dictum
3311 4290 3412 4350 est,
3435 4283 3570 4356 quia

1966 4383 2027 4432 ut
2056 4377 2309 4449 captivus
2339 4392 2436 4449 per
2469 4375 2814 4448 supradictas
2842 4388 3032 4430 causas
3069 4369 3214 4430 illud
3241 4372 3457 4446 cogitur
3479 4373 3572 4430 fa-

1967 4481 2109 4535 cere,
2139 4464 2288 4539 quod
2316 4464 2441 4522 vult
2471 4471 2756 4537 peccatum
2789 4463 2930 4536 (81).

2039 4555 2220 4626 (Vers.
2279 4555 2400 4627 20.)
2474 4579 2492 4602 ι
2539 4557 2597 4612 Si
2647 4565 2828 4612 autem
2883 4553 3031 4627 quod
3060 4553 3212 4622 nolo,
3263 4551 3369 4611 hoc
3397 4551 3560 4621 facio,

1960 4642 2077 4716 jam
2102 4660 2215 4700 non
2253 4660 2352 4717 ego
2394 4660 2590 4717 operor
2619 4645 2780 4713 illud,
2819 4644 2914 4702 sed
2942 4643 3091 4718 quod
3116 4642 3332 4700 habitat
3380 4642 3437 4696 in
3478 4657 3566 4698 me

1966 4740 2272 4806 peccatum.
2317 4756 2338 4782 ι
2399 4734 2516 4791 Hoc
2545 4743 2627 4791 est
2668 4734 2815 4807 quod
2863 4733 2978 4804 jam
3033 4748 3200 4804 supra
3241 4729 3572 4787 memoravit

1970 4821 2113 4894 (82),
2141 4821 2271 4894 quia
2289 4837 2509 4894 pressus
2543 4830 2600 4878 et
2619 4822 2942 4893 subjugatus
2971 4829 3215 4893 peccato,
3246 4837 3358 4877 non
3391 4836 3572 4889 suam,

1967 4914 2062 4971 sed
2090 4913 2242 4970 illius
2269 4912 2486 4987 perficit
2511 4914 2874 4970 voluntatem.
2923 4911 3209 4986 Numquid
3253 4911 3382 4985 quia
3428 4911 3571 4967 invi-

1968 5089 2140 5160 facere
2181 5095 2470 5162 peccatum,
2491 5088 2643 5162 quod
2669 5104 2775 5142 non
2818 5087 2952 5162 vult.
2983 5085 3212 5162 Minime
3241 5086 3382 5141 male
3417 5103 3434 5162 :_
3476 5083 3571 5141 sed

1969 5157 2151 5218 tamen
2181 5157 2413 5217 aliarum
2445 5157 2576 5216 edit.
2632 5167 2686 5216 et
2733 5175 2862 5214 mss.
2906 5158 3070 5214 lectio
3116 5173 3229 5214 non
3275 5165 3357 5212 est
3403 5157 3570 5212 dese-

1970 5233 2169 5289 renda:
2218 5238 2489 5304 peccatum
2526 5233 2675 5288 enim
2707 5230 2799 5287 hic
2827 5236 2910 5286 est
2940 5229 2997 5284 in
3029 5237 3180 5286 recto
3199 5245 3352 5295 casu,
3385 5227 3572 5282 idem-

1970 5321 2088 5377 que
2104 5311 2264 5377 sonat
2300 5320 2362 5377 ac
2387 5303 2662 5377 diabolus.

2045 5375 2163 5447 (82)
2193 5374 2363 5450 (Σφὼ.
2407 5374 2554 5442 cod.,
2597 5376 2706 5431 Hoc
2760 5378 2834 5428 est
2887 5372 3152 5437 diabolus,
3209 5382 3571 5450 (litem-supra

1971 5441 2299 5502 memoravit.
2331 5441 2545 5503 Rursus
2567 5455 2750 5503 autem
2799 5452 2920 5517 post
2961 5459 3151 5517 versus
3189 5441 3420 5517 aliquoi,
3443 5453 3570 5517 ,Ριζο

1971 5461 2299 5502 memoravit.
2331 5461 2538 5503 nursus
2567 5461 2750 5503 autem
2835 5461 2920 5500 OSt
2961 5461 3151 5500 versus
3189 5461 3420 5508 aliqum,
3471 5461 3569 5509 pro

1971 5519 2096 5646 ἔξω)
2143 5526 2192 5574 et
2233 5518 2456 5587 desidia,
2517 5517 2661 5574 idem
2715 5461 2838 5573 cod).
2896 5515 3145 5578 exhibet,
3187 5508 3316 5564 vitio
3346 5514 3395 5564 et
3423 5507 3569 5566 desi-

2035 5607 2138 5646 no.

2035 5607 2138 5646 νιο.
