  <div class='ocr_page' id='page_1' title='image "/cluster/home/n/w/nwhite01/storage/ocr_20150623/17/hvd.32044096580436/065.png"; bbox 0 0 4150 6194; ppageno 0'>
   <div class='ocr_carea' id='block_1_1' title="bbox 483 266 585 326">
    <p class='ocr_par' dir='ltr' id='par_1_1' title="bbox 483 266 585 326">
     <span class='ocr_line' id='line_1_1' title="bbox 483 266 585 326; baseline 0 -1"><span class='ocrx_word' id='word_1_1' title='bbox 483 266 585 326; x_wconf 82' lang='grc'><strong>119</strong></span> 
     </span>
    </p>
   </div>
   <div class='ocr_carea' id='block_1_2' title="bbox 1502 263 2773 339">
    <p class='ocr_par' dir='ltr' id='par_1_2' title="bbox 1502 263 2773 339">
     <span class='ocr_line' id='line_1_2' title="bbox 1502 263 2773 339; baseline -0.002 -16"><span class='ocrx_word' id='word_1_2' title='bbox 1502 268 1598 323; x_wconf 84' lang='lat' dir='ltr'><strong>AD</strong></span> <span class='ocrx_word' id='word_1_3' title='bbox 1638 265 1874 323; x_wconf 82' lang='lat' dir='ltr'><strong>OPERA</strong></span> <span class='ocrx_word' id='word_1_4' title='bbox 1917 264 1971 320; x_wconf 91' lang='lat' dir='ltr'><strong>S.</strong></span> <span class='ocrx_word' id='word_1_5' title='bbox 2013 263 2773 339; x_wconf 70' lang='lat' dir='ltr'><strong>AMBROSIIAPPENDIX.</strong></span> 
     </span>
    </p>
   </div>
   <div class='ocr_carea' id='block_1_3' title="bbox 3698 258 3802 316">
    <p class='ocr_par' dir='ltr' id='par_1_3' title="bbox 3698 258 3802 316">
     <span class='ocr_line' id='line_1_3' title="bbox 3698 258 3802 316; baseline -0.019 0"><span class='ocrx_word' id='word_1_6' title='bbox 3698 258 3802 316; x_wconf 75' lang='lat'><strong>120</strong></span> 
     </span>
    </p>
   </div>
   <div class='ocr_carea' id='block_1_4' title="bbox 478 387 3805 466">
    <p class='ocr_par' dir='ltr' id='par_1_4' title="bbox 478 387 3805 466">
     <span class='ocr_line' id='line_1_4' title="bbox 478 387 3805 466; baseline -0.002 -16"><span class='ocrx_word' id='word_1_7' title='bbox 478 401 599 450; x_wconf 92' lang='lat' dir='ltr'><strong>tum</strong></span> <span class='ocrx_word' id='word_1_8' title='bbox 629 391 913 451; x_wconf 82' lang='lat' dir='ltr'><strong>hominem</strong></span> <span class='ocrx_word' id='word_1_9' title='bbox 942 392 1079 450; x_wconf 81' lang='lat' dir='ltr'>dicit</span> <span class='ocrx_word' id='word_1_10' title='bbox 1124 408 1370 466; x_wconf 82' lang='lat' dir='ltr'><strong>peccare,</strong></span> <span class='ocrx_word' id='word_1_11' title='bbox 1403 392 1671 450; x_wconf 91' lang='lat' dir='ltr'><strong>immunis</strong></span> <span class='ocrx_word' id='word_1_12' title='bbox 1709 391 1871 448; x_wconf 81' lang='lat' dir='ltr'><strong>debet</strong></span> <span class='ocrx_word' id='word_1_13' title='bbox 1903 390 2083 448; x_wconf 91' lang='lat' dir='ltr'><strong>videri</strong></span> <span class='ocrx_word' id='word_1_14' title='bbox 2114 395 2165 455; x_wconf 81' lang='grc' dir='ltr'>Α</span> <span class='ocrx_word' id='word_1_15' title='bbox 2194 390 2337 460; x_wconf 82' lang='lat' dir='ltr'><strong>duae,</strong></span> <span class='ocrx_word' id='word_1_16' title='bbox 2386 390 2443 446; x_wconf 89' lang='lat' dir='ltr'>id</span> <span class='ocrx_word' id='word_1_17' title='bbox 2489 398 2589 459; x_wconf 91' lang='lat' dir='ltr'><strong>est,</strong></span> <span class='ocrx_word' id='word_1_18' title='bbox 2636 389 2782 447; x_wconf 91' lang='lat' dir='ltr'><strong>bona</strong></span> <span class='ocrx_word' id='word_1_19' title='bbox 2830 398 2885 446; x_wconf 91' lang='lat' dir='ltr'><strong>et</strong></span> <span class='ocrx_word' id='word_1_20' title='bbox 2930 390 3093 446; x_wconf 90' lang='lat' dir='ltr'><strong>mala.</strong></span> <span class='ocrx_word' id='word_1_21' title='bbox 3127 389 3241 445; x_wconf 89' lang='lat' dir='ltr'><strong>Lex</strong></span> <span class='ocrx_word' id='word_1_22' title='bbox 3271 388 3421 445; x_wconf 88' lang='lat' dir='ltr'><strong>enim</strong></span> <span class='ocrx_word' id='word_1_23' title='bbox 3452 389 3653 444; x_wconf 89' lang='lat' dir='ltr'><strong>mentis</strong></span> <span class='ocrx_word' id='word_1_24' title='bbox 3682 387 3805 461; x_wconf 79' lang='lat' dir='ltr'><strong>ipsa</strong></span> 
     </span>
    </p>
   </div>
   <div class='ocr_carea' id='block_1_5' title="bbox 479 481 2085 558">
    <p class='ocr_par' dir='ltr' id='par_1_5' title="bbox 479 481 2085 558">
     <span class='ocr_line' id='line_1_5' title="bbox 479 481 2085 558; baseline -0.002 -16"><span class='ocrx_word' id='word_1_25' title='bbox 479 501 514 542; x_wconf 91' lang='lat' dir='ltr'><strong>a</strong></span> <span class='ocrx_word' id='word_1_26' title='bbox 535 482 788 553; x_wconf 89' lang='lat' dir='ltr'><strong>crimine,</strong></span> <span class='ocrx_word' id='word_1_27' title='bbox 821 482 950 558; x_wconf 84' lang='lat' dir='ltr'><strong>quia</strong></span> <span class='ocrx_word' id='word_1_28' title='bbox 990 482 1097 541; x_wconf 94' lang='lat' dir='ltr'><strong>hoc</strong></span> <span class='ocrx_word' id='word_1_29' title='bbox 1124 482 1257 557; x_wconf 85' lang='lat' dir='ltr'><strong>agit,</strong></span> <span class='ocrx_word' id='word_1_30' title='bbox 1289 483 1437 557; x_wconf 89' lang='lat' dir='ltr'><strong>quod</strong></span> <span class='ocrx_word' id='word_1_31' title='bbox 1467 499 1580 539; x_wconf 91' lang='lat' dir='ltr'><strong>non</strong></span> <span class='ocrx_word' id='word_1_32' title='bbox 1606 481 1749 549; x_wconf 93' lang='lat' dir='ltr'><strong>vult,</strong></span> <span class='ocrx_word' id='word_1_33' title='bbox 1781 496 1999 553; x_wconf 90' lang='lat' dir='ltr'><strong>pressus</strong></span> <span class='ocrx_word' id='word_1_34' title='bbox 2026 481 2085 538; x_wconf 90' lang='lat' dir='ltr'><strong>vi</strong></span> 
     </span>
    </p>
   </div>
   <div class='ocr_carea' id='block_1_6' title="bbox 480 570 2086 649">
    <p class='ocr_par' dir='ltr' id='par_1_6' title="bbox 480 570 2086 649">
     <span class='ocr_line' id='line_1_6' title="bbox 480 570 2086 649; baseline -0.002 -18"><span class='ocrx_word' id='word_1_35' title='bbox 480 572 764 649; x_wconf 77' lang='lat' dir='ltr'><strong>potestatis</strong></span> <span class='ocrx_word' id='word_1_36' title='bbox 785 573 813 630; x_wconf 74' lang='lat' dir='ltr'><strong>‘I</strong></span> <span class='ocrx_word' id='word_1_37' title='bbox 841 574 964 631; x_wconf 89' lang='lat' dir='ltr'><strong>Non</strong></span> <span class='ocrx_word' id='word_1_38' title='bbox 985 573 1216 647; x_wconf 85' lang='lat' dir='ltr'><strong>utique;</strong></span> <span class='ocrx_word' id='word_1_39' title='bbox 1250 573 1423 645; x_wconf 89' lang='lat' dir='ltr'><strong>ipsius</strong></span> <span class='ocrx_word' id='word_1_40' title='bbox 1444 573 1590 628; x_wconf 90' lang='lat' dir='ltr'><strong>enim</strong></span> <span class='ocrx_word' id='word_1_41' title='bbox 1620 570 1763 626; x_wconf 92' lang='lat' dir='ltr'><strong>vitio</strong></span> <span class='ocrx_word' id='word_1_42' title='bbox 1792 578 1847 628; x_wconf 89' lang='lat' dir='ltr'><strong>et</strong></span> <span class='ocrx_word' id='word_1_43' title='bbox 1875 570 2086 628; x_wconf 83' lang='lat' dir='ltr'><strong>desidia</strong></span> 
     </span>
    </p>
   </div>
   <div class='ocr_carea' id='block_1_7' title="bbox 482 663 2086 740">
    <p class='ocr_par' dir='ltr' id='par_1_7' title="bbox 482 663 2086 740">
     <span class='ocr_line' id='line_1_7' title="bbox 482 663 2086 740; baseline -0.003 -17"><span class='ocrx_word' id='word_1_44' title='bbox 482 665 603 725; x_wconf 69' lang='lat' dir='ltr'><strong>haec</strong></span> <span class='ocrx_word' id='word_1_45' title='bbox 643 675 820 740; x_wconf 77' lang='lat' dir='ltr'><strong>coepta</strong></span> <span class='ocrx_word' id='word_1_46' title='bbox 865 674 1014 724; x_wconf 90' lang='lat' dir='ltr'><strong>sunt.</strong></span> <span class='ocrx_word' id='word_1_47' title='bbox 1055 671 1150 730; x_wconf 88' lang='lat'><strong>68</strong></span> <span class='ocrx_word' id='word_1_48' title='bbox 1191 664 1332 733; x_wconf 84' lang='lat' dir='ltr'><strong>Quia</strong></span> <span class='ocrx_word' id='word_1_49' title='bbox 1360 664 1506 721; x_wconf 90' lang='lat' dir='ltr'><strong>enim</strong></span> <span class='ocrx_word' id='word_1_50' title='bbox 1538 663 1878 736; x_wconf 89' lang='lat' dir='ltr'><strong>mancipavit</strong></span> <span class='ocrx_word' id='word_1_51' title='bbox 1905 680 1961 720; x_wconf 90' lang='lat' dir='ltr'><strong>se</strong></span> <span class='ocrx_word' id='word_1_52' title='bbox 1990 680 2086 736; x_wconf 91' lang='lat' dir='ltr'><strong>per</strong></span> 
     </span>
    </p>
   </div>
   <div class='ocr_carea' id='block_1_8' title="bbox 484 760 2085 836">
    <p class='ocr_par' dir='ltr' id='par_1_8' title="bbox 484 760 2085 836">
     <span class='ocr_line' id='line_1_8' title="bbox 484 760 2085 836; baseline -0.004 -15"><span class='ocrx_word' id='word_1_53' title='bbox 484 779 766 821; x_wconf 81' lang='lat' dir='ltr'><strong>assensum</strong></span> <span class='ocrx_word' id='word_1_54' title='bbox 802 772 1044 836; x_wconf 87' lang='lat' dir='ltr'><strong>peccato,</strong></span> <span class='ocrx_word' id='word_1_55' title='bbox 1079 764 1205 836; x_wconf 87' lang='lat' dir='ltr'><strong>jure</strong></span> <span class='ocrx_word' id='word_1_56' title='bbox 1241 762 1395 818; x_wconf 91' lang='lat' dir='ltr'><strong>illius</strong></span> <span class='ocrx_word' id='word_1_57' title='bbox 1441 760 1795 827; x_wconf 87' lang='lat' dir='ltr'><strong>dominatur;</strong></span> <span class='ocrx_word' id='word_1_58' title='bbox 1844 761 2085 832; x_wconf 89' lang='lat' dir='ltr'><strong>primum</strong></span> 
     </span>
    </p>
   </div>
   <div class='ocr_carea' id='block_1_9' title="bbox 486 848 2088 922">
    <p class='ocr_par' dir='ltr' id='par_1_9' title="bbox 486 848 2088 922">
     <span class='ocr_line' id='line_1_9' title="bbox 486 848 2088 922; baseline -0.004 -11"><span class='ocrx_word' id='word_1_59' title='bbox 486 852 636 911; x_wconf 90' lang='lat' dir='ltr'><strong>enim</strong></span> <span class='ocrx_word' id='word_1_60' title='bbox 660 852 873 922; x_wconf 86' lang='lat' dir='ltr'><strong>suadet,</strong></span> <span class='ocrx_word' id='word_1_61' title='bbox 892 860 956 909; x_wconf 91' lang='lat' dir='ltr'><strong>ut</strong></span> <span class='ocrx_word' id='word_1_62' title='bbox 980 853 1131 909; x_wconf 90' lang='lat' dir='ltr'><strong>victo</strong></span> <span class='ocrx_word' id='word_1_63' title='bbox 1152 850 1267 922; x_wconf 89' lang='lat' dir='ltr'><strong>jam</strong></span> <span class='ocrx_word' id='word_1_64' title='bbox 1290 849 1609 905; x_wconf 86' lang='lat' dir='ltr'><strong>dominetur</strong></span> <span class='ocrx_word' id='word_1_65' title='bbox 1632 848 1771 921; x_wconf 90' lang='lat'><strong>(83).</strong></span> <span class='ocrx_word' id='word_1_66' title='bbox 1791 848 2088 921; x_wconf 83' lang='lat' dir='ltr'><strong>Apostolus</strong></span> 
     </span>
    </p>
   </div>
   <div class='ocr_carea' id='block_1_10' title="bbox 486 936 2088 1013">
    <p class='ocr_par' dir='ltr' id='par_1_10' title="bbox 486 936 2088 1013">
     <span class='ocr_line' id='line_1_10' title="bbox 486 936 2088 1013; baseline -0.004 -13"><span class='ocrx_word' id='word_1_67' title='bbox 486 951 671 1000; x_wconf 88' lang='lat' dir='ltr'><strong>autem</strong></span> <span class='ocrx_word' id='word_1_68' title='bbox 729 949 791 997; x_wconf 91' lang='lat' dir='ltr'><strong>ut</strong></span> <span class='ocrx_word' id='word_1_69' title='bbox 836 940 1063 1013; x_wconf 79' lang='lat' dir='ltr'><strong>gratiam</strong></span> <span class='ocrx_word' id='word_1_70' title='bbox 1116 938 1217 996; x_wconf 94' lang='lat' dir='ltr'><strong>Dei</strong></span> <span class='ocrx_word' id='word_1_71' title='bbox 1265 938 1537 1011; x_wconf 63' lang='lat' dir='ltr'><strong>praeferat,</strong></span> <span class='ocrx_word' id='word_1_72' title='bbox 1586 938 1703 994; x_wconf 76' lang='lat' dir='ltr'><strong>haec</strong></span> <span class='ocrx_word' id='word_1_73' title='bbox 1748 937 1976 1010; x_wconf 81' lang='lat' dir='ltr'><strong>exponit</strong></span> <span class='ocrx_word' id='word_1_74' title='bbox 2021 936 2088 993; x_wconf 92' lang='lat' dir='ltr'><strong>de</strong></span> 
     </span>
    </p>
   </div>
   <div class='ocr_carea' id='block_1_11' title="bbox 486 1027 2089 1106">
    <p class='ocr_par' dir='ltr' id='par_1_11' title="bbox 486 1027 2089 1106">
     <span class='ocr_line' id='line_1_11' title="bbox 486 1027 2089 1106; baseline -0.004 -17"><span class='ocrx_word' id='word_1_75' title='bbox 486 1031 707 1106; x_wconf 85' lang='lat' dir='ltr'><strong>quantis</strong></span> <span class='ocrx_word' id='word_1_76' title='bbox 735 1029 895 1085; x_wconf 89' lang='lat' dir='ltr'><strong>malis</strong></span> <span class='ocrx_word' id='word_1_77' title='bbox 942 1028 1226 1085; x_wconf 89' lang='lat' dir='ltr'><strong>hominem</strong></span> <span class='ocrx_word' id='word_1_78' title='bbox 1268 1027 1609 1095; x_wconf 84' lang='lat' dir='ltr'><strong>liberaverit,</strong></span> <span class='ocrx_word' id='word_1_79' title='bbox 1642 1035 1737 1083; x_wconf 89' lang='lat' dir='ltr'><strong>aut</strong></span> <span class='ocrx_word' id='word_1_80' title='bbox 1766 1043 1886 1099; x_wconf 72' lang='lat' dir='ltr'><strong>qum</strong></span> <span class='ocrx_word' id='word_1_81' title='bbox 1917 1027 2089 1083; x_wconf 84' lang='lat' dir='ltr'><strong>exitia</strong></span> 
     </span>
    </p>
   </div>
   <div class='ocr_carea' id='block_1_12' title="bbox 486 1114 2086 1190">
    <p class='ocr_par' dir='ltr' id='par_1_12' title="bbox 486 1114 2086 1190">
     <span class='ocr_line' id='line_1_12' title="bbox 486 1114 2086 1190; baseline -0.003 -13"><span class='ocrx_word' id='word_1_82' title='bbox 486 1138 556 1177; x_wconf 89' lang='lat' dir='ltr'><strong>ex</strong></span> <span class='ocrx_word' id='word_1_83' title='bbox 586 1119 763 1176; x_wconf 86' lang='lat' dir='ltr'><strong>Adam</strong></span> <span class='ocrx_word' id='word_1_84' title='bbox 790 1116 985 1185; x_wconf 87' lang='lat' dir='ltr'><strong>trahit,</strong></span> <span class='ocrx_word' id='word_1_85' title='bbox 1039 1133 1161 1190; x_wconf 83' lang='lat' dir='ltr'><strong>quae</strong></span> <span class='ocrx_word' id='word_1_86' title='bbox 1204 1131 1341 1171; x_wconf 87' lang='lat' dir='ltr'><strong>vero</strong></span> <span class='ocrx_word' id='word_1_87' title='bbox 1384 1114 1655 1172; x_wconf 90' lang='lat' dir='ltr'><strong>beneﬁcia</strong></span> <span class='ocrx_word' id='word_1_88' title='bbox 1681 1132 1778 1188; x_wconf 92' lang='lat' dir='ltr'><strong>per</strong></span> <span class='ocrx_word' id='word_1_89' title='bbox 1806 1115 2086 1173; x_wconf 88' lang='lat' dir='ltr'><strong>Christum</strong></span> 
     </span>
    </p>
   </div>
   <div class='ocr_carea' id='block_1_13' title="bbox 485 1203 2089 1277">
    <p class='ocr_par' dir='ltr' id='par_1_13' title="bbox 485 1203 2089 1277">
     <span class='ocr_line' id='line_1_13' title="bbox 485 1203 2089 1277; baseline -0.003 -11"><span class='ocrx_word' id='word_1_90' title='bbox 485 1214 813 1266; x_wconf 84' lang='lat' dir='ltr'><strong>consecutus</strong></span> <span class='ocrx_word' id='word_1_91' title='bbox 858 1214 940 1261; x_wconf 90' lang='lat' dir='ltr'><strong>est</strong></span> <span class='ocrx_word' id='word_1_92' title='bbox 980 1223 993 1261; x_wconf 92' lang='lat'><strong>:</strong></span> <span class='ocrx_word' id='word_1_93' title='bbox 1043 1212 1106 1260; x_wconf 91' lang='lat' dir='ltr'><strong>ut</strong></span> <span class='ocrx_word' id='word_1_94' title='bbox 1135 1203 1225 1261; x_wconf 90' lang='lat' dir='ltr'><strong>cui</strong></span> <span class='ocrx_word' id='word_1_95' title='bbox 1257 1221 1361 1262; x_wconf 91' lang='lat' dir='ltr'><strong>nec</strong></span> <span class='ocrx_word' id='word_1_96' title='bbox 1406 1204 1497 1260; x_wconf 91' lang='lat' dir='ltr'><strong>lex</strong></span> <span class='ocrx_word' id='word_1_97' title='bbox 1528 1203 1748 1277; x_wconf 90' lang='lat' dir='ltr'><strong>quidem</strong></span> <span class='ocrx_word' id='word_1_98' title='bbox 1794 1204 2089 1261; x_wconf 92' lang='lat' dir='ltr'><strong>subvenire</strong></span> 
     </span>
    </p>
   </div>
   <div class='ocr_carea' id='block_1_14' title="bbox 486 1294 1133 1371">
    <p class='ocr_par' dir='ltr' id='par_1_14' title="bbox 486 1294 1133 1371">
     <span class='ocr_line' id='line_1_14' title="bbox 486 1294 1133 1371; baseline -0.008 -17"><span class='ocrx_word' id='word_1_99' title='bbox 486 1296 686 1371; x_wconf 89' lang='lat' dir='ltr'><strong>potuit,</strong></span> <span class='ocrx_word' id='word_1_100' title='bbox 713 1294 1133 1352; x_wconf 84' lang='lat' dir='ltr'><strong>demonstraret.</strong></span> 
     </span>
    </p>
   </div>
   <div class='ocr_carea' id='block_1_15' title="bbox 561 1380 2088 1455">
    <p class='ocr_par' dir='ltr' id='par_1_15' title="bbox 561 1380 2088 1455">
     <span class='ocr_line' id='line_1_15' title="bbox 561 1380 2088 1455; baseline -0.001 -14"><span class='ocrx_word' id='word_1_101' title='bbox 561 1383 744 1455; x_wconf 84' lang='lat' dir='ltr'><strong>(Vers.</strong></span> <span class='ocrx_word' id='word_1_102' title='bbox 778 1381 894 1453; x_wconf 78' lang='lat' dir='ltr'><strong>2i.)</strong></span> <span class='ocrx_word' id='word_1_103' title='bbox 949 1405 969 1430; x_wconf 85' lang='grc'><strong><em>‹</em></strong></span> <span class='ocrx_word' id='word_1_104' title='bbox 1011 1380 1242 1438; x_wconf 89' lang='lat' dir='ltr'><strong>Invenio</strong></span> <span class='ocrx_word' id='word_1_105' title='bbox 1274 1380 1445 1454; x_wconf 83' lang='lat' dir='ltr'><strong>igitur</strong></span> <span class='ocrx_word' id='word_1_106' title='bbox 1495 1381 1667 1453; x_wconf 83' lang='lat' dir='ltr'><strong>legem</strong></span> <span class='ocrx_word' id='word_1_107' title='bbox 1709 1382 1920 1439; x_wconf 91' lang='lat' dir='ltr'><strong>volenti</strong></span> <span class='ocrx_word' id='word_1_108' title='bbox 1949 1382 2088 1439; x_wconf 92' lang='lat' dir='ltr'><strong>mihi</strong></span> 
     </span>
    </p>
   </div>
   <div class='ocr_carea' id='block_1_16' title="bbox 486 1472 2087 1550">
    <p class='ocr_par' dir='ltr' id='par_1_16' title="bbox 486 1472 2087 1550">
     <span class='ocr_line' id='line_1_16' title="bbox 486 1472 2087 1550; baseline 0.001 -18"><span class='ocrx_word' id='word_1_109' title='bbox 486 1477 664 1533; x_wconf 90' lang='lat' dir='ltr'><strong>facere</strong></span> <span class='ocrx_word' id='word_1_110' title='bbox 716 1474 947 1543; x_wconf 91' lang='lat' dir='ltr'><strong>bonum,</strong></span> <span class='ocrx_word' id='word_1_111' title='bbox 998 1474 1129 1548; x_wconf 88' lang='lat' dir='ltr'><strong>quia</strong></span> <span class='ocrx_word' id='word_1_112' title='bbox 1174 1473 1321 1530; x_wconf 89' lang='lat' dir='ltr'><strong>inest</strong></span> <span class='ocrx_word' id='word_1_113' title='bbox 1361 1472 1502 1530; x_wconf 88' lang='lat' dir='ltr'><strong>mihi</strong></span> <span class='ocrx_word' id='word_1_114' title='bbox 1551 1476 1778 1532; x_wconf 91' lang='lat' dir='ltr'><strong>malum.</strong></span> <span class='ocrx_word' id='word_1_115' title='bbox 1824 1500 1844 1525; x_wconf 76' lang='grc' dir='ltr'><strong><em>ι</em></strong></span> <span class='ocrx_word' id='word_1_116' title='bbox 1891 1477 2087 1550; x_wconf 87' lang='lat' dir='ltr'><strong>Legem</strong></span> 
     </span>
    </p>
   </div>
   <div class='ocr_carea' id='block_1_17' title="bbox 486 1562 2091 1637">
    <p class='ocr_par' dir='ltr' id='par_1_17' title="bbox 486 1562 2091 1637">
     <span class='ocr_line' id='line_1_17' title="bbox 486 1562 2091 1637; baseline -0.001 -14"><span class='ocrx_word' id='word_1_117' title='bbox 486 1563 667 1637; x_wconf 87' lang='lat' dir='ltr'><strong>Moysi</strong></span> <span class='ocrx_word' id='word_1_118' title='bbox 701 1563 894 1620; x_wconf 89' lang='lat' dir='ltr'><strong>asserit</strong></span> <span class='ocrx_word' id='word_1_119' title='bbox 924 1563 1201 1619; x_wconf 84' lang='lat' dir='ltr'><strong>voluntati</strong></span> <span class='ocrx_word' id='word_1_120' title='bbox 1240 1580 1353 1619; x_wconf 59' lang='lat' dir='ltr'><strong>sure</strong></span> <span class='ocrx_word' id='word_1_121' title='bbox 1382 1562 1511 1619; x_wconf 91' lang='lat' dir='ltr'><strong>dare</strong></span> <span class='ocrx_word' id='word_1_122' title='bbox 1540 1580 1867 1621; x_wconf 85' lang='lat' dir='ltr'><strong>consensum</strong></span> <span class='ocrx_word' id='word_1_123' title='bbox 1898 1575 2091 1623; x_wconf 93' lang='lat' dir='ltr'><strong>contra</strong></span> 
     </span>
    </p>
   </div>
   <div class='ocr_carea' id='block_1_18' title="bbox 488 1652 2090 1729">
    <p class='ocr_par' dir='ltr' id='par_1_18' title="bbox 488 1652 2090 1729">
     <span class='ocr_line' id='line_1_18' title="bbox 488 1652 2090 1729; baseline 0.001 -19"><span class='ocrx_word' id='word_1_124' title='bbox 488 1660 769 1727; x_wconf 89' lang='lat' dir='ltr'><strong>peccatum</strong></span> <span class='ocrx_word' id='word_1_125' title='bbox 814 1652 962 1726; x_wconf 89' lang='lat' dir='ltr'><strong>quod</strong></span> <span class='ocrx_word' id='word_1_126' title='bbox 996 1653 1054 1708; x_wconf 92' lang='lat' dir='ltr'><strong>in</strong></span> <span class='ocrx_word' id='word_1_127' title='bbox 1096 1668 1259 1709; x_wconf 90' lang='lat' dir='ltr'><strong>carne</strong></span> <span class='ocrx_word' id='word_1_128' title='bbox 1305 1652 1541 1721; x_wconf 87' lang='lat' dir='ltr'><strong>habitat,</strong></span> <span class='ocrx_word' id='word_1_129' title='bbox 1586 1654 1734 1727; x_wconf 88' lang='lat' dir='ltr'><strong>quod</strong></span> <span class='ocrx_word' id='word_1_130' title='bbox 1764 1653 1914 1710; x_wconf 88' lang='lat' dir='ltr'><strong>aliud</strong></span> <span class='ocrx_word' id='word_1_131' title='bbox 1942 1657 2090 1729; x_wconf 89' lang='lat' dir='ltr'><strong>cogit</strong></span> 
     </span>
    </p>
   </div>
   <div class='ocr_carea' id='block_1_19' title="bbox 486 1740 1657 1815">
    <p class='ocr_par' dir='ltr' id='par_1_19' title="bbox 486 1740 1657 1815">
     <span class='ocr_line' id='line_1_19' title="bbox 486 1740 1657 1815; baseline -0.002 -15"><span class='ocrx_word' id='word_1_132' title='bbox 486 1742 685 1811; x_wconf 84' lang='lat' dir='ltr'><strong>facere,</strong></span> <span class='ocrx_word' id='word_1_133' title='bbox 716 1758 880 1815; x_wconf 90' lang='lat' dir='ltr'><strong>quam</strong></span> <span class='ocrx_word' id='word_1_134' title='bbox 910 1740 1059 1815; x_wconf 90' lang='lat' dir='ltr'><strong>quod</strong></span> <span class='ocrx_word' id='word_1_135' title='bbox 1095 1742 1219 1798; x_wconf 90' lang='lat' dir='ltr'><strong>vult</strong></span> <span class='ocrx_word' id='word_1_136' title='bbox 1244 1741 1416 1797; x_wconf 92' lang='lat' dir='ltr'><strong>homo</strong></span> <span class='ocrx_word' id='word_1_137' title='bbox 1456 1750 1510 1798; x_wconf 92' lang='lat' dir='ltr'><strong>et</strong></span> <span class='ocrx_word' id='word_1_138' title='bbox 1548 1743 1657 1799; x_wconf 85' lang='lat' dir='ltr'><strong>lex.</strong></span> 
     </span>
    </p>
   </div>
   <div class='ocr_carea' id='block_1_20' title="bbox 562 1830 2085 1904">
    <p class='ocr_par' dir='ltr' id='par_1_20' title="bbox 562 1830 2085 1904">
     <span class='ocr_line' id='line_1_20' title="bbox 562 1830 2085 1904; baseline 0.002 -17"><span class='ocrx_word' id='word_1_139' title='bbox 562 1831 745 1902; x_wconf 87' lang='lat' dir='ltr'><strong>(Vers.</strong></span> <span class='ocrx_word' id='word_1_140' title='bbox 768 1830 886 1903; x_wconf 88' lang='lat'><strong>22.)</strong></span> <span class='ocrx_word' id='word_1_141' title='bbox 925 1854 944 1878; x_wconf 74' lang='grc' dir='ltr'><strong><em>ι</em></strong></span> <span class='ocrx_word' id='word_1_142' title='bbox 973 1830 1336 1888; x_wconf 90' lang='lat' dir='ltr'><strong>Condelector</strong></span> <span class='ocrx_word' id='word_1_143' title='bbox 1358 1830 1506 1886; x_wconf 91' lang='lat' dir='ltr'><strong>enim</strong></span> <span class='ocrx_word' id='word_1_144' title='bbox 1530 1830 1634 1904; x_wconf 90' lang='lat' dir='ltr'><strong>legi</strong></span> <span class='ocrx_word' id='word_1_145' title='bbox 1660 1831 1762 1888; x_wconf 92' lang='lat' dir='ltr'><strong>Dei</strong></span> <span class='ocrx_word' id='word_1_146' title='bbox 1781 1832 2085 1890; x_wconf 91' lang='lat' dir='ltr'><strong>secundum</strong></span> 
     </span>
    </p>
   </div>
   <div class='ocr_carea' id='block_1_21' title="bbox 489 1919 2084 1993">
    <p class='ocr_par' dir='ltr' id='par_1_21' title="bbox 489 1919 2084 1993">
     <span class='ocr_line' id='line_1_21' title="bbox 489 1919 2084 1993; baseline 0.001 -16"><span class='ocrx_word' id='word_1_147' title='bbox 489 1920 807 1978; x_wconf 89' lang='lat' dir='ltr'><strong>interiorem</strong></span> <span class='ocrx_word' id='word_1_148' title='bbox 836 1919 1143 1977; x_wconf 92' lang='lat' dir='ltr'><strong>hominem.</strong></span> <span class='ocrx_word' id='word_1_149' title='bbox 1166 1944 1185 1969; x_wconf 71' lang='grc' dir='ltr'><strong>ι</strong></span> <span class='ocrx_word' id='word_1_150' title='bbox 1223 1919 1491 1977; x_wconf 87' lang='lat' dir='ltr'><strong>Animum</strong></span> <span class='ocrx_word' id='word_1_151' title='bbox 1522 1920 1610 1977; x_wconf 90' lang='lat' dir='ltr'><strong>his</strong></span> <span class='ocrx_word' id='word_1_152' title='bbox 1639 1921 1902 1979; x_wconf 89' lang='lat' dir='ltr'><strong>oblectari</strong></span> <span class='ocrx_word' id='word_1_153' title='bbox 1927 1922 2084 1993; x_wconf 90' lang='lat' dir='ltr'><strong>dicit,</strong></span> 
     </span>
    </p>
   </div>
   <div class='ocr_carea' id='block_1_22' title="bbox 489 2009 2091 2085">
    <p class='ocr_par' dir='ltr' id='par_1_22' title="bbox 489 2009 2091 2085">
     <span class='ocr_line' id='line_1_22' title="bbox 489 2009 2091 2085; baseline 0.002 -19"><span class='ocrx_word' id='word_1_154' title='bbox 489 2026 664 2085; x_wconf 84' lang='lat' dir='ltr'><strong>quaea</strong></span> <span class='ocrx_word' id='word_1_155' title='bbox 701 2010 817 2082; x_wconf 86' lang='lat' dir='ltr'><strong>lege</strong></span> <span class='ocrx_word' id='word_1_156' title='bbox 853 2009 1187 2066; x_wconf 89' lang='lat' dir='ltr'><strong>traduntur:</strong></span> <span class='ocrx_word' id='word_1_157' title='bbox 1236 2009 1330 2067; x_wconf 91' lang='lat' dir='ltr'><strong>hic</strong></span> <span class='ocrx_word' id='word_1_158' title='bbox 1357 2016 1438 2067; x_wconf 89' lang='lat' dir='ltr'><strong>est</strong></span> <span class='ocrx_word' id='word_1_159' title='bbox 1471 2009 1705 2067; x_wconf 89' lang='lat' dir='ltr'><strong>interior</strong></span> <span class='ocrx_word' id='word_1_160' title='bbox 1733 2009 1922 2080; x_wconf 90' lang='lat' dir='ltr'><strong>homo,</strong></span> <span class='ocrx_word' id='word_1_161' title='bbox 1958 2011 2091 2085; x_wconf 83' lang='lat' dir='ltr'><strong>quia</strong></span> 
     </span>
    </p>
   </div>
   <div class='ocr_carea' id='block_1_23' title="bbox 489 2097 2088 2173">
    <p class='ocr_par' dir='ltr' id='par_1_23' title="bbox 489 2097 2088 2173">
     <span class='ocr_line' id='line_1_23' title="bbox 489 2097 2088 2173; baseline 0.001 -18"><span class='ocrx_word' id='word_1_162' title='bbox 489 2114 601 2156; x_wconf 93' lang='lat' dir='ltr'><strong>non</strong></span> <span class='ocrx_word' id='word_1_163' title='bbox 630 2098 689 2154; x_wconf 93' lang='lat' dir='ltr'><strong>in</strong></span> <span class='ocrx_word' id='word_1_164' title='bbox 718 2097 906 2155; x_wconf 91' lang='lat' dir='ltr'><strong>animo</strong></span> <span class='ocrx_word' id='word_1_165' title='bbox 934 2097 1148 2156; x_wconf 85' lang='lat' dir='ltr'><strong>habitat</strong></span> <span class='ocrx_word' id='word_1_166' title='bbox 1174 2105 1482 2172; x_wconf 90' lang='lat' dir='ltr'><strong>peccatum,</strong></span> <span class='ocrx_word' id='word_1_167' title='bbox 1530 2097 1626 2155; x_wconf 88' lang='lat' dir='ltr'><strong>sed</strong></span> <span class='ocrx_word' id='word_1_168' title='bbox 1654 2099 1712 2155; x_wconf 93' lang='lat' dir='ltr'><strong>in</strong></span> <span class='ocrx_word' id='word_1_169' title='bbox 1744 2115 1929 2168; x_wconf 89' lang='lat' dir='ltr'><strong>carne,</strong></span> <span class='ocrx_word' id='word_1_170' title='bbox 1967 2116 2088 2173; x_wconf 61' lang='lat' dir='ltr'><strong>qua</strong></span> 
     </span>
    </p>
   </div>
   <div class='ocr_carea' id='block_1_24' title="bbox 490 2188 2088 2263">
    <p class='ocr_par' dir='ltr' id='par_1_24' title="bbox 490 2188 2088 2263">
     <span class='ocr_line' id='line_1_24' title="bbox 490 2188 2088 2263; baseline 0.001 -17"><span class='ocrx_word' id='word_1_171' title='bbox 490 2196 573 2246; x_wconf 89' lang='lat' dir='ltr'><strong>est</strong></span> <span class='ocrx_word' id='word_1_172' title='bbox 625 2205 697 2246; x_wconf 90' lang='lat' dir='ltr'><strong>ex</strong></span> <span class='ocrx_word' id='word_1_173' title='bbox 747 2188 961 2263; x_wconf 91' lang='lat' dir='ltr'><strong>origine</strong></span> <span class='ocrx_word' id='word_1_174' title='bbox 1002 2190 1185 2247; x_wconf 89' lang='lat' dir='ltr'><strong>carnis</strong></span> <span class='ocrx_word' id='word_1_175' title='bbox 1213 2189 1444 2263; x_wconf 87' lang='lat' dir='ltr'><strong>peccati,</strong></span> <span class='ocrx_word' id='word_1_176' title='bbox 1499 2197 1552 2245; x_wconf 94' lang='lat' dir='ltr'><strong>et</strong></span> <span class='ocrx_word' id='word_1_177' title='bbox 1583 2206 1680 2262; x_wconf 91' lang='lat' dir='ltr'><strong>per</strong></span> <span class='ocrx_word' id='word_1_178' title='bbox 1716 2190 1998 2247; x_wconf 87' lang='lat' dir='ltr'><strong>traducem</strong></span> <span class='ocrx_word' id='word_1_179' title='bbox 2026 2190 2088 2247; x_wconf 85' lang='lat' dir='ltr'><strong>ﬁt</strong></span> 
     </span>
    </p>
   </div>
   <div class='ocr_carea' id='block_1_25' title="bbox 491 2277 2090 2352">
    <p class='ocr_par' dir='ltr' id='par_1_25' title="bbox 491 2277 2090 2352">
     <span class='ocr_line' id='line_1_25' title="bbox 491 2277 2090 2352; baseline 0.001 -17"><span class='ocrx_word' id='word_1_180' title='bbox 491 2277 675 2335; x_wconf 90' lang='lat' dir='ltr'><strong>omnis</strong></span> <span class='ocrx_word' id='word_1_181' title='bbox 700 2294 828 2335; x_wconf 87' lang='lat' dir='ltr'><strong>caro</strong></span> <span class='ocrx_word' id='word_1_182' title='bbox 860 2278 1089 2352; x_wconf 89' lang='lat' dir='ltr'><strong>peccati.</strong></span> <span class='ocrx_word' id='word_1_183' title='bbox 1113 2278 1169 2335; x_wconf 91' lang='lat' dir='ltr'><strong>Si</strong></span> <span class='ocrx_word' id='word_1_184' title='bbox 1200 2278 1348 2335; x_wconf 90' lang='lat' dir='ltr'><strong>enim</strong></span> <span class='ocrx_word' id='word_1_185' title='bbox 1380 2279 1567 2335; x_wconf 91' lang='lat' dir='ltr'><strong>anima</strong></span> <span class='ocrx_word' id='word_1_186' title='bbox 1598 2279 1666 2336; x_wconf 91' lang='lat' dir='ltr'><strong>de</strong></span> <span class='ocrx_word' id='word_1_187' title='bbox 1696 2279 1919 2336; x_wconf 82' lang='lat' dir='ltr'><strong>traduce</strong></span> <span class='ocrx_word' id='word_1_188' title='bbox 1950 2287 2090 2336; x_wconf 87' lang='lat' dir='ltr'><strong>esset</strong></span> 
     </span>
    </p>
   </div>
   <div class='ocr_carea' id='block_1_26' title="bbox 490 2366 2090 2441">
    <p class='ocr_par' dir='ltr' id='par_1_26' title="bbox 490 2366 2090 2441">
     <span class='ocr_line' id='line_1_26' title="bbox 490 2366 2090 2441; baseline 0.001 -17"><span class='ocrx_word' id='word_1_189' title='bbox 490 2375 546 2424; x_wconf 91' lang='lat' dir='ltr'><strong>et</strong></span> <span class='ocrx_word' id='word_1_190' title='bbox 573 2367 711 2441; x_wconf 85' lang='lat' dir='ltr'><strong>ipsa,</strong></span> <span class='ocrx_word' id='word_1_191' title='bbox 741 2375 796 2423; x_wconf 90' lang='lat' dir='ltr'><strong>et</strong></span> <span class='ocrx_word' id='word_1_192' title='bbox 824 2367 884 2424; x_wconf 91' lang='lat' dir='ltr'><strong>in</strong></span> <span class='ocrx_word' id='word_1_193' title='bbox 910 2367 1028 2440; x_wconf 77' lang='lat' dir='ltr'><strong>ipsa</strong></span> <span class='ocrx_word' id='word_1_194' title='bbox 1073 2366 1349 2425; x_wconf 84' lang='lat' dir='ltr'><strong>habitaret</strong></span> <span class='ocrx_word' id='word_1_195' title='bbox 1395 2375 1702 2441; x_wconf 89' lang='lat' dir='ltr'><strong>peccatum,</strong></span> <span class='ocrx_word' id='word_1_196' title='bbox 1748 2368 1878 2441; x_wconf 84' lang='lat' dir='ltr'><strong>quia</strong></span> <span class='ocrx_word' id='word_1_197' title='bbox 1907 2369 2090 2425; x_wconf 90' lang='lat' dir='ltr'><strong>anima</strong></span> 
     </span>
    </p>
   </div>
   <div class='ocr_carea' id='block_1_27' title="bbox 490 2455 2089 2531">
    <p class='ocr_par' dir='ltr' id='par_1_27' title="bbox 490 2455 2089 2531">
     <span class='ocr_line' id='line_1_27' title="bbox 490 2455 2089 2531; baseline 0 -18"><span class='ocrx_word' id='word_1_198' title='bbox 490 2456 626 2514; x_wconf 73' lang='lat' dir='ltr'><strong>Adae</strong></span> <span class='ocrx_word' id='word_1_199' title='bbox 664 2455 839 2529; x_wconf 88' lang='lat' dir='ltr'><strong>magis</strong></span> <span class='ocrx_word' id='word_1_200' title='bbox 880 2456 1150 2528; x_wconf 85' lang='lat' dir='ltr'><strong>peccavit,</strong></span> <span class='ocrx_word' id='word_1_201' title='bbox 1194 2473 1358 2530; x_wconf 88' lang='lat' dir='ltr'><strong>quam</strong></span> <span class='ocrx_word' id='word_1_202' title='bbox 1401 2473 1635 2530; x_wconf 88' lang='lat' dir='ltr'><strong>corpus:</strong></span> <span class='ocrx_word' id='word_1_203' title='bbox 1669 2458 1766 2515; x_wconf 90' lang='lat' dir='ltr'><strong>sed</strong></span> <span class='ocrx_word' id='word_1_204' title='bbox 1806 2465 2089 2531; x_wconf 88' lang='lat' dir='ltr'><strong>peccatum</strong></span> 
     </span>
    </p>
   </div>
   <div class='ocr_carea' id='block_1_28' title="bbox 490 2545 2092 2619">
    <p class='ocr_par' dir='ltr' id='par_1_28' title="bbox 490 2545 2092 2619">
     <span class='ocr_line' id='line_1_28' title="bbox 490 2545 2092 2619; baseline 0.001 -17"><span class='ocrx_word' id='word_1_205' title='bbox 490 2545 690 2603; x_wconf 84' lang='lat' dir='ltr'><strong>animae</strong></span> <span class='ocrx_word' id='word_1_206' title='bbox 733 2546 981 2619; x_wconf 88' lang='lat' dir='ltr'><strong>corrupit</strong></span> <span class='ocrx_word' id='word_1_207' title='bbox 1025 2562 1243 2619; x_wconf 89' lang='lat' dir='ltr'><strong>corpus.</strong></span> <span class='ocrx_word' id='word_1_208' title='bbox 1291 2547 1356 2603; x_wconf 92' lang='lat' dir='ltr'><strong>In</strong></span> <span class='ocrx_word' id='word_1_209' title='bbox 1385 2562 1549 2603; x_wconf 88' lang='lat' dir='ltr'><strong>carne</strong></span> <span class='ocrx_word' id='word_1_210' title='bbox 1577 2563 1706 2618; x_wconf 88' lang='lat' dir='ltr'><strong>ergo</strong></span> <span class='ocrx_word' id='word_1_211' title='bbox 1734 2548 1852 2619; x_wconf 74' lang='grc'>(84)</span> <span class='ocrx_word' id='word_1_212' title='bbox 1881 2547 2092 2604; x_wconf 90' lang='lat' dir='ltr'><strong>habitat</strong></span> 
     </span>
    </p>
   </div>
   <div class='ocr_carea' id='block_1_29' title="bbox 492 2633 2091 2710">
    <p class='ocr_par' dir='ltr' id='par_1_29' title="bbox 492 2633 2091 2710">
     <span class='ocr_line' id='line_1_29' title="bbox 492 2633 2091 2710; baseline 0.001 -19"><span class='ocrx_word' id='word_1_213' title='bbox 492 2642 777 2710; x_wconf 89' lang='lat' dir='ltr'><strong>peccatum</strong></span> <span class='ocrx_word' id='word_1_214' title='bbox 797 2636 954 2708; x_wconf 90' lang='lat' dir='ltr'><strong>quasi</strong></span> <span class='ocrx_word' id='word_1_215' title='bbox 983 2634 1052 2690; x_wconf 91' lang='lat' dir='ltr'><strong>ad</strong></span> <span class='ocrx_word' id='word_1_216' title='bbox 1076 2633 1274 2706; x_wconf 89' lang='lat' dir='ltr'><strong>januas</strong></span> <span class='ocrx_word' id='word_1_217' title='bbox 1304 2636 1524 2705; x_wconf 62' lang='lat' dir='ltr'><strong>animae,</strong></span> <span class='ocrx_word' id='word_1_218' title='bbox 1545 2643 1608 2692; x_wconf 93' lang='lat' dir='ltr'><strong>ut</strong></span> <span class='ocrx_word' id='word_1_219' title='bbox 1634 2653 1748 2692; x_wconf 91' lang='lat' dir='ltr'><strong>non</strong></span> <span class='ocrx_word' id='word_1_220' title='bbox 1778 2636 1930 2692; x_wconf 87' lang='lat' dir='ltr'><strong>illam</strong></span> <span class='ocrx_word' id='word_1_221' title='bbox 1957 2653 2091 2709; x_wconf 90' lang='lat' dir='ltr'><strong>per-</strong></span> 
     </span>
    </p>
   </div>
   <div class='ocr_carea' id='block_1_30' title="bbox 491 2723 2089 2796">
    <p class='ocr_par' dir='ltr' id='par_1_30' title="bbox 491 2723 2089 2796">
     <span class='ocr_line' id='line_1_30' title="bbox 491 2723 2089 2796; baseline 0.002 -17"><span class='ocrx_word' id='word_1_222' title='bbox 491 2723 677 2780; x_wconf 89' lang='lat' dir='ltr'><strong>mittat</strong></span> <span class='ocrx_word' id='word_1_223' title='bbox 720 2723 802 2779; x_wconf 89' lang='lat' dir='ltr'><strong>ire</strong></span> <span class='ocrx_word' id='word_1_224' title='bbox 832 2738 942 2796; x_wconf 90' lang='lat' dir='ltr'><strong>quo</strong></span> <span class='ocrx_word' id='word_1_225' title='bbox 977 2725 1117 2780; x_wconf 90' lang='lat' dir='ltr'><strong>vult.</strong></span> <span class='ocrx_word' id='word_1_226' title='bbox 1162 2726 1226 2780; x_wconf 88' lang='lat' dir='ltr'><strong>In</strong></span> <span class='ocrx_word' id='word_1_227' title='bbox 1271 2725 1457 2781; x_wconf 92' lang='lat' dir='ltr'><strong>anima</strong></span> <span class='ocrx_word' id='word_1_228' title='bbox 1509 2732 1692 2782; x_wconf 89' lang='lat' dir='ltr'><strong>autem</strong></span> <span class='ocrx_word' id='word_1_229' title='bbox 1722 2726 1770 2782; x_wconf 96' lang='lat' dir='ltr'><strong>si</strong></span> <span class='ocrx_word' id='word_1_230' title='bbox 1798 2725 2089 2794; x_wconf 85' lang='lat' dir='ltr'><strong>habitaret,</strong></span> 
     </span>
    </p>
   </div>
   <div class='ocr_carea' id='block_1_31' title="bbox 490 2814 2091 2887">
    <p class='ocr_par' dir='ltr' id='par_1_31' title="bbox 490 2814 2091 2887">
     <span class='ocr_line' id='line_1_31' title="bbox 490 2814 2091 2887; baseline 0.002 -19"><span class='ocrx_word' id='word_1_231' title='bbox 490 2828 774 2885; x_wconf 88' lang='lat' dir='ltr'><strong>nunquam</strong></span> <span class='ocrx_word' id='word_1_232' title='bbox 803 2829 862 2869; x_wconf 90' lang='lat' dir='ltr'><strong>se</strong></span> <span class='ocrx_word' id='word_1_233' title='bbox 890 2821 1240 2886; x_wconf 87' lang='lat' dir='ltr'><strong>cognosceret</strong></span> <span class='ocrx_word' id='word_1_234' title='bbox 1290 2814 1407 2887; x_wconf 80' lang='lat'><strong>(85)</strong></span> <span class='ocrx_word' id='word_1_235' title='bbox 1459 2814 1627 2871; x_wconf 92' lang='lat' dir='ltr'><strong>homo</strong></span> <span class='ocrx_word' id='word_1_236' title='bbox 1670 2831 1682 2869; x_wconf 92' lang='lat'>:</span> <span class='ocrx_word' id='word_1_237' title='bbox 1729 2831 1881 2873; x_wconf 91' lang='lat' dir='ltr'><strong>nunc</strong></span> <span class='ocrx_word' id='word_1_238' title='bbox 1906 2822 2091 2871; x_wconf 88' lang='lat' dir='ltr'><strong>autem</strong></span> 
     </span>
    </p>
   </div>
   <div class='ocr_carea' id='block_1_32' title="bbox 489 2902 1667 2975">
    <p class='ocr_par' dir='ltr' id='par_1_32' title="bbox 489 2902 1667 2975">
     <span class='ocr_line' id='line_1_32' title="bbox 489 2902 1667 2975; baseline 0.001 -17"><span class='ocrx_word' id='word_1_239' title='bbox 489 2902 773 2974; x_wconf 86' lang='lat' dir='ltr'><strong>cognoscit</strong></span> <span class='ocrx_word' id='word_1_240' title='bbox 793 2917 870 2971; x_wconf 89' lang='lat' dir='ltr'><strong>se,</strong></span> <span class='ocrx_word' id='word_1_241' title='bbox 900 2910 955 2958; x_wconf 91' lang='lat' dir='ltr'><strong>et</strong></span> <span class='ocrx_word' id='word_1_242' title='bbox 978 2902 1388 2960; x_wconf 89' lang='lat' dir='ltr'><strong>condelectatur</strong></span> <span class='ocrx_word' id='word_1_243' title='bbox 1414 2903 1519 2975; x_wconf 90' lang='lat' dir='ltr'><strong>legi</strong></span> <span class='ocrx_word' id='word_1_244' title='bbox 1547 2904 1667 2960; x_wconf 91' lang='lat' dir='ltr'><strong>Dei.</strong></span> 
     </span>
    </p>
   </div>
   <div class='ocr_carea' id='block_1_33' title="bbox 566 2990 2090 3064">
    <p class='ocr_par' dir='ltr' id='par_1_33' title="bbox 566 2990 2090 3064">
     <span class='ocr_line' id='line_1_33' title="bbox 566 2990 2090 3064; baseline 0 -15"><span class='ocrx_word' id='word_1_245' title='bbox 566 2992 751 3063; x_wconf 81' lang='lat' dir='ltr'><strong>(Vers.</strong></span> <span class='ocrx_word' id='word_1_246' title='bbox 781 2990 897 3063; x_wconf 87' lang='lat'><strong>23.)</strong></span> <span class='ocrx_word' id='word_1_247' title='bbox 952 3015 972 3039; x_wconf 77' lang='grc' dir='ltr'>ι</span> <span class='ocrx_word' id='word_1_248' title='bbox 1000 2992 1176 3048; x_wconf 81' lang='lat' dir='ltr'><strong>Video</strong></span> <span class='ocrx_word' id='word_1_249' title='bbox 1204 3000 1389 3047; x_wconf 91' lang='lat' dir='ltr'><strong>autem</strong></span> <span class='ocrx_word' id='word_1_250' title='bbox 1418 2993 1583 3047; x_wconf 91' lang='lat' dir='ltr'><strong>aliam</strong></span> <span class='ocrx_word' id='word_1_251' title='bbox 1613 2993 1788 3064; x_wconf 91' lang='lat' dir='ltr'><strong>legem</strong></span> <span class='ocrx_word' id='word_1_252' title='bbox 1817 2994 1876 3049; x_wconf 90' lang='lat' dir='ltr'><strong>in</strong></span> <span class='ocrx_word' id='word_1_253' title='bbox 1906 3009 2090 3049; x_wconf 91' lang='lat' dir='ltr'><strong>mem-</strong></span> 
     </span>
    </p>
   </div>
   <div class='ocr_carea' id='block_1_34' title="bbox 490 3079 2089 3154">
    <p class='ocr_par' dir='ltr' id='par_1_34' title="bbox 490 3079 2089 3154">
     <span class='ocr_line' id='line_1_34' title="bbox 490 3079 2089 3154; baseline 0.002 -19"><span class='ocrx_word' id='word_1_254' title='bbox 490 3079 606 3136; x_wconf 91' lang='lat' dir='ltr'><strong>bris</strong></span> <span class='ocrx_word' id='word_1_255' title='bbox 635 3079 774 3135; x_wconf 84' lang='lat' dir='ltr'><strong>meis</strong></span> <span class='ocrx_word' id='word_1_256' title='bbox 794 3087 1185 3153; x_wconf 87' lang='lat' dir='ltr'><strong>repugnantem</strong></span> <span class='ocrx_word' id='word_1_257' title='bbox 1206 3081 1315 3152; x_wconf 89' lang='lat' dir='ltr'><strong>legi</strong></span> <span class='ocrx_word' id='word_1_258' title='bbox 1335 3080 1535 3137; x_wconf 91' lang='lat' dir='ltr'><strong>mentis</strong></span> <span class='ocrx_word' id='word_1_259' title='bbox 1552 3098 1705 3151; x_wconf 66' lang='lat' dir='ltr'><strong>meas,</strong></span> <span class='ocrx_word' id='word_1_260' title='bbox 1728 3090 1782 3137; x_wconf 94' lang='lat' dir='ltr'><strong>et</strong></span> <span class='ocrx_word' id='word_1_261' title='bbox 1809 3082 2089 3154; x_wconf 88' lang='lat' dir='ltr'><strong>captivum</strong></span> 
     </span>
    </p>
   </div>
   <div class='ocr_carea' id='block_1_35' title="bbox 493 3170 2094 3245">
    <p class='ocr_par' dir='ltr' id='par_1_35' title="bbox 493 3170 2094 3245">
     <span class='ocr_line' id='line_1_35' title="bbox 493 3170 2094 3245; baseline 0.002 -19"><span class='ocrx_word' id='word_1_262' title='bbox 493 3186 583 3226; x_wconf 91' lang='lat' dir='ltr'><strong>me</strong></span> <span class='ocrx_word' id='word_1_263' title='bbox 638 3170 890 3227; x_wconf 89' lang='lat' dir='ltr'><strong>ducetem</strong></span> <span class='ocrx_word' id='word_1_264' title='bbox 941 3170 998 3224; x_wconf 90' lang='lat' dir='ltr'><strong>in</strong></span> <span class='ocrx_word' id='word_1_265' title='bbox 1028 3170 1200 3243; x_wconf 90' lang='lat' dir='ltr'><strong>legem</strong></span> <span class='ocrx_word' id='word_1_266' title='bbox 1234 3172 1441 3243; x_wconf 86' lang='lat' dir='ltr'><strong>peccati</strong></span> <span class='ocrx_word' id='word_1_267' title='bbox 1470 3188 1591 3245; x_wconf 64' lang='lat' dir='ltr'><strong>qua;</strong></span> <span class='ocrx_word' id='word_1_268' title='bbox 1621 3180 1701 3227; x_wconf 90' lang='lat' dir='ltr'><strong>est</strong></span> <span class='ocrx_word' id='word_1_269' title='bbox 1725 3173 1784 3228; x_wconf 90' lang='lat' dir='ltr'><strong>in</strong></span> <span class='ocrx_word' id='word_1_270' title='bbox 1833 3172 2094 3229; x_wconf 91' lang='lat' dir='ltr'><strong>membris</strong></span> 
     </span>
    </p>
   </div>
   <div class='ocr_carea' id='block_1_36' title="bbox 494 3258 2096 3333">
    <p class='ocr_par' dir='ltr' id='par_1_36' title="bbox 494 3258 2096 3333">
     <span class='ocr_line' id='line_1_36' title="bbox 494 3258 2096 3333; baseline 0.002 -19"><span class='ocrx_word' id='word_1_271' title='bbox 494 3258 652 3315; x_wconf 89' lang='lat' dir='ltr'><strong>meis.</strong></span> <span class='ocrx_word' id='word_1_272' title='bbox 703 3282 721 3306; x_wconf 77' lang='grc' dir='ltr'><strong>ι</strong></span> <span class='ocrx_word' id='word_1_273' title='bbox 773 3260 919 3315; x_wconf 91' lang='lat' dir='ltr'><strong>Duas</strong></span> <span class='ocrx_word' id='word_1_274' title='bbox 968 3258 1112 3331; x_wconf 85' lang='lat' dir='ltr'><strong>leges</strong></span> <span class='ocrx_word' id='word_1_275' title='bbox 1158 3268 1427 3316; x_wconf 89' lang='lat' dir='ltr'><strong>memorat</strong></span> <span class='ocrx_word' id='word_1_276' title='bbox 1471 3277 1541 3316; x_wconf 88' lang='lat' dir='ltr'><strong>ex</strong></span> <span class='ocrx_word' id='word_1_277' title='bbox 1594 3260 1796 3333; x_wconf 89' lang='lat' dir='ltr'><strong>quibus</strong></span> <span class='ocrx_word' id='word_1_278' title='bbox 1841 3262 2096 3318; x_wconf 72' lang='lat' dir='ltr'><strong>unam‘in</strong></span> 
     </span>
    </p>
   </div>
   <div class='ocr_carea' id='block_1_37' title="bbox 495 3348 2097 3423">
    <p class='ocr_par' dir='ltr' id='par_1_37' title="bbox 495 3348 2097 3423">
     <span class='ocr_line' id='line_1_37' title="bbox 495 3348 2097 3423; baseline 0.001 -17"><span class='ocrx_word' id='word_1_279' title='bbox 495 3348 760 3407; x_wconf 88' lang='lat' dir='ltr'><strong>membris</strong></span> <span class='ocrx_word' id='word_1_280' title='bbox 797 3348 913 3405; x_wconf 91' lang='lat' dir='ltr'><strong>suis</strong></span> <span class='ocrx_word' id='word_1_281' title='bbox 944 3348 1134 3406; x_wconf 89' lang='lat' dir='ltr'><strong>videre</strong></span> <span class='ocrx_word' id='word_1_282' title='bbox 1163 3366 1220 3406; x_wconf 90' lang='lat' dir='ltr'><strong>se</strong></span> <span class='ocrx_word' id='word_1_283' title='bbox 1257 3349 1485 3423; x_wconf 78' lang='lat' dir='ltr'><strong>flagitat,</strong></span> <span class='ocrx_word' id='word_1_284' title='bbox 1520 3350 1577 3406; x_wconf 90' lang='lat' dir='ltr'><strong>id</strong></span> <span class='ocrx_word' id='word_1_285' title='bbox 1598 3359 1699 3419; x_wconf 86' lang='lat' dir='ltr'><strong>est,</strong></span> <span class='ocrx_word' id='word_1_286' title='bbox 1733 3351 1792 3408; x_wconf 90' lang='lat' dir='ltr'><strong>in</strong></span> <span class='ocrx_word' id='word_1_287' title='bbox 1822 3351 2097 3408; x_wconf 86' lang='lat' dir='ltr'><strong>exteriore</strong></span> 
     </span>
    </p>
   </div>
   <div class='ocr_carea' id='block_1_38' title="bbox 495 3437 2098 3511">
    <p class='ocr_par' dir='ltr' id='par_1_38' title="bbox 495 3437 2098 3511">
     <span class='ocr_line' id='line_1_38' title="bbox 495 3437 2098 3511; baseline -0.001 -16"><span class='ocrx_word' id='word_1_288' title='bbox 495 3437 741 3507; x_wconf 90' lang='lat' dir='ltr'><strong>homine,</strong></span> <span class='ocrx_word' id='word_1_289' title='bbox 793 3438 892 3511; x_wconf 91' lang='lat' dir='ltr'><strong>qui</strong></span> <span class='ocrx_word' id='word_1_290' title='bbox 920 3445 1003 3493; x_wconf 89' lang='lat' dir='ltr'><strong>est</strong></span> <span class='ocrx_word' id='word_1_291' title='bbox 1050 3455 1178 3496; x_wconf 91' lang='lat' dir='ltr'><strong>caro</strong></span> <span class='ocrx_word' id='word_1_292' title='bbox 1205 3440 1295 3494; x_wconf 91' lang='lat' dir='ltr'><strong>vel</strong></span> <span class='ocrx_word' id='word_1_293' title='bbox 1339 3455 1557 3510; x_wconf 90' lang='lat' dir='ltr'><strong>corpus.</strong></span> <span class='ocrx_word' id='word_1_294' title='bbox 1609 3440 1738 3496; x_wconf 83' lang='lat' dir='ltr'><strong>Haec</strong></span> <span class='ocrx_word' id='word_1_295' title='bbox 1764 3448 1847 3496; x_wconf 89' lang='lat' dir='ltr'><strong>est</strong></span> <span class='ocrx_word' id='word_1_296' title='bbox 1871 3440 1962 3495; x_wconf 88' lang='lat' dir='ltr'><strong>lex</strong></span> <span class='ocrx_word' id='word_1_297' title='bbox 1989 3439 2098 3494; x_wconf 88' lang='lat' dir='ltr'><strong>ad-</strong></span> 
     </span>
    </p>
   </div>
   <div class='ocr_carea' id='block_1_39' title="bbox 496 3526 2097 3601">
    <p class='ocr_par' dir='ltr' id='par_1_39' title="bbox 496 3526 2097 3601">
     <span class='ocr_line' id='line_1_39' title="bbox 496 3526 2097 3601; baseline 0.001 -18"><span class='ocrx_word' id='word_1_298' title='bbox 496 3544 679 3596; x_wconf 88' lang='lat' dir='ltr'><strong>versa,</strong></span> <span class='ocrx_word' id='word_1_299' title='bbox 733 3526 853 3583; x_wconf 63' lang='lat' dir='ltr'><strong>haec</strong></span> <span class='ocrx_word' id='word_1_300' title='bbox 892 3543 1203 3600; x_wconf 89' lang='lat' dir='ltr'><strong>repugnans</strong></span> <span class='ocrx_word' id='word_1_301' title='bbox 1232 3527 1440 3596; x_wconf 91' lang='lat' dir='ltr'><strong>animo,</strong></span> <span class='ocrx_word' id='word_1_302' title='bbox 1471 3528 1695 3584; x_wconf 89' lang='lat' dir='ltr'><strong>trahens</strong></span> <span class='ocrx_word' id='word_1_303' title='bbox 1724 3529 1883 3584; x_wconf 90' lang='lat' dir='ltr'><strong>illum</strong></span> <span class='ocrx_word' id='word_1_304' title='bbox 1911 3528 2097 3601; x_wconf 88' lang='lat' dir='ltr'><strong>capti-</strong></span> 
     </span>
    </p>
   </div>
   <div class='ocr_carea' id='block_1_40' title="bbox 495 3615 2097 3691">
    <p class='ocr_par' dir='ltr' id='par_1_40' title="bbox 495 3615 2097 3691">
     <span class='ocr_line' id='line_1_40' title="bbox 495 3615 2097 3691; baseline 0.003 -21"><span class='ocrx_word' id='word_1_305' title='bbox 495 3632 629 3671; x_wconf 91' lang='lat' dir='ltr'><strong>vum</strong></span> <span class='ocrx_word' id='word_1_306' title='bbox 672 3616 732 3671; x_wconf 93' lang='lat' dir='ltr'><strong>in</strong></span> <span class='ocrx_word' id='word_1_307' title='bbox 785 3615 1162 3672; x_wconf 88' lang='lat' dir='ltr'><strong>conditionem</strong></span> <span class='ocrx_word' id='word_1_308' title='bbox 1213 3616 1445 3689; x_wconf 88' lang='lat' dir='ltr'><strong>peccati,</strong></span> <span class='ocrx_word' id='word_1_309' title='bbox 1478 3633 1548 3674; x_wconf 91' lang='lat' dir='ltr'><strong>ne</strong></span> <span class='ocrx_word' id='word_1_310' title='bbox 1595 3618 1743 3673; x_wconf 90' lang='lat' dir='ltr'><strong>ultra</strong></span> <span class='ocrx_word' id='word_1_311' title='bbox 1783 3619 2097 3691; x_wconf 89' lang='lat' dir='ltr'><strong>ingrediens</strong></span> 
     </span>
    </p>
   </div>
   <div class='ocr_carea' id='block_1_41' title="bbox 497 3703 2099 3786">
    <p class='ocr_par' dir='ltr' id='par_1_41' title="bbox 497 3703 2099 3786">
     <span class='ocr_line' id='line_1_41' title="bbox 497 3703 2099 3786; baseline 0.004 -25"><span class='ocrx_word' id='word_1_312' title='bbox 497 3703 744 3761; x_wconf 89' lang='lat' dir='ltr'><strong>inveniat</strong></span> <span class='ocrx_word' id='word_1_313' title='bbox 773 3713 1118 3762; x_wconf 90' lang='lat' dir='ltr'><strong>assertorem.</strong></span> <span class='ocrx_word' id='word_1_314' title='bbox 1161 3704 1288 3762; x_wconf 85' lang='lat' dir='ltr'><strong>Alia</strong></span> <span class='ocrx_word' id='word_1_315' title='bbox 1326 3713 1407 3761; x_wconf 91' lang='lat' dir='ltr'><strong>est</strong></span> <span class='ocrx_word' id='word_1_316' title='bbox 1437 3707 1527 3762; x_wconf 89' lang='lat' dir='ltr'><strong>lex</strong></span> <span class='ocrx_word' id='word_1_317' title='bbox 1570 3707 1792 3776; x_wconf 88' lang='lat' dir='ltr'><strong>mentis,</strong></span> <span class='ocrx_word' id='word_1_318' title='bbox 1848 3724 1967 3781; x_wconf 82' lang='lat' dir='ltr'><strong>quae</strong></span> <span class='ocrx_word' id='word_1_319' title='bbox 2016 3716 2099 3786; x_wconf 76' lang='lat' dir='ltr'><strong>est</strong></span> 
     </span>
    </p>
   </div>
   <div class='ocr_carea' id='block_1_42' title="bbox 498 3794 2097 3869">
    <p class='ocr_par' dir='ltr' id='par_1_42' title="bbox 498 3794 2097 3869">
     <span class='ocr_line' id='line_1_42' title="bbox 498 3794 2097 3869; baseline 0.003 -18"><span class='ocrx_word' id='word_1_320' title='bbox 498 3795 590 3851; x_wconf 85' lang='lat' dir='ltr'><strong>lex</strong></span> <span class='ocrx_word' id='word_1_321' title='bbox 643 3794 842 3868; x_wconf 86' lang='lat' dir='ltr'><strong>Moysi,</strong></span> <span class='ocrx_word' id='word_1_322' title='bbox 874 3795 961 3851; x_wconf 93' lang='lat' dir='ltr'><strong>vel</strong></span> <span class='ocrx_word' id='word_1_323' title='bbox 993 3795 1261 3851; x_wconf 86' lang='lat' dir='ltr'><strong>naturalis</strong></span> <span class='ocrx_word' id='word_1_324' title='bbox 1283 3840 1298 3865; x_wconf 95' lang='lat'><strong>,</strong></span> <span class='ocrx_word' id='word_1_325' title='bbox 1331 3811 1451 3869; x_wconf 65' lang='lat' dir='ltr'><strong>qum</strong></span> <span class='ocrx_word' id='word_1_326' title='bbox 1483 3806 1563 3854; x_wconf 91' lang='lat' dir='ltr'><strong>est</strong></span> <span class='ocrx_word' id='word_1_327' title='bbox 1606 3799 1669 3853; x_wconf 88' lang='lat' dir='ltr'><strong>in</strong></span> <span class='ocrx_word' id='word_1_328' title='bbox 1698 3798 1905 3854; x_wconf 89' lang='lat' dir='ltr'><strong>animo.</strong></span> <span class='ocrx_word' id='word_1_329' title='bbox 1969 3799 2097 3855; x_wconf 58' lang='lat' dir='ltr'><strong>Haec</strong></span> 
     </span>
    </p>
   </div>
   <div class='ocr_carea' id='block_1_43' title="bbox 496 3884 2094 3962">
    <p class='ocr_par' dir='ltr' id='par_1_43' title="bbox 496 3884 2094 3962">
     <span class='ocr_line' id='line_1_43' title="bbox 496 3884 2094 3962; baseline 0.003 -21"><span class='ocrx_word' id='word_1_330' title='bbox 496 3898 682 3957; x_wconf 86' lang='lat' dir='ltr'><strong>pressa</strong></span> <span class='ocrx_word' id='word_1_331' title='bbox 731 3891 814 3941; x_wconf 89' lang='lat' dir='ltr'><strong>est</strong></span> <span class='ocrx_word' id='word_1_332' title='bbox 874 3884 1141 3942; x_wconf 88' lang='lat' dir='ltr'><strong>violentia</strong></span> <span class='ocrx_word' id='word_1_333' title='bbox 1195 3888 1428 3959; x_wconf 89' lang='lat' dir='ltr'><strong>peccati,</strong></span> <span class='ocrx_word' id='word_1_334' title='bbox 1485 3889 1818 3961; x_wconf 88' lang='lat' dir='ltr'><strong>negligentia</strong></span> <span class='ocrx_word' id='word_1_335' title='bbox 1872 3890 2094 3962; x_wconf 85' lang='lat' dir='ltr'><strong>quidem</strong></span> 
     </span>
    </p>
   </div>
   <div class='ocr_carea' id='block_1_44' title="bbox 496 3973 2097 4052">
    <p class='ocr_par' dir='ltr' id='par_1_44' title="bbox 496 3973 2097 4052">
     <span class='ocr_line' id='line_1_44' title="bbox 496 3973 2097 4052; baseline 0.002 -22"><span class='ocrx_word' id='word_1_336' title='bbox 496 3989 614 4042; x_wconf 92' lang='lat' dir='ltr'><strong>sua,</strong></span> <span class='ocrx_word' id='word_1_337' title='bbox 667 3973 797 4048; x_wconf 89' lang='lat' dir='ltr'><strong>quia</strong></span> <span class='ocrx_word' id='word_1_338' title='bbox 833 3973 967 4031; x_wconf 92' lang='lat' dir='ltr'><strong>dum</strong></span> <span class='ocrx_word' id='word_1_339' title='bbox 1005 3974 1192 4049; x_wconf 89' lang='lat' dir='ltr'><strong>diligit</strong></span> <span class='ocrx_word' id='word_1_340' title='bbox 1219 3974 1377 4044; x_wconf 90' lang='lat' dir='ltr'><strong>vitia,</strong></span> <span class='ocrx_word' id='word_1_341' title='bbox 1418 3976 1641 4049; x_wconf 89' lang='lat' dir='ltr'><strong>subjicit</strong></span> <span class='ocrx_word' id='word_1_342' title='bbox 1669 3995 1727 4034; x_wconf 91' lang='lat' dir='ltr'><strong>se</strong></span> <span class='ocrx_word' id='word_1_343' title='bbox 1762 3987 2001 4052; x_wconf 87' lang='lat' dir='ltr'><strong>peccato,</strong></span> <span class='ocrx_word' id='word_1_344' title='bbox 2035 3986 2097 4034; x_wconf 93' lang='lat' dir='ltr'><strong>ut</strong></span> 
     </span>
    </p>
   </div>
   <div class='ocr_carea' id='block_1_45' title="bbox 498 4069 2097 4144">
    <p class='ocr_par' dir='ltr' id='par_1_45' title="bbox 498 4069 2097 4144">
     <span class='ocr_line' id='line_1_45' title="bbox 498 4069 2097 4144; baseline 0.002 -18"><span class='ocrx_word' id='word_1_345' title='bbox 498 4069 617 4144; x_wconf 87' lang='lat' dir='ltr'><strong>ipsa</strong></span> <span class='ocrx_word' id='word_1_346' title='bbox 669 4070 1067 4129; x_wconf 88' lang='lat' dir='ltr'><strong>consuetudine</strong></span> <span class='ocrx_word' id='word_1_347' title='bbox 1121 4079 1402 4128; x_wconf 87' lang='lat' dir='ltr'><strong>teneretur</strong></span> <span class='ocrx_word' id='word_1_348' title='bbox 1447 4071 1700 4143; x_wconf 89' lang='lat' dir='ltr'><strong>captiva;</strong></span> <span class='ocrx_word' id='word_1_349' title='bbox 1775 4072 2097 4130; x_wconf 90' lang='lat' dir='ltr'><strong>dominatur</strong></span> 
     </span>
    </p>
   </div>
   <div class='ocr_carea' id='block_1_46' title="bbox 497 4158 2096 4234">
    <p class='ocr_par' dir='ltr' id='par_1_46' title="bbox 497 4158 2096 4234">
     <span class='ocr_line' id='line_1_46' title="bbox 497 4158 2096 4234; baseline 0.002 -19"><span class='ocrx_word' id='word_1_350' title='bbox 497 4160 648 4216; x_wconf 91' lang='lat' dir='ltr'><strong>enim</strong></span> <span class='ocrx_word' id='word_1_351' title='bbox 705 4158 921 4219; x_wconf 88' lang='lat' dir='ltr'><strong>homini</strong></span> <span class='ocrx_word' id='word_1_352' title='bbox 973 4159 1334 4218; x_wconf 87' lang='lat' dir='ltr'><strong>consuetudo.</strong></span> <span class='ocrx_word' id='word_1_353' title='bbox 1385 4160 1630 4229; x_wconf 90' lang='lat' dir='ltr'><strong>Quatuor</strong></span> <span class='ocrx_word' id='word_1_354' title='bbox 1682 4161 1905 4234; x_wconf 88' lang='lat' dir='ltr'><strong>quidem</strong></span> <span class='ocrx_word' id='word_1_355' title='bbox 1951 4162 2096 4234; x_wconf 89' lang='lat' dir='ltr'><strong>leges</strong></span> 
     </span>
    </p>
   </div>
   <div class='ocr_carea' id='block_1_47' title="bbox 498 4248 2095 4324">
    <p class='ocr_par' dir='ltr' id='par_1_47' title="bbox 498 4248 2095 4324">
     <span class='ocr_line' id='line_1_47' title="bbox 498 4248 2095 4324; baseline 0.003 -21"><span class='ocrx_word' id='word_1_356' title='bbox 498 4248 752 4304; x_wconf 91' lang='lat' dir='ltr'><strong>nominat</strong></span> <span class='ocrx_word' id='word_1_357' title='bbox 792 4267 805 4304; x_wconf 90' lang='lat'><strong>:</strong></span> <span class='ocrx_word' id='word_1_358' title='bbox 850 4249 1085 4322; x_wconf 89' lang='lat' dir='ltr'><strong>primam</strong></span> <span class='ocrx_word' id='word_1_359' title='bbox 1117 4252 1293 4324; x_wconf 89' lang='lat' dir='ltr'><strong>legem</strong></span> <span class='ocrx_word' id='word_1_360' title='bbox 1321 4251 1650 4324; x_wconf 90' lang='lat' dir='ltr'><strong>spiritalem,</strong></span> <span class='ocrx_word' id='word_1_361' title='bbox 1671 4267 1792 4324; x_wconf 69' lang='lat' dir='ltr'><strong>qua</strong></span> <span class='ocrx_word' id='word_1_362' title='bbox 1820 4260 1902 4308; x_wconf 91' lang='lat' dir='ltr'><strong>est</strong></span> <span class='ocrx_word' id='word_1_363' title='bbox 1928 4252 2095 4308; x_wconf 89' lang='lat' dir='ltr'><strong>etiam</strong></span> 
     </span>
    </p>
   </div>
   <div class='ocr_carea' id='block_1_48' title="bbox 499 4327 2098 4415">
    <p class='ocr_par' dir='ltr' id='par_1_48' title="bbox 499 4327 2098 4415">
     <span class='ocr_line' id='line_1_48' title="bbox 499 4327 2098 4415; baseline 0.003 -22"><span class='ocrx_word' id='word_1_364' title='bbox 499 4337 789 4406; x_wconf 87' lang='lat' dir='ltr'><strong>naturalis,</strong></span> <span class='ocrx_word' id='word_1_365' title='bbox 830 4353 951 4410; x_wconf 61' lang='lat' dir='ltr'><strong>quae</strong></span> <span class='ocrx_word' id='word_1_366' title='bbox 978 4341 1275 4399; x_wconf 85' lang='lat' dir='ltr'><strong>reformata</strong></span> <span class='ocrx_word' id='word_1_367' title='bbox 1303 4349 1386 4398; x_wconf 90' lang='lat' dir='ltr'><strong>est</strong></span> <span class='ocrx_word' id='word_1_368' title='bbox 1419 4327 1516 4415; x_wconf 82' lang='lat' dir='ltr'><strong>per</strong></span> <span class='ocrx_word' id='word_1_369' title='bbox 1554 4343 1807 4415; x_wconf 82' lang='lat' dir='ltr'><strong>Moysen,</strong></span> <span class='ocrx_word' id='word_1_370' title='bbox 1837 4350 1892 4398; x_wconf 91' lang='lat' dir='ltr'><strong>et</strong></span> <span class='ocrx_word' id='word_1_371' title='bbox 1919 4342 2098 4414; x_wconf 89' lang='lat' dir='ltr'><strong>posita</strong></span> 
     </span>
    </p>
   </div>
   <div class='ocr_carea' id='block_1_49' title="bbox 498 4422 2093 4502">
    <p class='ocr_par' dir='ltr' id='par_1_49' title="bbox 498 4422 2093 4502">
     <span class='ocr_line' id='line_1_49' title="bbox 498 4422 2093 4502; baseline 0.003 -20"><span class='ocrx_word' id='word_1_372' title='bbox 498 4425 559 4483; x_wconf 93' lang='lat' dir='ltr'><strong>in</strong></span> <span class='ocrx_word' id='word_1_373' title='bbox 605 4427 950 4495; x_wconf 88' lang='lat' dir='ltr'><strong>auctoritate,</strong></span> <span class='ocrx_word' id='word_1_374' title='bbox 1009 4429 1128 4501; x_wconf 91' lang='lat' dir='ltr'><strong>ipsa</strong></span> <span class='ocrx_word' id='word_1_375' title='bbox 1177 4439 1258 4486; x_wconf 91' lang='lat' dir='ltr'><strong>est</strong></span> <span class='ocrx_word' id='word_1_376' title='bbox 1314 4431 1414 4487; x_wconf 92' lang='lat' dir='ltr'><strong>Dei</strong></span> <span class='ocrx_word' id='word_1_377' title='bbox 1470 4432 1561 4487; x_wconf 87' lang='lat' dir='ltr'><strong>lex</strong></span> <span class='ocrx_word' id='word_1_378' title='bbox 1605 4448 1617 4486; x_wconf 92' lang='lat'><strong>:</strong></span> <span class='ocrx_word' id='word_1_379' title='bbox 1667 4422 1866 4487; x_wconf 82' lang='lat' dir='ltr'><strong>deinde</strong></span> <span class='ocrx_word' id='word_1_380' title='bbox 1921 4430 2093 4502; x_wconf 89' lang='lat' dir='ltr'><strong>legem</strong></span> 
     </span>
    </p>
   </div>
   <div class='ocr_carea' id='block_1_50' title="bbox 500 4516 2097 4593">
    <p class='ocr_par' dir='ltr' id='par_1_50' title="bbox 500 4516 2097 4593">
     <span class='ocr_line' id='line_1_50' title="bbox 500 4516 2097 4593; baseline 0.004 -20"><span class='ocrx_word' id='word_1_381' title='bbox 500 4516 701 4573; x_wconf 89' lang='lat' dir='ltr'><strong>mentis</strong></span> <span class='ocrx_word' id='word_1_382' title='bbox 745 4517 1178 4575; x_wconf 88' lang='lat' dir='ltr'><strong>consentientem</strong></span> <span class='ocrx_word' id='word_1_383' title='bbox 1224 4519 1332 4591; x_wconf 90' lang='lat' dir='ltr'><strong>legi</strong></span> <span class='ocrx_word' id='word_1_384' title='bbox 1363 4520 1494 4587; x_wconf 90' lang='lat' dir='ltr'><strong>Dei;</strong></span> <span class='ocrx_word' id='word_1_385' title='bbox 1523 4520 1741 4576; x_wconf 88' lang='lat' dir='ltr'><strong>tertiam</strong></span> <span class='ocrx_word' id='word_1_386' title='bbox 1771 4521 1944 4593; x_wconf 88' lang='lat' dir='ltr'><strong>legem</strong></span> <span class='ocrx_word' id='word_1_387' title='bbox 1977 4537 2097 4593; x_wconf 85' lang='lat' dir='ltr'><strong>pec-</strong></span> 
     </span>
    </p>
   </div>
   <div class='ocr_carea' id='block_1_51' title="bbox 497 4608 2094 4684">
    <p class='ocr_par' dir='ltr' id='par_1_51' title="bbox 497 4608 2094 4684">
     <span class='ocr_line' id='line_1_51' title="bbox 497 4608 2094 4684; baseline 0.001 -17"><span class='ocrx_word' id='word_1_388' title='bbox 497 4608 628 4678; x_wconf 90' lang='lat' dir='ltr'><strong>cati,</strong></span> <span class='ocrx_word' id='word_1_389' title='bbox 685 4626 849 4682; x_wconf 88' lang='lat' dir='ltr'><strong>quam</strong></span> <span class='ocrx_word' id='word_1_390' title='bbox 905 4626 975 4667; x_wconf 86' lang='lat' dir='ltr'><strong>ex</strong></span> <span class='ocrx_word' id='word_1_391' title='bbox 1032 4610 1481 4683; x_wconf 61' lang='lat' dir='ltr'><strong>praevaricatione</strong></span> <span class='ocrx_word' id='word_1_392' title='bbox 1529 4611 1696 4684; x_wconf 90' lang='lat' dir='ltr'><strong>primi</strong></span> <span class='ocrx_word' id='word_1_393' title='bbox 1750 4611 1994 4670; x_wconf 81' lang='lat' dir='ltr'><strong>hominis</strong></span> <span class='ocrx_word' id='word_1_394' title='bbox 2035 4614 2094 4669; x_wconf 91' lang='lat' dir='ltr'><strong>in</strong></span> 
     </span>
    </p>
   </div>
   <div class='ocr_carea' id='block_1_52' title="bbox 499 4690 2094 4775">
    <p class='ocr_par' dir='ltr' id='par_1_52' title="bbox 499 4690 2094 4775">
     <span class='ocr_line' id='line_1_52' title="bbox 499 4690 2094 4775; baseline 0.001 -20"><span class='ocrx_word' id='word_1_395' title='bbox 499 4699 763 4756; x_wconf 88' lang='lat' dir='ltr'><strong>membris</strong></span> <span class='ocrx_word' id='word_1_396' title='bbox 804 4699 945 4755; x_wconf 90' lang='lat' dir='ltr'><strong>dicit</strong></span> <span class='ocrx_word' id='word_1_397' title='bbox 996 4690 1243 4757; x_wconf 78' lang='lat' dir='ltr'><strong>habitare</strong></span> <span class='ocrx_word' id='word_1_398' title='bbox 1301 4718 1314 4757; x_wconf 91' lang='lat'>:</span> <span class='ocrx_word' id='word_1_399' title='bbox 1378 4712 1626 4775; x_wconf 86' lang='lat' dir='ltr'><strong>quartam</strong></span> <span class='ocrx_word' id='word_1_400' title='bbox 1679 4718 1809 4758; x_wconf 92' lang='lat' dir='ltr'><strong>vero</strong></span> <span class='ocrx_word' id='word_1_401' title='bbox 1855 4718 1976 4775; x_wconf 77' lang='lat' dir='ltr'><strong>quae</strong></span> <span class='ocrx_word' id='word_1_402' title='bbox 2037 4703 2094 4757; x_wconf 92' lang='lat' dir='ltr'><strong>in</strong></span> 
     </span>
    </p>
   </div>
   <div class='ocr_carea' id='block_1_53' title="bbox 499 4788 2091 4864">
    <p class='ocr_par' dir='ltr' id='par_1_53' title="bbox 499 4788 2091 4864">
     <span class='ocr_line' id='line_1_53' title="bbox 499 4788 2091 4864; baseline 0.004 -21"><span class='ocrx_word' id='word_1_403' title='bbox 499 4788 762 4845; x_wconf 90' lang='lat' dir='ltr'><strong>membris</strong></span> <span class='ocrx_word' id='word_1_404' title='bbox 806 4788 1047 4859; x_wconf 90' lang='lat' dir='ltr'><strong>videtur,</strong></span> <span class='ocrx_word' id='word_1_405' title='bbox 1089 4789 1223 4847; x_wconf 91' lang='lat' dir='ltr'><strong>dum</strong></span> <span class='ocrx_word' id='word_1_406' title='bbox 1267 4790 1411 4847; x_wconf 91' lang='lat' dir='ltr'><strong>mala</strong></span> <span class='ocrx_word' id='word_1_407' title='bbox 1448 4791 1709 4864; x_wconf 85' lang='lat' dir='ltr'><strong>suggerit,</strong></span> <span class='ocrx_word' id='word_1_408' title='bbox 1762 4801 1818 4850; x_wconf 92' lang='lat' dir='ltr'><strong>et</strong></span> <span class='ocrx_word' id='word_1_409' title='bbox 1866 4792 2091 4849; x_wconf 88' lang='lat' dir='ltr'><strong>recedit.</strong></span> 
     </span>
    </p>
   </div>
   <div class='ocr_carea' id='block_1_54' title="bbox 497 4874 2095 4953">
    <p class='ocr_par' dir='ltr' id='par_1_54' title="bbox 497 4874 2095 4953">
     <span class='ocr_line' id='line_1_54' title="bbox 497 4874 2095 4953; baseline 0.005 -21"><span class='ocrx_word' id='word_1_410' title='bbox 497 4874 604 4933; x_wconf 89' lang='lat' dir='ltr'><strong>Sed</strong></span> <span class='ocrx_word' id='word_1_411' title='bbox 651 4876 736 4934; x_wconf 63' lang='lat' dir='ltr'><strong>ha:</strong></span> <span class='ocrx_word' id='word_1_412' title='bbox 777 4877 922 4950; x_wconf 89' lang='lat' dir='ltr'><strong>leges</strong></span> <span class='ocrx_word' id='word_1_413' title='bbox 958 4878 1166 4936; x_wconf 78' lang='lat' dir='ltr'><strong>iteratae</strong></span> <span class='ocrx_word' id='word_1_414' title='bbox 1208 4887 1442 4953; x_wconf 90' lang='lat' dir='ltr'><strong>quatuor</strong></span> <span class='ocrx_word' id='word_1_415' title='bbox 1483 4881 1764 4950; x_wconf 87' lang='lat' dir='ltr'><strong>videntur,</strong></span> <span class='ocrx_word' id='word_1_416' title='bbox 1818 4898 1942 4939; x_wconf 91' lang='lat' dir='ltr'><strong>cum</strong></span> <span class='ocrx_word' id='word_1_417' title='bbox 1982 4882 2095 4940; x_wconf 92' lang='lat' dir='ltr'><strong>sint</strong></span> 
     </span>
    </p>
   </div>
   <div class='ocr_carea' id='block_1_55' title="bbox 572 5045 2093 5119">
    <p class='ocr_par' dir='ltr' id='par_1_55' title="bbox 572 5045 2093 5119">
     <span class='ocr_line' id='line_1_55' title="bbox 572 5045 2093 5119; baseline 0.001 -15"><span class='ocrx_word' id='word_1_418' title='bbox 572 5046 697 5119; x_wconf 89' lang='lat'><strong>(83)</strong></span> <span class='ocrx_word' id='word_1_419' title='bbox 715 5045 911 5119; x_wconf 84' lang='lat' dir='ltr'><strong>Codex</strong></span> <span class='ocrx_word' id='word_1_420' title='bbox 949 5047 1138 5117; x_wconf 89' lang='lat' dir='ltr'><strong>Corb.,</strong></span> <span class='ocrx_word' id='word_1_421' title='bbox 1173 5054 1233 5103; x_wconf 85' lang='lat' dir='ltr'><strong>ut</strong></span> <span class='ocrx_word' id='word_1_422' title='bbox 1266 5047 1458 5104; x_wconf 85' lang='lat' dir='ltr'><strong>invicto</strong></span> <span class='ocrx_word' id='word_1_423' title='bbox 1488 5048 1675 5104; x_wconf 88' lang='lat' dir='ltr'><strong>vitium</strong></span> <span class='ocrx_word' id='word_1_424' title='bbox 1708 5048 1831 5118; x_wconf 88' lang='lat' dir='ltr'><strong>jam</strong></span> <span class='ocrx_word' id='word_1_425' title='bbox 1848 5049 2093 5107; x_wconf 79' lang='lat' dir='ltr'><strong>domine-</strong></span> 
     </span>
    </p>
   </div>
   <div class='ocr_carea' id='block_1_56' title="bbox 499 5117 1843 5190">
    <p class='ocr_par' dir='ltr' id='par_1_56' title="bbox 499 5117 1843 5190">
     <span class='ocr_line' id='line_1_56' title="bbox 499 5117 1843 5190; baseline 0.001 -16"><span class='ocrx_word' id='word_1_426' title='bbox 499 5117 590 5174; x_wconf 74' lang='lat' dir='ltr'><strong>tur</strong></span> <span class='ocrx_word' id='word_1_427' title='bbox 605 5117 763 5190; x_wconf 43' lang='grc' dir='ltr'><strong>λειω</strong></span> <span class='ocrx_word' id='word_1_428' title='bbox 780 5119 1058 5187; x_wconf 91' lang='lat' dir='ltr'><strong>nonnulli,</strong></span> <span class='ocrx_word' id='word_1_429' title='bbox 1089 5126 1149 5174; x_wconf 87' lang='lat' dir='ltr'><strong>ut</strong></span> <span class='ocrx_word' id='word_1_430' title='bbox 1174 5120 1362 5176; x_wconf 78' lang='lat' dir='ltr'><strong>vitium</strong></span> <span class='ocrx_word' id='word_1_431' title='bbox 1380 5119 1502 5190; x_wconf 90' lang='lat' dir='ltr'><strong>jam</strong></span> <span class='ocrx_word' id='word_1_432' title='bbox 1528 5117 1843 5176; x_wconf 73' lang='lat' dir='ltr'><strong>dominetur.</strong></span> 
     </span>
    </p>
   </div>
   <div class='ocr_carea' id='block_1_57' title="bbox 571 5188 2090 5273">
    <p class='ocr_par' dir='ltr' id='par_1_57' title="bbox 571 5188 2090 5273">
     <span class='ocr_line' id='line_1_57' title="bbox 571 5188 2090 5273; baseline 0.002 -28"><span class='ocrx_word' id='word_1_433' title='bbox 571 5188 688 5272; x_wconf 73' lang='grc'>(84)</span> <span class='ocrx_word' id='word_1_434' title='bbox 719 5189 986 5273; x_wconf 80' lang='lat' dir='ltr'><strong>Nonnulli</strong></span> <span class='ocrx_word' id='word_1_435' title='bbox 1038 5208 1192 5259; x_wconf 88' lang='lat' dir='ltr'><strong>mss.,</strong></span> <span class='ocrx_word' id='word_1_436' title='bbox 1240 5188 1509 5273; x_wconf 33' lang='lat' dir='ltr'><strong>ethipsurn</strong></span> <span class='ocrx_word' id='word_1_437' title='bbox 1655 5192 1771 5263; x_wconf 84' lang='lat' dir='ltr'><strong>ipsa</strong></span> <span class='ocrx_word' id='word_1_438' title='bbox 1809 5192 2090 5273; x_wconf 79' lang='lat' dir='ltr'><strong>habitaret.</strong></span> 
     </span>
    </p>
   </div>
   <div class='ocr_carea' id='block_1_58' title="bbox 498 5261 2093 5335">
    <p class='ocr_par' dir='ltr' id='par_1_58' title="bbox 498 5261 2093 5335">
     <span class='ocr_line' id='line_1_58' title="bbox 498 5261 2093 5335; baseline 0.003 -19"><span class='ocrx_word' id='word_1_439' title='bbox 498 5263 565 5335; x_wconf 74' lang='lat' dir='ltr'><strong>In</strong></span> <span class='ocrx_word' id='word_1_440' title='bbox 584 5261 970 5335; x_wconf 35' lang='lat' dir='ltr'><strong>unimouautem</strong></span> <span class='ocrx_word' id='word_1_441' title='bbox 998 5279 1103 5317; x_wconf 85' lang='lat' dir='ltr'><strong>non</strong></span> <span class='ocrx_word' id='word_1_442' title='bbox 1126 5261 1456 5335; x_wconf 79' lang='lat' dir='ltr'><strong>permittitur</strong></span> <span class='ocrx_word' id='word_1_443' title='bbox 1478 5261 1719 5317; x_wconf 66' lang='lat' dir='ltr'><strong>habitare</strong></span> <span class='ocrx_word' id='word_1_444' title='bbox 1742 5271 1962 5335; x_wconf 81' lang='lat' dir='ltr'><strong>propter</strong></span> <span class='ocrx_word' id='word_1_445' title='bbox 1987 5282 2093 5320; x_wconf 83' lang='lat' dir='ltr'><strong>ar-</strong></span> 
     </span>
    </p>
   </div>
   <div class='ocr_carea' id='block_1_59' title="bbox 495 5332 1922 5406">
    <p class='ocr_par' dir='ltr' id='par_1_59' title="bbox 495 5332 1922 5406">
     <span class='ocr_line' id='line_1_59' title="bbox 495 5332 1922 5406; baseline 0.002 -18"><span class='ocrx_word' id='word_1_446' title='bbox 495 5333 713 5406; x_wconf 74' lang='lat' dir='ltr'><strong>bitrium</strong></span> <span class='ocrx_word' id='word_1_447' title='bbox 730 5332 962 5406; x_wconf 61' lang='lat' dir='ltr'><strong>liberum</strong></span> <span class='ocrx_word' id='word_1_448' title='bbox 991 5332 1295 5406; x_wconf 72' lang='lat' dir='ltr'><strong>voluntatis.</strong></span> <span class='ocrx_word' id='word_1_449' title='bbox 1330 5334 1504 5406; x_wconf 78' lang='lat' dir='ltr'><strong>Igitur</strong></span> <span class='ocrx_word' id='word_1_450' title='bbox 1530 5335 1588 5389; x_wconf 85' lang='lat' dir='ltr'><strong>in</strong></span> <span class='ocrx_word' id='word_1_451' title='bbox 1616 5332 1791 5403; x_wconf 71' lang='lat' dir='ltr'><strong>carne,</strong></span> <span class='ocrx_word' id='word_1_452' title='bbox 1818 5332 1922 5393; x_wconf 77' lang='lat' dir='ltr'><strong>etc.</strong></span> 
     </span>
    </p>
   </div>
   <div class='ocr_carea' id='block_1_60' title="bbox 569 5403 2095 5478">
    <p class='ocr_par' dir='ltr' id='par_1_60' title="bbox 569 5403 2095 5478">
     <span class='ocr_line' id='line_1_60' title="bbox 569 5403 2095 5478; baseline 0 -16"><span class='ocrx_word' id='word_1_453' title='bbox 569 5404 686 5478; x_wconf 82' lang='lat'><strong>(85)</strong></span> <span class='ocrx_word' id='word_1_454' title='bbox 708 5403 890 5478; x_wconf 5' lang='lat' dir='ltr'><strong>(Iidem</strong></span> <span class='ocrx_word' id='word_1_455' title='bbox 929 5404 1078 5472; x_wconf 91' lang='lat' dir='ltr'><strong>cod.,</strong></span> <span class='ocrx_word' id='word_1_456' title='bbox 1119 5406 1165 5460; x_wconf 89' lang='lat' dir='ltr'><strong>si</strong></span> <span class='ocrx_word' id='word_1_457' title='bbox 1192 5403 1470 5474; x_wconf 65' lang='lat' dir='ltr'><strong>habitaret,</strong></span> <span class='ocrx_word' id='word_1_458' title='bbox 1496 5407 1837 5477; x_wconf 79' lang='lat' dir='ltr'><strong>perturbaret</strong></span> <span class='ocrx_word' id='word_1_459' title='bbox 1861 5424 1997 5474; x_wconf 87' lang='lat' dir='ltr'><strong>eum,</strong></span> <span class='ocrx_word' id='word_1_460' title='bbox 2032 5425 2095 5462; x_wconf 87' lang='lat' dir='ltr'><strong>ne</strong></span> 
     </span>
    </p>
   </div>
   <div class='ocr_carea' id='block_1_61' title="bbox 494 5476 1159 5549">
    <p class='ocr_par' dir='ltr' id='par_1_61' title="bbox 494 5476 1159 5549">
     <span class='ocr_line' id='line_1_61' title="bbox 494 5476 1159 5549; baseline 0.008 -21"><span class='ocrx_word' id='word_1_461' title='bbox 494 5491 546 5528; x_wconf 85' lang='lat' dir='ltr'><strong>se</strong></span> <span class='ocrx_word' id='word_1_462' title='bbox 572 5476 784 5549; x_wconf 60' lang='lat' dir='ltr'><strong>quirino</strong></span> <span class='ocrx_word' id='word_1_463' title='bbox 821 5483 1159 5549; x_wconf 72' lang='lat' dir='ltr'><strong>cognosceret.</strong></span> 
     </span>
    </p>
   </div>
   <div class='ocr_carea' id='block_1_62' title="bbox 566 5546 2091 5621">
    <p class='ocr_par' dir='ltr' id='par_1_62' title="bbox 566 5546 2091 5621">
     <span class='ocr_line' id='line_1_62' title="bbox 566 5546 2091 5621; baseline 0.001 -17"><span class='ocrx_word' id='word_1_464' title='bbox 566 5546 699 5621; x_wconf 79' lang='lat'><strong>(86)</strong></span> <span class='ocrx_word' id='word_1_465' title='bbox 715 5546 918 5606; x_wconf 84' lang='lat' dir='ltr'><strong>Omnes</strong></span> <span class='ocrx_word' id='word_1_466' title='bbox 944 5548 1104 5614; x_wconf 89' lang='lat' dir='ltr'><strong>edit.,</strong></span> <span class='ocrx_word' id='word_1_467' title='bbox 1146 5549 1403 5621; x_wconf 82' lang='lat' dir='ltr'><strong>hospitem</strong></span> <span class='ocrx_word' id='word_1_468' title='bbox 1429 5567 1603 5607; x_wconf 77' lang='lat' dir='ltr'><strong>secum</strong></span> <span class='ocrx_word' id='word_1_469' title='bbox 1631 5552 1828 5608; x_wconf 78' lang='lat' dir='ltr'><strong>habens</strong></span> <span class='ocrx_word' id='word_1_470' title='bbox 1849 5568 1870 5617; x_wconf 85' lang='lat'><strong>;</strong></span> <span class='ocrx_word' id='word_1_471' title='bbox 1898 5565 2091 5606; x_wconf 91' lang='lat' dir='ltr'><strong>omnes</strong></span> 
     </span>
    </p>
   </div>
   <div class='ocr_carea' id='block_1_63' title="bbox 494 5619 1310 5687">
    <p class='ocr_par' dir='ltr' id='par_1_63' title="bbox 494 5619 1310 5687">
     <span class='ocr_line' id='line_1_63' title="bbox 494 5619 1310 5687; baseline 0.009 -15"><span class='ocrx_word' id='word_1_472' title='bbox 494 5630 652 5687; x_wconf 88' lang='lat' dir='ltr'><strong>mss.,</strong></span> <span class='ocrx_word' id='word_1_473' title='bbox 680 5619 875 5678; x_wconf 78' lang='lat' dir='ltr'><strong>hostem</strong></span> <span class='ocrx_word' id='word_1_474' title='bbox 897 5637 1070 5679; x_wconf 79' lang='lat' dir='ltr'><strong>secum</strong></span> <span class='ocrx_word' id='word_1_475' title='bbox 1096 5619 1310 5679; x_wconf 77' lang='lat' dir='ltr'><strong>habens.</strong></span> 
     </span>
    </p>
   </div>
   <div class='ocr_carea' id='block_1_64' title="bbox 2118 4473 2170 4533">
    <p class='ocr_par' dir='ltr' id='par_1_64' title="bbox 2118 4473 2170 4533">
     <span class='ocr_line' id='line_1_64' title="bbox 2118 4473 2170 4533; baseline 0 0"><span class='ocrx_word' id='word_1_476' title='bbox 2118 4473 2170 4533; x_wconf 90' lang='lat' dir='ltr'><strong>D</strong></span> 
     </span>
    </p>
   </div>
   <div class='ocr_carea' id='block_1_65' title="bbox 2193 479 3797 554">
    <p class='ocr_par' dir='ltr' id='par_1_65' title="bbox 2193 479 3797 554">
     <span class='ocr_line' id='line_1_65' title="bbox 2193 479 3797 554; baseline -0.002 -15"><span class='ocrx_word' id='word_1_477' title='bbox 2193 490 2276 539; x_wconf 90' lang='lat' dir='ltr'><strong>est</strong></span> <span class='ocrx_word' id='word_1_478' title='bbox 2300 484 2390 538; x_wconf 89' lang='lat' dir='ltr'><strong>lex</strong></span> <span class='ocrx_word' id='word_1_479' title='bbox 2422 481 2707 554; x_wconf 88' lang='lat' dir='ltr'><strong>spiritalis,</strong></span> <span class='ocrx_word' id='word_1_480' title='bbox 2744 481 2865 537; x_wconf 90' lang='lat' dir='ltr'><strong>sive</strong></span> <span class='ocrx_word' id='word_1_481' title='bbox 2893 480 3094 553; x_wconf 84' lang='lat' dir='ltr'><strong>Moysi,</strong></span> <span class='ocrx_word' id='word_1_482' title='bbox 3124 495 3245 552; x_wconf 73' lang='lat' dir='ltr'><strong>quae</strong></span> <span class='ocrx_word' id='word_1_483' title='bbox 3279 486 3509 536; x_wconf 87' lang='lat' dir='ltr'><strong>vocatur</strong></span> <span class='ocrx_word' id='word_1_484' title='bbox 3536 480 3628 534; x_wconf 86' lang='lat' dir='ltr'><strong>lex</strong></span> <span class='ocrx_word' id='word_1_485' title='bbox 3654 479 3753 535; x_wconf 91' lang='lat' dir='ltr'><strong>Dei</strong></span> <span class='ocrx_word' id='word_1_486' title='bbox 3783 496 3797 535; x_wconf 90' lang='lat'><strong>:</strong></span> 
     </span>
    </p>
   </div>
   <div class='ocr_carea' id='block_1_66' title="bbox 2193 568 3801 645">
    <p class='ocr_par' dir='ltr' id='par_1_66' title="bbox 2193 568 3801 645">
     <span class='ocr_line' id='line_1_66' title="bbox 2193 568 3801 645; baseline -0.002 -18"><span class='ocrx_word' id='word_1_487' title='bbox 2193 572 2402 645; x_wconf 90' lang='lat' dir='ltr'><strong>peccati</strong></span> <span class='ocrx_word' id='word_1_488' title='bbox 2452 586 2583 626; x_wconf 83' lang='lat' dir='ltr'><strong>vero</strong></span> <span class='ocrx_word' id='word_1_489' title='bbox 2632 571 2720 625; x_wconf 89' lang='lat' dir='ltr'><strong>lex</strong></span> <span class='ocrx_word' id='word_1_490' title='bbox 2769 568 2960 625; x_wconf 89' lang='lat' dir='ltr'><strong>eadem</strong></span> <span class='ocrx_word' id='word_1_491' title='bbox 3002 575 3083 624; x_wconf 90' lang='lat' dir='ltr'><strong>est</strong></span> <span class='ocrx_word' id='word_1_492' title='bbox 3132 585 3253 641; x_wconf 71' lang='lat' dir='ltr'><strong>quae</strong></span> <span class='ocrx_word' id='word_1_493' title='bbox 3297 576 3351 624; x_wconf 90' lang='lat' dir='ltr'><strong>et</strong></span> <span class='ocrx_word' id='word_1_494' title='bbox 3397 568 3515 637; x_wconf 91' lang='lat' dir='ltr'><strong>illa,</strong></span> <span class='ocrx_word' id='word_1_495' title='bbox 3545 584 3709 641; x_wconf 91' lang='lat' dir='ltr'><strong>quam</strong></span> <span class='ocrx_word' id='word_1_496' title='bbox 3739 568 3801 623; x_wconf 91' lang='lat' dir='ltr'><strong>in</strong></span> 
     </span>
    </p>
   </div>
   <div class='ocr_carea' id='block_1_67' title="bbox 2194 656 3804 732">
    <p class='ocr_par' dir='ltr' id='par_1_67' title="bbox 2194 656 3804 732">
     <span class='ocr_line' id='line_1_67' title="bbox 2194 656 3804 732; baseline -0.001 -16"><span class='ocrx_word' id='word_1_497' title='bbox 2194 661 2455 717; x_wconf 89' lang='lat' dir='ltr'><strong>membris</strong></span> <span class='ocrx_word' id='word_1_498' title='bbox 2503 660 2639 717; x_wconf 91' lang='lat' dir='ltr'><strong>dicit</strong></span> <span class='ocrx_word' id='word_1_499' title='bbox 2683 659 2884 729; x_wconf 90' lang='lat' dir='ltr'><strong>videri,</strong></span> <span class='ocrx_word' id='word_1_500' title='bbox 2937 675 3057 732; x_wconf 63' lang='lat' dir='ltr'><strong>quae</strong></span> <span class='ocrx_word' id='word_1_501' title='bbox 3097 658 3429 717; x_wconf 89' lang='lat' dir='ltr'><strong>contradicit</strong></span> <span class='ocrx_word' id='word_1_502' title='bbox 3464 657 3570 730; x_wconf 89' lang='lat' dir='ltr'><strong>legi</strong></span> <span class='ocrx_word' id='word_1_503' title='bbox 3599 656 3804 715; x_wconf 89' lang='lat' dir='ltr'><strong>mentis</strong></span> 
     </span>
    </p>
   </div>
   <div class='ocr_carea' id='block_1_68' title="bbox 2195 758 2416 806">
    <p class='ocr_par' dir='ltr' id='par_1_68' title="bbox 2195 758 2416 806">
     <span class='ocr_line' id='line_1_68' title="bbox 2195 758 2416 806; baseline -0.005 0"><span class='ocrx_word' id='word_1_504' title='bbox 2195 758 2416 806; x_wconf 69' lang='lat' dir='ltr'><strong>nostrae.</strong></span> 
     </span>
    </p>
   </div>
   <div class='ocr_carea' id='block_1_69' title="bbox 2269 836 3804 911">
    <p class='ocr_par' dir='ltr' id='par_1_69' title="bbox 2269 836 3804 911">
     <span class='ocr_line' id='line_1_69' title="bbox 2269 836 3804 911; baseline -0.003 -15"><span class='ocrx_word' id='word_1_505' title='bbox 2269 840 2450 911; x_wconf 85' lang='lat' dir='ltr'><strong>(Vers.</strong></span> <span class='ocrx_word' id='word_1_506' title='bbox 2484 838 2570 907; x_wconf 66' lang='lat'><strong>24,</strong></span> <span class='ocrx_word' id='word_1_507' title='bbox 2603 839 2720 910; x_wconf 82' lang='lat'><strong>25.)</strong></span> <span class='ocrx_word' id='word_1_508' title='bbox 2764 862 2783 886; x_wconf 77' lang='grc' dir='ltr'>ι</span> <span class='ocrx_word' id='word_1_509' title='bbox 2810 838 3014 894; x_wconf 88' lang='lat' dir='ltr'><strong>Infelix</strong></span> <span class='ocrx_word' id='word_1_510' title='bbox 3043 854 3141 910; x_wconf 90' lang='lat' dir='ltr'><strong>ego</strong></span> <span class='ocrx_word' id='word_1_511' title='bbox 3172 837 3360 905; x_wconf 90' lang='lat' dir='ltr'><strong>homo,</strong></span> <span class='ocrx_word' id='word_1_512' title='bbox 3383 836 3507 910; x_wconf 86' lang='lat' dir='ltr'><strong>quis</strong></span> <span class='ocrx_word' id='word_1_513' title='bbox 3536 853 3622 892; x_wconf 89' lang='lat' dir='ltr'><strong>me</strong></span> <span class='ocrx_word' id='word_1_514' title='bbox 3650 836 3804 892; x_wconf 88' lang='lat' dir='ltr'><strong>lihe-</strong></span> 
     </span>
    </p>
   </div>
   <div class='ocr_carea' id='block_1_70' title="bbox 2196 925 3805 1001">
    <p class='ocr_par' dir='ltr' id='par_1_70' title="bbox 2196 925 3805 1001">
     <span class='ocr_line' id='line_1_70' title="bbox 2196 925 3805 1001; baseline -0.003 -16"><span class='ocrx_word' id='word_1_515' title='bbox 2196 929 2340 985; x_wconf 89' lang='lat' dir='ltr'><strong>rabit</strong></span> <span class='ocrx_word' id='word_1_516' title='bbox 2383 928 2448 984; x_wconf 92' lang='lat' dir='ltr'><strong>de</strong></span> <span class='ocrx_word' id='word_1_517' title='bbox 2489 943 2715 1001; x_wconf 91' lang='lat' dir='ltr'><strong>corpore</strong></span> <span class='ocrx_word' id='word_1_518' title='bbox 2747 928 2942 983; x_wconf 91' lang='lat' dir='ltr'><strong>mortis</strong></span> <span class='ocrx_word' id='word_1_519' title='bbox 2979 925 3148 998; x_wconf 87' lang='lat' dir='ltr'><strong>hujus</strong></span> <span class='ocrx_word' id='word_1_520' title='bbox 3168 928 3195 982; x_wconf 81' lang='lat'>?</span> <span class='ocrx_word' id='word_1_521' title='bbox 3244 926 3433 983; x_wconf 87' lang='lat' dir='ltr'><strong>Gratia</strong></span> <span class='ocrx_word' id='word_1_522' title='bbox 3462 926 3562 983; x_wconf 91' lang='lat' dir='ltr'><strong>Dei</strong></span> <span class='ocrx_word' id='word_1_523' title='bbox 3593 943 3689 999; x_wconf 91' lang='lat' dir='ltr'><strong>per</strong></span> <span class='ocrx_word' id='word_1_524' title='bbox 3718 926 3805 981; x_wconf 81' lang='lat' dir='ltr'><strong>Je-</strong></span> 
     </span>
    </p>
   </div>
   <div class='ocr_carea' id='block_1_71' title="bbox 2197 1014 3808 1074">
    <p class='ocr_par' dir='ltr' id='par_1_71' title="bbox 2197 1014 3808 1074">
     <span class='ocr_line' id='line_1_71' title="bbox 2197 1014 3808 1074; baseline -0.003 0"><span class='ocrx_word' id='word_1_525' title='bbox 2197 1035 2317 1074; x_wconf 91' lang='lat' dir='ltr'><strong>sum</strong></span> <span class='ocrx_word' id='word_1_526' title='bbox 2356 1017 2641 1074; x_wconf 89' lang='lat' dir='ltr'><strong>Christum</strong></span> <span class='ocrx_word' id='word_1_527' title='bbox 2678 1015 2979 1074; x_wconf 89' lang='lat' dir='ltr'><strong>Dominum</strong></span> <span class='ocrx_word' id='word_1_528' title='bbox 3010 1023 3284 1072; x_wconf 92' lang='lat' dir='ltr'><strong>nostrum.</strong></span> <span class='ocrx_word' id='word_1_529' title='bbox 3315 1040 3333 1063; x_wconf 80' lang='grc' dir='ltr'><strong>ι</strong></span> <span class='ocrx_word' id='word_1_530' title='bbox 3378 1015 3657 1072; x_wconf 84' lang='lat' dir='ltr'><strong>Infelicem</strong></span> <span class='ocrx_word' id='word_1_531' title='bbox 3690 1014 3808 1070; x_wconf 93' lang='lat' dir='ltr'><strong>ho-</strong></span> 
     </span>
    </p>
   </div>
   <div class='ocr_carea' id='block_1_72' title="bbox 2198 1111 3805 1188">
    <p class='ocr_par' dir='ltr' id='par_1_72' title="bbox 2198 1111 3805 1188">
     <span class='ocr_line' id='line_1_72' title="bbox 2198 1111 3805 1188; baseline -0.002 -17"><span class='ocrx_word' id='word_1_532' title='bbox 2198 1116 2403 1171; x_wconf 92' lang='lat' dir='ltr'><strong>minem</strong></span> <span class='ocrx_word' id='word_1_533' title='bbox 2432 1114 2589 1182; x_wconf 89' lang='lat' dir='ltr'><strong>dicit,</strong></span> <span class='ocrx_word' id='word_1_534' title='bbox 2640 1113 2771 1188; x_wconf 90' lang='lat' dir='ltr'><strong>quia</strong></span> <span class='ocrx_word' id='word_1_535' title='bbox 2809 1114 3061 1169; x_wconf 90' lang='lat' dir='ltr'><strong>nascitur</strong></span> <span class='ocrx_word' id='word_1_536' title='bbox 3102 1113 3204 1169; x_wconf 89' lang='lat' dir='ltr'><strong>sub</strong></span> <span class='ocrx_word' id='word_1_537' title='bbox 3238 1121 3480 1186; x_wconf 89' lang='lat' dir='ltr'><strong>peccato.</strong></span> <span class='ocrx_word' id='word_1_538' title='bbox 3520 1111 3805 1185; x_wconf 88' lang='lat' dir='ltr'><strong>Numquid</strong></span> 
     </span>
    </p>
   </div>
   <div class='ocr_carea' id='block_1_73' title="bbox 2197 1201 3806 1276">
    <p class='ocr_par' dir='ltr' id='par_1_73' title="bbox 2197 1201 3806 1276">
     <span class='ocr_line' id='line_1_73' title="bbox 2197 1201 3806 1276; baseline -0.002 -15"><span class='ocrx_word' id='word_1_539' title='bbox 2197 1220 2309 1261; x_wconf 90' lang='lat' dir='ltr'><strong>non</strong></span> <span class='ocrx_word' id='word_1_540' title='bbox 2338 1221 2463 1260; x_wconf 88' lang='lat' dir='ltr'><strong>vere</strong></span> <span class='ocrx_word' id='word_1_541' title='bbox 2492 1204 2689 1260; x_wconf 88' lang='lat' dir='ltr'><strong>infelix</strong></span> <span class='ocrx_word' id='word_1_542' title='bbox 2718 1211 2800 1260; x_wconf 90' lang='lat' dir='ltr'><strong>est</strong></span> <span class='ocrx_word' id='word_1_543' title='bbox 2829 1202 3017 1272; x_wconf 90' lang='lat' dir='ltr'><strong>homo,</strong></span> <span class='ocrx_word' id='word_1_544' title='bbox 3037 1203 3132 1276; x_wconf 90' lang='lat' dir='ltr'><strong>qui</strong></span> <span class='ocrx_word' id='word_1_545' title='bbox 3167 1203 3225 1258; x_wconf 91' lang='lat' dir='ltr'><strong>in</strong></span> <span class='ocrx_word' id='word_1_546' title='bbox 3256 1201 3398 1260; x_wconf 89' lang='lat' dir='ltr'><strong>hanc</strong></span> <span class='ocrx_word' id='word_1_547' title='bbox 3427 1201 3806 1258; x_wconf 61' lang='lat' dir='ltr'><strong>hereditatem</strong></span> 
     </span>
    </p>
   </div>
   <div class='ocr_carea' id='block_1_74' title="bbox 2196 1290 3808 1365">
    <p class='ocr_par' dir='ltr' id='par_1_74' title="bbox 2196 1290 3808 1365">
     <span class='ocr_line' id='line_1_74' title="bbox 2196 1290 3808 1365; baseline 0 -18"><span class='ocrx_word' id='word_1_548' title='bbox 2196 1292 2665 1365; x_wconf 66' lang='lat' dir='ltr'><strong>praevaricationis</strong></span> <span class='ocrx_word' id='word_1_549' title='bbox 2694 1292 3002 1360; x_wconf 83' lang='lat' dir='ltr'><strong>successit,</strong></span> <span class='ocrx_word' id='word_1_550' title='bbox 3076 1292 3290 1349; x_wconf 90' lang='lat' dir='ltr'><strong>hostem</strong></span> <span class='ocrx_word' id='word_1_551' title='bbox 3357 1307 3541 1347; x_wconf 85' lang='lat' dir='ltr'><strong>secum</strong></span> <span class='ocrx_word' id='word_1_552' title='bbox 3596 1290 3808 1347; x_wconf 87' lang='lat' dir='ltr'><strong>habens</strong></span> 
     </span>
    </p>
   </div>
   <div class='ocr_carea' id='block_1_75' title="bbox 2198 1375 3805 1455">
    <p class='ocr_par' dir='ltr' id='par_1_75' title="bbox 2198 1375 3805 1455">
     <span class='ocr_line' id='line_1_75' title="bbox 2198 1375 3805 1455; baseline -0.001 -17"><span class='ocrx_word' id='word_1_553' title='bbox 2198 1388 2480 1455; x_wconf 87' lang='lat' dir='ltr'><strong>peccatum</strong></span> <span class='ocrx_word' id='word_1_554' title='bbox 2515 1382 2656 1453; x_wconf 88' lang='lat'><strong>(86),</strong></span> <span class='ocrx_word' id='word_1_555' title='bbox 2684 1375 2964 1454; x_wconf 39' lang='lat' dir='ltr'><strong>per&#39;quod</strong></span> <span class='ocrx_word' id='word_1_556' title='bbox 2994 1381 3063 1437; x_wconf 90' lang='lat' dir='ltr'><strong>ad</strong></span> <span class='ocrx_word' id='word_1_557' title='bbox 3088 1381 3250 1438; x_wconf 91' lang='lat' dir='ltr'><strong>illum</strong></span> <span class='ocrx_word' id='word_1_558' title='bbox 3278 1380 3489 1437; x_wconf 90' lang='lat' dir='ltr'><strong>aditum</strong></span> <span class='ocrx_word' id='word_1_559' title='bbox 3519 1380 3686 1437; x_wconf 89' lang='lat' dir='ltr'><strong>habet</strong></span> <span class='ocrx_word' id='word_1_560' title='bbox 3713 1380 3805 1437; x_wconf 89' lang='lat' dir='ltr'><strong>Sa-</strong></span> 
     </span>
    </p>
   </div>
   <div class='ocr_carea' id='block_1_76' title="bbox 2196 1468 3806 1543">
    <p class='ocr_par' dir='ltr' id='par_1_76' title="bbox 2196 1468 3806 1543">
     <span class='ocr_line' id='line_1_76' title="bbox 2196 1468 3806 1543; baseline -0.002 -16"><span class='ocrx_word' id='word_1_561' title='bbox 2196 1472 2391 1528; x_wconf 79' lang='lat' dir='ltr'><strong>tanas?</strong></span> <span class='ocrx_word' id='word_1_562' title='bbox 2450 1471 2664 1528; x_wconf 87' lang='lat' dir='ltr'><strong>Gradus</strong></span> <span class='ocrx_word' id='word_1_563' title='bbox 2708 1471 2855 1527; x_wconf 89' lang='lat' dir='ltr'><strong>enim</strong></span> <span class='ocrx_word' id='word_1_564' title='bbox 2907 1470 3206 1528; x_wconf 88' lang='lat' dir='ltr'><strong>fabricavit</strong></span> <span class='ocrx_word' id='word_1_565' title='bbox 3233 1471 3431 1539; x_wconf 86' lang='lat' dir='ltr'><strong>Adam,</strong></span> <span class='ocrx_word' id='word_1_566' title='bbox 3454 1485 3552 1542; x_wconf 91' lang='lat' dir='ltr'><strong>per</strong></span> <span class='ocrx_word' id='word_1_567' title='bbox 3579 1487 3717 1543; x_wconf 89' lang='lat' dir='ltr'><strong>quos</strong></span> <span class='ocrx_word' id='word_1_568' title='bbox 3735 1468 3806 1525; x_wconf 85' lang='lat' dir='ltr'><strong>ad</strong></span> 
     </span>
    </p>
   </div>
   <div class='ocr_carea' id='block_1_77' title="bbox 2199 1556 3808 1632">
    <p class='ocr_par' dir='ltr' id='par_1_77' title="bbox 2199 1556 3808 1632">
     <span class='ocr_line' id='line_1_77' title="bbox 2199 1556 3808 1632; baseline -0.003 -16"><span class='ocrx_word' id='word_1_569' title='bbox 2199 1560 2343 1616; x_wconf 88' lang='lat' dir='ltr'><strong>ﬁlios</strong></span> <span class='ocrx_word' id='word_1_570' title='bbox 2371 1558 2489 1632; x_wconf 90' lang='lat' dir='ltr'><strong>ejus</strong></span> <span class='ocrx_word' id='word_1_571' title='bbox 2516 1559 2859 1631; x_wconf 88' lang='lat' dir='ltr'><strong>exspoliator</strong></span> <span class='ocrx_word' id='word_1_572' title='bbox 2890 1558 3158 1629; x_wconf 89' lang='lat' dir='ltr'><strong>ascendit,</strong></span> <span class='ocrx_word' id='word_1_573' title='bbox 3206 1557 3317 1615; x_wconf 92' lang='lat' dir='ltr'><strong>nisi</strong></span> <span class='ocrx_word' id='word_1_574' title='bbox 3343 1556 3808 1614; x_wconf 87' lang='lat' dir='ltr'><strong>clementissimus</strong></span> 
     </span>
    </p>
   </div>
   <div class='ocr_carea' id='block_1_78' title="bbox 2196 1647 3810 1720">
    <p class='ocr_par' dir='ltr' id='par_1_78' title="bbox 2196 1647 3810 1720">
     <span class='ocr_line' id='line_1_78' title="bbox 2196 1647 3810 1720; baseline -0.003 -14"><span class='ocrx_word' id='word_1_575' title='bbox 2196 1649 2467 1707; x_wconf 90' lang='lat' dir='ltr'><strong>Dominus</strong></span> <span class='ocrx_word' id='word_1_576' title='bbox 2521 1658 2705 1705; x_wconf 92' lang='lat' dir='ltr'><strong>motus</strong></span> <span class='ocrx_word' id='word_1_577' title='bbox 2769 1648 3152 1705; x_wconf 89' lang='lat' dir='ltr'><strong>misericordia</strong></span> <span class='ocrx_word' id='word_1_578' title='bbox 3205 1647 3436 1720; x_wconf 89' lang='lat' dir='ltr'><strong>gratiam</strong></span> <span class='ocrx_word' id='word_1_579' title='bbox 3498 1663 3650 1703; x_wconf 89' lang='lat' dir='ltr'><strong>suam</strong></span> <span class='ocrx_word' id='word_1_580' title='bbox 3711 1662 3810 1718; x_wconf 87' lang='lat' dir='ltr'><strong>per</strong></span> 
     </span>
    </p>
   </div>
   <div class='ocr_carea' id='block_1_79' title="bbox 2116 1736 3810 1816">
    <p class='ocr_par' dir='ltr' id='par_1_79' title="bbox 2116 1736 3810 1816">
     <span class='ocr_line' id='line_1_79' title="bbox 2116 1736 3810 1816; baseline -0.006 -15"><span class='ocrx_word' id='word_1_581' title='bbox 2116 1754 2164 1816; x_wconf 83' lang='grc' dir='ltr'>Β</span> <span class='ocrx_word' id='word_1_582' title='bbox 2197 1742 2479 1801; x_wconf 89' lang='lat' dir='ltr'><strong>Christum</strong></span> <span class='ocrx_word' id='word_1_583' title='bbox 2511 1740 2785 1797; x_wconf 88' lang='lat' dir='ltr'><strong>dedisset:</strong></span> <span class='ocrx_word' id='word_1_584' title='bbox 2812 1748 2875 1796; x_wconf 90' lang='lat' dir='ltr'><strong>ut</strong></span> <span class='ocrx_word' id='word_1_585' title='bbox 2908 1748 2962 1797; x_wconf 91' lang='lat' dir='ltr'><strong>et</strong></span> <span class='ocrx_word' id='word_1_586' title='bbox 2992 1741 3298 1795; x_wconf 90' lang='lat' dir='ltr'><strong>relevatum</strong></span> <span class='ocrx_word' id='word_1_587' title='bbox 3335 1739 3455 1812; x_wconf 85' lang='lat'><strong>(87)</strong></span> <span class='ocrx_word' id='word_1_588' title='bbox 3489 1754 3660 1810; x_wconf 89' lang='lat' dir='ltr'><strong>genus</strong></span> <span class='ocrx_word' id='word_1_589' title='bbox 3689 1736 3810 1792; x_wconf 89' lang='lat' dir='ltr'><strong>hu—</strong></span> 
     </span>
    </p>
   </div>
   <div class='ocr_carea' id='block_1_80' title="bbox 2195 1827 3807 1902">
    <p class='ocr_par' dir='ltr' id='par_1_80' title="bbox 2195 1827 3807 1902">
     <span class='ocr_line' id='line_1_80' title="bbox 2195 1827 3807 1902; baseline -0.006 -12"><span class='ocrx_word' id='word_1_590' title='bbox 2195 1849 2421 1890; x_wconf 88' lang='lat' dir='ltr'><strong>manum</strong></span> <span class='ocrx_word' id='word_1_591' title='bbox 2466 1830 2788 1887; x_wconf 89' lang='lat' dir='ltr'><strong>remissione</strong></span> <span class='ocrx_word' id='word_1_592' title='bbox 2830 1838 3180 1902; x_wconf 89' lang='lat' dir='ltr'><strong>peccatorum</strong></span> <span class='ocrx_word' id='word_1_593' title='bbox 3213 1837 3463 1901; x_wconf 88' lang='lat' dir='ltr'><strong>accepta,</strong></span> <span class='ocrx_word' id='word_1_594' title='bbox 3511 1827 3579 1884; x_wconf 91' lang='lat' dir='ltr'><strong>de</strong></span> <span class='ocrx_word' id='word_1_595' title='bbox 3608 1834 3807 1882; x_wconf 73' lang='lat' dir='ltr'><strong>caetero</strong></span> 
     </span>
    </p>
   </div>
   <div class='ocr_carea' id='block_1_81' title="bbox 2195 1917 3803 1994">
    <p class='ocr_par' dir='ltr' id='par_1_81' title="bbox 2195 1917 3803 1994">
     <span class='ocr_line' id='line_1_81' title="bbox 2195 1917 3803 1994; baseline -0.004 -17"><span class='ocrx_word' id='word_1_596' title='bbox 2195 1921 2367 1994; x_wconf 91' lang='lat' dir='ltr'><strong>possit</strong></span> <span class='ocrx_word' id='word_1_597' title='bbox 2417 1920 2757 1992; x_wconf 87' lang='lat' dir='ltr'><strong>resipiscere,</strong></span> <span class='ocrx_word' id='word_1_598' title='bbox 2816 1935 3072 1990; x_wconf 89' lang='lat' dir='ltr'><strong>represso</strong></span> <span class='ocrx_word' id='word_1_599' title='bbox 3128 1926 3183 1974; x_wconf 91' lang='lat' dir='ltr'><strong>et</strong></span> <span class='ocrx_word' id='word_1_600' title='bbox 3237 1917 3499 1974; x_wconf 90' lang='lat' dir='ltr'><strong>damnato</strong></span> <span class='ocrx_word' id='word_1_601' title='bbox 3561 1921 3803 1987; x_wconf 87' lang='lat' dir='ltr'><strong>peccato.</strong></span> 
     </span>
    </p>
   </div>
   <div class='ocr_carea' id='block_1_82' title="bbox 2194 2007 3807 2082">
    <p class='ocr_par' dir='ltr' id='par_1_82' title="bbox 2194 2007 3807 2082">
     <span class='ocr_line' id='line_1_82' title="bbox 2194 2007 3807 2082; baseline -0.006 -11"><span class='ocrx_word' id='word_1_602' title='bbox 2194 2016 2379 2072; x_wconf 90' lang='lat' dir='ltr'><strong>Potest</strong></span> <span class='ocrx_word' id='word_1_603' title='bbox 2407 2013 2556 2069; x_wconf 90' lang='lat' dir='ltr'><strong>enim</strong></span> <span class='ocrx_word' id='word_1_604' title='bbox 2594 2019 2926 2069; x_wconf 86' lang='lat' dir='ltr'><strong>exoneratus</strong></span> <span class='ocrx_word' id='word_1_605' title='bbox 2978 2010 3141 2067; x_wconf 91' lang='lat' dir='ltr'><strong>malis</strong></span> <span class='ocrx_word' id='word_1_606' title='bbox 3174 2017 3228 2067; x_wconf 89' lang='lat' dir='ltr'><strong>et</strong></span> <span class='ocrx_word' id='word_1_607' title='bbox 3254 2016 3516 2082; x_wconf 91' lang='lat' dir='ltr'><strong>purgatus</strong></span> <span class='ocrx_word' id='word_1_608' title='bbox 3554 2007 3807 2063; x_wconf 87' lang='lat' dir='ltr'><strong>resistere</strong></span> 
     </span>
    </p>
   </div>
   <div class='ocr_carea' id='block_1_83' title="bbox 2196 2094 3806 2175">
    <p class='ocr_par' dir='ltr' id='par_1_83' title="bbox 2196 2094 3806 2175">
     <span class='ocr_line' id='line_1_83' title="bbox 2196 2094 3806 2175; baseline -0.007 -14"><span class='ocrx_word' id='word_1_609' title='bbox 2196 2102 2530 2171; x_wconf 89' lang='lat' dir='ltr'><strong>adversario,</strong></span> <span class='ocrx_word' id='word_1_610' title='bbox 2588 2109 2856 2174; x_wconf 90' lang='lat' dir='ltr'><strong>potestate</strong></span> <span class='ocrx_word' id='word_1_611' title='bbox 2892 2108 3113 2172; x_wconf 90' lang='lat' dir='ltr'><strong>recepta</strong></span> <span class='ocrx_word' id='word_1_612' title='bbox 3162 2108 3356 2175; x_wconf 89' lang='lat' dir='ltr'><strong>contra</strong></span> <span class='ocrx_word' id='word_1_613' title='bbox 3418 2096 3600 2162; x_wconf 91' lang='lat' dir='ltr'><strong>illum,</strong></span> <span class='ocrx_word' id='word_1_614' title='bbox 3668 2094 3806 2150; x_wconf 87' lang='lat' dir='ltr'><strong>dum</strong></span> 
     </span>
    </p>
   </div>
   <div class='ocr_carea' id='block_1_84' title="bbox 2198 2184 3811 2265">
    <p class='ocr_par' dir='ltr' id='par_1_84' title="bbox 2198 2184 3811 2265">
     <span class='ocr_line' id='line_1_84' title="bbox 2198 2184 3811 2265; baseline -0.007 -16"><span class='ocrx_word' id='word_1_615' title='bbox 2198 2192 2490 2265; x_wconf 86' lang='lat' dir='ltr'><strong>adjuvatur</strong></span> <span class='ocrx_word' id='word_1_616' title='bbox 2523 2208 2554 2246; x_wconf 90' lang='lat' dir='ltr'><strong>a</strong></span> <span class='ocrx_word' id='word_1_617' title='bbox 2589 2193 2724 2247; x_wconf 91' lang='lat' dir='ltr'><strong>Deo.</strong></span> <span class='ocrx_word' id='word_1_618' title='bbox 2766 2190 2871 2245; x_wconf 88' lang='lat' dir='ltr'><strong>Hic</strong></span> <span class='ocrx_word' id='word_1_619' title='bbox 2898 2188 3055 2261; x_wconf 89' lang='lat' dir='ltr'><strong>quasi</strong></span> <span class='ocrx_word' id='word_1_620' title='bbox 3086 2188 3262 2260; x_wconf 87' lang='lat' dir='ltr'><strong>legem</strong></span> <span class='ocrx_word' id='word_1_621' title='bbox 3299 2185 3430 2242; x_wconf 89' lang='lat' dir='ltr'><strong>ﬁdei</strong></span> <span class='ocrx_word' id='word_1_622' title='bbox 3459 2184 3679 2241; x_wconf 90' lang='lat' dir='ltr'><strong>tertiam</strong></span> <span class='ocrx_word' id='word_1_623' title='bbox 3707 2184 3811 2238; x_wconf 91' lang='lat' dir='ltr'><strong>in-</strong></span> 
     </span>
    </p>
   </div>
   <div class='ocr_carea' id='block_1_85' title="bbox 2197 2276 3811 2353">
    <p class='ocr_par' dir='ltr' id='par_1_85' title="bbox 2197 2276 3811 2353">
     <span class='ocr_line' id='line_1_85' title="bbox 2197 2276 3811 2353; baseline -0.005 -16"><span class='ocrx_word' id='word_1_624' title='bbox 2197 2280 2353 2338; x_wconf 92' lang='lat' dir='ltr'><strong>ducit</strong></span> <span class='ocrx_word' id='word_1_625' title='bbox 2390 2280 2687 2353; x_wconf 90' lang='lat' dir='ltr'><strong>potiorem,</strong></span> <span class='ocrx_word' id='word_1_626' title='bbox 2737 2294 2901 2351; x_wconf 91' lang='lat' dir='ltr'><strong>quam</strong></span> <span class='ocrx_word' id='word_1_627' title='bbox 2958 2286 3012 2333; x_wconf 92' lang='lat' dir='ltr'><strong>et</strong></span> <span class='ocrx_word' id='word_1_628' title='bbox 3067 2276 3295 2349; x_wconf 90' lang='lat' dir='ltr'><strong>gratiam</strong></span> <span class='ocrx_word' id='word_1_629' title='bbox 3330 2282 3494 2331; x_wconf 89' lang='lat' dir='ltr'><strong>vocat</strong></span> <span class='ocrx_word' id='word_1_630' title='bbox 3525 2291 3536 2329; x_wconf 92' lang='lat'>:</span> <span class='ocrx_word' id='word_1_631' title='bbox 3584 2290 3705 2347; x_wconf 70' lang='lat' dir='ltr'><strong>quae</strong></span> <span class='ocrx_word' id='word_1_632' title='bbox 3736 2289 3811 2329; x_wconf 79' lang='lat' dir='ltr'><strong>ex</strong></span> 
     </span>
    </p>
   </div>
   <div class='ocr_carea' id='block_1_86' title="bbox 2198 2363 3810 2444">
    <p class='ocr_par' dir='ltr' id='par_1_86' title="bbox 2198 2363 3810 2444">
     <span class='ocr_line' id='line_1_86' title="bbox 2198 2363 3810 2444; baseline -0.004 -17"><span class='ocrx_word' id='word_1_633' title='bbox 2198 2372 2314 2444; x_wconf 90' lang='lat' dir='ltr'><strong>lege</strong></span> <span class='ocrx_word' id='word_1_634' title='bbox 2365 2377 2550 2425; x_wconf 89' lang='lat' dir='ltr'><strong>tamen</strong></span> <span class='ocrx_word' id='word_1_635' title='bbox 2606 2366 2903 2439; x_wconf 90' lang='lat' dir='ltr'><strong>spirituali.</strong></span> <span class='ocrx_word' id='word_1_636' title='bbox 2944 2366 3218 2438; x_wconf 91' lang='lat' dir='ltr'><strong>originem</strong></span> <span class='ocrx_word' id='word_1_637' title='bbox 3288 2363 3476 2432; x_wconf 89' lang='lat' dir='ltr'><strong>habet,</strong></span> <span class='ocrx_word' id='word_1_638' title='bbox 3534 2363 3665 2436; x_wconf 89' lang='lat' dir='ltr'><strong>quia</strong></span> <span class='ocrx_word' id='word_1_639' title='bbox 3710 2381 3810 2437; x_wconf 88' lang='lat' dir='ltr'><strong>per</strong></span> 
     </span>
    </p>
   </div>
   <div class='ocr_carea' id='block_1_87' title="bbox 2198 2452 3811 2529">
    <p class='ocr_par' dir='ltr' id='par_1_87' title="bbox 2198 2452 3811 2529">
     <span class='ocr_line' id='line_1_87' title="bbox 2198 2452 3811 2529; baseline -0.005 -13"><span class='ocrx_word' id='word_1_640' title='bbox 2198 2460 2342 2517; x_wconf 88' lang='lat' dir='ltr'><strong>hanc</strong></span> <span class='ocrx_word' id='word_1_641' title='bbox 2371 2459 2632 2515; x_wconf 90' lang='lat' dir='ltr'><strong>liberatus</strong></span> <span class='ocrx_word' id='word_1_642' title='bbox 2669 2466 2750 2513; x_wconf 89' lang='lat' dir='ltr'><strong>est</strong></span> <span class='ocrx_word' id='word_1_643' title='bbox 2788 2456 2976 2524; x_wconf 91' lang='lat' dir='ltr'><strong>homo,</strong></span> <span class='ocrx_word' id='word_1_644' title='bbox 3020 2463 3083 2512; x_wconf 87' lang='lat' dir='ltr'><strong>ut</strong></span> <span class='ocrx_word' id='word_1_645' title='bbox 3114 2454 3245 2529; x_wconf 90' lang='lat' dir='ltr'><strong>quia</strong></span> <span class='ocrx_word' id='word_1_646' title='bbox 3270 2455 3491 2527; x_wconf 83' lang='lat' dir='ltr'><strong>Moyses</strong></span> <span class='ocrx_word' id='word_1_647' title='bbox 3536 2452 3690 2510; x_wconf 86' lang='lat' dir='ltr'><strong>dedit</strong></span> <span class='ocrx_word' id='word_1_648' title='bbox 3719 2454 3811 2509; x_wconf 90' lang='lat' dir='ltr'><strong>le—</strong></span> 
     </span>
    </p>
   </div>
   <div class='ocr_carea' id='block_1_88' title="bbox 2200 2543 3810 2628">
    <p class='ocr_par' dir='ltr' id='par_1_88' title="bbox 2200 2543 3810 2628">
     <span class='ocr_line' id='line_1_88' title="bbox 2200 2543 3810 2628; baseline -0.005 -22"><span class='ocrx_word' id='word_1_649' title='bbox 2200 2565 2342 2628; x_wconf 80' lang='lat' dir='ltr'><strong>gem,</strong></span> <span class='ocrx_word' id='word_1_650' title='bbox 2372 2546 2635 2619; x_wconf 88' lang='lat' dir='ltr'><strong>deditque</strong></span> <span class='ocrx_word' id='word_1_651' title='bbox 2663 2553 2718 2601; x_wconf 93' lang='lat' dir='ltr'><strong>et</strong></span> <span class='ocrx_word' id='word_1_652' title='bbox 2753 2544 3046 2612; x_wconf 90' lang='lat' dir='ltr'><strong>Dominus,</strong></span> <span class='ocrx_word' id='word_1_653' title='bbox 3081 2543 3203 2600; x_wconf 64' lang='lat' dir='ltr'><strong>duae</strong></span> <span class='ocrx_word' id='word_1_654' title='bbox 3230 2543 3491 2599; x_wconf 85' lang='lat' dir='ltr'><strong>dicantur</strong></span> <span class='ocrx_word' id='word_1_655' title='bbox 3524 2559 3537 2597; x_wconf 89' lang='lat'><strong>:</strong></span> <span class='ocrx_word' id='word_1_656' title='bbox 3578 2558 3689 2598; x_wconf 89' lang='lat' dir='ltr'><strong>una</strong></span> <span class='ocrx_word' id='word_1_657' title='bbox 3710 2550 3810 2598; x_wconf 87' lang='lat' dir='ltr'><strong>ta-</strong></span> 
     </span>
    </p>
   </div>
   <div class='ocr_carea' id='block_1_89' title="bbox 2201 2630 3809 2707">
    <p class='ocr_par' dir='ltr' id='par_1_89' title="bbox 2201 2630 3809 2707">
     <span class='ocr_line' id='line_1_89' title="bbox 2201 2630 3809 2707; baseline -0.003 -16"><span class='ocrx_word' id='word_1_658' title='bbox 2201 2652 2326 2692; x_wconf 91' lang='lat' dir='ltr'><strong>men</strong></span> <span class='ocrx_word' id='word_1_659' title='bbox 2356 2636 2719 2706; x_wconf 90' lang='lat' dir='ltr'><strong>intelligatur,</strong></span> <span class='ocrx_word' id='word_1_660' title='bbox 2760 2641 3029 2707; x_wconf 88' lang='lat' dir='ltr'><strong>quantum</strong></span> <span class='ocrx_word' id='word_1_661' title='bbox 3060 2632 3129 2688; x_wconf 90' lang='lat' dir='ltr'><strong>ad</strong></span> <span class='ocrx_word' id='word_1_662' title='bbox 3160 2648 3392 2687; x_wconf 93' lang='lat' dir='ltr'><strong>sensum</strong></span> <span class='ocrx_word' id='word_1_663' title='bbox 3423 2638 3478 2687; x_wconf 90' lang='lat' dir='ltr'><strong>et</strong></span> <span class='ocrx_word' id='word_1_664' title='bbox 3505 2630 3809 2703; x_wconf 87' lang='lat' dir='ltr'><strong>providen-</strong></span> 
     </span>
    </p>
   </div>
   <div class='ocr_carea' id='block_1_90' title="bbox 2199 2720 3811 2799">
    <p class='ocr_par' dir='ltr' id='par_1_90' title="bbox 2199 2720 3811 2799">
     <span class='ocr_line' id='line_1_90' title="bbox 2199 2720 3811 2799; baseline -0.004 -15"><span class='ocrx_word' id='word_1_665' title='bbox 2199 2727 2333 2785; x_wconf 89' lang='lat' dir='ltr'><strong>tiam</strong></span> <span class='ocrx_word' id='word_1_666' title='bbox 2371 2725 2627 2799; x_wconf 90' lang='lat' dir='ltr'><strong>pertinet.</strong></span> <span class='ocrx_word' id='word_1_667' title='bbox 2669 2726 2770 2780; x_wconf 92' lang='lat' dir='ltr'><strong>Illa</strong></span> <span class='ocrx_word' id='word_1_668' title='bbox 2798 2724 2949 2781; x_wconf 91' lang='lat' dir='ltr'><strong>enim</strong></span> <span class='ocrx_word' id='word_1_669' title='bbox 2996 2723 3281 2779; x_wconf 86' lang='lat' dir='ltr'><strong>initiatrix</strong></span> <span class='ocrx_word' id='word_1_670' title='bbox 3308 2729 3392 2778; x_wconf 91' lang='lat' dir='ltr'><strong>est</strong></span> <span class='ocrx_word' id='word_1_671' title='bbox 3430 2721 3646 2790; x_wconf 90' lang='lat' dir='ltr'><strong>salutis,</strong></span> <span class='ocrx_word' id='word_1_672' title='bbox 3687 2720 3811 2778; x_wconf 72' lang='lat' dir='ltr'><strong>haec</strong></span> 
     </span>
    </p>
   </div>
   <div class='ocr_carea' id='block_1_91' title="bbox 2198 2812 3811 2885">
    <p class='ocr_par' dir='ltr' id='par_1_91' title="bbox 2198 2812 3811 2885">
     <span class='ocr_line' id='line_1_91' title="bbox 2198 2812 3811 2885; baseline -0.002 -12"><span class='ocrx_word' id='word_1_673' title='bbox 2198 2834 2330 2873; x_wconf 92' lang='lat' dir='ltr'><strong>vero</strong></span> <span class='ocrx_word' id='word_1_674' title='bbox 2379 2815 2836 2873; x_wconf 85' lang='lat' dir='ltr'><strong>consummatrix.</strong></span> <span class='ocrx_word' id='word_1_675' title='bbox 2887 2814 2991 2871; x_wconf 90' lang='lat' dir='ltr'><strong>Sed</strong></span> <span class='ocrx_word' id='word_1_676' title='bbox 3048 2831 3163 2871; x_wconf 91' lang='lat' dir='ltr'><strong>non</strong></span> <span class='ocrx_word' id='word_1_677' title='bbox 3208 2814 3353 2870; x_wconf 90' lang='lat' dir='ltr'><strong>hanc</strong></span> <span class='ocrx_word' id='word_1_678' title='bbox 3406 2819 3615 2885; x_wconf 88' lang='lat' dir='ltr'><strong>partem</strong></span> <span class='ocrx_word' id='word_1_679' title='bbox 3672 2812 3811 2884; x_wconf 90' lang='lat' dir='ltr'><strong>legis</strong></span> 
     </span>
    </p>
   </div>
   <div class='ocr_carea' id='block_1_92' title="bbox 2198 2900 3812 2978">
    <p class='ocr_par' dir='ltr' id='par_1_92' title="bbox 2198 2900 3812 2978">
     <span class='ocr_line' id='line_1_92' title="bbox 2198 2900 3812 2978; baseline -0.005 -15"><span class='ocrx_word' id='word_1_680' title='bbox 2198 2907 2343 2974; x_wconf 84' lang='lat' dir='ltr'><strong>dico,</strong></span> <span class='ocrx_word' id='word_1_681' title='bbox 2393 2922 2512 2978; x_wconf 60' lang='lat' dir='ltr'><strong>quae</strong></span> <span class='ocrx_word' id='word_1_682' title='bbox 2543 2905 2599 2960; x_wconf 92' lang='lat' dir='ltr'><strong>in</strong></span> <span class='ocrx_word' id='word_1_683' title='bbox 2647 2903 2965 2960; x_wconf 89' lang='lat' dir='ltr'><strong>neomeniis</strong></span> <span class='ocrx_word' id='word_1_684' title='bbox 3007 2910 3088 2958; x_wconf 93' lang='lat' dir='ltr'><strong>est</strong></span> <span class='ocrx_word' id='word_1_685' title='bbox 3116 2909 3170 2957; x_wconf 91' lang='lat' dir='ltr'><strong>et</strong></span> <span class='ocrx_word' id='word_1_686' title='bbox 3216 2902 3274 2957; x_wconf 91' lang='lat' dir='ltr'><strong>in</strong></span> <span class='ocrx_word' id='word_1_687' title='bbox 3303 2900 3725 2957; x_wconf 89' lang='lat' dir='ltr'><strong>circumcisione</strong></span> <span class='ocrx_word' id='word_1_688' title='bbox 3753 2908 3812 2956; x_wconf 88' lang='lat' dir='ltr'><strong>et</strong></span> 
     </span>
    </p>
   </div>
   <div class='ocr_carea' id='block_1_93' title="bbox 2198 2988 3812 3066">
    <p class='ocr_par' dir='ltr' id='par_1_93' title="bbox 2198 2988 3812 3066">
     <span class='ocr_line' id='line_1_93' title="bbox 2198 2988 3812 3066; baseline -0.001 -19"><span class='ocrx_word' id='word_1_689' title='bbox 2198 2993 2256 3051; x_wconf 92' lang='lat' dir='ltr'><strong>in</strong></span> <span class='ocrx_word' id='word_1_690' title='bbox 2285 2994 2444 3063; x_wconf 91' lang='lat' dir='ltr'><strong>escis,</strong></span> <span class='ocrx_word' id='word_1_691' title='bbox 2484 2993 2580 3049; x_wconf 91' lang='lat' dir='ltr'><strong>sed</strong></span> <span class='ocrx_word' id='word_1_692' title='bbox 2607 3010 2728 3066; x_wconf 67' lang='lat' dir='ltr'><strong>quae</strong></span> <span class='ocrx_word' id='word_1_693' title='bbox 2758 2992 2828 3049; x_wconf 90' lang='lat' dir='ltr'><strong>ad</strong></span> <span class='ocrx_word' id='word_1_694' title='bbox 2859 2998 3268 3047; x_wconf 88' lang='lat' dir='ltr'><strong>sacramentum</strong></span> <span class='ocrx_word' id='word_1_695' title='bbox 3294 3058 3297 3061; x_wconf 95' lang='lat'><em>_</em></span> <span class='ocrx_word' id='word_1_696' title='bbox 3323 2989 3423 3046; x_wconf 91' lang='lat' dir='ltr'><strong>Dei</strong></span> <span class='ocrx_word' id='word_1_697' title='bbox 3470 2988 3707 3060; x_wconf 87' lang='lat' dir='ltr'><strong>pertinet</strong></span> <span class='ocrx_word' id='word_1_698' title='bbox 3752 2997 3812 3045; x_wconf 87' lang='lat' dir='ltr'><strong>et</strong></span> 
     </span>
    </p>
   </div>
   <div class='ocr_carea' id='block_1_94' title="bbox 2200 3077 3808 3156">
    <p class='ocr_par' dir='ltr' id='par_1_94' title="bbox 2200 3077 3808 3156">
     <span class='ocr_line' id='line_1_94' title="bbox 2200 3077 3808 3156; baseline -0.004 -16"><span class='ocrx_word' id='word_1_699' title='bbox 2200 3084 2569 3156; x_wconf 90' lang='lat' dir='ltr'><strong>disciplinam.</strong></span> <span class='ocrx_word' id='word_1_700' title='bbox 2619 3082 2807 3139; x_wconf 89' lang='lat' dir='ltr'><strong>Gratia</strong></span> <span class='ocrx_word' id='word_1_701' title='bbox 2843 3097 2973 3153; x_wconf 91' lang='lat' dir='ltr'><strong>ergo</strong></span> <span class='ocrx_word' id='word_1_702' title='bbox 3029 3079 3127 3136; x_wconf 92' lang='lat' dir='ltr'><strong>Dei</strong></span> <span class='ocrx_word' id='word_1_703' title='bbox 3170 3095 3266 3151; x_wconf 88' lang='lat' dir='ltr'><strong>per</strong></span> <span class='ocrx_word' id='word_1_704' title='bbox 3295 3078 3577 3136; x_wconf 89' lang='lat' dir='ltr'><strong>Christum</strong></span> <span class='ocrx_word' id='word_1_705' title='bbox 3608 3077 3808 3134; x_wconf 86' lang='lat' dir='ltr'><strong>libera-</strong></span> 
     </span>
    </p>
   </div>
   <div class='ocr_carea' id='block_1_95' title="bbox 2206 3166 3815 3242">
    <p class='ocr_par' dir='ltr' id='par_1_95' title="bbox 2206 3166 3815 3242">
     <span class='ocr_line' id='line_1_95' title="bbox 2206 3166 3815 3242; baseline -0.003 -13"><span class='ocrx_word' id='word_1_706' title='bbox 2206 3183 2294 3230; x_wconf 89' lang='lat' dir='ltr'><strong>tus</strong></span> <span class='ocrx_word' id='word_1_707' title='bbox 2322 3180 2404 3229; x_wconf 92' lang='lat' dir='ltr'><strong>est</strong></span> <span class='ocrx_word' id='word_1_708' title='bbox 2430 3172 2601 3228; x_wconf 90' lang='lat' dir='ltr'><strong>homo</strong></span> <span class='ocrx_word' id='word_1_709' title='bbox 2650 3171 2718 3227; x_wconf 90' lang='lat' dir='ltr'><strong>de</strong></span> <span class='ocrx_word' id='word_1_710' title='bbox 2765 3186 2995 3242; x_wconf 89' lang='lat' dir='ltr'><strong>corpore</strong></span> <span class='ocrx_word' id='word_1_711' title='bbox 3024 3168 3221 3224; x_wconf 87' lang='lat' dir='ltr'><strong>mortis</strong></span> <span class='ocrx_word' id='word_1_712' title='bbox 3263 3166 3449 3239; x_wconf 90' lang='lat' dir='ltr'><strong>hujus.</strong></span> <span class='ocrx_word' id='word_1_713' title='bbox 3496 3168 3647 3222; x_wconf 86' lang='lat' dir='ltr'><strong>Hanc</strong></span> <span class='ocrx_word' id='word_1_714' title='bbox 3675 3167 3815 3224; x_wconf 87' lang='lat' dir='ltr'><strong>dicit</strong></span> 
     </span>
    </p>
   </div>
   <div class='ocr_carea' id='block_1_96' title="bbox 2204 3257 3816 3333">
    <p class='ocr_par' dir='ltr' id='par_1_96' title="bbox 2204 3257 3816 3333">
     <span class='ocr_line' id='line_1_96' title="bbox 2204 3257 3816 3333; baseline -0.004 -14"><span class='ocrx_word' id='word_1_715' title='bbox 2204 3270 2458 3331; x_wconf 89' lang='lat' dir='ltr'><strong>mortem,</strong></span> <span class='ocrx_word' id='word_1_716' title='bbox 2508 3277 2675 3333; x_wconf 90' lang='lat' dir='ltr'><strong>quam</strong></span> <span class='ocrx_word' id='word_1_717' title='bbox 2725 3277 2889 3332; x_wconf 90' lang='lat' dir='ltr'><strong>supra</strong></span> <span class='ocrx_word' id='word_1_718' title='bbox 2931 3258 3175 3316; x_wconf 90' lang='lat' dir='ltr'><strong>ostendit</strong></span> <span class='ocrx_word' id='word_1_719' title='bbox 3217 3259 3278 3313; x_wconf 92' lang='lat' dir='ltr'><strong>in</strong></span> <span class='ocrx_word' id='word_1_720' title='bbox 3324 3274 3513 3313; x_wconf 91' lang='lat' dir='ltr'><strong>necem</strong></span> <span class='ocrx_word' id='word_1_721' title='bbox 3568 3257 3816 3313; x_wconf 90' lang='lat' dir='ltr'><strong>hominis</strong></span> 
     </span>
    </p>
   </div>
   <div class='ocr_carea' id='block_1_97' title="bbox 2204 3348 3815 3425">
    <p class='ocr_par' dir='ltr' id='par_1_97' title="bbox 2204 3348 3815 3425">
     <span class='ocr_line' id='line_1_97' title="bbox 2204 3348 3815 3425; baseline -0.004 -17"><span class='ocrx_word' id='word_1_722' title='bbox 2204 3368 2300 3425; x_wconf 92' lang='lat' dir='ltr'><strong>per</strong></span> <span class='ocrx_word' id='word_1_723' title='bbox 2320 3359 2609 3424; x_wconf 90' lang='lat' dir='ltr'><strong>peccatum</strong></span> <span class='ocrx_word' id='word_1_724' title='bbox 2642 3350 2923 3405; x_wconf 88' lang='lat' dir='ltr'><strong>inventam</strong></span> <span class='ocrx_word' id='word_1_725' title='bbox 2951 3348 3097 3422; x_wconf 90' lang='lat' dir='ltr'><strong>apud</strong></span> <span class='ocrx_word' id='word_1_726' title='bbox 3118 3348 3330 3405; x_wconf 88' lang='lat' dir='ltr'><strong>inferos</strong></span> <span class='ocrx_word' id='word_1_727' title='bbox 3357 3364 3478 3421; x_wconf 65' lang='lat' dir='ltr'><strong>qua:</strong></span> <span class='ocrx_word' id='word_1_728' title='bbox 3507 3348 3815 3420; x_wconf 88' lang='lat' dir='ltr'><strong>appellatur</strong></span> 
     </span>
    </p>
   </div>
   <div class='ocr_carea' id='block_1_98' title="bbox 2205 3440 3809 3512">
    <p class='ocr_par' dir='ltr' id='par_1_98' title="bbox 2205 3440 3809 3512">
     <span class='ocr_line' id='line_1_98' title="bbox 2205 3440 3809 3512; baseline -0.004 -12"><span class='ocrx_word' id='word_1_729' title='bbox 2205 3442 2445 3500; x_wconf 89' lang='lat' dir='ltr'><strong>secunda</strong></span> <span class='ocrx_word' id='word_1_730' title='bbox 2480 3458 2491 3497; x_wconf 90' lang='lat'>:</span> <span class='ocrx_word' id='word_1_731' title='bbox 2543 3456 2742 3512; x_wconf 86' lang='lat' dir='ltr'><strong>corpus</strong></span> <span class='ocrx_word' id='word_1_732' title='bbox 2770 3447 2953 3496; x_wconf 91' lang='lat' dir='ltr'><strong>autem</strong></span> <span class='ocrx_word' id='word_1_733' title='bbox 2991 3440 3184 3497; x_wconf 90' lang='lat' dir='ltr'><strong>mortis</strong></span> <span class='ocrx_word' id='word_1_734' title='bbox 3210 3447 3296 3497; x_wconf 92' lang='lat' dir='ltr'><strong>est</strong></span> <span class='ocrx_word' id='word_1_735' title='bbox 3322 3447 3523 3496; x_wconf 92' lang='lat' dir='ltr'><strong>cuncta</strong></span> <span class='ocrx_word' id='word_1_736' title='bbox 3551 3447 3809 3512; x_wconf 90' lang='lat' dir='ltr'><strong>peccata;</strong></span> 
     </span>
    </p>
   </div>
   <div class='ocr_carea' id='block_1_99' title="bbox 2204 3532 3813 3606">
    <p class='ocr_par' dir='ltr' id='par_1_99' title="bbox 2204 3532 3813 3606">
     <span class='ocr_line' id='line_1_99' title="bbox 2204 3532 3813 3606; baseline -0.002 -15"><span class='ocrx_word' id='word_1_737' title='bbox 2204 3537 2381 3592; x_wconf 89' lang='lat' dir='ltr'><strong>multa</strong></span> <span class='ocrx_word' id='word_1_738' title='bbox 2443 3535 2593 3591; x_wconf 90' lang='lat' dir='ltr'><strong>enim</strong></span> <span class='ocrx_word' id='word_1_739' title='bbox 2659 3550 2831 3589; x_wconf 90' lang='lat' dir='ltr'><strong>unum</strong></span> <span class='ocrx_word' id='word_1_740' title='bbox 2899 3550 3103 3606; x_wconf 91' lang='lat' dir='ltr'><strong>corpus</strong></span> <span class='ocrx_word' id='word_1_741' title='bbox 3166 3542 3316 3601; x_wconf 92' lang='lat' dir='ltr'><strong>sunt,</strong></span> <span class='ocrx_word' id='word_1_742' title='bbox 3384 3534 3599 3605; x_wconf 90' lang='lat' dir='ltr'><strong>singula</strong></span> <span class='ocrx_word' id='word_1_743' title='bbox 3653 3532 3813 3606; x_wconf 87' lang='lat' dir='ltr'><strong>quasi</strong></span> 
     </span>
    </p>
   </div>
   <div class='ocr_carea' id='block_1_100' title="bbox 2205 3622 3815 3694">
    <p class='ocr_par' dir='ltr' id='par_1_100' title="bbox 2205 3622 3815 3694">
     <span class='ocr_line' id='line_1_100' title="bbox 2205 3622 3815 3694; baseline -0.002 -14"><span class='ocrx_word' id='word_1_744' title='bbox 2205 3629 2301 3688; x_wconf 85' lang='lat'><strong>69</strong></span> <span class='ocrx_word' id='word_1_745' title='bbox 2332 3623 2577 3680; x_wconf 87' lang='lat' dir='ltr'><strong>membra</strong></span> <span class='ocrx_word' id='word_1_746' title='bbox 2617 3638 2729 3677; x_wconf 93' lang='lat' dir='ltr'><strong>uno</strong></span> <span class='ocrx_word' id='word_1_747' title='bbox 2761 3630 2986 3679; x_wconf 90' lang='lat' dir='ltr'><strong>auctore</strong></span> <span class='ocrx_word' id='word_1_748' title='bbox 3013 3622 3262 3690; x_wconf 89' lang='lat' dir='ltr'><strong>inventa,</strong></span> <span class='ocrx_word' id='word_1_749' title='bbox 3305 3639 3380 3689; x_wconf 85' lang='lat' dir='ltr'><strong>ex</strong></span> <span class='ocrx_word' id='word_1_750' title='bbox 3411 3622 3615 3694; x_wconf 91' lang='lat' dir='ltr'><strong>quibus</strong></span> <span class='ocrx_word' id='word_1_751' title='bbox 3645 3622 3815 3677; x_wconf 92' lang='lat' dir='ltr'><strong>homo</strong></span> 
     </span>
    </p>
   </div>
   <div class='ocr_carea' id='block_1_101' title="bbox 2204 3720 3813 3794">
    <p class='ocr_par' dir='ltr' id='par_1_101' title="bbox 2204 3720 3813 3794">
     <span class='ocr_line' id='line_1_101' title="bbox 2204 3720 3813 3794; baseline -0.002 -16"><span class='ocrx_word' id='word_1_752' title='bbox 2204 3729 2422 3794; x_wconf 89' lang='lat' dir='ltr'><strong>ereptus</strong></span> <span class='ocrx_word' id='word_1_753' title='bbox 2441 3721 2614 3794; x_wconf 87' lang='lat' dir='ltr'><strong>gratia</strong></span> <span class='ocrx_word' id='word_1_754' title='bbox 2640 3721 2741 3777; x_wconf 91' lang='lat' dir='ltr'><strong>Dei</strong></span> <span class='ocrx_word' id='word_1_755' title='bbox 2773 3738 2871 3794; x_wconf 90' lang='lat' dir='ltr'><strong>per</strong></span> <span class='ocrx_word' id='word_1_756' title='bbox 2896 3720 3256 3793; x_wconf 90' lang='lat' dir='ltr'><strong>baptismum,</strong></span> <span class='ocrx_word' id='word_1_757' title='bbox 3277 3720 3647 3794; x_wconf 86' lang='lat' dir='ltr'><strong>supradictam</strong></span> <span class='ocrx_word' id='word_1_758' title='bbox 3666 3736 3813 3775; x_wconf 91' lang='lat' dir='ltr'><strong>mor-</strong></span> 
     </span>
    </p>
   </div>
   <div class='ocr_carea' id='block_1_102' title="bbox 2203 3810 3814 3884">
    <p class='ocr_par' dir='ltr' id='par_1_102' title="bbox 2203 3810 3814 3884">
     <span class='ocr_line' id='line_1_102' title="bbox 2203 3810 3814 3884; baseline -0.003 -15"><span class='ocrx_word' id='word_1_759' title='bbox 2203 3820 2314 3869; x_wconf 88' lang='lat' dir='ltr'><strong>tem</strong></span> <span class='ocrx_word' id='word_1_760' title='bbox 2358 3811 2550 3868; x_wconf 88' lang='lat' dir='ltr'><strong>evasit.</strong></span> <span class='ocrx_word' id='word_1_761' title='bbox 2604 3812 2792 3884; x_wconf 89' lang='lat' dir='ltr'><strong>Neque</strong></span> <span class='ocrx_word' id='word_1_762' title='bbox 2820 3810 2970 3867; x_wconf 91' lang='lat' dir='ltr'><strong>enim</strong></span> <span class='ocrx_word' id='word_1_763' title='bbox 3007 3811 3066 3866; x_wconf 92' lang='lat' dir='ltr'><strong>in</strong></span> <span class='ocrx_word' id='word_1_764' title='bbox 3096 3827 3293 3868; x_wconf 87' lang='lat' dir='ltr'><strong>carneo</strong></span> <span class='ocrx_word' id='word_1_765' title='bbox 3321 3827 3549 3884; x_wconf 86' lang='lat' dir='ltr'><strong>corpore</strong></span> <span class='ocrx_word' id='word_1_766' title='bbox 3576 3810 3814 3884; x_wconf 87' lang='lat' dir='ltr'><strong>positus.</strong></span> 
     </span>
    </p>
   </div>
   <div class='ocr_carea' id='block_1_103' title="bbox 2204 3899 3817 3972">
    <p class='ocr_par' dir='ltr' id='par_1_103' title="bbox 2204 3899 3817 3972">
     <span class='ocr_line' id='line_1_103' title="bbox 2204 3899 3817 3972; baseline -0.002 -15"><span class='ocrx_word' id='word_1_767' title='bbox 2204 3901 2271 3957; x_wconf 92' lang='lat' dir='ltr'><strong>de</strong></span> <span class='ocrx_word' id='word_1_768' title='bbox 2323 3917 2388 3957; x_wconf 92' lang='lat' dir='ltr'><strong>eo</strong></span> <span class='ocrx_word' id='word_1_769' title='bbox 2428 3900 2548 3972; x_wconf 90' lang='lat' dir='ltr'><strong>ipso</strong></span> <span class='ocrx_word' id='word_1_770' title='bbox 2596 3908 2845 3972; x_wconf 89' lang='lat' dir='ltr'><strong>ereptum</strong></span> <span class='ocrx_word' id='word_1_771' title='bbox 2900 3916 2957 3955; x_wconf 91' lang='lat' dir='ltr'><strong>se</strong></span> <span class='ocrx_word' id='word_1_772' title='bbox 3002 3899 3210 3956; x_wconf 90' lang='lat' dir='ltr'><strong>diceret</strong></span> <span class='ocrx_word' id='word_1_773' title='bbox 3253 3918 3265 3956; x_wconf 92' lang='lat'>:</span> <span class='ocrx_word' id='word_1_774' title='bbox 3319 3900 3415 3956; x_wconf 88' lang='lat' dir='ltr'><strong>sed</strong></span> <span class='ocrx_word' id='word_1_775' title='bbox 3461 3900 3569 3956; x_wconf 91' lang='lat' dir='ltr'><strong>hoc</strong></span> <span class='ocrx_word' id='word_1_776' title='bbox 3613 3914 3817 3970; x_wconf 89' lang='lat' dir='ltr'><strong>corpus</strong></span> 
     </span>
    </p>
   </div>
   <div class='ocr_carea' id='block_1_104' title="bbox 2204 3987 3814 4061">
    <p class='ocr_par' dir='ltr' id='par_1_104' title="bbox 2204 3987 3814 4061">
     <span class='ocr_line' id='line_1_104' title="bbox 2204 3987 3814 4061; baseline -0.002 -16"><span class='ocrx_word' id='word_1_777' title='bbox 2204 3989 2370 4057; x_wconf 89' lang='lat' dir='ltr'><strong>dixit,</strong></span> <span class='ocrx_word' id='word_1_778' title='bbox 2409 3988 2555 4061; x_wconf 86' lang='lat' dir='ltr'><strong>quod</strong></span> <span class='ocrx_word' id='word_1_779' title='bbox 2585 3988 2837 4059; x_wconf 91' lang='lat' dir='ltr'><strong>superius</strong></span> <span class='ocrx_word' id='word_1_780' title='bbox 2885 4005 2985 4060; x_wconf 91' lang='lat' dir='ltr'><strong>per</strong></span> <span class='ocrx_word' id='word_1_781' title='bbox 3027 3989 3365 4061; x_wconf 89' lang='lat' dir='ltr'><strong>baptismum</strong></span> <span class='ocrx_word' id='word_1_782' title='bbox 3403 3996 3458 4046; x_wconf 92' lang='lat' dir='ltr'><strong>et</strong></span> <span class='ocrx_word' id='word_1_783' title='bbox 3502 3987 3814 4044; x_wconf 89' lang='lat' dir='ltr'><strong>observan-</strong></span> 
     </span>
    </p>
   </div>
   <div class='ocr_carea' id='block_1_105' title="bbox 2204 4075 3815 4155">
    <p class='ocr_par' dir='ltr' id='par_1_105' title="bbox 2204 4075 3815 4155">
     <span class='ocr_line' id='line_1_105' title="bbox 2204 4075 3815 4155; baseline -0.001 -21"><span class='ocrx_word' id='word_1_784' title='bbox 2204 4077 2337 4134; x_wconf 90' lang='lat' dir='ltr'><strong>tiam</strong></span> <span class='ocrx_word' id='word_1_785' title='bbox 2359 4077 2493 4149; x_wconf 92' lang='lat' dir='ltr'><strong>legis</strong></span> <span class='ocrx_word' id='word_1_786' title='bbox 2520 4075 2728 4132; x_wconf 90' lang='lat' dir='ltr'><strong>destrui</strong></span> <span class='ocrx_word' id='word_1_787' title='bbox 2751 4075 3051 4148; x_wconf 88' lang='lat' dir='ltr'><strong>signiﬁcat.</strong></span> <span class='ocrx_word' id='word_1_788' title='bbox 3070 4078 3206 4134; x_wconf 91' lang='lat' dir='ltr'><strong>Nam</strong></span> <span class='ocrx_word' id='word_1_789' title='bbox 3226 4086 3282 4134; x_wconf 93' lang='lat' dir='ltr'><strong>et</strong></span> <span class='ocrx_word' id='word_1_790' title='bbox 3308 4094 3438 4155; x_wconf 86' lang='lat' dir='ltr'><strong>cum</strong></span> <span class='ocrx_word' id='word_1_791' title='bbox 3471 4076 3609 4134; x_wconf 88' lang='lat' dir='ltr'><strong>dicit</strong></span> <span class='ocrx_word' id='word_1_792' title='bbox 3633 4094 3645 4132; x_wconf 94' lang='lat'>:</span> <span class='ocrx_word' id='word_1_793' title='bbox 3685 4101 3703 4123; x_wconf 73' lang='grc' dir='ltr'><strong>ε</strong></span> <span class='ocrx_word' id='word_1_794' title='bbox 3730 4077 3815 4133; x_wconf 92' lang='lat' dir='ltr'><strong>De</strong></span> 
     </span>
    </p>
   </div>
   <div class='ocr_carea' id='block_1_106' title="bbox 2204 4166 3815 4241">
    <p class='ocr_par' dir='ltr' id='par_1_106' title="bbox 2204 4166 3815 4241">
     <span class='ocr_line' id='line_1_106' title="bbox 2204 4166 3815 4241; baseline -0.001 -16"><span class='ocrx_word' id='word_1_795' title='bbox 2204 4183 2431 4239; x_wconf 87' lang='lat' dir='ltr'><strong>corpore</strong></span> <span class='ocrx_word' id='word_1_796' title='bbox 2476 4166 2690 4234; x_wconf 89' lang='lat' dir='ltr'><strong>mortis,</strong></span> <span class='ocrx_word' id='word_1_797' title='bbox 2740 4191 2759 4213; x_wconf 75' lang='grc' dir='ltr'><strong><em>ι</em></strong></span> <span class='ocrx_word' id='word_1_798' title='bbox 2807 4167 3052 4224; x_wconf 89' lang='lat' dir='ltr'><strong>ostendit</strong></span> <span class='ocrx_word' id='word_1_799' title='bbox 3089 4167 3245 4224; x_wconf 90' lang='lat' dir='ltr'><strong>aliud</strong></span> <span class='ocrx_word' id='word_1_800' title='bbox 3289 4184 3486 4241; x_wconf 88' lang='lat' dir='ltr'><strong>corpus</strong></span> <span class='ocrx_word' id='word_1_801' title='bbox 3533 4183 3650 4223; x_wconf 88' lang='lat' dir='ltr'><strong>esse</strong></span> <span class='ocrx_word' id='word_1_802' title='bbox 3697 4182 3815 4223; x_wconf 88' lang='lat' dir='ltr'><strong>non</strong></span> 
     </span>
    </p>
   </div>
   <div class='ocr_carea' id='block_1_107' title="bbox 2206 4255 2420 4309">
    <p class='ocr_par' dir='ltr' id='par_1_107' title="bbox 2206 4255 2420 4309">
     <span class='ocr_line' id='line_1_107' title="bbox 2206 4255 2420 4309; baseline -0.005 0"><span class='ocrx_word' id='word_1_803' title='bbox 2206 4255 2420 4309; x_wconf 91' lang='lat' dir='ltr'><strong>mortis.</strong></span> 
     </span>
    </p>
   </div>
   <div class='ocr_carea' id='block_1_108' title="bbox 2290 4342 3812 4416">
    <p class='ocr_par' dir='ltr' id='par_1_108' title="bbox 2290 4342 3812 4416">
     <span class='ocr_line' id='line_1_108' title="bbox 2290 4342 3812 4416; baseline 0.001 -19"><span class='ocrx_word' id='word_1_804' title='bbox 2290 4367 2308 4389; x_wconf 77' lang='grc' dir='ltr'>ι</span> <span class='ocrx_word' id='word_1_805' title='bbox 2337 4342 2512 4415; x_wconf 87' lang='lat' dir='ltr'><strong>Igitur</strong></span> <span class='ocrx_word' id='word_1_806' title='bbox 2541 4359 2638 4416; x_wconf 90' lang='lat' dir='ltr'><strong>ego</strong></span> <span class='ocrx_word' id='word_1_807' title='bbox 2676 4343 2791 4415; x_wconf 90' lang='lat' dir='ltr'><strong>ipse</strong></span> <span class='ocrx_word' id='word_1_808' title='bbox 2822 4351 3005 4399; x_wconf 91' lang='lat' dir='ltr'><strong>mente</strong></span> <span class='ocrx_word' id='word_1_809' title='bbox 3033 4343 3225 4399; x_wconf 88' lang='lat' dir='ltr'><strong>servio</strong></span> <span class='ocrx_word' id='word_1_810' title='bbox 3256 4342 3366 4416; x_wconf 89' lang='lat' dir='ltr'><strong>legi</strong></span> <span class='ocrx_word' id='word_1_811' title='bbox 3392 4342 3509 4398; x_wconf 92' lang='lat' dir='ltr'><strong>Dei.</strong></span> <span class='ocrx_word' id='word_1_812' title='bbox 3549 4367 3568 4390; x_wconf 76' lang='grc' dir='ltr'><strong>ι</strong></span> <span class='ocrx_word' id='word_1_813' title='bbox 3612 4343 3812 4415; x_wconf 86' lang='lat' dir='ltr'><strong>Legem</strong></span> 
     </span>
    </p>
   </div>
   <div class='ocr_carea' id='block_1_109' title="bbox 2204 4432 3818 4508">
    <p class='ocr_par' dir='ltr' id='par_1_109' title="bbox 2204 4432 3818 4508">
     <span class='ocr_line' id='line_1_109' title="bbox 2204 4432 3818 4508; baseline -0.001 -19"><span class='ocrx_word' id='word_1_814' title='bbox 2204 4433 2303 4489; x_wconf 92' lang='lat' dir='ltr'><strong>Dei</strong></span> <span class='ocrx_word' id='word_1_815' title='bbox 2332 4449 2459 4491; x_wconf 88' lang='lat' dir='ltr'><strong>cum</strong></span> <span class='ocrx_word' id='word_1_816' title='bbox 2487 4433 2645 4503; x_wconf 90' lang='lat' dir='ltr'><strong>dicit,</strong></span> <span class='ocrx_word' id='word_1_817' title='bbox 2686 4444 2740 4491; x_wconf 92' lang='lat' dir='ltr'><strong>et</strong></span> <span class='ocrx_word' id='word_1_818' title='bbox 2769 4434 2947 4508; x_wconf 84' lang='lat' dir='ltr'><strong>Moysi</strong></span> <span class='ocrx_word' id='word_1_819' title='bbox 2985 4432 3265 4506; x_wconf 87' lang='lat' dir='ltr'><strong>signiﬁcat</strong></span> <span class='ocrx_word' id='word_1_820' title='bbox 3310 4435 3506 4506; x_wconf 90' lang='lat' dir='ltr'><strong>legem,</strong></span> <span class='ocrx_word' id='word_1_821' title='bbox 3547 4441 3603 4490; x_wconf 93' lang='lat' dir='ltr'><strong>et</strong></span> <span class='ocrx_word' id='word_1_822' title='bbox 3639 4433 3818 4491; x_wconf 88' lang='lat' dir='ltr'><strong>Chri-</strong></span> 
     </span>
    </p>
   </div>
   <div class='ocr_carea' id='block_1_110' title="bbox 2204 4521 3818 4597">
    <p class='ocr_par' dir='ltr' id='par_1_110' title="bbox 2204 4521 3818 4597">
     <span class='ocr_line' id='line_1_110' title="bbox 2204 4521 3818 4597; baseline -0.001 -19"><span class='ocrx_word' id='word_1_823' title='bbox 2204 4521 2295 4578; x_wconf 91' lang='lat' dir='ltr'><strong>sti.</strong></span> <span class='ocrx_word' id='word_1_824' title='bbox 2337 4548 2355 4570; x_wconf 76' lang='grc' dir='ltr'>ι</span> <span class='ocrx_word' id='word_1_825' title='bbox 2398 4523 2570 4582; x_wconf 90' lang='lat' dir='ltr'><strong>Carne</strong></span> <span class='ocrx_word' id='word_1_826' title='bbox 2602 4531 2782 4580; x_wconf 90' lang='lat' dir='ltr'><strong>autem</strong></span> <span class='ocrx_word' id='word_1_827' title='bbox 2813 4523 2921 4596; x_wconf 91' lang='lat' dir='ltr'><strong>legi</strong></span> <span class='ocrx_word' id='word_1_828' title='bbox 2951 4524 3182 4596; x_wconf 89' lang='lat' dir='ltr'><strong>peccati.</strong></span> <span class='ocrx_word' id='word_1_829' title='bbox 3222 4525 3339 4597; x_wconf 91' lang='lat' dir='ltr'><strong>Ego</strong></span> <span class='ocrx_word' id='word_1_830' title='bbox 3367 4524 3483 4595; x_wconf 89' lang='lat' dir='ltr'><strong>ipse</strong></span> <span class='ocrx_word' id='word_1_831' title='bbox 3517 4522 3655 4595; x_wconf 88' lang='lat'><strong>(88),</strong></span> <span class='ocrx_word' id='word_1_832' title='bbox 3690 4547 3707 4567; x_wconf 73' lang='grc' dir='ltr'><strong><em>ι</em></strong></span> <span class='ocrx_word' id='word_1_833' title='bbox 3753 4522 3818 4578; x_wconf 92' lang='lat' dir='ltr'><strong>id</strong></span> 
     </span>
    </p>
   </div>
   <div class='ocr_carea' id='block_1_111' title="bbox 2204 4612 3818 4686">
    <p class='ocr_par' dir='ltr' id='par_1_111' title="bbox 2204 4612 3818 4686">
     <span class='ocr_line' id='line_1_111' title="bbox 2204 4612 3818 4686; baseline -0.001 -18"><span class='ocrx_word' id='word_1_834' title='bbox 2204 4620 2303 4679; x_wconf 88' lang='lat' dir='ltr'><strong>est,</strong></span> <span class='ocrx_word' id='word_1_835' title='bbox 2333 4613 2427 4686; x_wconf 88' lang='lat' dir='ltr'><strong>qui</strong></span> <span class='ocrx_word' id='word_1_836' title='bbox 2457 4613 2720 4670; x_wconf 90' lang='lat' dir='ltr'><strong>liberatus</strong></span> <span class='ocrx_word' id='word_1_837' title='bbox 2765 4630 2889 4669; x_wconf 91' lang='lat' dir='ltr'><strong>sum</strong></span> <span class='ocrx_word' id='word_1_838' title='bbox 2936 4612 3003 4668; x_wconf 92' lang='lat' dir='ltr'><strong>de</strong></span> <span class='ocrx_word' id='word_1_839' title='bbox 3052 4628 3280 4684; x_wconf 91' lang='lat' dir='ltr'><strong>corpore</strong></span> <span class='ocrx_word' id='word_1_840' title='bbox 3320 4613 3538 4669; x_wconf 87' lang='lat' dir='ltr'><strong>mortis.</strong></span> <span class='ocrx_word' id='word_1_841' title='bbox 3588 4613 3649 4667; x_wconf 92' lang='lat' dir='ltr'><strong>In</strong></span> <span class='ocrx_word' id='word_1_842' title='bbox 3677 4627 3818 4668; x_wconf 72' lang='grc' dir='ltr'><strong>θοι·-</strong></span> 
     </span>
    </p>
   </div>
   <div class='ocr_carea' id='block_1_112' title="bbox 2203 4701 3820 4776">
    <p class='ocr_par' dir='ltr' id='par_1_112' title="bbox 2203 4701 3820 4776">
     <span class='ocr_line' id='line_1_112' title="bbox 2203 4701 3820 4776; baseline -0.001 -20"><span class='ocrx_word' id='word_1_843' title='bbox 2203 4717 2334 4772; x_wconf 91' lang='lat' dir='ltr'><strong>pore</strong></span> <span class='ocrx_word' id='word_1_844' title='bbox 2379 4710 2494 4770; x_wconf 91' lang='lat' dir='ltr'><strong>est;</strong></span> <span class='ocrx_word' id='word_1_845' title='bbox 2551 4702 2830 4776; x_wconf 91' lang='lat' dir='ltr'><strong>quomodo</strong></span> <span class='ocrx_word' id='word_1_846' title='bbox 2869 4702 3138 4758; x_wconf 91' lang='lat' dir='ltr'><strong>liberatus</strong></span> <span class='ocrx_word' id='word_1_847' title='bbox 3185 4708 3267 4757; x_wconf 92' lang='lat' dir='ltr'><strong>est</strong></span> <span class='ocrx_word' id='word_1_848' title='bbox 3296 4701 3363 4757; x_wconf 85' lang='lat' dir='ltr'><strong>de</strong></span> <span class='ocrx_word' id='word_1_849' title='bbox 3412 4717 3638 4773; x_wconf 92' lang='lat' dir='ltr'><strong>corpore</strong></span> <span class='ocrx_word' id='word_1_850' title='bbox 3668 4716 3820 4756; x_wconf 83' lang='lat' dir='ltr'><strong>mor-</strong></span> 
     </span>
    </p>
   </div>
   <div class='ocr_carea' id='block_1_113' title="bbox 2204 4788 3819 4863">
    <p class='ocr_par' dir='ltr' id='par_1_113' title="bbox 2204 4788 3819 4863">
     <span class='ocr_line' id='line_1_113' title="bbox 2204 4788 3819 4863; baseline -0.001 -18"><span class='ocrx_word' id='word_1_851' title='bbox 2204 4791 2295 4859; x_wconf 90' lang='lat' dir='ltr'><strong>tis,</strong></span> <span class='ocrx_word' id='word_1_852' title='bbox 2327 4790 2435 4846; x_wconf 93' lang='lat' dir='ltr'><strong>nisi</strong></span> <span class='ocrx_word' id='word_1_853' title='bbox 2470 4790 2602 4863; x_wconf 91' lang='lat' dir='ltr'><strong>quia</strong></span> <span class='ocrx_word' id='word_1_854' title='bbox 2630 4790 2892 4847; x_wconf 89' lang='lat' dir='ltr'><strong>liberatus</strong></span> <span class='ocrx_word' id='word_1_855' title='bbox 2917 4800 2999 4847; x_wconf 91' lang='lat' dir='ltr'><strong>est</strong></span> <span class='ocrx_word' id='word_1_856' title='bbox 3041 4808 3073 4846; x_wconf 91' lang='lat' dir='ltr'><strong>a</strong></span> <span class='ocrx_word' id='word_1_857' title='bbox 3106 4790 3324 4847; x_wconf 88' lang='lat' dir='ltr'><strong>cunctis</strong></span> <span class='ocrx_word' id='word_1_858' title='bbox 3350 4790 3511 4845; x_wconf 91' lang='lat' dir='ltr'><strong>malis</strong></span> <span class='ocrx_word' id='word_1_859' title='bbox 3531 4788 3559 4845; x_wconf 72' lang='lat'><strong><em>7</em></strong></span> <span class='ocrx_word' id='word_1_860' title='bbox 3603 4788 3819 4847; x_wconf 79' lang='lat' dir='ltr'><strong>BemiS&#39;</strong></span> 
     </span>
    </p>
   </div>
   <div class='ocr_carea' id='block_1_114' title="bbox 2204 4880 3821 4954">
    <p class='ocr_par' dir='ltr' id='par_1_114' title="bbox 2204 4880 3821 4954">
     <span class='ocr_line' id='line_1_114' title="bbox 2204 4880 3821 4954; baseline -0.001 -17"><span class='ocrx_word' id='word_1_861' title='bbox 2204 4880 2286 4939; x_wconf 89' lang='lat' dir='ltr'><strong>sio</strong></span> <span class='ocrx_word' id='word_1_862' title='bbox 2314 4881 2461 4938; x_wconf 92' lang='lat' dir='ltr'><strong>enim</strong></span> <span class='ocrx_word' id='word_1_863' title='bbox 2501 4891 2848 4954; x_wconf 90' lang='lat' dir='ltr'><strong>peccatorum</strong></span> <span class='ocrx_word' id='word_1_864' title='bbox 2882 4881 3069 4938; x_wconf 91' lang='lat' dir='ltr'><strong>omnia</strong></span> <span class='ocrx_word' id='word_1_865' title='bbox 3115 4883 3266 4938; x_wconf 93' lang='lat' dir='ltr'><strong>tollit</strong></span> <span class='ocrx_word' id='word_1_866' title='bbox 3319 4889 3562 4954; x_wconf 90' lang='lat' dir='ltr'><strong>peccata.</strong></span> <span class='ocrx_word' id='word_1_867' title='bbox 3595 4880 3821 4935; x_wconf 55' lang='lat' dir='ltr'><strong>Libera.</strong></span> 
     </span>
    </p>
   </div>
   <div class='ocr_carea' id='block_1_115' title="bbox 2278 5046 3822 5122">
    <p class='ocr_par' dir='ltr' id='par_1_115' title="bbox 2278 5046 3822 5122">
     <span class='ocr_line' id='line_1_115' title="bbox 2278 5046 3822 5122; baseline -0.001 -16"><span class='ocrx_word' id='word_1_868' title='bbox 2278 5049 2395 5121; x_wconf 90' lang='lat'><strong>(87)</strong></span> <span class='ocrx_word' id='word_1_869' title='bbox 2428 5050 2510 5106; x_wconf 91' lang='lat' dir='ltr'><strong>Ita</strong></span> <span class='ocrx_word' id='word_1_870' title='bbox 2533 5066 2662 5106; x_wconf 90' lang='lat' dir='ltr'><strong>mss.</strong></span> <span class='ocrx_word' id='word_1_871' title='bbox 2688 5049 2879 5122; x_wconf 81' lang='lat' dir='ltr'><strong>plures</strong></span> <span class='ocrx_word' id='word_1_872' title='bbox 2902 5049 3284 5122; x_wconf 90' lang='lat' dir='ltr'><strong>potioresque:</strong></span> <span class='ocrx_word' id='word_1_873' title='bbox 3311 5047 3405 5103; x_wconf 91' lang='lat' dir='ltr'><strong>alii</strong></span> <span class='ocrx_word' id='word_1_874' title='bbox 3421 5063 3555 5104; x_wconf 88' lang='lat' dir='ltr'><strong>vero</strong></span> <span class='ocrx_word' id='word_1_875' title='bbox 3581 5055 3635 5103; x_wconf 90' lang='lat' dir='ltr'><strong>et</strong></span> <span class='ocrx_word' id='word_1_876' title='bbox 3653 5046 3822 5113; x_wconf 86' lang='lat' dir='ltr'><strong>edit.,</strong></span> 
     </span>
    </p>
   </div>
   <div class='ocr_carea' id='block_1_116' title="bbox 2204 5120 3262 5189">
    <p class='ocr_par' dir='ltr' id='par_1_116' title="bbox 2204 5120 3262 5189">
     <span class='ocr_line' id='line_1_116' title="bbox 2204 5120 3262 5189; baseline 0.002 -14"><span class='ocrx_word' id='word_1_877' title='bbox 2204 5122 2284 5176; x_wconf 86' lang='lat' dir='ltr'><strong>uti</strong></span> <span class='ocrx_word' id='word_1_878' title='bbox 2311 5120 2620 5189; x_wconf 81' lang='lat' dir='ltr'><strong>revelatum,</strong></span> <span class='ocrx_word' id='word_1_879' title='bbox 2651 5128 2756 5176; x_wconf 91' lang='lat' dir='ltr'><strong>etc.</strong></span> <span class='ocrx_word' id='word_1_880' title='bbox 2789 5120 2911 5176; x_wconf 89' lang='lat' dir='ltr'><strong>Non</strong></span> <span class='ocrx_word' id='word_1_881' title='bbox 2936 5122 3069 5177; x_wconf 90' lang='lat' dir='ltr'><strong>satis</strong></span> <span class='ocrx_word' id='word_1_882' title='bbox 3097 5120 3262 5177; x_wconf 80' lang='lat' dir='ltr'><strong>recte.</strong></span> 
     </span>
    </p>
   </div>
   <div class='ocr_carea' id='block_1_117' title="bbox 2277 5190 3823 5264">
    <p class='ocr_par' dir='ltr' id='par_1_117' title="bbox 2277 5190 3823 5264">
     <span class='ocr_line' id='line_1_117' title="bbox 2277 5190 3823 5264; baseline -0.001 -16"><span class='ocrx_word' id='word_1_883' title='bbox 2277 5193 2394 5264; x_wconf 90' lang='lat'><strong>(88)</strong></span> <span class='ocrx_word' id='word_1_884' title='bbox 2428 5194 2583 5249; x_wconf 79' lang='lat' dir='ltr'><strong>Rom.</strong></span> <span class='ocrx_word' id='word_1_885' title='bbox 2636 5190 2770 5264; x_wconf 80' lang='lat' dir='ltr'><strong>edit.</strong></span> <span class='ocrx_word' id='word_1_886' title='bbox 2813 5191 2948 5259; x_wconf 89' lang='lat' dir='ltr'><strong>sola,</strong></span> <span class='ocrx_word' id='word_1_887' title='bbox 3008 5200 3056 5246; x_wconf 87' lang='lat' dir='ltr'><strong>et</strong></span> <span class='ocrx_word' id='word_1_888' title='bbox 3089 5191 3312 5248; x_wconf 78' lang='lat' dir='ltr'><strong>Christi.</strong></span> <span class='ocrx_word' id='word_1_889' title='bbox 3363 5191 3539 5264; x_wconf 79' lang='lat' dir='ltr'><strong>Igitur</strong></span> <span class='ocrx_word' id='word_1_890' title='bbox 3567 5209 3652 5261; x_wconf 88' lang='lat' dir='ltr'><strong>ego</strong></span> <span class='ocrx_word' id='word_1_891' title='bbox 3683 5190 3823 5264; x_wconf 75' lang='lat' dir='ltr'><strong>ipse.</strong></span> 
     </span>
    </p>
   </div>
   <div class='ocr_carea' id='block_1_118' title="bbox 2204 5261 3827 5331">
    <p class='ocr_par' dir='ltr' id='par_1_118' title="bbox 2204 5261 3827 5331">
     <span class='ocr_line' id='line_1_118' title="bbox 2204 5261 3827 5331; baseline 0.001 -14"><span class='ocrx_word' id='word_1_892' title='bbox 2204 5261 2335 5330; x_wconf 50' lang='lat' dir='ltr'><strong>Quae</strong></span> <span class='ocrx_word' id='word_1_893' title='bbox 2366 5261 2548 5318; x_wconf 86' lang='lat' dir='ltr'><strong>autem</strong></span> <span class='ocrx_word' id='word_1_894' title='bbox 2592 5261 2862 5319; x_wconf 88' lang='lat' dir='ltr'><strong>continuo</strong></span> <span class='ocrx_word' id='word_1_895' title='bbox 2894 5271 3222 5331; x_wconf 84' lang='lat' dir='ltr'><strong>sequuntur,</strong></span> <span class='ocrx_word' id='word_1_896' title='bbox 3270 5261 3447 5319; x_wconf 81' lang='lat' dir='ltr'><strong>multo</strong></span> <span class='ocrx_word' id='word_1_897' title='bbox 3478 5261 3827 5319; x_wconf 80' lang='lat' dir='ltr'><strong>contractius</strong></span> 
     </span>
    </p>
   </div>
   <div class='ocr_carea' id='block_1_119' title="bbox 2203 5333 3828 5406">
    <p class='ocr_par' dir='ltr' id='par_1_119' title="bbox 2203 5333 3828 5406">
     <span class='ocr_line' id='line_1_119' title="bbox 2203 5333 3828 5406; baseline 0 -16"><span class='ocrx_word' id='word_1_898' title='bbox 2203 5334 2480 5406; x_wconf 84' lang='lat' dir='ltr'><strong>colligunt</strong></span> <span class='ocrx_word' id='word_1_899' title='bbox 2532 5334 2655 5406; x_wconf 87' lang='lat' dir='ltr'><strong>cod.</strong></span> <span class='ocrx_word' id='word_1_900' title='bbox 2701 5333 2888 5406; x_wconf 84' lang='lat' dir='ltr'><strong>Corh.,</strong></span> <span class='ocrx_word' id='word_1_901' title='bbox 2932 5333 3149 5390; x_wconf 87' lang='lat' dir='ltr'><strong>Thuan.</strong></span> <span class='ocrx_word' id='word_1_902' title='bbox 3192 5342 3247 5390; x_wconf 89' lang='lat' dir='ltr'><strong>et</strong></span> <span class='ocrx_word' id='word_1_903' title='bbox 3292 5334 3503 5406; x_wconf 86' lang='lat' dir='ltr'><strong>Remig.</strong></span> <span class='ocrx_word' id='word_1_904' title='bbox 3552 5334 3608 5406; x_wconf 90' lang='lat' dir='ltr'><strong>in</strong></span> <span class='ocrx_word' id='word_1_905' title='bbox 3666 5333 3828 5406; x_wconf 84' lang='lat' dir='ltr'><strong>hunc</strong></span> 
     </span>
    </p>
   </div>
   <div class='ocr_carea' id='block_1_120' title="bbox 2205 5403 3828 5473">
    <p class='ocr_par' dir='ltr' id='par_1_120' title="bbox 2205 5403 3828 5473">
     <span class='ocr_line' id='line_1_120' title="bbox 2205 5403 3828 5473; baseline 0 -12"><span class='ocrx_word' id='word_1_906' title='bbox 2205 5403 2433 5461; x_wconf 81' lang='lat' dir='ltr'><strong>modum</strong></span> <span class='ocrx_word' id='word_1_907' title='bbox 2467 5422 2478 5459; x_wconf 91' lang='lat'>:</span> <span class='ocrx_word' id='word_1_908' title='bbox 2533 5405 2636 5472; x_wconf 84' lang='lat' dir='ltr'><strong>Qui</strong></span> <span class='ocrx_word' id='word_1_909' title='bbox 2681 5405 2934 5461; x_wconf 85' lang='lat' dir='ltr'><strong>liberatus</strong></span> <span class='ocrx_word' id='word_1_910' title='bbox 2975 5423 3091 5461; x_wconf 86' lang='lat' dir='ltr'><strong>sum</strong></span> <span class='ocrx_word' id='word_1_911' title='bbox 3132 5406 3196 5460; x_wconf 86' lang='lat' dir='ltr'><strong>de</strong></span> <span class='ocrx_word' id='word_1_912' title='bbox 3235 5423 3394 5460; x_wconf 82' lang='lat' dir='ltr'><strong>carne</strong></span> <span class='ocrx_word' id='word_1_913' title='bbox 3440 5403 3626 5459; x_wconf 72' lang='lat' dir='ltr'><strong>mortis</strong></span> <span class='ocrx_word' id='word_1_914' title='bbox 3648 5403 3828 5473; x_wconf 73' lang='lat' dir='ltr'><strong>juxta</strong></span> 
     </span>
    </p>
   </div>
   <div class='ocr_carea' id='block_1_121' title="bbox 2201 5476 3821 5547">
    <p class='ocr_par' dir='ltr' id='par_1_121' title="bbox 2201 5476 3821 5547">
     <span class='ocr_line' id='line_1_121' title="bbox 2201 5476 3821 5547; baseline 0.001 -16"><span class='ocrx_word' id='word_1_915' title='bbox 2201 5482 2555 5543; x_wconf 17' lang='lat' dir='ltr'><strong>memoratum,</strong></span> <span class='ocrx_word' id='word_1_916' title='bbox 2574 5492 2802 5543; x_wconf 84' lang='lat' dir='ltr'><strong>sensum,</strong></span> <span class='ocrx_word' id='word_1_917' title='bbox 2841 5483 3006 5531; x_wconf 83' lang='lat' dir='ltr'><strong>mente</strong></span> <span class='ocrx_word' id='word_1_918' title='bbox 3042 5478 3123 5533; x_wconf 84' lang='lat' dir='ltr'><strong>vel</strong></span> <span class='ocrx_word' id='word_1_919' title='bbox 3152 5477 3336 5533; x_wconf 81' lang='lat' dir='ltr'><strong>animo</strong></span> <span class='ocrx_word' id='word_1_920' title='bbox 3364 5477 3536 5533; x_wconf 81' lang='lat' dir='ltr'><strong>servio</strong></span> <span class='ocrx_word' id='word_1_921' title='bbox 3568 5476 3667 5547; x_wconf 87' lang='lat' dir='ltr'><strong>legi</strong></span> <span class='ocrx_word' id='word_1_922' title='bbox 3692 5476 3821 5533; x_wconf 83' lang='lat' dir='ltr'><strong>Dei.</strong></span> 
     </span>
    </p>
   </div>
   <div class='ocr_carea' id='block_1_122' title="bbox 2202 5547 3030 5617">
    <p class='ocr_par' dir='ltr' id='par_1_122' title="bbox 2202 5547 3030 5617">
     <span class='ocr_line' id='line_1_122' title="bbox 2202 5547 3030 5617; baseline -0.002 -13"><span class='ocrx_word' id='word_1_923' title='bbox 2202 5548 2325 5604; x_wconf 76' lang='lat' dir='ltr'><strong>Iam</strong></span> <span class='ocrx_word' id='word_1_924' title='bbox 2351 5547 2490 5603; x_wconf 82' lang='lat' dir='ltr'><strong>enim</strong></span> <span class='ocrx_word' id='word_1_925' title='bbox 2518 5547 2649 5604; x_wconf 76' lang='lat' dir='ltr'><strong>liber</strong></span> <span class='ocrx_word' id='word_1_926' title='bbox 2675 5549 2908 5617; x_wconf 84' lang='lat' dir='ltr'><strong>animus,</strong></span> <span class='ocrx_word' id='word_1_927' title='bbox 2938 5553 3030 5603; x_wconf 87' lang='lat' dir='ltr'><strong>etc.</strong></span> 
     </span>
    </p>
   </div>
  </div>
