4136 6194
346 314 444 371 121

1445 309 1809 371 COMMENT.
1849 309 1921 368 ΙΝ
1956 309 2177 367 EPIST.
2218 309 2313 366 AD
2351 308 2519 367 ROM.

3540 306 3640 366 122

345 445 436 495 tus
461 453 589 511 ergo
609 438 678 495 de
706 454 935 512 corpore
963 436 1157 494 mortis
1185 437 1359 510 gratia
1385 437 1483 495 Dei
1505 454 1600 510 per
1619 436 1923 505 Christum,
1960 441 2013 501 Α
2046 436 2145 493 Dei
2174 434 2409 491 sollicite
2435 435 2752 492 servientes.
2791 459 2811 483 ι
2830 435 2945 492 Lex
2968 433 3116 490 enim
3145 432 3373 506 spiritus
3401 431 3532 488 vitae
3578 432 3638 488 iu

361 551 381 575 ε
409 534 589 584 mente
610 552 629 575 ι
672 529 760 584 vel
791 527 980 583 animo
1014 550 1032 572 ι
1061 527 1244 582 servio
1275 527 1383 600 legi
1412 527 1535 593 Dei,
1562 542 1726 583 carne
1755 533 1939 581 autem

346 615 451 689 legi
479 617 709 689 peccati,
745 642 763 665 ιι
806 616 863 672 id
891 614 1227 684 est,diaboli,
1258 616 1353 689 qui
1385 632 1481 688 per
1500 614 1803 686 subjectam
1832 613 1940 670 sibi

343 720 563 761 carnem
620 704 993 777 suggestiones
1048 704 1222 760 malas
1268 705 1477 777 ingerit
1519 703 1740 758 animae.
1803 701 1945 770 Quia

341 810 470 865 ergo
524 793 729 866 duplex
784 800 867 849 est
901 792 1089 861 homo,
1145 808 1310 848 carne
1364 807 1665 848 conversus
1706 797 1760 845 et
1814 789 1946 844 ani-

345 899 439 940 mo
498 884 641 955 (89),
695 882 800 955 legi
852 882 957 939 Dei
1011 890 1198 937 mente
1247 881 1457 937 servire
1486 896 1544 935 se
1598 879 1762 946 dixit,
1816 878 1946 950 quia

344 972 562 1029 animus
591 972 824 1028 devotus
855 979 939 1027 est
961 972 1098 1038 Deo,
1130 976 1186 1025 et
1216 976 1539 1042 recuperata
1566 967 1653 1024 sui
1705 974 1941 1039 potesta-

342 1070 417 1130 te,
474 1076 779 1134 repugnare
836 1066 1019 1131 potest
1069 1065 1315 1130 peccato,
1372 1056 1517 1131 quod
1570 1071 1665 1128 per
1722 1072 1941 1112 carnem

341 1161 621 1224 operatur.
670 1149 817 1217 Quia
862 1148 1009 1204 enim
1059 1163 1185 1203 caro
1240 1156 1498 1218 corrupta
1542 1153 1644 1213 est,
1696 1154 1751 1202 et
1774 1146 1942 1202 morti

338 1241 610 1313 subjecta,
667 1255 789 1312 quae
847 1237 920 1293 sit
976 1236 1119 1292 facta
1145 1243 1281 1303 erat,
1314 1243 1376 1291 ut
1427 1236 1690 1293 societate
1713 1242 1769 1292 et
1798 1252 1943 1291 con-

332 1329 628 1401 junctione
656 1326 853 1382 animaa
881 1341 995 1381 non
1015 1331 1345 1392 moreretur,
1374 1325 1584 1396 recepit
1640 1323 1939 1392 desideria,

339 1433 578 1489 quorum
609 1417 940 1489 quasi-onus
969 1413 1244 1487 quoddam
1276 1413 1538 1471 transfert
1566 1412 1635 1469 ad
1668 1413 1940 1481 animum,

339 1513 402 1562 ut
429 1512 483 1560 et
507 1504 624 1576 ipse
680 1510 938 1576 gravetur
982 1503 1123 1575 (90).
1155 1502 1261 1560 Sed
1294 1501 1429 1575 quid
1462 1500 1673 1574 respuit
1731 1501 1886 1557 illam
1913 1500 1943 1559 ?

338 1595 486 1652 Mors
514 1592 701 1665 gratiae
729 1592 850 1650 Dei.

424 1708 441 1730 ε
470 1683 653 1740 Mente
705 1682 888 1738 servio
934 1681 1045 1755 legi
1074 1681 1198 1750 Dei,
1228 1698 1393 1739 carne
1439 1688 1624 1738 autem
1665 1680 1774 1754 legi
1805 1696 1942 1752 pec-

338 1774 470 1841 cati,
501 1800 520 1821 ι

339 1873 395 1921 et
442 1865 503 1919 in
566 1861 1025 1919 consuetudinem
1090 1861 1292 1917 bonam
1351 1869 1658 1929 revocatus,
1732 1858 1944 1932 Spiritu

338 1960 533 2010 sancto
562 1950 882 2022 adiuvante,
922 1950 1091 2006 malas
1129 1951 1503 2023 suggestiones
1550 1956 1730 2023 potest
1782 1965 1944 2021 sper-

339 2058 474 2099 nere
504 2060 518 2109 ;
551 2040 769 2097 reddita
797 2047 880 2095 est
920 2039 1069 2095 enim
1113 2040 1200 2095 illi
1227 2041 1548 2109 auctoritas,
1601 2056 1710 2113 qua
1747 2038 1945 2095 audeat

340 2130 594 2186 resistere
620 2129 870 2185 inimico.
899 2129 1005 2196 Qui
1029 2129 1180 2185 enim
1205 2128 1321 2201 jam
1376 2145 1487 2186 non
1528 2136 1611 2185 est
1637 2127 1938 2195 obnoxius,

342 2219 570 2275 minime
610 2219 811 2290 poterit
842 2218 1088 2291 indagari
1145 2218 1356 2275 invitus
1388 2219 1529 2290 (91).
1565 2217 1703 2275 Caro
1754 2224 1939 2273 autem

342 2308 472 2381 quia
496 2307 775 2379 judicium
804 2324 916 2363 non
946 2306 1132 2376 habet,
1162 2323 1339 2381 neque
1368 2324 1543 2379 capax
1587 2314 1670 2363 est
1721 2306 1941 2363 discer-

339 2396 508 2453 nendi
539 2396 648 2468 (est
682 2396 829 2452 enim
858 2396 1020 2452 bruta
1048 2402 1293 2469 natura),
1340 2413 1451 2452 non
1486 2404 1665 2468 potest
1708 2395 1940 2451 inimico

344 2486 557 2543 aditum
589 2484 867 2553 claudere,
898 2502 966 2541 ne
994 2487 1221 2542 veniens
1266 2486 1524 2553 introeat,
1556 2492 1719 2558 atque
1754 2486 1941 2541 animo

343 2576 621 2634 contraria
682 2576 925 2644 suadeat,
984 2592 1048 2632 ac
1096 2592 1197 2647 per-
1246 2576 1388 2634 hoc:
1468 2599 1486 2622 ε
1535 2576 1730 2644 Carne,
1777 2601 1795 2624 ι
1837 2574 1935 2645 ait,

358 2689 376 2710 ι
413 2666 595 2722 servio
620 2665 742 2737 [legi
799 2664 1027 2737 peccati.
1089 2654 1138 2712 ι’
1185 2663 1324 2721 Cum
1388 2664 1535 2721 enim
1574 2681 1719 2720 unus
1769 2663 1939 2721 homo

343 2770 507 2810 carne
547 2762 761 2811 constet
818 2761 872 2809 et
923 2753 1128 2822 anima,
1172 2770 1242 2810 ex
1281 2754 1378 2810 illa
1415 2761 1569 2827 parte
1605 2770 1714 2826 qua
1765 2754 1936 2825 sapit,

342 2845 458 2900 Deo
485 2844 655 2899 servit
689 2861 701 2899 :
735 2859 805 2899 ex
834 2844 1007 2899 altera
1047 2850 1230 2899 autem
1278 2859 1386 2915 qua
1422 2842 1660 2898 stolidus
1700 2848 1801 2909 est,
1833 2840 1939 2911 legi

342 2933 571 3005 peccati.
602 2932 660 2990 Si
689 2940 871 2989 autem
899 2932 1068 2988 homo
1097 2933 1155 2987 in
1185 2950 1250 2988 eo
1280 2931 1429 3004 quod
1460 2933 1638 2987 factus
1670 2939 1771 2999 est,
1806 2946 1941 3002 per-

342 3020 614 3090 durasset,
644 3038 758 3077 non
785 3029 926 3077 esset
950 3027 1194 3092 potestas
1220 3020 1450 3076 inimico
1478 3019 1547 3075 ad
1576 3035 1795 3075 carnem
1824 3017 1942 3090 ejus

340 3110 624 3179 accedere,
651 3118 706 3166 et
734 3111 933 3166 animae
982 3110 1260 3167 contraria
1301 3125 1603 3165 susurrare.
1642 3109 1712 3166 Ut
1756 3116 1938 3165 autem

344 3207 501 3254 totus
528 3200 698 3254 homo
728 3197 960 3252 minime
988 3205 1270 3269 reparatus
1291 3198 1485 3253 fuisset
1514 3197 1721 3254 Christi
1768 3197 1943 3268 gratia

344 3288 420 3345 ad
476 3298 679 3347 statum
735 3288 1055 3362 pristinum,
1108 3288 1381 3346 sententia
1440 3287 1658 3344 obstitit
1718 3286 1844 3342 data
1887 3286 1944 3342 in

343 3378 525 3435 Adam
562 3379 715 3449 (Gen.
767 3394 852 3445 ιιι,
904 3378 1033 3449 17);
1080 3377 1335 3449 iniquum
1378 3376 1526 3433 enim
1561 3383 1677 3433 erat
1732 3376 1946 3432 solvere

345 3466 680 3525 sententiam
744 3465 871 3538 jure
943 3465 1340 3538 depromptam.
1403 3465 1615 3523 Idcirco
1690 3471 1945 3521 manente

346 3557 638 3625 sententia,
667 3554 1018 3628 providentia
1046 3554 1146 3611 Dei
1168 3553 1473 3610 remedium
1505 3554 1794 3610 inventum
1839 3560 1942 3621 est,

348 3653 408 3700 ut
456 3644 841 3701 redhiberetur
879 3643 1097 3699 homini
1151 3643 1318 3711 salus,
1353 3659 1519 3715 quam
1561 3643 1784 3715 proprio
1804 3642 1945 3698 vitio

346 3735 625 3801 amiserat,
657 3741 719 3789 ut
745 3733 839 3789 hic
870 3739 1098 3789 sanatus
1129 3731 1376 3788 crederet
1408 3732 1526 3803 (92)
1576 3731 1707 3804 quia
1744 3731 1937 3788 adver-

346 3823 522 3880 sarius
547 3821 665 3895 ejus
702 3822 955 3878 devictus
980 3821 1228 3894 potentia
1273 3820 1504 3889 Christi,
1553 3837 1661 3877 non
1695 3819 1943 3890 auderet,

350 3920 704 3984 transpuncta
721 3911 996 3968 sententia
1027 3910 1219 3983 prima:
1252 3911 1447 3967 mortis
1469 3953 1485 3978 ,
1533 3910 1815 3968 hominem
1838 3909 1945 3967 sibi

350 4000 661 4069 defendere,
710 4000 953 4056 adunato
993 4015 1189 4071 genere
1220 3999 1375 4067 Adae,
1405 4016 1473 4055 ne
1503 3999 1571 4055 ad
1598 4000 1790 4072 primae
1838 3999 1945 4055 ori-

353 4090 494 4163 ginis
525 4089 850 4147 redderetur
877 4089 1145 4146 facturam
1163 4087 1277 4161 jam
1308 4096 1458 4145 totus
1487 4104 1813 4162 permanens
1847 4088 1947 4143 im-

351 4180 622 4237 mortalis.

931 4271 1161 4329 CAPUT
1196 4271 1344 4328 VIII.

427 4389 610 4459 (Vers.
639 4391 689 4458 1,
713 4389 766 4446 2.
799 4390 820 4461 )
866 4412 885 4435 ι
912 4387 1066 4444 Nihil
1118 4403 1246 4457 ergo
1274 4402 1424 4443 nunc
1451 4386 1821 4444 damnationis
1868 4395 1953 4444 est

349 4478 426 4535 iis
455 4478 549 4551 qui
578 4486 708 4534 sunt
761 4480 821 4535 in
864 4477 1088 4536 Christo
1137 4477 1283 4544 Jesu,
1334 4476 1430 4549 qui
1487 4492 1596 4532 non
1644 4477 1950 4534 secundum
1978 4514 2028 4573 Β

348 4584 570 4625 carnem
602 4567 907 4623 ambulant.
934 4593 952 4615 ι
995 4567 1201 4624 Verum
1229 4573 1331 4633 est,
1357 4564 1486 4638 quia
1545 4566 1699 4620 nulla
1728 4566 1948 4622 damna-

348 4656 430 4712 tio
460 4665 542 4713 est
588 4655 788 4712 borum
824 4657 920 4729 qui
949 4664 1077 4712 sunt
1126 4654 1183 4711 in
1214 4654 1437 4712 Christo
1488 4655 1615 4711 Jesu
1647 4654 1788 4727 (93),
1840 4655 1947 4728 legi

414 4866 540 4937 (89)
568 4867 727 4921 Rom.
760 4862 920 4937 edit.,
951 4880 1110 4920 carne
1140 4871 1409 4937 concretus
1432 4871 1481 4919 et
1508 4865 1709 4921 animo.

424 4934 542 5008 (90)
574 4938 701 4994 Vet.
760 4936 890 4991 edit.
950 4952 1013 4992 ac
1066 4952 1196 4991 mss.
1230 4936 1475 5008 quidam,
1508 4954 1738 5006 quorum
1792 4934 1949 5005 quasi

348 5010 601 5063 honorem
627 5008 906 5079 quemdam
931 5008 1086 5079 (mss.
1114 5008 1394 5074 nonnulli,
1432 5009 1725 5078 quondam)
1757 5015 1946 5079 transf

346 5080 456 5150 fert
511 5082 584 5135 ad
636 5076 895 5151 animam,
938 5076 997 5132 ut
1043 5078 1197 5151 etiam
1228 5080 1335 5151 ipse
1382 5076 1658 5151 generetur
1692 5076 1947 5151 {caeteri

349 5168 503 5223 vero,
543 5160 599 5206 et
626 5150 761 5223 edit.
801 5152 959 5223 Hom.
982 5156 1045 5204 ut
1077 5148 1134 5202 in
1163 5148 1565 5211 contextumisi
1598 5149 1750 5223 quod
1782 5151 1944 5205 Rom.

345 5222 480 5278 edit.
508 5222 751 5294 praefert,
778 5228 837 5275 ut
860 5221 1018 5294 etiam
1052 5228 1355 5294 mereretur:
1390 5222 1463 5277 At
1500 5221 1773 5294 continuo
1823 5227 1947 5292 post

352 5290 670 5373 Romfedit.
696 5292 1000 5373 “reposuit:
1063 5290 1163 5346 Sed
1190 5292 1330 5373 quia.
1354 5293 1756 5373 repulit__illar_n
1792 5290 1947 5373 ’τῆος-

349 5372 447 5420 tem
470 5365 651 5436 gratia
686 5362 806 5430 Dei,
838 5364 954 5436 ait:
986 5379 1084 5435 pro
1104 5378 1168 5416 eo
1189 5362 1339 5436 quod
1362 5362 1471 5418 vet.
1523 5364 1658 5419 edit.
1718 5364 1944 5436 habent,

348 5437 448 5492 Sed
474 5434 608 5507 quid
656 5436 858 5507 respuit
884 5435 1039 5489 illam
1079 5434 1374 5507 mortein_?_
1406 5436 1597 5490 Gratia
1642 5435 1742 5490 Dei
1768 5453 1785 5507 3
1812 5451 1943 5507 mss.

347 5503 500 5575 vero,
544 5515 606 5563 ut
635 5508 693 5562 in
722 5503 1011 5573 contextu,
1038 5504 1146 5559 nisi
1180 5503 1550 5577 quodulegunt
1578 5506 1693 5577 qui,
1726 5505 1822 5562 ubi
1846 5521 1949 5561 nos

346 5592 415 5657 ex
444 5586 564 5657 ant.
602 5578 737 5636 edit.
771 5575 1279 5657 retinu‘imus‘guid.
1312 5575 1413 5631 Est
1428 5575 1620 5633 autem
1648 5595 1795 5634 mors
1820 5595 1945 5651 gra-

348 5653 436 5707 tia
463 5650 566 5708 Dei
596 5666 747 5707 mors
774 5649 895 5723 ipsa
932 5646 1168 5707 Christi.

2050 526 2273 584 Christo
2294 525 2423 581 Jesu
2451 524 2706 581 liberavit
2734 542 2820 581 me
2850 542 2881 581 a
2909 525 3025 597 lege
3055 522 3260 596 peccati
3289 530 3345 579 et
3372 522 3585 578 mortis.
3606 546 3625 567 ι

2049 617 2411 673 Securitatem
2448 615 2655 687 ﬂagitat
2682 616 2899 672 homini
2933 631 3029 689 per
3061 615 3290 687 gratiam
3327 614 3448 681 Dei,
3481 621 3543 669 ut
3570 612 3638 670 de

2050 705 2497 777 suggestionibus
2522 705 2727 761 diaboli
2756 721 2868 761 non
2900 706 2972 761 sit
3004 705 3299 771 sollicitus,
3331 702 3639 761 dummodo

2052 802 2271 867 spernat
2299 795 2442 862 illas,
2468 794 2613 850 nihil
2643 794 2790 850 enim
2819 795 3052 851 oberunt
3082 794 3297 851 homini
3334 793 3479 866 apud
3498 808 3640 848 mor-

2051 890 2162 938 tem
2194 881 2511 949 secuudam,
2533 883 2664 955 quia
2684 883 2774 938 lex
2792 882 2944 950 ﬁdei,
2967 882 3022 938 id
3037 890 3119 937 est
3132 879 3642 953 spiritus,liberavit

2050 973 2335 1030 hominem
2362 990 2393 1030 a
2418 982 2595 1030 morte
2641 974 2906 1041 secunda,
2954 972 3213 1029 damnato
3240 983 3462 1045 peccato
3495 991 3506 1029 :
3541 987 3641 1029 nec

2050 1061 2204 1117 obest
2226 1062 2340 1134 jam
2373 1061 2608 1129 homini,
2667 1061 2797 1133 quia
2833 1062 3016 1118 carnis
3052 1061 3197 1118 inest
3238 1072 3545 1134 peccatum,
3592 1060 3640 1117 si

2050 1149 2214 1205 modo
2267 1157 2531 1221 repugnet
2586 1149 2688 1217 illi,
2749 1165 2965 1205 memor
3012 1148 3212 1204 auxilii
3256 1148 3396 1205 Dei:
3447 1148 3540 1204 sed
3586 1155 3643 1204 et

2050 1238 2398 1295 coronandus
2424 1246 2529 1307 est,
2560 1238 2655 1311 qui
2712 1238 2920 1310 peccati
2951 1238 3009 1293 in
3047 1253 3211 1293 carne
3240 1236 3643 1309 manentispre.

2050 1332 2154 1386 mit
2207 1329 2484 1395 consilia;
2530 1345 2723 1401 magna
2765 1328 2915 1384 enim
2956 1328 3181 1384 solertia
3228 1334 3310 1383 est
3353 1326 3643 1383 domestici

2051 1422 2227 1478 hostis
2246 1420 2479 1477 insidias
2508 1420 2733 1476 evitare.
2769 1420 2882 1475 Lex
2914 1436 3042 1491 ergo
3072 1418 3299 1491 spiritus
3329 1418 3477 1486 vitae,
3528 1417 3645 1488 ipsa

2050 1517 2135 1567 est
2164 1511 2256 1565 lex
2284 1508 2414 1565 ﬁdei
2451 1527 2463 1563 :
2488 1524 2613 1563 nam
2644 1517 2698 1563 et
2724 1507 2933 1579 Moysis
2952 1508 3043 1562 lex
3084 1506 3351 1577 spiritalis
3378 1514 3481 1574 est,
3512 1504 3644 1577 quia

2050 1597 2309 1671 prohibet
2338 1613 2561 1670 peccare
2593 1614 2606 1663 ;
2641 1612 2752 1651 non
2785 1603 2970 1651 tamen
3004 1593 3157 1660 vitae,
3186 1593 3315 1666 quia
3343 1593 3450 1649 reis
3486 1609 3644 1648 mor-

2050 1686 2123 1742 tis
2148 1694 2367 1758 peccata
2393 1685 2669 1739 remittere
2726 1699 2838 1738 non
2869 1689 3068 1755 potest,
3124 1689 3185 1737 ut
3240 1681 3489 1738 viviﬁcet
3529 1698 3642 1737 mo-

563 1772 709 1830 sicut
735 1772 946 1828 dictum
995 1780 1095 1828 est.
1154 1772 1272 1828 Jam
1323 1771 1473 1829 enim
1509 1771 1652 1828 liber
1699 1771 1937 1838 animust,
1970 1799 2017 1859 Β
2051 1777 2256 1833 rituros
2283 1775 2424 1847 (94).
2448 1775 2575 1831 Haec
2604 1790 2735 1829 vero
2765 1773 2896 1846 quia
2943 1781 2996 1829 et
3026 1787 3253 1845 peccare
3280 1787 3393 1827 non
3422 1772 3563 1838 vult,
3590 1778 3645 1827 et

2052 1882 2083 1921 a
2107 1871 2284 1920 morte
2310 1870 2551 1931 revocat,
2601 1863 2690 1918 lex
2734 1862 2962 1934 spiritus
2998 1862 3127 1917 vita:
3172 1860 3499 1933 appellatur,
3532 1875 3643 1914 non

2051 1971 2148 2027 per
2202 1954 2439 2008 litteram
2497 1960 2771 2020 constans,
2830 1952 2925 2008 sed
2980 1951 3257 2024 spiritum,
3302 1949 3434 2022 quia
3479 1948 3645 2004 corde

2051 2041 2315 2109 creditur,
2347 2051 2400 2096 et
2427 2041 2657 2113 spiritus
2684 2049 2787 2110 est,
2814 2042 2961 2116 quod
2993 2041 3256 2098 creditur.
3300 2042 3427 2096 Haec
3458 2039 3644 2111 itaque

2051 2131 2142 2187 lex
2168 2131 2226 2186 in
2258 2135 2352 2192 70
2383 2129 2605 2187 Christo
2634 2132 2781 2200 Jesu,
2830 2130 2938 2188 hoc
2962 2140 3064 2200 est,
3094 2147 3190 2203 per
3216 2130 3380 2186 ﬁdem
3412 2127 3641 2186 Christi.

2051 2228 2248 2285 liberat
2295 2228 2607 2285 credentem
2665 2245 2697 2285 a
2756 2229 2874 2301 lege
2906 2229 3115 2302 peccati
3160 2236 3214 2285 et
3263 2227 3475 2282 mortis.
3528 2225 3643 2281 Lex

2048 2318 2257 2390 peccati
2289 2324 2389 2385 est,
2423 2334 2589 2392 quam
2627 2318 2684 2374 in
2729 2319 2992 2375 membris
3010 2318 3158 2374 'dicit
3201 2316 3476 2383 habitare,
3512 2329 3636 2387 quae

2047 2406 2275 2463 suadere
2331 2408 2530 2464 nititur
2584 2408 2857 2464 adversa:
2916 2407 3007 2463 lex
3053 2423 3184 2463 vero
3225 2405 3422 2462 mortis
3460 2401 3641 2474 Moysi

2046 2495 2138 2553 lex
2158 2503 2258 2564 est,
2291 2497 2421 2569 quia
2463 2497 2759 2553 mortiﬁcat
2806 2505 3136 2569 peccatores.
3168 2496 3306 2551 Nam
3349 2500 3404 2549 et
3457 2491 3514 2547 in
3536 2491 3645 2547 alia

2046 2586 2280 2659 epistola
2315 2584 2463 2641 inter
2518 2592 2714 2641 caetera
2772 2584 2910 2641 dicit
2964 2584 3033 2640 de
3081 2583 3411 2640 auctoritate
3462 2580 3638 2651 legis:

2060 2701 2078 2723 ι
2105 2675 2162 2731 Si
2190 2673 2526 2729 ministratio
2567 2674 2761 2728 mortis
2790 2673 3028 2731 formata
3056 2673 3115 2728 in
3146 2672 3423 2743 lapidibus
3458 2668 3565 2723 fuit
3586 2667 3642 2723 in

2047 2763 2222 2836 gloria
2252 2763 2340 2833 (II
2370 2763 2495 2816 Cor.
2527 2778 2613 2829 ιιι,
2643 2763 2721 2829 7).
2755 2786 2773 2807 υ

2118 2880 2241 2935 Non
2272 2894 2401 2949 ergo
2442 2877 2756 2934 mirandum
2785 2877 2831 2933 si
2889 2877 2980 2932 lex
3010 2875 3275 2949 spiritalis
3310 2875 3549 2940 dicatur,
3594 2879 3650 2928 et

2050 2968 2143 3023 lex
2212 2965 2427 3035 mortis,
2492 2983 2617 3022 cum
2683 2973 2738 3022 et
2800 2966 3169 3039 Evangelium
3225 2964 3416 3021 eodem
3483 2960 3647 3018 modo

2049 3056 2141 3113 sit.
2176 3056 2324 3113 Dicit
2355 3055 2503 3110 enim
2534 3055 2644 3110 alio
2666 3056 2788 3112 loco
2835 3055 2981 3111 inter
3008 3063 3204 3111 caetera
3234 3072 3247 3110 :
3296 3079 3313 3102 -
3340 3052 3482 3110 Aliis
3508 3050 3648 3106 odor

1974 3156 2018 3216 ο
2054 3144 2182 3199 vitze
2239 3143 2305 3199 ad
2361 3144 2552 3211 vitam,
2587 3144 2711 3199 aliis
2759 3143 2896 3199 odor
2929 3145 3123 3201 mortis
3170 3143 3237 3200 ad
3298 3139 3653 3212 mortem(ll

2061 3234 2187 3289 Cor.
2246 3251 2305 3301 ιι,
2365 3233 2477 3304 16).
2510 3258 2528 3279 ι
2597 3233 2746 3299 Quos
2801 3232 2947 3288 enim
3000 3232 3191 3305 opinio
3229 3233 3524 3299 virtutum,
3557 3235 3653 3284 aut

2056 3337 2239 3377 rerum
2293 3328 2563 3392 gestarum
2614 3321 2765 3376 visus
2818 3328 2913 3376 aut
2959 3322 3181 3377 auditus
3232 3319 3540 3378 attrahebat
3586 3317 3653 3373 ad

2056 3410 2242 3479 ﬁdem,
2288 3410 2375 3466 his
2405 3410 2541 3465 odor
2588 3410 2715 3465 vitae
2755 3418 2871 3465 erat
2909 3410 3273 3481 Evangelium
3311 3426 3321 3463 ε
3374 3408 3487 3463 illis
3545 3423 3653 3461 au-

2056 3506 2167 3555 tem
2223 3515 2459 3572 quorum
2500 3515 2719 3555 sensum
2767 3498 3148 3554 inﬂammabat
3176 3498 3319 3555 facta
3364 3497 3544 3552 virtus
3582 3494 3650 3551 ad

2054 3590 2566 3659 contradicendum,
2614 3592 2810 3647 mortis
2855 3597 2971 3646 erat
2999 3589 3136 3646 odor
3180 3588 3496 3662 praedicatio
3525 3586 3653 3643 ﬁdei

2060 3679 2200 3750 (95).
2241 3680 2359 3735 Una
2379 3695 2507 3750 ergo
2532 3695 2659 3735 cum
2712 3677 2785 3734 sit
2813 3678 2969 3747 ﬁdes,
3020 3678 3398 3735 diversitatem
3432 3684 3656 3750 praestat

2057 3767 2401 3836 hominibus,
2430 3767 2575 3824 sicut
2603 3775 2657 3822 et
2684 3768 2767 3823 sol
2793 3784 2918 3824 cum
2950 3768 3023 3824 sit
3050 3785 3215 3835 unus,
3248 3785 3427 3825 ceram
3454 3766 3649 3833 solvit,

2058 3857 2237 3912 lutum
2270 3874 2401 3914 vero
2425 3857 2665 3929 stringit.
2697 3858 2815 3925 Qua
2846 3875 2975 3930 ergo
3030 3859 3155 3931 quis
3184 3866 3367 3914 mente
3396 3858 3657 3914 odoratus

2059 3946 2228 4002 fuerit
2260 3946 2449 4015 ﬁdem,
2484 3946 2565 4002 sic
2584 3956 2638 4003 et
2664 3947 2916 4019 proﬁciet
2946 3947 3050 4003 illi.
3084 3947 3190 4004 Sed
3220 3947 3427 4003 dicitur
3463 3946 3604 3999 forte
3640 3962 3651 3998 :

2058 4035 2117 4093 Si
2164 4034 2351 4092 eadem
2382 4044 2599 4109 prastat
2653 4036 2789 4093 ﬁdes
2841 4054 2962 4110 qua:
2992 4046 3046 4093 et
3075 4038 3187 4103 lex,
3219 4052 3319 4091 cur
3352 4048 3461 4087 non
3488 4032 3654 4086 etiam

2058 4126 2178 4199 ipsa
2203 4143 2272 4183 ex
2296 4134 2445 4199 parte
2498 4127 2589 4183 lex
2641 4128 2835 4182 mortis
2860 4128 3079 4183 dicatur
3106 4125 3135 4181 ‘l
3180 4122 3478 4178 mortiﬁcat
3506 4120 3654 4176 enim

2058 4231 2171 4270 non
2199 4215 2501 4272 credentes.
2551 4216 2657 4271 Sed
2714 4232 2825 4270 non
2869 4215 2946 4270 ita
2975 4221 3075 4269 est.
3129 4211 3290 4267 Fides
3349 4209 3495 4266 enim
3528 4209 3656 4268 data

2059 4312 2141 4361 est
2164 4320 2285 4377 quae
2337 4303 2606 4375 justiﬁcat
2646 4301 3027 4373 confugientes
3056 4299 3125 4356 ad
3182 4316 3258 4369 se,
3305 4308 3368 4357 ut
3405 4300 3655 4357 remittat

2060 4392 2157 4461 eis,
2184 4409 2321 4466 quos
2351 4393 2441 4447 lex
2468 4398 2618 4466 tenet
2650 4406 2770 4446 reos
2795 4409 2808 4458 ;
2842 4397 2905 4446 ut
2932 4397 3154 4462 agentes
3194 4389 3297 4446 sub
3326 4389 3455 4458 ﬁde,
3489 4390 3651 4447 liberi

2060 4462 2220 4537 siuta
2248 4488 2469 4553 peccato
2498 4500 2510 4536 :
2550 4462 2676 4535 riam
2708 4480 2809 4536 sub
2840 4480 2956 4553 lege
2994 4487 3212 4552 agentes
3240 4478 3471 4534 obnoxii
3502 4488 3652 4535 sunt.

2061 4570 2167 4636 Qui
2194 4587 2319 4643 ergo
2340 4586 2453 4626 non
2482 4570 2751 4625 obediunt
2778 4569 2928 4638 ﬁdei,
2960 4585 3073 4624 non
3104 4567 3429 4625 occidentur
3457 4584 3489 4623 a
3520 4567 3651 4636 ﬁde,

2056 4660 2150 4717 sed
2178 4676 2209 4714 a
2230 4660 2366 4733 lege,
2398 4660 2527 4732 quia
2569 4676 2681 4715 non
2712 4659 3032 4717 accedentes
3074 4657 3142 4713 ad
3174 4657 3363 4725 ﬁdem,
3416 4657 3496 4714 rei
3557 4663 3651 4713 te-

2131 4863 2248 4935 (91)
2281 4862 2486 4920 Omnes
2514 4861 2671 4932 edit.,
2700 4862 2952 4934 indagari
2979 4862 3036 4917 in
3055 4860 3219 4930 vitiis,
3253 4875 3447 4918 omnes
3495 4875 3650 4925 mss.,

2055 4936 2308 4990 imlaaari
2336 4935 2553 4990 invitus.

2132 4954 2185 4990 ia
2255 4954 2308 4989 Tt
2336 4954 2553 4990 invitus.

2130 4954 2544 5081 (ngNonnulli
2579 5023 2731 5074 mss.,
2758 5012 2816 5060 ut
2842 5006 2924 5061 hic
2950 5011 3169 5081 renatus
3197 5003 3447 5081 crederet.
3503 5000 3656 5081 Infra

2057 5074 2187 5161 vero
2217 5074 2312 5161 ubi
2343 5095 2531 5161 omnes
2563 5095 2690 5133 mss.
2720 5093 2783 5134 ac
2809 5085 2918 5133 vet.
2970 5074 3139 5161 edit.,.
3172 5092 3236 5130 ne
3282 5075 3479 5147 prima:
3538 5074 3647 5127 ori-

2055 5151 2213 5222 ginis,
2243 5152 2401 5207 Rom.
2436 5151 2571 5206 edit.
2606 5156 2941 5221 reposuerat,
2966 5153 3023 5202 ut
3047 5151 3259 5227 primae,
3283 5155 3392 5202 etc.

2129 5222 2247 5293 (93)
2275 5222 2411 5279 Cod.
2436 5221 2605 5293 Corb,
2632 5220 2929 5293 etquidam
2967 5217 3289 5293 alii,_nulla
3335 5217 3439 5272 erit
3491 5215 3656 5293 dam:

2055 5289 2202 5366 natio
2228 5289 2414 5366 eorum
2441 5292 2536 5363 qui
2566 5289 2859 5347 Christiani
2914 5297 3054 5366 sunt.
3088 5289 3161 5366 At
3192 5305 3354 5366 versu
3404 5289 3655 5366 sequenti

2059 5365 2215 5445 llum.
2256 5363 2391 5420 edit.
2423 5361 2549 5420 cum
2573 5379 2700 5418 mss.
2729 5362 3036 5429 nonnullis,
3067 5361 3337 5416 devotione
3362 5361 3532 5412 animi
3546 5369 3653 5406 ser-

2058 5441 2486 5587 υιῗξὶῗῖοιηιιθε
2544 5505 2701 5587 edit.,
2741 5511 2826 5587 ut“
2852 5505 3080 5577 viviﬁcet
3126 5505 3414 5561 mortuos;
3462 5510 3654 5552 omnes

2057 5593 2222 5706 prose
2247 5577 2435 5649 scripti
2666 5578 2981 5657 morituros.
3035 5644 3044 5653 ο
3146 5639 3157 5651 ⁸
3327 5638 3338 5649 _

2124 5649 2145 5721 (
2183 5648 2244 5721 5)
2271 5648 2400 5707 Mss.
2431 5648 2579 5707 haud
2599 5663 2780 5720 pauci,
2801 5646 3190 5720 pravarieatto
3212 5637 3355 5713 ﬁdei.
