4136 6194
486 288 590 346 123

1491 289 1588 342 ΑΙ)
1628 284 1864 342 ΟΡΕΒΑ
1900 282 1956 337 S.
2000 277 2344 337 AMBROSII
2381 275 2762 332 APPENDIX.

3687 273 3791 331 124

482 424 685 474 nentur
707 432 739 471 a
768 415 884 488 lege
911 434 922 471 :
952 415 1182 488 ideoque
1202 431 1393 471 omnes
1412 412 1507 487 qui
1543 412 1686 468 malo
1713 408 1900 464 animo
1927 407 2063 464 odo-
2097 408 2149 466 A
2174 405 2421 474 Satanas,
2452 403 2639 460 amisit
2679 401 2991 458 dominium
3046 407 3387 458 retentarum
3444 397 3789 468 animarum,

483 512 678 562 rantur
706 503 874 560 verba
900 504 1051 572 ﬁdei,
1083 514 1369 562 remanent
1397 505 1453 559 in
1477 509 1671 557 morte.

555 593 855 652 Videamus
886 609 1038 649 nunc
1069 594 1202 665 quid
1223 593 1441 650 intersit
1468 608 1594 648 cum
1626 587 1832 644 dicitur
1863 587 1953 642 lex
1974 585 2080 657 spi-

483 683 662 738 ritalis
691 689 744 737 et
772 682 863 738 lex
894 681 1140 752 spiritus.
1181 683 1295 738 Hoc
1325 682 1574 744 interest,
1607 677 1734 749 quia
1763 675 1975 731 idcirco
2001 673 2081 728 di-

483 773 627 830 citur
676 773 767 828 lex
822 771 1106 843 spiritalis,
1142 772 1272 843 quia
1310 777 1579 843 praecepta
1643 767 1757 835 dat,
1816 783 1910 838 per
1962 781 2082 836 quae

484 879 595 919 non
625 869 904 936 peccetur,
937 860 1069 934 quia
1093 861 1186 932 qui
1233 877 1343 916 non
1379 866 1588 931 peccat,
1623 856 1888 928 spiritalis
1926 870 2082 911 voca-

483 963 618 1010 tur:
656 952 888 1008 aemulus
932 949 1304 1020 superiorum,
1347 948 1403 1004 id
1452 954 1553 1013 est,
1599 945 1907 1002 caelestium
1941 945 2080 1015 (96).

482 1043 596 1098 Lex
651 1047 833 1096 autem
915 1039 1145 1110 spiritus
1243 1045 1530 1110 propterea
1614 1044 1863 1100 vocatur,
1951 1033 2082 1105 quia

481 1133 646 1198 Deus,
705 1128 865 1201 cujus
921 1128 1059 1184 ﬁdes
1117 1135 1219 1195 est,
1267 1127 1495 1200 spiritus
1587 1133 1687 1180 est.
1755 1122 1880 1179 Illic
1958 1139 2084 1194 ergo

484 1219 652 1275 verba
685 1228 835 1287 sunt,
888 1218 981 1275 hic
1011 1233 1096 1274 res
1128 1236 1142 1285 ;
1178 1217 1296 1274 illic
1336 1232 1456 1289 quae
1485 1214 1584 1270 Dei
1615 1221 1766 1282 sunt,
1799 1213 1891 1269 hic
1936 1214 2086 1268 Deus

486 1309 624 1382 ipse.

558 1397 742 1468 (Vers.
767 1395 848 1466 3.)
895 1420 914 1442 ι
940 1394 1214 1462 Quoniam
1241 1393 1388 1467 quod
1418 1391 1764 1465 impossibile
1780 1398 1896 1447 erat
1924 1390 2083 1462 legis,

485 1486 542 1542 in
572 1502 684 1558 quo
717 1483 1103 1540 inﬁrmabatur
1130 1501 1225 1556 pes
1248 1499 1490 1550 carnem,
1516 1483 1662 1538 Deus
1690 1480 1896 1536 Filium
1924 1495 2084 1534 suum

483 1575 708 1631 mittens
727 1573 785 1630 in
806 1573 1229 1629 similitudinem
1284 1571 1466 1629 carnis
1508 1570 1736 1643 peccati,
1771 1569 1837 1626 de
1867 1576 2086 1641 peccato

483 1665 770 1723 damnavit
797 1671 1080 1736 peccatum
1105 1663 1164 1718 in
1194 1678 1409 1717 came.-
1440 1662 1568 1717 Haec
1595 1660 1753 1729 dicit,
1773 1668 1835 1716 ut
1848 1659 2085 1730 baptiza-

2190 506 2251 553 ut
2275 496 2390 568 jam
2423 494 2664 567 signatos
2693 495 2850 566 signo
2880 493 3084 561 crucis,
3137 491 3194 546 in
3225 506 3333 562 qua
3380 489 3564 546 victus
3596 498 3698 559 est,
3731 489 3790 546 in

2189 584 2430 641 secunda
2460 592 2635 639 morte
2672 590 2858 638 tenere
2897 597 3006 636 non
3050 578 3265 635 audeat.
3300 577 3670 644 Quamobrem
3722 577 3792 634 ad

2189 674 2547 729 securitatem
2581 681 2828 727 nostram
2858 669 2976 726 haec
3005 677 3205 724 tractat
3243 667 3560 738 Apostolus.

2265 762 2447 833 (Vers.
2480 760 2531 814 4.
2569 761 2588 831 )
2661 785 2677 806 ε
2708 760 2779 815 Ut
2825 756 3153 830 justiﬁcatio
3188 755 3321 827 legis
3350 755 3676 826 impleretur
3731 754 3790 812 in

2190 848 2369 916 nobis,
2401 849 2493 920 qui
2537 865 2648 903 non
2695 848 2996 903 secundum
3027 860 3245 901 carnem
3299 842 3664 911 ambulamus,
3697 844 3790 900 sed

2189 937 2492 995 secundum
2515 937 2792 1009 spiritum.
2824 961 2842 982 ι
2902 936 3029 991 Ideo
3075 934 3396 988 damnatum
3427 931 3562 989 dicit
3588 949 3792 1005 pecca-

2191 1037 2332 1096 tum,
2364 1035 2425 1082 ut
2454 1028 2780 1098 impleretur
2838 1026 2898 1080 in
2944 1024 3102 1080 nobis
3153 1021 3480 1093 justiﬁcatio
3533 1023 3666 1094 legis
3697 1030 3785 1086 71

2193 1127 2334 1184 datas
2361 1145 2392 1183 a
2428 1128 2656 1199 Moyse;
2707 1126 2912 1183 sublati
2965 1125 3112 1182 enim
3145 1124 3213 1180 de
3269 1122 3589 1180 conditione
3631 1122 3789 1195 legis,

2194 1218 2350 1294 facti.
2355 1234 2547 1273 sumus
2573 1217 2736 1272 amici
2766 1216 3010 1287 ejusdem
3041 1233 3053 1281 ;
3094 1214 3394 1286 justiﬁcati
3427 1213 3576 1269 enim
3622 1213 3790 1269 amici

2193 1309 2326 1379 legis
2352 1314 2499 1362 sunt.
2534 1305 2824 1372 Quomodo
2876 1313 3062 1360 autem
3115 1305 3386 1376 impletur
3416 1304 3474 1359 in
3504 1302 3665 1360 nobis
3701 1303 3789 1375 ju-

2193 1395 2474 1464 stiﬁcatio,
2502 1395 2609 1450 nisi
2640 1412 2766 1451 cum
2797 1394 2960 1450 datur
2993 1392 3245 1449 remissio
3263 1392 3515 1448 omnium
3546 1400 3792 1464 peccato-

2193 1504 2340 1554 rum,
2398 1493 2462 1540 ut
2510 1485 2744 1541 sublatis
2798 1484 3054 1557 peccatis,
3100 1482 3444 1553 justiﬁcatus
3507 1491 3788 1553 appareat,

2195 1585 2380 1632 mente
2409 1576 2664 1631 serviens
2720 1575 2825 1646 legi
2857 1574 2957 1630 Dei
2988 1575 3016 1630 ?
3063 1575 3178 1628 Hoc
3203 1581 3284 1629 est
3321 1589 3432 1628 non
3487 1571 3791 1628 secundum

2193 1681 2412 1722 carnem
2455 1665 2757 1731 ambulare,
2807 1663 2900 1719 sed
2975 1662 3288 1718 secundum
3365 1661 3669 1742 spiritum;
3730 1669 3793 1717 ut

483 1763 567 1812 tos
595 1770 817 1811 securos
871 1751 1096 1816 reddat,
1148 1749 1278 1822 quia
1329 1749 1550 1805 liberati
1585 1756 1717 1804 sunt
1758 1765 1789 1804 ἃ
1837 1756 2080 1820 peccato.
2117 1769 2163 1828 B
2195 1753 2418 1810 devotio
2468 1753 2664 1819 animi,
2715 1753 2809 1825 qui
2865 1762 2946 1808 est
3001 1751 3251 1824 spiritus,
3318 1767 3430 1806 non
3480 1751 3794 1809 consentiat

495 1870 515 1892 ε
541 1841 813 1910 Quoniam
843 1840 990 1913 quod
1009 1838 1353 1911 impossibile
1388 1847 1526 1906 erat,
1549 1837 1754 1909 inquit,
1783 1837 1961 1908 legis.»
1981 1835 2084 1894 Cui

485 1931 829 2004 impossibile
849 1938 930 1985 est
947 1931 973 1986 ‘2
993 1929 1164 1986 Nobis
1186 1927 1400 1984 scilicet
1429 1927 1773 2000 impossibile
1802 1934 1918 1982 erat
1933 1943 2082 1981 man-

482 2021 672 2077 datum
704 2019 861 2091 Legis
902 2019 1134 2090 implere
1165 2035 1179 2085 ;
1233 2016 1364 2089 quia
1390 2015 1627 2087 subjecti
1648 2032 1864 2071 eramus
1886 2031 2086 2086 pecca-

483 2109 649 2166 ιο.οὺ
671 2108 777 2165 hoc
796 2110 942 2163 Deus
979 2107 1185 2163 Filium
1203 2123 1365 2162 suum
1390 2106 1542 2161 misit
1564 2107 1621 2160 in
1653 2105 2080 2160 similitudinem

483 2199 664 2257 carnis
683 2197 1046 2270 peccatillzec
1067 2205 1147 2253 est
1167 2195 1477 2252 similitudo
1494 2195 1708 2262 carnis;
1740 2194 1868 2267 quia
1896 2211 2084 2267 quam-

491 2289 575 2344 vis
603 2287 793 2343 eadem
817 2303 943 2342 caro
964 2287 1055 2354 sit,
1089 2303 1209 2358 quae
1225 2294 1280 2342 et
1307 2293 1495 2340 nostra
1518 2303 1530 2351 ;
1555 2301 1667 2340 non
1682 2291 1864 2340 tamen
1882 2285 1960 2339 ita
1974 2284 2082 2339 fac-

485 2384 542 2432 ta
571 2376 630 2430 in
649 2383 806 2431 utero
823 2383 904 2431 est
919 2383 972 2430 et
1001 2374 1300 2443 nata,sicut
1331 2381 1386 2429 et
1409 2390 1535 2430 caro
1567 2381 1771 2428 nostra.
1806 2374 1905 2429 Est
1933 2373 2080 2428 enim

484 2464 826 2522 sanctiﬁcata
850 2464 907 2519 in
937 2471 1115 2532 utero,
1148 2472 1203 2518 et
1232 2471 1362 2519 nata
1390 2463 1510 2518 sine
1533 2469 1777 2534 peccato,
1806 2469 1859 2518 et
1905 2477 2080 2534 neque

486 2555 604 2627 ipse
631 2555 690 2610 in
720 2555 816 2609 illa
831 2553 1100 2626 peccavit.
1133 2551 1261 2608 Ideo
1289 2550 1435 2607 enim
1456 2550 1745 2623 virginalis
1765 2557 1955 2606 uterus
1975 2551 2080 2605 ele-

485 2651 607 2699 ctus
634 2651 716 2699 est
735 2642 803 2699 ad
824 2649 1042 2714 partum
1059 2639 1504 2707 Dominicum,ut
1521 2639 1577 2693 in
1590 2638 1880 2696 sanctitate
1901 2639 2083 2694 differ-

485 2739 568 2788 ret
596 2749 722 2789 caro
743 2732 969 2787 Domini
995 2746 1199 2787 acarne
1219 2739 1437 2796 nostra;
1459 2728 1515 2784 in
1537 2745 1699 2785 causa
1715 2728 1862 2785 enim
1885 2729 2084 2784 similis

483 2829 586 2890 est,
618 2838 731 2877 non
763 2821 826 2877 in
867 2821 1131 2893 qualitate
1178 2818 1386 2891 peccati
1417 2818 1760 2875 substantiae.
1792 2819 2085 2890 Propterea

483 2929 612 2983 ergo
641 2911 878 2966 similem
909 2909 1214 2982 dixit,quia
1242 2909 1308 2964 de
1337 2909 1522 2964 eadem
1547 2909 1852 2964 substantia
1880 2908 2082 2976 carnis,

485 3015 597 3056 non
663 2999 912 3054 eamdem
979 2996 1178 3052 habuit
1241 2996 1612 3064 nativitatem,
1685 2998 1816 3069 quia
1861 3004 2084 3068 peccato

2193 1843 2468 1899 desiderio
2497 1843 2730 1915 peccati,
2771 1843 2902 1915 quia
2952 1858 3048 1914 per
3097 1857 3320 1898 carnem
3364 1840 3598 1896 seminat
3646 1857 3794 1897 con-

2192 1933 2558 2004 cupiscentias
2585 1933 2806 2000 animae,
2839 1932 2985 2004 quod
3035 1932 3176 1987 inest
3220 1939 3522 2004 peccatum.
3557 1929 3614 1986 Si
3641 1931 3790 1987 enim

2194 2021 2514 2077 damnatum
2537 2030 2618 2078 est
2645 2029 2923 2094 peccatum
2955 2038 2988 2076 a
3010 2019 3598 2092 Salvatore,quomodo
3612 2018 3788 2076 inest?

2193 2112 2522 2166 Damnatum
2555 2119 2636 2166 est
2663 2128 2694 2167 a
2717 2111 3018 2177 Salvatore,
3073 2119 3126 2166 et
3171 2108 3380 2180 triplici
3415 2106 3531 2180 (99)
3591 2123 3787 2179 genere

2192 2198 2725 2255 damnatum.Primo
2751 2199 2898 2255 enim
2927 2199 2985 2254 in
3015 2199 3136 2255 loco
3161 2196 3447 2254 damnavit
3478 2206 3786 2269 peccatum,

2191 2288 2322 2344 dum
2355 2307 2466 2344 non
2516 2288 2780 2360 peccavit,
2837 2287 3168 2344 dissentiens
3219 2303 3252 2342 a
3292 2295 3536 2358 peccato.
3575 2286 3788 2342 Deinde

2191 2379 2249 2434 in
2269 2395 2429 2434 cruce
2460 2385 2769 2451 peccatum,
2803 2378 2933 2450 quia
2971 2377 3240 2449 peccavit,
3287 2375 3612 2431 damnatum
3649 2374 3784 2431 dici-

2192 2477 2300 2523 tur.
2336 2467 2488 2523 Unde
2539 2467 2753 2523 sublata
2785 2475 2867 2522 est
2910 2466 2994 2520 illi
3041 2465 3340 2522 auctoritas
3371 2464 3531 2538 quasi
3559 2464 3787 2535 peccati,

2197 2574 2305 2630 qua
2333 2557 2614 2614 detinebat
2642 2556 2897 2612 homines
2929 2556 2986 2610 in
3007 2555 3226 2610 inferno
3257 2561 3487 2626 propter
3518 2552 3786 2610 delictum

2197 2646 2366 2702 Adae:
2405 2653 2467 2700 ut
2496 2645 2563 2700 de
2615 2653 2811 2701 caetero
2840 2644 2898 2698 in
2947 2643 3155 2716 quibus
3203 2643 3423 2714 signum
3466 2641 3648 2699 crucis
3685 2651 3786 2709 est,

2195 2734 2439 2790 detinere
2470 2751 2580 2789 non
2625 2733 2842 2789 audeat.
2902 2733 3087 2788 Tertio
3145 2731 3432 2787 damnavit
3481 2740 3786 2804 peccatum,

2193 2824 2326 2880 dum
2381 2823 2538 2878 irrita
2586 2823 2718 2878 fecit
2769 2823 2989 2890 delicta,
3063 2821 3388 2877 remissione
3438 2829 3787 2893 peccatorum

2193 2929 2467 2969 concessa.
2493 2912 2630 2969 Cum
2665 2913 2814 2967 enim
2846 2919 3096 2984 peccator
3118 2928 3278 2967 causa
3300 2910 3526 2966 admissi
3578 2909 3788 2981 peccati

2192 3002 2534 3058 damnandus
2563 3008 2723 3068 esset,
2755 3001 3042 3074 ignoscens
3068 3007 3251 3055 autem
3301 2999 3350 3054 ei
3380 2997 3664 3054 damnavit
3723 2998 3785 3053 in

485 3085 794 3157 subjectum
823 3103 937 3141 non
958 3086 1066 3141 fuit
1084 3101 1284 3156 corpus
1298 3085 1542 3141 Domini.
1570 3085 1807 3156 Expiata
1833 3092 1915 3140 est
1935 3085 2082 3140 enim
2119 3125 2162 3184 Ο
2195 3107 2259 3146 eo
2285 3098 2595 3162 peccatum.
2645 3091 2836 3163 Itaque
2865 3089 2912 3145 si
2951 3098 3005 3145 et
3036 3103 3138 3143 nos
3189 3086 3492 3143 Salvatoris
3527 3086 3787 3159 exemplo

489 3177 607 3248 (97)
639 3191 670 3230 a
689 3175 900 3247 Spiritu
930 3182 1122 3232 sancto
1143 3191 1268 3231 caro
1285 3174 1534 3243 Domini,
1564 3184 1626 3231 ut
1657 3176 1713 3230 in
1735 3175 1832 3232 tali
1855 3191 2082 3248 corpore

487 3271 826 3333 nasceretur,
859 3264 1020 3338 quale
1048 3264 1158 3320 fuit
1175 3264 1310 3320 Adae
1329 3272 1456 3320 ante
1488 3274 1771 3337 peccatum
1801 3283 1814 3332 ;
1846 3265 1962 3322 sola
1990 3275 2083 3322 ta-

485 3369 610 3409 men
649 3354 919 3410 sententia
939 3353 1067 3409 data
1091 3354 1149 3408 in
1180 3353 1354 3409 Adam
1391 3353 1531 3426 (98).

553 3442 721 3499 Misso
759 3459 886 3516 ergo
910 3445 1054 3500 Deus
1085 3443 1330 3512 Christo,
1377 3467 1395 3491 ε
1441 3445 1519 3499 De
1549 3451 1770 3515 peccato
1799 3441 2084 3500 damnavit

484 3539 790 3604 peccatum,
820 3557 838 3579 ι
904 3532 1011 3588 hoc
1078 3541 1181 3601 est,
1220 3541 1514 3604 peccatum
1571 3541 1793 3604 peccato
1859 3535 2082 3605 proprio

484 3621 792 3678 damnavit.
813 3622 1065 3680 Christus
1093 3623 1242 3680 enim
1274 3640 1399 3680 cum
1418 3641 1448 3679 a
1477 3631 1698 3696 peccato
1718 3623 2079 3696 cruciﬁgitur,

491 3712 586 3784 qui
611 3719 692 3768 est
725 3713 973 3782 Satanas,
1004 3714 1256 3786 peccavit
1282 3722 1568 3786 peccatum
1616 3714 1673 3768 in
1703 3730 1865 3770 carne
1895 3731 2082 3786 corpo-

486 3801 563 3856 ris
596 3801 932 3858 Salvatoris:
966 3819 1074 3875 quo
1119 3802 1265 3859 facto
1291 3801 1577 3858 damnavit
1605 3804 1753 3858 Deus
1796 3811 2081 3875 peccatum

483 3888 542 3945 in
576 3906 761 3958 carne,
807 3889 885 3946 ibi
931 3891 1123 3964 utique
1151 3891 1249 3947 ubi
1284 3891 1550 3962 peccavit,
1584 3890 1730 3948 sicut
1763 3899 1817 3946 et
1875 3892 1933 3947 in
1975 3893 2082 3948 alia

484 3978 716 4051 epistola
743 3979 854 4036 ait:
905 4005 923 4027 ι
946 3979 1381 4053 Detriumphans
1431 3981 1557 4037 illos
1589 3981 1645 4036 in
1698 3981 1816 4053 ipso
1850 3981 2079 4052 (Coloss.

484 4086 544 4136 ιι,
579 4069 694 4141 15),
725 4095 744 4118 ι
807 4069 865 4126 id
912 4077 1017 4139 est,
1065 4071 1125 4126 in
1185 4069 1428 4128 Christo.
1460 4071 1597 4126 Nam
1656 4071 1796 4127 solet
1847 4071 1958 4127 dici
2013 4071 2082 4128 de

482 4173 809 4232 quocunque
840 4159 1100 4216 damnato
1127 4177 1138 4215 :
1198 4161 1262 4216 In
1292 4177 1398 4232 qua
1436 4177 1598 4216 causa
1618 4159 1906 4216 damnatus
1936 4168 2017 4215 est
2053 4161 2081 4216 ?

483 4249 880 4318 Respondetur,
897 4257 960 4306 ut
983 4259 1136 4322 puta,
1161 4249 1222 4306 in
1252 4249 1576 4307 homicidio.
1603 4251 1685 4306 Ita
1711 4258 1766 4306 et
1797 4258 2080 4321 peccatum

481 4336 541 4393 in
587 4355 750 4394 carne
793 4338 1113 4397 damnatum
1151 4349 1251 4409 est,
1284 4341 1390 4398 hoc
1428 4351 1530 4410 est,
1563 4340 1620 4396 in
1681 4347 1904 4412 peccato
1933 4339 2077 4411 quod

481 4425 711 4483 admisit
741 4427 800 4483 in
847 4444 1030 4485 carne.
1082 4429 1198 4486 Hoc
1227 4430 1410 4503 itaque
1445 4437 1669 4502 peccato
1724 4444 1850 4484 reus
1903 4427 2081 4485 factus

555 4616 672 4688 (96)
704 4616 830 4672 Vet.
883 4614 1017 4674 edit.
1060 4631 1123 4671 ac
1148 4631 1287 4688 mss.
1310 4614 1539 4687 aliquot,
1571 4613 1790 4688 aemulus
1846 4614 2076 4686 superio-

478 4685 602 4743 rum
629 4685 951 4744 caelestium:
1008 4689 1167 4746 Rom.
1204 4686 1336 4743 edit.
1368 4685 1590 4741 (Ie—mulus
1619 4685 1912 4757 spiritu-um
1936 4689 2077 4743 caele-

484 4759 646 4814 stium
676 4778 696 4825 ;
725 4758 908 4816 caeteri
941 4777 1070 4816 mss.
1104 4769 1166 4815 ut
1195 4775 1293 4814 nos
1315 4759 1372 4814 in
1398 4765 1576 4814 textu.

554 4831 671 4912 (97)
702 4830 836 4912 Cod.
860 4831 1090 4912 aliquot,
1115 4848 1221 4886 non
1248 4831 1479 4886 eamdem
1507 4830 1690 4886 habuit
1728 4830 2075 4900 nativitatem,

479 4903 694 4973 expiata
723 4909 798 4958 est
810 4903 969 4968 enim,
985 4911 1090 4958 etc.

555 4974 674 5046 (98)
704 4975 787 5030 Ita
815 4983 926 5031 vet.
973 4973 1106 5030 edit.
1155 4989 1238 5046 ac,
1263 4974 1608 5046 pluresrmss.
1645 4974 1839 5031 :Rom.
1893 4984 2074 5031 autem

479 5044 612 5119 edit.
645 5044 798 5102 salva
823 5053 996 5102 tamen
1024 5045 1291 5119 sententia
1311 5046 1422 5100 lata
1448 5045 1506 5100 in
1524 5046 1698 5102 Adam
1731 5063 1742 5101 :
1779 5062 1900 5119 quae
1957 5063 2075 5103 vero

477 5117 549 5173 ba
580 5116 638 5173 in
670 5134 800 5173 mss.
832 5134 942 5173 non
973 5117 1160 5189 paucis
1184 5116 1538 5172 omittuntur.

554 5191 671 5272 (99)
705 5189 828 5246 Vet.
861 5189 992 5272 edit.
1029 5206 1156 5272 cum
1196 5205 1326 5272 mss.
1361 5189 1595 5272 aliquot,
1627 5191 2076 5272 concupiscentias

554 5206 671 5272 (99)
715 5206 828 5246 vet.
861 5206 992 5271 edit.
1029 5206 1156 5246 cum
1196 5206 1326 5244 mss.
1361 5206 1595 5318 anguet,
1627 5206 2075 5263 concupiscenttas

480 5279 694 5330 ammw,
741 5261 883 5332 quod
937 5267 1072 5316 mest
1118 5267 1409 5332 peccatum.
1483 5279 1502 5316 ι
1530 5261 1839 5319 damnatum
1867 5269 1941 5317 est
1962 5281 2075 5333 pec-

479 5341 676 5401 catum,
701 5333 959 5404 quomodo
987 5333 1121 5388 inest
1149 5335 1179 5404 2
1204 5333 1529 5388 Damnatum
1557 5340 1631 5388 est
1657 5341 1705 5390 et
1729 5355 1764 5391 a
1821 5336 2078 5392 Salvato-

479 5422 558 5470 re,
591 5412 641 5460 et
687 5403 909 5476 triplici,
943 5412 1048 5460 etc.
1076 5423 1091 5472 ;
1123 5403 1256 5460 edit.
1289 5405 1472 5473 Rom.,
1509 5423 1649 5460 conc.
1683 5407 1896 5472 animae,
1947 5406 2076 5460 dum

478 5475 630 5532 inest.
673 5477 730 5534 Si
757 5475 1069 5533 damnatum
1096 5482 1235 5532 est...
1279 5476 1603 5532 Damnatum
1630 5485 1704 5534 est
1761 5485 1809 5534 et
1853 5495 1888 5532 a
1944 5478 2075 5532 Sal-

479 5548 904 5627 υίιξοροεινὶριρεἱζ
935 5557 1040 5606 etc.
1077 5567 1091 5617 ;
1151 5548 1335 5627 plures
1391 5565 1522 5627 vero
1551 5557 1606 5606 et
1653 5549 1894 5627 potipres
1940 5564 2071 5627 mss.

480 5617 771 5678 nobiscum
800 5619 1036 5690 faciunt,
1063 5636 1095 5680 e
1139 5617 1342 5696 quibus
1383 5620 1548 5681 Corb.
1609 5617 1710 5695 pro
1749 5621 2073 5679 Damnatum

2113 4481 2162 4539 D

2191 3201 2302 3240 non
2333 3199 2640 3255 peccemus,
2672 3182 2999 3238 damnamus
3024 3187 3331 3252 peccatum.

2266 3273 2552 3345 (Vers.5.)
2606 3297 2623 3319 κ
2652 3272 2759 3339 Qui
2796 3271 2945 3326 enim
2999 3268 3310 3327 secundum
3366 3283 3588 3324 carnem
3635 3276 3782 3335 sunt,

2191 3379 2312 3435 quae
2361 3362 2542 3418 carnis
2567 3367 2697 3416 sunt
2743 3360 2983 3431 sapiunt.
3033 3384 3052 3406 ι
3123 3361 3239 3414 Hoc
3297 3358 3458 3426 dicit,
3505 3357 3636 3431 quia
3690 3356 3785 3429 qui

2195 3452 2554 3524 suggestioni,
2585 3468 2708 3524 quae
2735 3450 2978 3506 efﬁcitur
3019 3465 3116 3521 per
3149 3465 3392 3517 carnem,
3426 3449 3785 3520 obtemperat,

2195 3561 2316 3618 quat
2365 3543 2548 3600 carnis
2598 3549 2746 3608 sunt,
2783 3540 2949 3613 sapit.
2982 3541 3098 3596 Hoc
3138 3541 3288 3596 enim
3315 3540 3402 3596 illi
3432 3556 3600 3598 suave
3621 3539 3786 3596 vide-

2194 3643 2285 3690 tur
2307 3635 2326 3705 (
2337 3633 2390 3703 1)
2423 3631 2570 3706 quod
2599 3630 2870 3704 sequitur,
2901 3637 3096 3686 contra
3121 3629 3203 3685 fas
3227 3636 3487 3702 appetens
3512 3645 3677 3685 usum
3732 3637 3787 3685 et

2194 3723 2520 3777 sententiam
2552 3721 2754 3776 erroris
2786 3719 2975 3777 carnis
3005 3738 3018 3786 ;
3065 3719 3122 3774 in
3153 3735 3315 3776 carne
3346 3719 3497 3774 enim
3553 3718 3786 3775 munda-

2191 3826 2296 3866 nus
2323 3826 2475 3866 error
2502 3811 2750 3883 signatur
2774 3824 3106 3882 quacunque
3135 3824 3206 3865 ex
3225 3816 3396 3880 parte.

2253 3925 2294 3952 ,ι
2324 3899 2429 3967 Qui
2456 3916 2586 3954 vero
2616 3898 2916 3955 secundum
2949 3897 3228 3970 spiritum,
3279 3913 3342 3953 ea
3369 3912 3490 3970 quin
3521 3902 3652 3952 sunt
3679 3894 3788 3968 spi-

2190 3987 2350 4056 ritus,
2381 3988 2648 4045 sentiunt.
2669 4012 2686 4034 ι
2741 3986 3099 4044 Manifestum
3146 3993 3252 4053 est,
3285 3986 3416 4060 quia
3440 3985 3522 4058 (2)
3548 3985 3642 4058 qui
3671 4000 3727 4041 se
3755 4000 3790 4040 a

2189 4078 2372 4134 carnis
2397 4077 2692 4134 desideriis
2719 4078 2988 4144 continet,
3006 4076 3172 4147 juxta
3210 4077 3384 4147 legem
3419 4075 3620 4131 mentis
3647 4073 3789 4130 vicit

2190 4164 2295 4221 hoc
2324 4165 2472 4240 enim
2501 4165 2585 4220 illi
2616 4165 2752 4219 utile
2782 4164 3005 4219 videtur
3032 4180 3246 4236 sapere,
3283 4163 3432 4237 quod
3465 4161 3785 4228 conveniat;

2191 4254 2317 4326 legi.

2265 4344 2445 4414 (Vers.
2477 4341 2530 4398 6.
2566 4341 2585 4414 )
2634 4366 2652 4389 ‹
2677 4341 2818 4397 Nam
2851 4340 3149 4415 prudentia
3192 4340 3375 4397 carnis
3425 4354 3572 4393 mors
3619 4347 3722 4396 est.
3755 4362 3772 4386 ι

2192 4431 2491 4488 Prudentia
2518 4431 2704 4488 carnis
2726 4440 3014 4505 peccatum
3059 4438 3162 4498 est,
3192 4427 3337 4501 quod
3369 4435 3591 4499 generat
3628 4445 3789 4485 mor-

2185 4627 2259 4676 est
2285 4628 2332 4677 et
2358 4641 2393 4678 α
2425 4623 2720 4686 Saluatore,
2751 4627 2880 4687 etc.,
2914 4615 3210 4690 legundum
3236 4615 3461 4690 praebet,
3488 4617 3790 4688 praesertim

2186 4695 2326 4763 quod
2357 4694 2579 4764 triplici,
2613 4701 2720 4764 etc_.

2261 4765 2342 4834 (1)
2380 4760 2460 4819 Ita
2490 4771 2609 4834 vet.
2643 4761 2779 4834 edit.
2824 4776 2892 4816 ac
2934 4760 3118 4832 plures
3146 4775 3328 4834 mss.:
3381 4761 3573 4834 Rom.“
3600 4768 3785 4816 autem

2185 4831 2329 4890 editJ
2351 4851 2476 4890 cum
2504 4833 2636 4904 Gill.
2665 4832 2723 4887 in
2753 4831 2947 4904 marg.
2968 4838 3022 4886 et
3053 4847 3182 4904 mss.
3224 4832 3456 4904 aliquot,
3488 4831 3575 4888 illi
3603 4847 3787 4903 sapere

2187 4905 2392 4960 videtur
2416 4923 2434 4968 ;
2459 4903 2683 4977 quidam
2711 4902 3064 4977 etiam’mssu
3088 4903 3173 4958 illi
3189 4902 3569 4977 υαηᾰυίιζςξαν.

2262 4977 2343 5049 (2)
2375 4973 2502 5032 Mss.
2556 4977 2700 5049 Flor.
2752 4974 2998 5049 et_Corb.
3033 5017 3047 5042 ,
3105 4976 3353 5049 sentiunt.
3412 4975 3484 5029 Hi
3527 4980 3666 5049 sunt
3694 4973 3788 5044 qui

2184 5046 2626 5119 concupiscentias
2678 5047 2878 5112 carnis,
2932 5046 3403 5119 erroreidevicto,
3455 5047 3737 5119 calcarunt
3766 5062 3784 5099 :

2184 5121 2276 5190 qui
2323 5116 2577 5194 vitandum
2619 5119 2965 5194 prwposit‘um
2999 5117 3612 5194 (Corb.,_postpositum,
3646 5116 3788 5172 forte

2185 5189 2394 5247 mundo
2423 5189 2757 5263 postposito)
2787 5196 2833 5263 et
2862 5189 2917 5244 in
2944 5207 3101 5245 car-ne
3127 5191 3481 5263 ambulantes,
3533 5205 3642 5243 non
3695 5206 3789 5244 se-

2183 5260 2653 5318 cundum—caruerit
2682 5261 2934 5329 militant,
2984 5269 3031 5315 et
3089 5277 3317 5330 quorum
3343 5260 3518 5332 gloria
3561 5277 3668 5315 non
3723 5277 3790 5315 ea:

2183 5334 2502 5413 hermi-uibus,
2536 5334 2624 5388 sed
2655 5351 2718 5387 ex
2745 5334 2853 5389 Deo
2883 5335 3073 5413 θείη-[ῃ
3100 5332 3182 5413 liis
3210 5349 3335 5413 ergo
3375 5332 3620 5413 operibus
3668 5332 3790 5413 spi-

2183 5406 2431 5460 ritalibus
2456 5412 2956 5476 permanentes,quw
2977 5403 3211 5474 Spiritus
3239 5403 3335 5476 Dei
3363 5410 3506 5467 sunt,
3525 5403 3584 5457 in
3611 5403 3786 5476 cujus,

2179 5474 2784 5548 prwceptis'ambulant,
2840 5474 3074 5548 sapiunt.
3125 5474 3469 5548 Manifestum
3513 5481 3587 5529 est
3637 5475 3789 5548 quia,

2184 5546 2286 5605 etc.
2322 5547 2427 5604 Sed
2457 5548 2620 5606 Corb.
2654 5549 2863 5604 omisso
2883 5546 3065 5620 etiam
3097 5547 3346 5620 sequenti
3377 5554 3557 5620 textu,
3591 5546 3786 5620 Averbo

2182 5620 2399 5695 sapiunt
2426 5620 2610 5677 statim
2635 5618 2941 5688 connectit,
2973 5619 3115 5678 Nam
3137 5617 3427 5693 prudentia
3447 5617 3648 5688 carnis,
3679 5625 3786 5675 etc.
