4136 6194
365 309 468 366 125
1457 311 1822 370 COMMENT.
1864 311 1937 369 IN
1974 313 2194 370 EPIST.
2235 314 2330 372 AD
2370 315 2538 374 ROM.
3549 319 3660 380 ne

363 443 495 492 tem.
525 433 827 491 Prudentia
856 435 1004 492 enim
1039 436 1120 508 (3)
1146 435 1270 492 ideo
1293 435 1521 504 dicitur,
1553 451 1677 492 cum
1692 451 1776 492 res
1795 437 1966 492 stulta
1987 445 2039 504 Α
2073 440 2179 513 legi
2226 451 2547 514 repugnent.
2596 442 2882 518 Quidquid
2933 445 3082 502 enim
3127 453 3320 502 contra
3349 445 3520 516 legem
3552 446 3659 502 Dei

360 522 452 591 sit,
482 523 612 596 quia
657 525 1015 582 saecularibus
1056 525 1400 582 hominibus
1425 542 1636 581 errores
1663 542 1733 580 ex
1761 524 1953 585 visibi-
2064 538 2166 598 est,
2223 531 2442 587 carnale
2469 541 2569 601 est,
2617 534 2745 606 quia
2774 551 2845 592 ex
2885 534 3096 591 mundo
3141 542 3258 601 est;
3317 529 3466 590 totus
3503 534 3654 590 enim

361 611 507 668 libus
535 615 791 687 concepti
813 615 1002 671 sivein
1023 632 1186 671 sensu
1205 615 1397 670 sivein
1426 622 1758 672 actucontra
1782 615 1953 686 legem
2065 619 2305 678 mundus
2357 636 2482 676 caro
2529 629 2609 677 est
2662 624 2783 694 (8):
2821 640 2986 680 omne
3029 625 3175 680 enim
3223 623 3444 680 visibile
3501 623 3656 680 carni

355 701 1958 776 Dei,prudentiavidentur:maximequiaomnisindustria
2065 707 2396 779 deputatur;
2456 719 2686 782 cognata
2740 713 2886 768 enim
2940 719 3071 769 sunt
3131 713 3331 780 carnis,
3389 712 3502 768 imo
3535 712 3657 767 ele-

359 798 416 846 et
459 791 665 848 astutia
720 793 944 848 illorum
992 793 1050 848 in
1091 810 1155 850 eo
1193 800 1297 862 est,
1349 800 1412 848 ut
1465 799 1712 863 peccent.
1762 791 1958 862 Sapere
2067 805 2250 853 menta
2277 800 2479 856 carnis.
2521 800 2760 873 Ideoque
2789 802 2884 874 qui
2923 802 3217 859 mundanis
3253 801 3414 858 rebus
3443 801 3655 857 obtem-

356 881 506 937 enim
535 882 642 937 sibi
662 882 940 951 videntur,
973 884 1021 939 si
1046 883 1196 939 istud
1221 882 1547 953 diligentius
1573 889 1765 938 curent
1788 901 1801 948 ;
1829 897 1953 936 cum
2066 895 2236 956 perat,
2269 887 2325 942 in
2350 903 2511 944 carne
2540 899 2641 946 est.

322 1003 336 1017 -
355 969 497 1025 nihil
529 971 754 1028 stultius
785 972 880 1040 sit,
907 989 1072 1044 quam
1099 987 1340 1044 peccare.
1372 972 1469 1026 Est
1501 977 1555 1026 et
1583 971 1689 1025 alia
1718 969 1954 1041 pruden-
2150 999 2168 1021 ι
2200 975 2310 1031 Vos
2338 983 2519 1031 autem
2551 994 2662 1032 non
2693 978 2824 1034 esus
2854 979 2913 1033 in
2957 994 3138 1044 came,
3169 978 3264 1034 sed
3295 978 3350 1033 in
3380 979 3640 1051 spiram.

351 1058 430 1114 tia
454 1060 658 1128 carnis,
692 1078 814 1132 quae
863 1060 1164 1117 mundanis
1191 1060 1504 1115 rationibus
1552 1057 1763 1126 inﬂata,
1790 1067 1955 1130 negat
2063 1062 2124 1115 In
2153 1077 2313 1117 carne
2343 1064 2506 1133 positi
2529 1064 2792 1121 dicuntur
2817 1083 2928 1122 non
2944 1082 3061 1122 esse
3091 1067 3146 1121 in
3176 1083 3361 1134 carne,
3393 1067 3440 1122 si
3468 1083 3656 1123 assen-

349 1146 566 1220 aliquid
592 1148 736 1216 ﬁeri,
768 1156 829 1204 ut
856 1148 1049 1205 mundi
1087 1155 1268 1204 careat
1298 1147 1526 1203 ratione.
1557 1145 1707 1202 Unde
1737 1145 1953 1202 deridet
2062 1150 2260 1207 tientes
2313 1152 2510 1206 Joanni
2567 1153 2835 1223 apostolo,
2888 1153 3171 1210 mundana
3227 1171 3341 1209 non
3385 1153 3653 1226 diligant;

357 1235 607 1308 Virginis
639 1246 877 1309 partum,
908 1237 1088 1294 carnis
1118 1237 1593 1293 resurrectionem.
2060 1239 2331 1296 sententia
2359 1239 2507 1295 enim
2539 1240 2782 1296 hominis
2810 1258 2966 1297 suam
2997 1242 3152 1314 quasi
3189 1240 3352 1312 fingit
3381 1250 3655 1312 naturam,

442 1349 462 1372 ι
491 1325 788 1382 Prudentia
844 1335 1028 1382 autem
1079 1326 1308 1398 spiritus
1357 1325 1470 1381 vita
1503 1333 1556 1382 et
1585 1342 1712 1397 pax.
1746 1349 1764 1372 ι
1811 1324 1953 1380 Vere
2062 1334 2123 1381 ut
2163 1326 2267 1383 hoc
2297 1329 2599 1400 appelletur
2628 1331 2775 1402 quod
2804 1330 2990 1386 sentit.

347 1413 474 1471 haec
515 1423 596 1472 est
643 1416 929 1488 sapientia,
990 1434 1109 1490 quae
1139 1417 1309 1472 vitam
1366 1416 1603 1489 acquirit
1633 1425 1686 1472 et
1714 1431 1902 1488 pacem
1935 1433 1948 1482 ;
2148 1441 2165 1461 ι
2196 1416 2253 1471 Si
2301 1426 2483 1473 tamen
2531 1418 2768 1490 Spiritus
2794 1419 2894 1476 Dei
2925 1419 3137 1475 habitat
3174 1418 3233 1475 in
3270 1418 3449 1474 vobis.
3478 1444 3496 1466 ι
3543 1420 3658 1477 Hoc

346 1520 586 1577 sequens
612 1505 762 1562 enim
821 1506 1117 1578 spiritalia,
1148 1507 1481 1578 contemptis
1512 1505 1789 1562 illecebris
1818 1505 1952 1560 vitae
2063 1502 2186 1560 ideo
2242 1506 2495 1578 ambigue
2551 1507 2710 1577 dicit,
2741 1509 2870 1582 quia
2935 1509 2993 1564 in
3025 1507 3198 1580 legem
3261 1506 3497 1575 inducti,
3545 1524 3656 1563 non

349 1593 658 1662 praesentis,
689 1601 950 1650 aeternam
983 1593 1208 1650 habebit
1231 1593 1402 1650 vitam
1424 1610 1550 1651 cum
1581 1610 1732 1667 pace,
1765 1593 1822 1649 id
1848 1601 1950 1662 est,
2061 1590 2243 1647 adhuc
2272 1594 2525 1665 perfectae
2557 1604 2712 1651 erant
2745 1596 2872 1652 fidei
2897 1613 2908 1650 :
2943 1595 3036 1652 sed
3067 1611 3220 1667 spem
3252 1594 3311 1650 in
3339 1596 3417 1650 eis
3436 1595 3658 1651 videbat

343 1685 466 1743 sine
518 1686 930 1760 inquietudine,
990 1687 1087 1743 ubi
1137 1687 1485 1759 perturbatio
1529 1695 1584 1744 et
1647 1704 1810 1761 pcena
1839 1704 1952 1744 non
2060 1681 2432 1754 perfectionis.
2464 1684 2617 1740 Unde
2655 1686 2953 1759 aliquando
2983 1684 3140 1758 quasi
3179 1684 3436 1756 perfectis
3467 1683 3657 1756 loqui-

337 1783 431 1844 ,est
459 1776 565 1849 (4).
1979 1802 2026 1862 Β
2061 1782 2172 1842 tur,
2189 1774 2485 1846 aliquando
2515 1775 2668 1848 quasi
2691 1776 3052 1848 perfecturis;
3089 1775 3194 1832 hoc
3221 1783 3324 1842 est,
3357 1773 3657 1846 aliquando

423 1865 610 1935 (Vers.
672 1866 752 1937 7.)
800 1891 818 1914 ι
865 1865 1137 1932 Quoniam
1191 1865 1462 1938 sapientia
1501 1866 1683 1924 carnis
1725 1866 1953 1924 inimica
2059 1862 2265 1930 laudat,
2297 1863 2594 1936 aliquando
2619 1874 2953 1932 commonet,
2977 1873 3037 1920 ut
3055 1864 3102 1920 si
3159 1863 3464 1921 secundum
3493 1880 3659 1935 supra

347 1961 434 2009 est
455 1957 571 2010 Deo
596 1973 610 2021 ;
658 1954 763 2025 legi
796 1955 946 2011 enim
994 1954 1093 2012 Dei
1124 1972 1237 2011 non
1267 1964 1347 2010 est
1377 1955 1641 2028 subjecta,
1675 1973 1776 2013 nec
1804 1955 1950 2012 enim
2059 1961 2363 2009 memorata
2393 1964 2679 2010 versentur
2711 1953 2873 2026 juxta
2901 1955 3074 2026 legem
3103 1961 3332 2020 naturae,
3365 1953 3423 2008 in
3458 1953 3658 2025 spiritu

348 2048 553 2112 potest.
577 2068 595 2088 -
663 2043 783 2098 Non
814 2059 1034 2100 carnem
1088 2043 1235 2100 dixit
1263 2044 1574 2113 inimicam,
1618 2045 1714 2101 sed
1740 2045 1949 2118 sapien-
2063 2046 2144 2115 (9)
2175 2061 2292 2100 esse
2317 2045 2610 2101 dicantur:
2648 2046 2776 2118 quia
2806 2046 3043 2118 Spiritus
3076 2045 3176 2102 Dei
3215 2045 3276 2101 in
3306 2061 3370 2101 eo
3397 2044 3652 2102 habitare

348 2131 486 2187 tiam
547 2131 767 2198 carnis;
823 2130 881 2187 id
939 2141 1042 2196 est,
1105 2149 1216 2188 non
1263 2133 1650 2201 substantiam,
1711 2133 1805 2189 sed
1859 2142 1952 2190 aut
2059 2149 2173 2188 non
2203 2142 2380 2206 potest
2408 2136 2504 2206 qui
2529 2136 2772 2192 carnalia
2798 2136 3071 2208 sequitur.

346 2218 526 2274 malos
554 2226 728 2286 actus,
760 2226 857 2275 aut
877 2219 1288 2290 cogitationem,
1321 2221 1436 2276 sive
1467 2221 1948 2290 asseverationem,
2147 2248 2164 2270 ε
2197 2224 2254 2279 Si
2286 2227 2409 2296 quis
2423 2232 2607 2280 autem
2638 2225 2905 2296 Spiritum
2937 2224 3145 2283 Christi
3176 2241 3287 2279 non
3331 2223 3513 2293 habet,
3564 2225 3655 2282 hic

344 2324 468 2379 quae
528 2308 773 2364 nascitur
803 2307 870 2364 de
927 2325 1128 2365 errore.
1163 2310 1442 2382 Sapientia
1469 2327 1597 2382 ergo
1627 2312 1808 2368 carnis
1858 2319 1944 2369 est
2057 2327 2169 2367 non
2200 2319 2282 2368 est
2311 2312 2446 2384 ejus.
2491 2339 2507 2360 ι
2551 2313 2723 2380 Quem
2755 2313 3009 2386 superius
3050 2312 3320 2386 Spiritum
3349 2314 3447 2370 Dei
3477 2313 3646 2381 dixit,

348 2397 533 2467 primo
564 2396 622 2451 in
650 2397 1057 2452 locoastrorum
1073 2398 1148 2464 ab
1171 2397 1492 2455 hominibus
1519 2401 1746 2457 inventa
1761 2402 1947 2475 dispu-
2058 2416 2206 2456 nunc
2260 2401 2527 2473 Spiritum
2584 2402 2722 2460 dicit
2751 2401 2979 2470 Christi,
3039 2412 3330 2476 propterea
3358 2404 3490 2474 quia
3531 2403 3650 2474 (10)

347 2485 487 2542 tatio
523 2486 606 2568 (5)
637 2485 838 2543 deinde
862 2486 1169 2543 visibilium
1217 2487 1530 2545 oblectatio.
1565 2491 1693 2547 Haec
1724 2492 1952 2550 inimica
2057 2489 2244 2546 omnia
2287 2491 2482 2558 Patris,
2517 2492 2646 2548 Filii
2702 2502 2854 2550 sunt.
2898 2494 3012 2549 Hoc
3040 2509 3168 2565 ergo
3197 2492 3356 2560 dicit,
3396 2492 3526 2565 quia
3558 2492 3652 2565 qui

351 2575 466 2631 Deo
495 2583 666 2639 sunt;
699 2575 829 2648 quia
849 2577 1244 2632 elementorum
1270 2576 1591 2647 Dominum,
1620 2586 1675 2634 et
1696 2581 1948 2651 opificem
2056 2579 2389 2650 supradictis
2445 2582 2726 2637 erroribus
2779 2581 3062 2652 subjectus
3116 2591 3217 2648 est,
3250 2582 3319 2638 ad
3367 2581 3650 2638 Christum

344 2664 551 2720 mundi
601 2664 689 2720 his
720 2674 1025 2739 coaequant,
1059 2682 1179 2738 qua:
1233 2666 1384 2735 fecit,
1441 2676 1746 2726 astruentes
1803 2671 1947 2727 nihil
2007 2709 2010 2712 .
2058 2684 2170 2722 non
2200 2670 2472 2738 pertinet;
2513 2669 2780 2740 Spiritum
2811 2671 2958 2725 enim
2989 2669 3106 2740 ejus
3136 2686 3246 2724 non
3273 2670 3459 2738 habet,
3488 2687 3650 2742 quem

344 2769 506 2824 posse
535 2755 878 2828 ﬁeri,pra3ter
897 2772 1060 2828 quam
1088 2755 1283 2812 mundi
1299 2758 1546 2814 continet
1568 2759 1728 2815 ratio.
1751 2761 1952 2827 Quam.
2058 2762 2121 2809 ut
2149 2755 2300 2811 ﬁlius
2326 2757 2424 2812 Dei
2451 2765 2611 2822 esset,
2643 2765 2942 2826 acceperat.
3001 2756 3224 2812 Duabus
3255 2758 3403 2812 enim
3432 2773 3501 2812 ex
3529 2773 3653 2812 cau-

344 2842 540 2900 obrem
599 2852 798 2918 negant
858 2847 1036 2902 Deum
1071 2846 1285 2914 fecisse,
1351 2854 1414 2901 ut
1481 2847 1648 2918 Virgo
1717 2857 1948 2920 pareret,
2061 2842 2136 2898 sis
2193 2843 2396 2898 deserit
2452 2843 2734 2899 hominem
2791 2844 3030 2916 Spiritus
3085 2853 3344 2910 sanctus;
3405 2860 3531 2899 cum
3562 2853 3655 2900 aut

352 2941 450 2988 aut
481 2943 828 2990 mortuorum
885 2950 1115 3006 corpora
1140 2942 1505 3004 resurgerem,
1554 2935 1683 3006 quia
1715 2936 1948 2991 stultum
2061 2948 2280 3000 sensum
2308 2933 2487 2988 carnis
2520 2932 2705 3002 habet,
2737 2944 2833 2991 aut
2861 2943 3026 3006 gesta.
3048 2935 3236 3006 Itaque
3266 2949 3361 3005 per
3385 2933 3505 2990 hzec
3525 2949 3651 3005 qua:

347 3030 454 3090 est,
515 3021 798 3095 inquiunt,
858 3029 920 3077 ut
966 3023 1112 3077 Deus
1159 3021 1351 3077 fecerit
1398 3022 1545 3076 ultra
1597 3038 1761 3094 quam
1812 3025 1953 3096 sapit
2060 3031 2248 3078 monet
2297 3024 2437 3093 (tl),
2487 3022 2555 3078 ad
2595 3022 2797 3079 bonam
2827 3023 3303 3080 conversationem
3354 3022 3644 3078 hortatur:

347 3110 526 3168 homo
557 3112 662 3182 (6).
686 3111 730 3166 Ο
752 3110 1050 3182 prudentes
1071 3110 1289 3175 mundi,
1315 3110 1410 3182 qui
1428 3119 1624 3182 putant
1645 3114 1820 3170 Deum
1843 3131 1954 3170 non
1983 3163 2026 3222 Β
2059 3110 2311 3183 quamvis
2339 3112 2488 3166 enim
2520 3113 2764 3168 bonitate
2790 3112 2892 3169 Dei
2919 3111 3202 3183 erigantur
3226 3111 3498 3178 homines,
3521 3127 3647 3167 one-

351 3198 553 3222 .I-L-_-
625 3200 785 3222 -1ἷ.ι-..
853 3199 1026 3222 ΒΑΑΑ-,ς
1097 3213 1251 3222 ..κη-..Α
1310 3198 1440 3222 θ,...;ι
1506 3199 1565 3222 ,1,
1607 3217 1657 3222 ,Α
1737 3203 1939 3222 Α--.λΙῗΑμ
2057 3208 2249 3222 --μιη-
2304 3201 2615 3222 A-_-,.-_,clt_‘
2650 3202 2743 3222 t\-2
2793 3201 2973 3222 _____A:
3033 3200 3136 3222 ..Σ-ἒ
3183 3200 3254 3222 -1-
3288 3199 3530 3222 _.2--_..I..A.
3581 3215 3644 3222 Α-

347 3198 557 3255 debere
622 3200 785 3255 aliter
851 3199 1029 3255 facere
1094 3213 1255 3271 quam
1308 3198 1442 3254 facit
1502 3199 1571 3255 ab
1601 3217 1665 3257 eo
1729 3203 1950 3258 condita
1983 3198 2026 3222 υ
2057 3208 2250 3256 rantur
2304 3209 2496 3257 tamen
2515 3201 2616 3257 ﬁlii
2648 3202 2747 3258 Dei
2793 3201 2999 3270 vocati,
3031 3200 3140 3256 nisi
3180 3200 3259 3257 sic
3288 3199 3552 3269 vixerint,
3579 3215 3648 3256 ne

346 3299 653 3349 creatura:
696 3301 757 3348 ut
811 3292 926 3366 ipse
974 3293 1172 3349 similis
1219 3294 1486 3351 creaturis
1537 3299 1807 3368 putetur!
1859 3299 1948 3356 Sic
2057 3287 2271 3361 indigni
2302 3306 2562 3346 concesso
2600 3292 2824 3346 nomine
2854 3290 3169 3346 videantur.

343 3380 539 3436 caecati
578 3391 728 3449 sunt,
759 3399 830 3438 ne
886 3382 1109 3439 videant
1134 3383 1353 3456 qualem
1409 3385 1802 3442 contumeliam
1832 3389 1946 3445 Deo
2131 3379 2312 3449 (Vers.
2338 3380 2450 3452 10.)
2499 3407 2516 3427 ι
2545 3381 2757 3452 Corpus
2777 3379 2997 3452 quidem
3019 3387 3296 3435 mortuum
3318 3387 3400 3435 est
3427 3386 3647 3450 propter

343 3467 580 3526 faciunt.
611 3469 761 3542 Opus
790 3471 937 3527 enim
961 3471 1108 3544 quod
1133 3471 1192 3526 in
1219 3471 1437 3528 laudem
1457 3490 1613 3528 suam
1646 3475 1944 3546 praedican-
2055 3477 2358 3540 peccatum,
2390 3473 2616 3543 spiritus
2664 3489 2793 3530 vera
2823 3475 2937 3529 vita
2968 3474 3087 3545 (12)
3121 3481 3342 3544 propter
3363 3469 3646 3543 justiﬁca-

343 3556 470 3613 dam
537 3559 717 3618 facere
777 3559 1034 3633 dignatus
1096 3567 1198 3628 est,
1264 3561 1356 3616 isti
1419 3562 1814 3634 vituperantes,
1851 3569 1943 3626 72
2054 3557 2281 3614 tionem.
2313 3585 2332 3608 ι
2402 3561 2615 3619 Peccati
2667 3579 2828 3618 causa
2857 3578 3056 3634 corpus
3111 3568 3392 3618 mortuum
3453 3559 3646 3617 asserit

343 3659 721 3718 incredultum
774 3666 830 3714 et
871 3659 1102 3714 stultum
1133 3666 1412 3725 asserunt;
1446 3675 1510 3716 ac
1538 3675 1633 3731 per
1672 3661 1776 3718 hoc
1844 3661 1943 3718 Dei

2052 3663 2262 3717 eorum,
2295 3667 2432 3723 quos
2451 3651 2913 3723 deseritSpiritus
2945 3659 3191 3719 sanctus,
3225 3667 3326 3707 nec
3361 3649 3431 3706 ad
3452 3649 3641 3717 istum,

345 3749 447 3822 legi
478 3746 729 3820 subjecta
756 3763 871 3804 esse
899 3763 1012 3802 non
1041 3754 1218 3819 potest
1246 3747 1376 3802 istat
1403 3747 1586 3804 carnis
1616 3749 1938 3821 prudentia;
2053 3736 2110 3794 id
2139 3746 2241 3808 est,
2290 3739 2577 3812 Spiritum,
2634 3741 2784 3798 necis
2827 3757 3019 3798 eorum
3075 3739 3386 3812 passionem
3440 3754 3646 3811 perve-

345 3839 410 3894 ad
439 3838 548 3896 hoc
577 3837 728 3893 enim
758 3835 1004 3893 studium
1032 3852 1192 3892 suum
1221 3845 1523 3905 exacuunt,
1554 3846 1616 3893 ut
1648 3838 1747 3894 Dei
1777 3841 1943 3911 gestis
2052 3829 2171 3884 nire
2204 3830 2222 3895 (
2233 3829 2342 3899 13)·
2401 3829 2640 3901 Spiritus
2694 3830 2844 3886 enim
2896 3831 2996 3888 Ι)θὶ
3052 3831 3227 3886 ηθθοίι
3255 3845 3516 3902 peccare;
3575 3825 3643 3882 ad

345 3934 654 4001 repugnent
687 3926 792 3998 (7).
1997 3997 2008 4001 Α
2045 3915 2500 3989 justificationem
2530 3921 2679 3976 enim
2709 3921 2890 3989 datur,
2920 3930 2981 3979 ut
3004 3920 3286 3992 adjutorio
3315 3935 3418 3974 suo
3441 3915 3642 3988 justiﬁ-

413 3997 603 4090 (Vers.
634 3997 803 4087 8,9.)
887 4038 906 4062 ε
935 4013 1040 4081 Qui
1102 4013 1250 4071 enim
1312 4015 1370 4072 in
1423 4032 1586 4074 came
1646 4025 1796 4087 sum,
1828 4020 1942 4076 Deo
1997 3997 2008 4009 ’
2053 4015 2157 4064 cet.
2187 4010 2332 4081 Ergo
2363 4009 2492 4082 quia
2520 4026 2742 4082 peccare
2774 4009 2967 4077 nescit,
3001 4008 3117 4063 vita
3169 4016 3288 4074 est;
3321 4007 3464 4061 mori
3493 4003 3641 4090 enim

346 4089 559 4179 placere
627 4121 737 4161 non
788 4111 1038 4176 possunt.
1070 4128 1089 4152 ›
1132 4103 1414 4175 Sapientes
1463 4105 1655 4163 mundi
1698 4106 1758 4161 in
1779 4123 1942 4164 carne
2050 4114 2163 4154 non
2195 4106 2390 4170 potest,
2447 4098 2577 4172 quia
2603 4115 2699 4172 per
2754 4107 3036 4172 peccatum
3068 4112 3245 4188 mors:
3297 4110 3360 4148 ac
3391 4108 3486 4162 per
3539 4089 3644 4188 hoc

345 4205 489 4266 sunt,
519 4197 656 4270 quia
711 4195 904 4251 mundi
933 4194 1216 4267 sapientia
1243 4196 1491 4264 student,
1523 4213 1620 4268 per
1649 4214 1812 4270 quam
1841 4198 1942 4254 Dei
2050 4188 2158 4244 sibi
2192 4197 2441 4260 peccator
2472 4188 2650 4245 oberit
2703 4204 2815 4244 non
2871 4183 3126 4258 Spiritui,
3189 4197 3352 4253 quem
3410 4183 3639 4250 accepit.

416 4319 495 4400 (3)
540 4319 675 4400 δίη,
709 4319 765 4374 in
797 4317 982 4400 variis.
999 4318 1122 4398 lect.
1147 4325 1201 4372 et
1228 4317 1350 4400 cod.
1383 4318 1613 4397 aliquot,
1647 4319 1942 4400 Prudentia
2051 4318 2349 4400 qttiantq‘tus
2379 4317 2606 4400 mundus
2633 4331 2760 4400 caro
2787 4320 2878 4370 est.

348 4383 486 4444 enim'
509 4391 698 4446 carnis
726 4407 872 4445 mors
925 4389 1124 4444 idcirco
1177 4395 1269 4460 est,
1323 4387 1450 4458 quia
1477 4383 1636 4458 praue
1680 4397 1943 4456 peccatum
2058 4383 2076 4388 ’
2125 4391 2206 4460 (9)
2242 4391 2398 4445 Rom.
2453 4387 2586 4442 edit.
2618 4386 2756 4453 sola,
2811 4389 3086 4441 versentur
3129 4383 3296 4454 juxta.
3325 4384 3500 4454 legem,
3533 4402 3642 4440 non

345 4467 446 4536 est;
478 4480 579 4534 per
600 4468 873 4534 peccatum
912 4461 1050 4516 enim
1100 4459 1409 4529 hujusmodi
1435 4475 1601 4515 mors.
1634 4462 1940 4528 Prudentia
1971 4520 2017 4536 ἢ
2052 4461 2108 4514 in
2137 4461 2354 4536 spiritu,
2387 4467 2491 4516 etc.
2529 4529 2566 4536 __
2881 4529 2891 4536 .
3112 4530 3137 4536 _
3184 4527 3194 4536 θ
3239 4527 3269 4536 μ
3385 4527 3423 4536 ﬁ
3465 4527 3474 4536 ο

581 4520 621 4611 _‘
809 4603 820 4611 .
891 4603 902 4611 _
1033 4601 1050 4611 _
1169 4520 1189 4529 ⁷
1634 4521 1639 4528 ’
1971 4520 2018 4579 Ῑ)
2059 4603 2088 4611 Α
2123 4520 2707 4611 (i0)0mnesed_it._ac
2736 4527 3640 4611 paucimss.,§piritumDei‘nunc

414 4604 493 4676 (4)
581 4605 662 4661 Ita
715 4603 906 4675 scripti
949 4601 1074 4676 cod.
1110 4618 1311 4676 magno
1355 4616 1618 4676 numero;
1677 4604 1935 4676 nonnulli
2049 4599 2309 4676 Spiritum
2338 4605 2465 4659 dicit
2497 4602 2716 4667 Christi,
2736 4599 2901 4676 quia,
2925 4610 3029 4676 etc.
3063 4602 3172 4656 Nos
3203 4600 3431 4656 locume
3453 4599 3639 4673 pluri-

344 4672 547 4745 tamen,
603 4683 656 4732 et
683 4672 874 4731 omnes
903 4674 1060 4743 edit.,
1110 4672 1364 4729 ubi'enim
1398 4673 1734 4744 perturbatio
1764 4682 1857 4743 est,
1889 4683 1936 4732 et
2043 4673 2585 4748 buspotioribusque
2602 4690 2743 4748 mss.
2776 4673 3141 4748 restituimus.

342 4762 490 4816 pama
529 4741 626 4802 est.
1046 4741 1051 4743 ⁷
1398 4741 1418 4744 ’
1842 4741 1850 4743 “
2119 4741 2233 4815 (Η)
2295 4747 2376 4801 Ita
2401 4741 2529 4801 mss.
2563 4745 2842 4816 plerique:
2903 4743 2999 4816 alii
3033 4759 3187 4812 vero,
3217 4750 3271 4816 et
3294 4741 3427 4798 edit.
3461 4741 3637 4816 omit-

412 4819 492 4890 (5)
533 4820 694 4876 Rom.
744 4819 878 4876 edit.
919 4835 987 4876 ex
1019 4835 1190 4891 marg.
1231 4818 1362 4874 Gill.
1400 4834 1526 4874 cum
1558 4817 1748 4890 paucis
1777 4834 1930 4887 mss.,
2043 4823 2333 4891 tunt,.quae
2360 4824 2530 4871 monet
2551 4814 2642 4891 {et
2664 4814 2917 4891 ndpnulli
2941 4831 3004 4873 ac
3034 4823 3142 4870 vet.
3175 4814 3308 4870 edit.
3343 4831 3443 4891 pro
3459 4814 3637 4891 horta-

337 4883 666 4962 prres'umpta
699 4891 1040 4962 disputatio,
1142 4883 1168 4891 ⁷
1409 4960 1433 4962 ξ
1508 4961 1513 4962 ί
1559 4883 1577 4890 ’
1913 4883 1925 4887 ⁷
2045 4893 2153 4955 tur,
2176 4883 2365 4962 legunt
2382 4887 2670 4962 compellit.
2714 4885 2991 4962 Continuo
3037 4901 3167 4942 vero
3199 4893 3319 4956 post
3343 4883 3630 4962 ubiuedjt,

412 4961 504 5034 (6)
529 4953 670 5034 Υοοί
717 4953 867 5017 hoino
923 4960 1208 5034 subjungit
1260 4978 1361 5016 ms.
1397 4960 1581 5029 Corb.,
1613 4980 1676 5017 ac
1698 4979 1798 5033 per
1839 4965 1933 5018 hoc
2041 4975 2101 5014 ac
2135 4953 2262 5034 mss.
2319 4953 2552 5034 aliquot,
2584 4957 2833 5034 homines,
2866 4974 2972 5012 non
3023 4953 3380 5034 erunt'tamen
3409 4957 3513 5028 ﬁlii
3536 4953 3636 5010 Dei

346 5046 448 5108 non
473 5028 620 5108 fecit.
757 5103 793 5108 __
1007 5028 1040 5108 _'
1133 5028 1155 5034 ⁷
1567 5028 1572 5029 7
1698 5028 1716 5033 ’
2039 5033 2226 5108 vorati,
2278 5032 2384 5108 nisi
2413 5028 2502 5085 sic
2567 5030 2816 5108 virqint,
2866 5030 3100 5108 ne__satis
3150 5028 3356 5108 indigni
3369 5041 3634 5108 .concesso

413 5099 492 5174 (7)
524 5104 652 5176 Vet.
709 5103 851 5176 edit.
876 5119 942 5176 ac
968 5103 1151 5174 plures
1178 5121 1334 5174 mss.,
1364 5122 1426 5160 ac
1451 5122 1550 5176 per
1586 5106 1679 5160 hoc
1710 5107 1808 5176 legi
1833 5107 1934 5162 Dei
2040 5104 2248 5158 nomine
2285 5104 2625 5176 uideantur;_
2672 5103 2838 5176 Rom.
2886 5100 3115 5166 edit.,...
3167 5105 3225 5153 ut
3262 5099 3471 5176 indigni
3500 5113 3633 5176 con-

340 5169 431 5228 hoc
475 5169 717 5248 studium
771 5169 1059 5248 subjectum
1103 5192 1208 5248 esse
1260 5169 1366 5232 non
1415 5169 1584 5248 potest
1626 5176 1681 5230 in
1709 5169 1776 5231 eo"
1793 5179 1933 5246 quod
2039 5191 2174 5248 cesso
2239 5176 2448 5248 nomine
2487 5173 2706 5248 _minime
2733 5174 3068 5248 rideant-ur;
3132 5187 3261 5225 mss.
3321 5169 3632 5248 frequentes

341 5247 699 5313 exercitatur;
759 5242 890 5302 mss.
927 5245 1157 5316 aliquot,
1188 5247 1244 5300 in
1274 5266 1330 5302 eo
1359 5242 1735 5304 exercitatum:
1769 5242 1928 5303 Rom.
2040 5244 2327 5301 nobiscum
2393 5245 2626 5313 faciunt,
2689 5244 2796 5300 nisi
2845 5242 2990 5316 quod
3020 5259 3118 5316 pro
3175 5247 3490 5306 onerantur,
3521 5251 3632 5291 non

342 5323 519 5393 autem
540 5316 673 5373 edit.
705 5334 832 5373 cum
854 5314 1315 5393 variis—lectzGi-Il.
1341 5329 1396 5393 et
1426 5336 1555 5393 mss.
1577 5318 1928 5393 quibusdam,
2038 5316 2200 5393 pauci
2231 5317 2464 5393 e_ﬂ:erunt
2493 5317 2850 5393 honorantur.
2861 5314 3133 5393 ’Absurdo
3162 5327 3345 5393 sensu.

343 5387 514 5461 uthin
547 5396 835 5461 contextu,
885 5387 994 5444 nisi
1043 5388 1190 5461 quod
1247 5389 1305 5444 in
1347 5386 1462 5446 ‘ﬁne
1503 5386 1661 5448 Rom.
1709 5391 1843 5446 edit.
1877 5399 1930 5446 et
2041 5386 2055 5387 ί
2112 5387 2228 5461 (12)
2260 5388 2386 5461 Mss.
2413 5404 2522 5444 non
2549 5388 2736 5461 pauci,
2767 5386 2997 5461 spiritus
3019 5403 3139 5461 vero
3161 5386 3305 5437 vivit.
3388 5447 3398 5458 _

344 5456 468 5532 ϐίη,
503 5459 728 5532 habent,
758 5467 817 5514 ut
837 5461 945 5516 Deo
973 5456 1141 5532 gen—tes
1166 5469 1470 5532 repugnent.
2110 5459 2224 5532 (l3)
2259 5459 2460 5515 Omnes
2500 5456 2632 5514 edit.
2663 5459 2719 5532 id
2750 5456 2862 5532 est,
2904 5456 3185 5527 Spiritum,
3215 5469 3280 5504 ne
3306 5456 3425 5518 quis
3447 5462 3632 5532 eorum

410 5528 489 5609 (8)
520 5532 601 5588 Ita
656 5527 816 5609 Rom.
874 5527 1000 5588 cum
1058 5527 1400 5609 variis-“lcet.
1449 5534 1618 5609 Gill.,_
1655 5533 1820 5592 Corb.
1875 5540 1930 5609 et
2034 5527 2280 5600 passiam
2302 5537 2473 5603 potest
2493 5531 2787 5609 pervenire:
2821 5530 2974 5584 Eras.
3008 5534 3061 5582 et
3090 5527 3629 5609 seqjexwpnniternnt

343 5591 810 5676 aliisfnonnullis:
844 5610 956 5661 vet.
984 5612 1166 5660 autem
1190 5602 1325 5661 edit.
1348 5620 1410 5663 ac
1440 5591 1621 5662 caeteri
1645 5622 1774 5661 mss.
1799 5604 1928 5676 quia
2034 5591 2117 5672 ne,
2150 5617 2281 5658 mss.
2302 5591 2445 5659 ivero
2493 5591 2665 5676 prope
2723 5601 2790 5657 ad
2819 5615 2994 5656 unum
3047 5591 3336 5649 nobiscum
3389 5591 3622 5652 faciunt.

342 5672 662 5744 respicientes
709 5675 985 5745 mundum,
1039 5675 1277 5748 spiritali
1326 5677 1600 5751 sapientiai
1649 5672 1926 5744 resistunt,
