4150 6194
472 296 571 355 127

1474 297 1571 352 AD
1610 296 1843 352 OPERA
1881 294 1936 349 S.
1981 291 2315 350 AMBROSII
2353 291 2732 349 APPENDIX.

3663 287 3766 346 128

467 429 579 487 Nec
605 428 751 485 enim
785 429 1022 502 Spiritus
1049 429 1154 486 erit
1171 430 1230 484 in
1259 445 1442 494 causa,
1464 427 1557 500 qui
1579 427 1700 481 vult
1735 424 2058 497 justiﬁcare.
2087 427 2137 486 Α
2167 425 2498 481 moriemini.
2525 450 2542 472 ι
2584 424 2735 481 Nihil
2769 423 2990 492 verius,
3023 422 3152 495 quia
3178 423 3222 479 si
3253 421 3556 480 secundum
3587 421 3762 480 Adam

467 517 907 590 Signumenim
958 517 1374 590 justiﬁcationis
1424 517 1530 572 hoc
1571 523 1652 570 est
1700 514 1757 569 in
1808 514 2052 582 homine,

468 614 530 662 ut
556 623 652 679 per
689 606 745 661 id
776 607 922 680 quod
953 607 1228 663 inhabitat
1252 607 1310 662 in
1331 623 1415 673 eo,
1442 605 1777 676 justiﬁcatus
1807 611 2061 676 appareat

467 713 583 752 esse
612 695 789 750 Filius
816 696 950 761 Dei;
985 712 1096 750 non
1141 696 1284 751 enim
1317 695 1373 749 in
1404 694 1532 748 ﬁcto
1580 692 1826 760 homine,
1885 707 2060 764 neque

469 786 526 840 in
561 801 788 856 corpore
817 785 1040 841 subdito
1073 783 1311 856 peccatis
1344 789 1521 853 potest
1548 781 1795 837 habitare
1824 781 2059 851 Spiritus

467 882 707 943 sanctus,
746 876 889 930 sicut
939 873 1074 928 dicit
1130 873 1386 927 Salomon
1443 873 1597 943 (Sap.
1632 889 1671 938 ι,
1701 871 1757 942 4)
1789 889 1799 926 :
1850 871 1904 926 Si
1937 871 2060 942 quis

467 970 646 1018 autem
687 963 866 1018 denuo
911 961 1205 1017 carnaliter
1261 960 1432 1027 vivat,
1465 960 1708 1016 desertus
1737 960 1803 1014 ab
1851 961 2059 1032 Spiritu

467 1059 675 1116 sancto,
709 1050 764 1103 in
823 1049 1101 1120 injustitia
1128 1065 1226 1104 sua
1271 1050 1557 1103 morietur.
1619 1050 1824 1120 Corpus
1876 1058 2057 1106 autem

467 1137 675 1206 dicens,
722 1145 897 1194 totum
926 1138 1204 1194 hominem
1229 1137 1501 1210 signiﬁcat
1537 1147 1815 1194 mortuum
1848 1141 2056 1211 peccati

464 1243 644 1292 causa,
679 1227 822 1284 sicut
851 1234 904 1282 et
943 1244 973 1281 a
1004 1227 1270 1298 propheta
1299 1228 1403 1282 sub
1435 1227 1704 1283 vocabulo
1734 1228 1932 1284 animae
1960 1237 2059 1285 to—

465 1323 555 1370 tus
595 1315 763 1370 homo
820 1316 1180 1387 signiﬁcatur,
1240 1317 1393 1389 quasi
1425 1333 1456 1371 a
1513 1327 1664 1388 parte
1720 1327 1927 1385 totum;
1983 1319 2060 1374 ait

465 1404 650 1460 enim:
712 1405 915 1460 Anima
943 1422 1062 1478 quae
1115 1413 1322 1479 peccat,
1384 1407 1498 1478 ipsa
1537 1407 1804 1462 morietur
1841 1408 2053 1478 (Ezech.

466 1508 629 1560 xvm,
661 1492 741 1564 4).
767 1518 784 1540 ι
853 1494 1133 1566 Numquid
1157 1495 1276 1550 sine
1303 1510 1528 1567 corpore
1546 1495 1574 1550 ?
1605 1495 1705 1551 Hic
1733 1512 1931 1567 corpus
1961 1513 2058 1567 pro

465 1588 582 1636 toto
616 1582 840 1638 homine
869 1584 1070 1656 posuit,
1103 1584 1196 1640 ille
1221 1583 1480 1639 animam.
1513 1585 1583 1639 Et
1607 1585 1748 1640 alius
1794 1586 2059 1658 propheta

466 1688 682 1728 carnem
741 1673 975 1730 dicendo
1006 1681 1182 1730 totum
1233 1673 1514 1729 hominem
1560 1673 1930 1745 signiﬁcavit;
1983 1675 2059 1730 ait

2171 515 2496 584 vixerimus,
2555 515 2892 581 moriemur;
2954 512 3130 568 Adam
3191 512 3340 567 enim
3401 513 3768 584 praevaricans

2169 603 2422 658 vendidit
2467 621 2521 658 se
2571 611 2792 675 peccato
2836 602 2988 658 carni
3035 602 3346 674 deputatus.
3407 602 3583 658 Omne
3616 602 3766 657 enim

2171 701 2476 761 peccatum,
2509 708 2635 746 caro
2667 700 2784 757 est;
2816 699 3039 763 propter
3069 690 3216 762 quod
3255 689 3401 745 enim
3430 689 3635 746 deforis
3667 690 3771 744 vi-

2169 779 2246 835 tia
2286 789 2340 835 et
2385 781 2585 837 delicta
2642 792 2944 838 nascuntur
3013 798 3081 836 ex
3128 781 3402 849 sensibus,
3449 780 3504 836 id
3559 790 3658 848 est,
3700 781 3769 836 de

2169 870 2382 938 auditu,
2436 871 2581 938 visu,
2633 878 2805 938 tactu,
2861 870 3111 938 odoratu,
3143 871 3230 924 vel
3259 878 3443 941 gustu,
3477 870 3628 926 carni
3661 870 3769 926 de—

2169 965 2452 1030 putantur.
2495 959 2688 1015 Omnis
2743 961 2891 1015 enim
2933 959 3193 1031 cogitatio
3242 960 3389 1014 foras
3445 960 3764 1032 respiciens,

2168 1047 2404 1103 incurrit
2449 1049 2749 1116 delictum;
2791 1067 2916 1104 nam
2967 1057 3020 1105 et
3065 1049 3229 1120 primi
3283 1049 3525 1106 hominis
3557 1051 3770 1107 deforis

2168 1146 2447 1208 peccatum
2480 1146 2668 1193 natum
2688 1149 2789 1194 est.
2823 1138 3135 1194 Secundum
3157 1154 3375 1193 carnem
3401 1155 3527 1210 ergo
3549 1140 3760 1207 vivere,

2168 1243 2316 1282 mors
2346 1235 2427 1282 est
2457 1245 2469 1293 ;
2498 1227 2678 1281 omnis
2710 1227 2856 1282 enim
2880 1235 3032 1282 actus
3061 1226 3241 1282 carnis
3269 1234 3426 1282 extra
3457 1228 3631 1298 legem
3661 1237 3764 1284 est.

2253 1340 2270 1360 ι
2299 1315 2354 1370 Si
2408 1323 2587 1371 autem
2638 1316 2837 1386 spiritu
2881 1316 3021 1371 facta
3050 1315 3230 1371 carnis
3277 1316 3766 1384 mortiﬁcaveritis,

2168 1404 2389 1460 vivetis.
2414 1431 2430 1452 ιι
2491 1406 2702 1477 Corpus
2737 1407 2858 1460 vult
2889 1406 3001 1476 lege
3035 1405 3232 1459 anima:
3255 1404 3585 1476 gubernari:
3620 1401 3770 1460 unde

2169 1493 2410 1549 ostendit
2437 1495 2565 1568 quia
2621 1494 2667 1550 si
2699 1494 2836 1550 duce
2866 1501 3053 1549 sancto
3083 1493 3314 1565 Spiritu,
3343 1501 3497 1549 actus
3534 1503 3588 1550 et
3624 1510 3771 1550 con-

2168 1583 2292 1637 silia
2346 1585 2548 1652 carnis,
2615 1601 2734 1656 quae
2775 1583 2942 1655 hujus
2974 1583 3168 1639 mundi
3211 1582 3606 1656 instigantibus
3653 1600 3767 1655 po-

2167 1677 2456 1733 testatibus
2482 1676 2908 1744 concinnantur,
2931 1675 3144 1731 fuerint
3174 1691 3440 1746 repressa,
3463 1691 3531 1730 ne
3567 1675 3767 1747 agendi

465 1760 651 1817 enim:
725 1786 744 1808 ι
777 1761 1001 1818 Videbit
1058 1761 1238 1816 omnis
1291 1777 1416 1817 caro
1470 1763 1708 1818 salutare
1760 1765 1858 1819 Dei
1920 1766 2054 1834 (Isa.
2092 1777 2136 1836 Β
2167 1765 2441 1836 accipiant
2488 1769 2834 1836 potestatem,
2897 1761 3070 1816 vitam
3119 1761 3385 1833 praestari.
3438 1761 3762 1817 Mortiﬁcari

467 1867 559 1918 XL,
588 1851 669 1920 5).
703 1875 720 1897 ι
765 1851 837 1906 Ει
867 1850 1126 1922 quoniam
1182 1852 1456 1923 baptizato
1486 1852 1646 1907 datur
1675 1853 1912 1925 Spiritus
1939 1871 2058 1909 san-

465 1948 607 2008 ctus,
649 1940 812 1994 etiam
846 1941 1018 2012 ipsius
1047 1958 1161 1998 esse
1186 1942 1412 2013 spiritus
1445 1942 1668 1998 dicitur.
1720 1942 1930 1999 Idcirco
1961 1961 2056 1999 ca:-

467 2039 580 2085 tera
608 2028 852 2084 hominis
882 2030 947 2085 ad
976 2030 1447 2102 comparationem
1490 2029 1606 2102 ejus
1635 2048 1831 2103 corpus
1861 2034 2058 2104 appel-

466 2117 624 2186 lavit,
654 2126 936 2189 propterea
966 2119 1112 2190 quod
1147 2120 1331 2175 anima
1362 2120 1504 2192 (14),
1532 2120 1663 2176 dum
1693 2131 1901 2193 peccat,
1933 2139 2058 2178 caro

466 2207 714 2274 dicatur;
771 2207 876 2263 hoc
922 2209 1068 2263 enim
1100 2219 1351 2279 vocatur,
1409 2211 1554 2282 quod
1598 2212 1865 2283 sequitur,
1915 2211 2060 2267 sicut

464 2312 605 2368 sazpe
632 2294 746 2367 jam
779 2295 917 2351 dixi.
968 2297 1149 2353 Simili
1189 2298 1354 2353 modo
1403 2306 1458 2354 et
1513 2300 1783 2354 Dominus
1825 2317 1948 2355 cum
1999 2301 2057 2354 in

465 2384 717 2456 passione
764 2402 862 2440 sua
908 2385 1254 2443 divinitatem
1277 2404 1431 2443 suam
1489 2388 1717 2443 minime
1761 2389 2057 2444 formidare

464 2474 632 2528 vellet
673 2473 932 2547 intelligi,
981 2476 1076 2532 sed
1120 2477 1362 2532 hominis
1395 2493 1512 2533 esse
1556 2479 1896 2547 maestitiam,
1945 2479 2051 2534 ait:

480 2587 498 2609 ι
521 2562 757 2634 Spiritus
785 2564 1008 2635 quidem
1039 2574 1324 2637 promptus
1371 2575 1472 2634 est,
1503 2583 1631 2623 caro
1661 2584 1790 2623 vero
1839 2567 2058 2623 inﬁrma

468 2653 681 2721 (Matth.
737 2668 876 2707 xxv:
908 2653 1022 2723 ,41)
1050 2672 1062 2708 :
1087 2679 1104 2700 ι
1166 2663 1228 2709 ut
1266 2653 1322 2709 in
1353 2655 1551 2726 spiritu
1580 2657 1775 2723 Deum,
1809 2656 1866 2710 in
1895 2673 2057 2712 carne

470 2756 600 2794 vero
631 2739 914 2796 hominem
944 2742 1296 2814 signiﬁcaret.

547 2833 640 2890 73
673 2829 856 2900 (Vers.
892 2831 1005 2903 11.)
1061 2858 1078 2879 ι
1103 2832 1263 2898 Quod
1292 2834 1336 2890 si
1368 2834 1607 2906 Spiritus
1650 2835 1770 2907 ejus
1802 2836 1896 2910 qui
1926 2853 2057 2891 sus-

464 2927 660 2984 citavit
686 2927 871 2981 Jesum
889 2941 920 2978 a
943 2924 1198 2990 mortuis,
1229 2923 1441 2979 habitat
1463 2925 1519 2979 in
1536 2925 1694 2981 vobis
1721 2945 1732 2993 ;
1767 2928 1861 2999 qui
1885 2927 2056 2983 susci-

469 3015 608 3072 tavit
659 3015 842 3070 Jesum
871 3030 903 3068 a
926 3011 1180 3079 mortuis,
1211 3013 1522 3068 viviﬁcabit
1553 3022 1606 3068 et
1642 3017 1896 3071 mortalia
1925 3035 2057 3073 cor—

471 3121 604 3175 pora
629 3109 810 3158 vestra
857 3107 1077 3172 propter
1105 3099 1507 3156 inhabitantem
1540 3102 1809 3173 Spiritum
1851 3104 1967 3175 ejus
1997 3105 2054 3160 in
2090 3134 2132 3192 Ο

466 3192 643 3248 vobis.
677 3216 695 3237 ι
737 3193 920 3262 Ipsum
951 3207 1171 3246 sensum
1217 3191 1402 3247 eadem
1434 3199 1632 3247 tractat
1662 3194 1910 3260 ratione;
1936 3213 2055 3249 cor-

465 3298 601 3353 pora
641 3279 787 3335 enim
815 3279 977 3347 dixit,
1003 3297 1098 3352 per
1117 3297 1237 3352 quas
1265 3280 1518 3337 homines
1533 3281 1915 3354 signiﬁcat.Et
1931 3284 2061 3355 quia

466 3388 629 3445 supra
688 3371 835 3427 dixit
893 3379 1114 3443 propter
1171 3379 1451 3442 peccatum
1482 3389 1680 3443 corpus
1709 3373 1849 3427 mori
1885 3381 2060 3429 morte

465 3460 726 3527 secunda,
759 3460 850 3516 hic
881 3460 1080 3514 iterum
1127 3468 1348 3531 propter
1375 3460 1576 3515 bonam
1605 3460 1778 3516 vitam
1808 3463 2062 3518 mortalia

465 3566 696 3621 corpora
725 3548 998 3604 viviﬁcari
1026 3549 1297 3619 promisit,
1327 3549 1383 3603 id
1403 3557 1504 3618 est,
1535 3557 1711 3604 totum
1756 3550 2056 3607 hominem.

540 3637 723 3707 (Vers.
777 3637 890 3708 i2.)
968 3662 984 3683 ε
1016 3637 1207 3707 Igitur,
1267 3638 1483 3704 fratres,
1541 3639 1814 3695 debitores
1873 3657 2060 3696 sumus

467 3742 577 3781 non
615 3726 788 3793 carni,
834 3733 899 3780 ut
932 3725 1234 3782 secundum
1288 3743 1508 3783 carnem
1539 3729 1814 3785 vivamus.
1852 3755 1868 3774 ιι
1947 3731 2060 3786 Re-

464 3821 615 3870 ctum
636 3821 690 3869 et
707 3813 1060 3870 manifestum
1090 3823 1191 3883 est,
1226 3833 1337 3871 non
1367 3833 1466 3872 nos
1485 3817 1870 3873 adinventioni
1904 3819 2056 3887 Adae,

466 3905 559 3979 qui
610 3907 905 3962 carnaliter
932 3907 1060 3979 egit,
1122 3907 1494 3965 obsecundare
1520 3911 1738 3979 debere,
1781 3913 1877 3985 qui
1908 3914 2059 3986 prior

464 4013 692 4069 peccans
750 4005 981 4053 mortem
1027 3997 1186 4054 nobis
1245 3998 1581 4056 haereditatis
1628 4002 1793 4057 titulo
1849 4003 2059 4059 dereli—

463 4087 616 4158 quit:
648 4087 741 4143 sed
782 4087 887 4160 legi
925 4085 1131 4143 Christi
1175 4088 1382 4144 servire
1428 4105 1527 4145 nos
1569 4090 1786 4158 debere,
1818 4092 1912 4163 qui
1961 4109 2060 4148 nos

464 4175 697 4245 spiritali
734 4177 949 4234 ratione
987 4194 1019 4233 a
1066 4187 1242 4234 morte
1273 4177 1591 4250 supradicta
1621 4179 1892 4246 redemit;
1927 4180 2059 4238 huic

463 4265 611 4320 enim
658 4266 934 4324 debitores
984 4286 1196 4339 sumus,
1249 4269 1344 4342 qui
1391 4287 1490 4326 nos
1541 4270 1855 4327 carnalibus
1904 4272 2058 4328 vitiis

461 4355 773 4411 sordidatos
793 4373 888 4428 per
905 4358 1183 4414 lavacrum
1207 4361 1445 4433 Spiritus
1463 4361 1681 4417 ablutos
1705 4361 2054 4433 justiﬁcavit,

462 4452 515 4499 et
544 4444 689 4499 ﬁlios
718 4445 816 4500 Dei
843 4445 990 4502 fecit.
1022 4447 1182 4503 Prius
1209 4451 1356 4504 enim
1387 4451 1444 4504 in
1474 4467 1636 4506 carne
1659 4450 1841 4521 positi,
1873 4467 2057 4505 exem-
2085 4488 2133 4546 D

463 4533 554 4604 plo
599 4532 733 4588 Adae
775 4532 1103 4589 vivebamus
1150 4535 1383 4607 subjecti
1433 4538 1703 4608 peccatis:
1741 4555 1887 4596 nunc
1921 4557 2052 4597 vero

463 4620 708 4687 liberati,
740 4621 967 4678 reddere
991 4622 1259 4679 debemus
1306 4623 1628 4697 obsequium
1675 4627 2048 4701 Redemptori.

464 4711 624 4778 Quod
643 4711 868 4783 quidem
887 4712 1211 4785 obsequium
1235 4729 1344 4768 non
1362 4713 1444 4768 illi
1475 4713 1664 4787 utique
1693 4716 1928 4787 proﬁcit,
1957 4720 2050 4790 qui

462 4799 674 4854 nullius
718 4807 874 4872 eget:
925 4801 1019 4856 sed
1061 4801 1220 4857 nobis
1256 4802 1429 4857 vitam
1474 4804 1710 4877 acquirit
1751 4813 2046 4862 aeternam:

462 4889 543 4945 sic
566 4888 715 4944 enim
775 4888 958 4961 diligit
982 4906 1105 4958 nos,
1137 4898 1200 4945 ut
1237 4890 1343 4946 sibi
1373 4891 1627 4963 imputet,
1660 4894 1806 4966 quod
1835 4894 2054 4966 proﬁcit

461 4977 621 5034 nobis
651 4981 669 5048 (
680 4979 791 5050 15).

535 5067 716 5138 (Vers.
743 5067 857 5139 13.)
898 5093 914 5116 ι
935 5067 993 5124 Si
1022 5067 1172 5125 enim
1201 5068 1504 5126 secundum
1521 5086 1740 5127 carnem
1775 5070 2052 5142 vixeritis,

534 5261 650 5334 (14)
693 5260 815 5334 vet.
867 5259 1002 5334 edit.
1036 5269 1091 5316 et
1119 5278 1250 5317 mss.
1295 5261 1520 5334 aliquod
1549 5263 1857 5333 appellavit.
1890 5265 2056 5319 Prw-

462 5340 600 5389 terea
629 5333 769 5404 quod
812 5333 996 5388 anima
1021 5350 1032 5387 :
1082 5333 1238 5390 Rom.
1271 5333 1407 5389 edit:
1438 5333 1783 5389 oblitteravit
1809 5343 1868 5396 τὸ
1892 5337 2050 5407 quod.

461 5413 618 5469 Haud
657 5411 1046 5481 incommode;
1098 5413 1296 5469 melius
1341 5421 1523 5469 tamen
1571 5414 1668 5469 alii
1717 5433 1847 5471 mss.
1895 5423 1956 5471 ut
1997 5417 2055 5471 in

458 5492 745 5541 contextu.

533 5555 671 5629 (i5)_
696 5558 779 5613 Ita
806 5557 966 5629 Rom.
998 5555 1130 5613 edit.
1163 5572 1288 5629 cum
1320 5573 1450 5612 mss.
1495 5556 1729 5629 aliquot,
1760 5565 1816 5613 et
1846 5557 1955 5614 Gil.
1993 5557 2051 5614 in

460 5624 634 5687 variis
657 5626 784 5684 lect.
814 5628 938 5687 Vet.
961 5635 1145 5686 autem
1163 5627 1296 5685 edit.
1321 5644 1448 5686 cum
1465 5624 1678 5688 crete-ris
1707 5624 1861 5700 mss.,
1911 5630 2053 5703 quod

2168 1855 2314 1909 enim
2346 1853 2631 1920 dicuntur,
2666 1852 2711 1906 si
2759 1859 3006 1907 cessent:
3040 1867 3151 1905 non
3193 1859 3320 1907 sunt
3367 1851 3538 1919 enim,
3566 1850 3612 1906 si
3645 1867 3768 1907 ces-

2168 1952 2308 2011 sant,
2342 1945 2473 2017 quia
2501 1951 2784 2015 peccatum
2818 1958 2928 1996 non
2958 1950 3059 2009 est,
3090 1941 3137 1997 si
3167 1958 3278 1996 non
3326 1940 3442 1996 ﬁat.

2243 2035 2423 2105 (Vers.
2459 2032 2572 2104 14.)
2612 2057 2628 2077 ι
2673 2031 2998 2102 Quicunque
3044 2031 3190 2085 enim
3222 2029 3432 2100 Spiritu
3462 2029 3562 2086 Dei
3602 2046 3769 2102 agun-

2169 2132 2278 2191 tur,
2313 2123 2371 2178 hi
2402 2122 2505 2177 ﬁlii
2559 2129 2690 2176 sunt
2714 2120 2833 2176 Dei.
2859 2146 2876 2164 ι
2951 2121 3060 2175 Hos
3089 2119 3228 2175 dicit
3258 2118 3468 2191 Spiritu
3523 2119 3621 2174 Dei
3654 2121 3764 2190 agi,

2168 2213 2226 2267 in
2279 2228 2516 2284 quorum
2547 2209 2761 2266 actibus
2823 2208 3057 2265 consilia
3098 2208 3410 2280 principum
3441 2215 3496 2262 et
3526 2214 3761 2278 potesta-

2165 2309 2285 2356 tum
2315 2300 2479 2372 hujus
2522 2299 2715 2354 mundi
2745 2314 2855 2353 non
2893 2297 3189 2353 videutur:
3240 2297 3298 2351 in
3327 2312 3562 2369 quorum
3611 2296 3764 2351 enim

2167 2389 2446 2456 videntur,
2496 2405 2606 2443 non
2637 2396 2769 2443 sunt
2797 2387 2900 2442 ﬁlii
2937 2387 3056 2455 Dei,
3088 2385 3183 2441 sed
3214 2385 3422 2440 diaboli
3458 2403 3470 2451 ;
3515 2385 3643 2457 quia
3669 2383 3765 2457 qui

2167 2480 2234 2536 de
2267 2483 2380 2536 Deo
2422 2488 2584 2534 natus
2629 2485 2729 2545 est,
2785 2495 2896 2532 non
2932 2484 3138 2547 peccat,
3185 2473 3323 2530 dicit
3365 2474 3600 2530 Joannes
3639 2491 3766 2546 apo-

2167 2570 2338 2624 stolus
2395 2569 2451 2639 (Ι
2475 2571 2632 2623 Joan.
2665 2584 2747 2634 ιη,
2777 2566 2858 2636 9).
2922 2566 3036 2620 Hoc
3081 2572 3163 2619 est
3191 2564 3338 2618 enim
3376 2561 3520 2634 quod
3570 2561 3767 2633 probat

2167 2658 2264 2713 Dei
2295 2657 2442 2712 ﬁlios
2470 2666 2523 2712 et
2552 2655 2780 2712 diaboli.
2816 2654 2969 2709 Unde
2999 2651 3349 2710 Dominusad
3377 2649 3593 2706 Judaaos
3613 2651 3763 2725 quod

2166 2747 2308 2800 male
2338 2753 2579 2817 agerent,
2612 2753 2665 2800 et
2691 2743 3049 2815 parricidium
3097 2741 3423 2814 cogitarent,
3451 2741 3560 2796 ait:
3601 2765 3620 2786 ι
3649 2741 3763 2796 Vos

2167 2837 2233 2893 de
2251 2846 2402 2909 patre
2433 2835 2653 2892 diabolo
2679 2834 2813 2890 estis
2849 2835 3032 2905 (Joan.
3061 2849 3185 2900 vm,
3224 2830 3339 2902 44).
3371 2856 3390 2878 ι

2238 2927 2419 2997 (Vers.
2454 2927 2566 2996 15.)
2634 2925 2789 2980 «Non
2822 2923 2970 2978 enim
3017 2921 3307 2993 accepistis
3354 2920 3611 2992 spiritum
3653 2937 3762 2976 ser-

2165 3016 2359 3071 vitutis
2389 3016 2588 3070 iterum
2619 3013 2676 3068 in
2733 3013 2951 3068 timore.
2977 3037 2993 3057 ιι
3042 3011 3156 3066 Hoc
3184 3010 3343 3077 dicit,
3383 3009 3511 3081 quia
3537 3017 3761 3080 accepto

2164 3105 2375 3177 Spiritu
2425 3113 2635 3170 sancto,
2687 3120 2719 3157 a
2765 3102 2963 3158 timore
3007 3101 3278 3155 malorum
3325 3107 3545 3154 actuum
3595 3097 3758 3153 exuti

2167 3209 2390 3248 sumus:
2427 3199 2489 3247 ut
2546 3192 2613 3246 de
2643 3199 2840 3246 caetero
2868 3189 3012 3244 nihil
3041 3189 3150 3244 tale
3199 3203 3442 3258 agamus,
3486 3185 3632 3242 unde
3659 3185 3759 3242 ite-

2167 3299 2288 3337 rum
2325 3284 2637 3336 timeamus.
2672 3280 2815 3334 Ante
2834 3280 2982 3334 enim
3012 3277 3113 3333 sub
3141 3277 3340 3332 timore
3370 3293 3585 3331 eramus
3617 3277 3757 3347 (16),

2169 3371 2298 3444 quia
2335 3372 2450 3441 lege
2483 3372 2628 3439 data,
2659 3385 2848 3424 omnes
2878 3369 2957 3423 rei
2988 3375 3117 3423 sunt
3145 3367 3450 3423 constituti.
3494 3365 3759 3438 Spiritum

2169 3478 2296 3532 ergo
2349 3461 2568 3516 timoris
2635 3461 2806 3530 legem
2859 3457 3025 3526 dixit,
3076 3455 3207 3529 quia
3253 3456 3507 3511 homines
3550 3455 3759 3527 peccati

2168 3567 2331 3606 causa
2361 3551 2418 3605 in
2459 3551 2656 3605 timore
2699 3549 3010 3605 constituit.
3063 3549 3177 3604 Lex
3223 3555 3406 3602 autem
3457 3546 3606 3614 ﬁdei,
3638 3564 3758 3619 qua:

2167 3640 2226 3694 in
2269 3639 2467 3712 spiritu
2529 3638 2846 3709 adoptionis
2892 3637 3254 3708 signiﬁcatur,
3312 3636 3404 3690 lex
3450 3635 3763 3692 securitatis

2169 3735 2269 3795 est,
2301 3727 2430 3799 quia
2458 3744 2489 3782 a
2516 3727 2712 3782 timore
2749 3744 2847 3782 nos
2873 3727 3016 3781 eruit
3048 3725 3181 3781 dum
3237 3724 3404 3780 donat
3431 3733 3669 3794 peccata,
3699 3741 3764 3780 ac

2157 3835 2262 3890 per
2291 3818 2392 3872 hos
2441 3833 2661 3872 securos
2716 3834 2815 3872 nos
2839 3817 3010 3872 fecit:
3045 3833 3108 3871 ac
3137 3815 3344 3870 dicitur
3372 3813 3602 3886 spiritus
3648 3828 3760 3867 non

2167 3908 2383 3966 timoris
2417 3907 2720 3963 secundum
2751 3907 2902 3962 hunc
2932 3906 3158 3962 modum
3193 3906 3333 3976 (17).

2253 4030 2269 4050 ι
2291 4004 2394 4060 Sed
2451 4003 2737 4076 accepistis
2766 4003 3033 4074 Spiritum
3065 4003 3377 4076 adoptionis
3405 4002 3671 4069 ﬁliorum,
3702 3999 3760 4054 in

2167 4111 2275 4167 quo
2335 4097 2636 4151 clamamus
2667 4114 2677 4151 :
2719 4093 2896 4160 Abba,
2925 4104 3098 4166 pater.
3122 4119 3140 4142 ι
3182 4093 3370 4149 Gratia
3396 4091 3538 4148 Deia
3565 4091 3764 4146 timore

2167 4183 2406 4250 liberati,
2465 4184 2778 4255 accepimus
2832 4183 3092 4254 spiritum
3157 4181 3470 4254 adoptionis
3495 4180 3760 4244 ﬁliorum,

2167 4281 2228 4329 ut
2284 4272 2693 4329 considerantes
2744 4272 2878 4346 quid
2911 4289 3158 4339 eramus,
3218 4279 3272 4326 et
3303 4269 3436 4343 quid
3486 4269 3633 4325 dono
3661 4265 3762 4323 Dei

2164 4379 2354 4417 sumus
2418 4362 2619 4432 adepti,
2680 4378 2875 4433 magna
2921 4377 3047 4416 cum
3108 4359 3393 4431 diligentia
3434 4359 3605 4414 vitam
3651 4373 3763 4412 no-

2165 4459 2332 4506 stram
2388 4451 2745 4518 ordinemus;
2783 4468 2850 4506 ne
2903 4466 3107 4506 nomen
3149 4449 3246 4504 Dei
3280 4448 3454 4502 Patris
3484 4447 3543 4502 in
3600 4445 3762 4502 nobis

2162 4541 2422 4613 injuriam
2472 4541 2731 4612 patiatur,
2764 4549 2818 4596 et
2846 4557 2906 4596 ea
2949 4538 3136 4595 omnia
3177 4555 3296 4611 quae
3331 4537 3627 4604 evasimus,
3669 4551 3762 4591 ve-

2161 4631 2264 4686 luti
2296 4631 2496 4704 ingrati
2547 4632 2911 4687 incurramus.
2963 4630 3147 4684 Talem
3194 4629 3341 4683 enim
3373 4627 3599 4698 gratiam
3633 4641 3759 4682 con-

2159 4722 2331 4778 secuti
2378 4739 2589 4788 sumus,
2642 4730 2704 4776 ut
2733 4719 3032 4776 audeamus
3057 4719 3240 4774 dicere
3285 4720 3434 4773 Deo:
3486 4717 3656 4784 Abba,
3704 4716 3762 4772 id

2161 4817 2263 4878 est,
2323 4813 2510 4881 pater!
2575 4809 2808 4880 ideoque
2834 4816 3171 4872 commonet,
3203 4824 3270 4862 ne
3309 4815 3532 4878 accepta
3559 4805 3763 4862 ﬁducia

2162 4899 2218 4953 in
2275 4900 2638 4955 temeritatem
2679 4906 2963 4965 vertatur;
3019 4897 3064 4953 si
3109 4897 3255 4952 enim
3305 4896 3438 4952 huic
3465 4895 3610 4962 voci,
3654 4911 3764 4967 qua

2161 4989 2432 5046 dicimus:
2495 4990 2666 5058 Abba,
2695 4996 2872 5060 pater,
2905 4989 3234 5045 dissimilem
3285 4990 3456 5044 vitam
3487 4987 3761 5044 exhibea-

2162 5096 2306 5146 mus,
2335 5077 2599 5151 injuriam
2625 5081 2741 5135 Deo
2777 5078 3034 5148 facimus,
3075 5085 3331 5136 vocantes
3369 5095 3496 5134 eum
3528 5084 3759 5150 patrem.

2156 5274 2407 5346 promisit
2432 5273 2598 5328 nobis.

2237 5345 2351 5417 (16)
2385 5345 2520 5399 Ante
2557 5345 2695 5399 enim
2726 5343 2818 5417 sub
2854 5345 3038 5417 timore
3065 5361 3299 5417 eramus,
3326 5361 3436 5417 non
3486 5342 3762 5416 reperitur

2164 5415 2222 5471 in
2249 5415 2410 5480 mss,
2439 5425 2493 5472 at
2519 5425 2714 5472 contra
2746 5416 2803 5470 in
2834 5416 3096 5471 omnibus
3119 5415 3254 5472 edit.
3288 5415 3539 5472 habetur.

2236 5488 2352 5614 (1;)
2386 5487 2510 5543 Vet.
2541 5487 2672 5544 edit.
2703 5504 2765 5544 ac
2789 5505 2918 5546 mss.
2955 5503 3066 5543 non
3098 5486 3280 5560 pauci,
3312 5487 3598 5542 secundum
3621 5487 3762 5542 hunc

2236 5577 2290 5614 ιη
2331 5576 2437 5614 um.

2163 5576 2417 5614 mundum
2426 5602 2437 5615 .
