4136 6194
293 315 383 373 129
1361 311 1723 372 COMMENT.
1766 311 1838 370 IN
1876 312 2092 369 EPIST.
2135 313 2230 368 AD
2276 299 2444 371 non.

3473 314 3573 376 130

290 441 487 498 Idcirco
513 440 664 497 enim
717 440 964 498 bonitate
991 457 1089 497 sua
1115 439 1221 496 hoc
1249 439 1410 496 nobis
1439 439 1690 508 indulsit,
1723 437 1871 511 quod
1901 442 1952 500 Α
1975 453 2100 492 nem
2148 436 2350 493 decreti
2401 440 2640 496 muneris
2664 441 2722 497 in
2778 442 2967 499 futuro
3007 443 3229 499 saeculo.
3276 444 3570 516 Propterea

288 548 438 603 super
461 538 713 587 naturam
753 539 994 587 nostram
1023 539 1123 598 est,
1157 539 1218 587 ut
1247 530 1395 604 quod
1428 531 1735 587 substantia
1767 530 1868 584 in-

286 622 426 694 digni
453 639 667 689 sumus,
699 623 954 696 operibus
984 639 1312 679 mereamur.

351 712 527 782 (Vers.
582 711 696 782 16.)
765 736 782 758 ι
815 713 931 782 Ipse
979 711 1218 783 Spiritus
1262 711 1444 766 reddit
1491 711 1869 766 testimonium

282 800 495 872 spiritui
527 809 734 867 nostro,
765 800 911 872 quod
939 817 1130 856 sumus
1167 800 1274 855 ﬁlii
1311 801 1430 855 Dei.
1468 827 1484 847 ι
1527 801 1670 854 Bene
1699 816 1874 872 agen—

282 887 422 943 tibus
469 887 648 955 nobis,
699 895 752 942 et
801 905 896 960 per
940 889 1046 944 hoc
1094 889 1276 959 ipsum
1324 896 1577 942 manente
1625 887 1680 942 in
1713 888 1872 942 nobis

280 974 480 1046 Spiritu
509 985 720 1043 sancto,
757 975 892 1032 huic
927 977 1056 1032 voci
1089 984 1144 1030 et
1171 977 1358 1032 animo
1387 986 1592 1053 nostro,
1626 982 1721 1036 74
1757 989 1870 1048 qua

278 1071 570 1128 clamamus
597 1076 656 1128 in
704 1075 954 1128 oratione
987 1090 998 1127 :
1034 1075 1203 1141 Abba,
1259 1074 1314 1128 id
1351 1083 1454 1140 est,
1485 1081 1654 1144 pater,
1682 1073 1868 1144 Spiri-

275 1169 359 1216 tus
412 1162 513 1217 Dei
565 1162 946 1218 testimonium
990 1162 1102 1229 dat,
1157 1163 1289 1218 dum
1348 1171 1531 1217 manet
1589 1163 1644 1216 in
1674 1162 1859 1229 nobis,

274 1253 534 1324 quoniam
566 1269 674 1308 non
707 1261 906 1310 temere
936 1254 1189 1321 dicimus,
1224 1255 1392 1322 Abba,
1420 1261 1594 1324 pater,
1635 1254 1864 1325 Dignam

271 1342 424 1397 enim
456 1342 623 1397 vitam
677 1342 808 1398 huic
850 1346 972 1400 voci
1000 1345 1395 1411 exhibeamus;
1448 1354 1500 1400 et
1533 1344 1638 1400 hoc
1666 1351 1747 1399 est
1777 1353 1868 1399 te-

273 1431 595 1486 stimonium
625 1433 889 1501 ﬁliorum,
920 1433 968 1489 si
1000 1435 1057 1489 in
1080 1450 1172 1490 eos
1192 1450 1290 1506 per
1318 1433 1583 1506 Spiritum
1617 1433 1868 1489 videatur

274 1519 485 1592 signum
512 1529 821 1593 paternum.

343 1638 522 1709 (Vers.
559 1639 670 1710 17.)
717 1663 734 1685 ι
761 1639 819 1695 Si
855 1649 1038 1696 autem
1071 1641 1198 1709 ﬁlii,
1231 1651 1283 1697 et
1313 1640 1559 1696 haeredes
1585 1658 1595 1694 :
1624 1640 1868 1696 haeredes

272 1727 492 1800 quidem
521 1728 643 1796 Dei,
675 1728 990 1784 coheredes
1019 1738 1201 1785 autem
1233 1730 1459 1787 Christi.
1486 1757 1504 1778 ι
1549 1731 1687 1788 Cum
1723 1733 1868 1786 Deus

271 1823 420 1887 pater
466 1818 624 1872 nullo
670 1816 834 1872 modo
898 1826 1150 1874 mortuus
1196 1820 1367 1890 possit
1425 1819 1558 1887 dici,
1611 1819 1836 1876 Christu

270 1913 452 1962 autem
501 1905 620 1977 ejus
665 1906 814 1962 ﬁlius
862 1916 1116 1963 mortuus
1153 1907 1368 1964 dicatur
1415 1925 1580 1964 causa
1608 1909 1868 1964 incarna-

268 1993 463 2058 tionis,
502 1993 636 2065 quid
677 2003 758 2050 est
789 2003 849 2050 ut
888 1995 934 2049 is
964 1995 1064 2067 qui
1111 2006 1363 2052 mortuus
1393 2005 1496 2065 est,
1531 2013 1744 2069 semper
1773 1998 1871 2052 vi-

269 2083 451 2137 ventis
490 2083 662 2138 hzeres
710 2099 827 2138 esse
888 2083 1127 2152 dicatur,
1197 2103 1322 2141 cum
1384 2086 1626 2142 hreredes
1680 2087 1869 2158 utique

271 2188 378 2228 non
404 2173 514 2229 nisi
556 2183 899 2230 mortuorum
940 2175 1051 2231 sint
1073 2176 1100 2232 (Ρ
1129 2176 1233 2232 Sed
1261 2177 1376 2233 haec
1409 2193 1571 2233 causa
1600 2177 1869 2232 humani-

271 2263 413 2329 tatis,
465 2279 578 2318 non
633 2262 947 2318 divinitatis
1011 2274 1113 2320 est.
1164 2266 1300 2321 Nam
1340 2266 1486 2338 apud
1531 2268 1703 2322 Deum
1745 2283 1866 2339 quae

271 2351 405 2423 apud
438 2369 540 2408 nos
596 2351 888 2408 haereditas
934 2352 1160 2421 dicitur,
1207 2355 1413 2410 donum
1467 2365 1550 2412 est
1598 2356 1767 2427 patris
1808 2355 1865 2410 in

271 2440 410 2497 ﬁlios
448 2442 766 2500 obedientes
795 2443 1169 2500 transfusum:
1203 2453 1265 2500 ut
1295 2446 1458 2500 vivus
1488 2445 1728 2500 viventis
1758 2444 1864 2499 hae-

272 2548 352 2588 res
405 2535 476 2591 sit
523 2535 720 2591 merito
776 2535 1022 2608 proprio,
1082 2553 1192 2592 non
1237 2538 1562 2592 necessitate
1593 2536 1862 2592 defuncti.

273 2624 420 2682 Unde
451 2637 505 2684 et
535 2628 805 2684 Dominus
853 2628 911 2683 in
941 2629 1244 2700 Evangelio
1275 2645 1384 2683 non
1420 2628 1593 2699 magis
1624 2628 1864 2683 humana

271 2729 429 2786 quam
461 2715 653 2772 divina
682 2718 894 2773 ratione
923 2718 1110 2773 vivam
1150 2718 1469 2774 viventibus
1498 2717 1863 2772 substantiam

269 2819 418 2861 suam
467 2809 733 2879 partitum
764 2825 900 2877 esse,
950 2809 1080 2865 licet
1123 2809 1179 2864 in
1225 2810 1484 2881 parabola
1527 2809 1866 2882 signiﬁcavit

268 2894 422 2964 (Luc.
458 2913 557 2962 xv,
591 2899 680 2968 12)
708 2916 722 2963 ;
768 2915 868 2954 nec
897 2899 1045 2953 enim
1096 2899 1356 2970 parabola
1386 2900 1625 2954 absurda
1655 2898 1865 2954 ratione

269 2987 639 3057 componitur.
677 2987 744 3041 Ut
771 3003 898 3058 ergo
939 2995 1221 3057 promptos
1269 3003 1370 3041 nos
1399 2986 1466 3041 ad
1497 2986 1865 3067 obediendum

266 3073 378 3130 Deo
425 3076 575 3130 Patri
621 3075 844 3142 faceret,
887 3075 990 3131 hac
1041 3091 1134 3146 spe
1169 3075 1495 3130 exhortatur
1543 3075 1729 3130 dicens
1767 3075 1864 3130 Dei

262 3179 366 3219 nos
419 3163 640 3219 futuros
669 3163 934 3232 haeredes,
969 3163 1280 3219 cohaeredes
1309 3173 1489 3219 autem
1533 3165 1769 3231 Christi;
1806 3173 1866 3221 ut
1895 3159 1938 3219 C

258 3253 396 3325 quia
443 3267 565 3324 spes
609 3268 804 3324 magna
843 3253 1053 3324 praemii
1097 3263 1196 3322 est,
1245 3263 1400 3311 tanto
1457 3256 1628 3326 magis
1674 3256 1730 3310 in
1760 3257 1857 3312 Dei

260 3340 426 3396 rebus
479 3341 857 3412 propensiores
923 3358 1184 3411 essemus,
1238 3352 1624 3414 postponentes
1669 3361 1857 3401 curam

262 3429 690 3485 mundanorum.
725 3430 868 3497 Quid
898 3431 970 3486 sit
995 3440 1178 3487 autem
1208 3432 1549 3488 cohaeredem
1581 3450 1694 3490 esse
1728 3435 1857 3489 Filii

262 3519 375 3588 Dei,
418 3521 490 3576 ab
557 3521 803 3592 apostolo
840 3521 1047 3577 Joanne
1109 3522 1405 3590 docemur;
1453 3524 1599 3579 inter
1660 3533 1858 3581 caetera

264 3610 403 3664 enim
434 3609 553 3665 ait:
609 3633 628 3655 ι
667 3609 881 3665 Scimus
911 3610 1172 3682 quoniam
1193 3629 1321 3668 cum
1351 3615 1684 3686 apparuerit,
1706 3615 1855 3670 simi-

267 3695 338 3752 les
367 3699 415 3753 ei
447 3699 658 3755 erimus
685 3701 750 3770 (Ι
775 3701 934 3756 Joan.
966 3717 1053 3769 nr,
1087 3701 1166 3772 2).
1196 3727 1214 3750 ι

342 3837 358 3859 ι
396 3813 452 3870 Si
497 3821 688 3870 tamen
735 3815 1160 3887 compatiamur,
1198 3824 1260 3871 ut
1299 3825 1354 3873 et
1379 3818 1543 3874 simul
1576 3819 1856 3893 gloriﬁce—

268 3915 396 3958 mur.
430 3928 447 3950 ι
481 3903 609 3971 Quo
640 3902 802 3958 modo
822 3904 1132 3961 cohzeredes
1175 3904 1381 3963 Christi
1405 3907 1522 3962 ﬁeri
1567 3925 1857 3980 possumus

269 3988 512 4061 declarat,
559 3991 793 4048 dicens:
860 4017 877 4039 ι
919 3994 973 4049 Si
1025 4001 1206 4050 tamen
1246 3997 1664 4067 compatiamur,
1713 4006 1774 4054 ut
1802 4006 1856 4054 et

268 4077 418 4136 simul
457 4081 856 4154 gloriﬁcemur.
891 4109 908 4130 ι
954 4083 1253 4141 Videamus
1273 4102 1400 4158 ergo
1438 4087 1573 4159 quid
1593 4088 1665 4144 sit
1695 4105 1855 4144 com-

267 4170 386 4238 pati.
439 4171 699 4242 Compati
752 4181 833 4227 est
889 4175 1292 4243 persecutiones
1345 4177 1576 4232 tolerare
1635 4185 1856 4249 propter

265 4271 401 4326 spem
428 4259 768 4326 futurorum,
816 4275 1145 4333 carnemque
1188 4264 1510 4335 cruciﬁgere
1541 4283 1667 4321 cum
1702 4267 1855 4321 vitiis

266 4352 316 4399 et
360 4347 843 4420 concupiscentiis,
901 4349 1007 4405 hoc
1051 4359 1152 4418 est,
1197 4337 1601 4424 voluptates‘et
1630 4372 1855 4428 pompas

266 4439 445 4492 saeculi
488 4457 766 4511 spernere.
827 4440 966 4498 Cum
1024 4443 1173 4497 enim
1227 4443 1344 4499 haec
1405 4445 1592 4500 omnia
1638 4455 1855 4502 mortua

268 4524 462 4583 fuerint
494 4529 646 4600 apud
686 4528 990 4599 hominem,
1030 4531 1307 4604 cruciﬁgit
1350 4533 1643 4599 mundum,
1681 4535 1851 4608 futuri
1885 4523 1933 4581 D

266 4620 438 4674 seculi
467 4621 648 4676 vitam
679 4622 926 4690 credens,
976 4623 1035 4678 in
1079 4639 1186 4696 qua
1219 4640 1275 4680 se
1304 4634 1486 4697 sperat
1513 4623 1854 4682 cohaeredem

267 4703 458 4766 Christi
486 4712 766 4768 futurum.

333 4827 510 4898 (Vers.
551 4831 666 4901 18.)
713 4856 729 4877 ι
770 4831 1045 4889 Existimo
1074 4849 1201 4906 ergo
1233 4834 1380 4906 quod
1409 4852 1519 4890 non
1553 4836 1664 4890 sint
1712 4852 1854 4892 con-

267 4911 434 4988 dignae
457 4921 742 4992 passiones
767 4920 933 4993 hujus
960 4923 1224 4995 temporis
1245 4923 1311 4979 ad
1347 4923 1590 4980 futuram
1623 4923 1851 4995 gloriam

267 5018 377 5076 quae
410 5008 749 5066 revelabitur
778 5009 836 5064 in
868 5010 1045 5066 nobis.
1080 5036 1099 5059 ι
1142 5011 1472 5067 Exhortatio
1504 5012 1620 5069 haec
1653 5013 1722 5068 ad
1752 5030 1855 5068 su-

268 5096 471 5164 periora
517 5099 779 5170 pertinet,
847 5117 943 5171 per
992 5117 1156 5172 quam
1215 5103 1456 5158 ostendit
1515 5119 1682 5174 parva
1742 5121 1854 5160 esse

267 5197 378 5255 quae
408 5187 500 5246 hic
530 5197 760 5262 possunt
789 5206 821 5246 a
850 5189 1074 5263 perﬁdis
1105 5192 1354 5264 irrogari,
1388 5193 1454 5249 ad
1485 5193 1854 5265 comparatio-

293 5423 303 5433 ι
336 5357 448 5430 (18)
492 5362 603 5419 Nos
623 5361 772 5430 jubet
799 5361 984 5417 deerat
1014 5360 1071 5433 in
1115 5363 1329 5418 cunctis
1353 5363 1484 5418 edit.
1517 5372 1570 5419 et
1603 5364 1856 5419 nonnul-

272 5421 513 5505 lisimssq
548 5421 644 5489 sed
674 5450 744 5490 ex
771 5434 894 5489 aliis
923 5432 1174 5505 pluribus
1207 5435 1536 5491 restituitur.

339 5502 452 5574 (19)
495 5507 606 5560 Pro
652 5506 874 5560 terrenis
915 5502 1139 5560 6wlestia
1181 5521 1328 5560 nunc
1373 5508 1611 5576 primum
1655 5524 1684 5563 e
1728 5507 1850 5565 cod.

271 5566 409 5630 Flor.
433 5566 494 5632 et
530 5577 699 5634 Vind.
733 5577 1100 5633 admittuntur
1128 5576 1187 5632 in
1223 5566 1460 5632 textum.

338 5645 453 5719 (20)
519 5648 598 5707 ita
639 5665 831 5707 omnes
860 5649 993 5707 edit.
1043 5664 1108 5708 ac
1135 5665 1267 5708 mss.
1300 5649 1513 5722 aliquot
1545 5666 1556 5707 :
1591 5653 1853 5710 nonnulli

1977 544 2078 583 nos
2096 527 2254 598 jubet
2289 530 2407 598 (18)
2441 531 2507 585 ad
2547 533 2733 587 omnia
2759 534 2932 590 exitia
2960 543 3177 607 paratos
3199 551 3314 590 esse
3350 534 3566 602 debere,

1978 617 2106 689 quia
2136 635 2331 688 magna
2363 635 2460 688 pro
2492 619 2578 674 his
2607 624 2934 693 repromissa
2959 632 3088 679 sunt
3118 624 3343 695 praemia
3366 643 3385 688 ;
3420 632 3480 678 ut
3513 624 3571 678 in

1979 707 2337 762 tribulatione
2380 710 2692 765 consoletur
2741 729 2797 768 se
2847 715 3083 782 animus,
3139 724 3193 770 et
3221 731 3314 786 spe
3343 722 3568 770 crescat.

1979 796 2114 850 Nam
2179 804 2232 850 et
2278 798 2564 868 quosdam,
2614 799 2726 855 imo
2775 803 2977 858 multos
3026 804 3230 859 scimus
3277 821 3375 875 pro
3423 820 3573 874 prae-

1980 884 2229 939 sentibus
2286 886 2476 953 lucris,
2533 887 2602 942 ad
2659 889 2939 945 modicum
2998 893 3189 964 utique
3242 892 3567 964 profuturis,

1980 988 2143 1043 quam
2193 989 2412 1044 asperos
2464 983 2517 1030 et
2570 976 2740 1032 duros
2788 979 2973 1034 subire
3002 979 3232 1048 labores,
3265 990 3317 1036 et
3351 982 3417 1036 ad
3449 998 3570 1053 quae

1977 1065 2210 1120 tendunt
2237 1067 2555 1138 aliquando,
2591 1069 2722 1140 quia
2752 1070 2870 1142 ipsa
2897 1072 3014 1126 vita
3047 1073 3257 1143 fragilis
3287 1081 3366 1128 est
3393 1082 3445 1128 et
3477 1074 3572 1128 in—

1973 1168 2139 1226 certa,
2184 1163 2468 1232 pervenire
2514 1180 2623 1218 non
2684 1174 2934 1235 possunt.
2989 1169 3180 1224 Nautes
3229 1187 3328 1240 pro
3372 1171 3574 1243 quibus

1975 1250 2280 1306 commodis
2315 1253 2480 1306 tantis
2527 1270 2583 1309 se
2631 1256 2887 1324 procellis
2924 1266 2977 1312 et
3007 1259 3431 1328 tempestatibus
3460 1275 3572 1314 cre-

1976 1337 2135 1405 dunt,
2168 1356 2294 1394 cum
2335 1341 2510 1396 sciant
2541 1341 2599 1396 in
2632 1343 2718 1398 his
2756 1345 2926 1416 magis
2957 1354 3191 1402 mortem
3222 1356 3349 1403 ante
3383 1351 3572 1404 oculos

1977 1445 2093 1483 esse
2123 1445 2284 1500 quam
2320 1431 2522 1487 vitam?
2568 1433 2638 1486 Et
2669 1433 2874 1489 milites
2901 1451 2994 1506 spe
3023 1436 3305 1506 praesentis
3335 1437 3570 1508 praemii,

1977 1533 2103 1572 cum
2152 1517 2361 1574 incerta
2399 1519 2632 1576 victoria
2674 1523 2770 1589 sit,
2804 1524 2861 1577 in
2910 1525 3120 1595 gladios
3150 1525 3430 1598 insurgere
3459 1545 3572 1582 non

1977 1607 2252 1663 dubitant.
2287 1608 2504 1675 Quanto
2533 1626 2660 1682 ergo
2691 1613 2866 1683 magis
2896 1629 2995 1684 pro
3015 1613 3237 1670 Christo
3254 1615 3570 1686 patiendum

1977 1704 2078 1764 est,
2116 1697 2274 1769 cujus
2303 1697 2466 1753 etiam
2499 1701 2766 1770 protelata
2787 1710 2917 1757 sunt
2945 1704 3107 1758 nobis
3139 1703 3442 1760 beneﬁcia:
3478 1705 3573 1776 qui

1840 1836 1866 1874 3
1904 1798 1949 1857 Β
1980 1802 2079 1857 pro
2130 1786 2314 1856 parvis
2343 1787 2652 1858 magniﬁca,
2687 1805 2785 1860 pro
2815 1791 3050 1846 terrenis
3077 1792 3320 1848 caelestia
3351 1794 3491 1865 (19),
3518 1802 3574 1849 et

1978 1892 2076 1948 pro
2105 1877 2497 1946 temporalibus
2548 1887 2810 1950 perpetua
2837 1881 3065 1952 praemia
3091 1899 3219 1938 cum
3249 1883 3424 1954 gloria
3458 1885 3570 1954 pol-

1978 1967 2177 2022 licetur
2208 1969 2220 2022 l
2253 1968 2357 2023 Pro
2404 1969 2626 2026 Christo
2655 1970 2896 2028 dicimur
2924 1973 3058 2044 pati,
3090 1990 3216 2030 cum
3248 1973 3426 2042 nobis,
3460 1989 3570 2028 non

1980 2055 2064 2110 illi
2113 2056 2383 2126 proﬁciat,
2436 2058 2584 2131 quod
2615 2060 2888 2130 patimur:
2922 2061 3017 2117 sed
3046 2061 3177 2134 quia
3206 2062 3300 2117 ille
3333 2062 3570 2118 occasio-

1977 2159 2104 2198 nem
2148 2145 2344 2216 quaerit
2404 2150 2793 2205 remunerandi
2841 2167 2960 2218 nos,
3005 2150 3111 2206 hoc
3159 2151 3452 2223 pracipit;
3510 2158 3571 2206 ut

1977 2233 2156 2289 bonus
2198 2234 2346 2290 enim
2394 2237 2481 2291 vel
2529 2237 2786 2309 profusus
2824 2239 3050 2311 largitor
3088 2256 3305 2296 causam
3351 2241 3566 2312 quaerit,

1975 2323 2252 2396 quomodo
2307 2323 2473 2381 donet
2515 2334 2608 2382 aut
2638 2327 2901 2400 indignis,
2933 2337 3028 2385 aut
3056 2330 3406 2388 verecundis.
3453 2332 3570 2386 De-

1975 2412 2140 2483 nique
2177 2421 2238 2468 ut
2285 2413 2400 2485 ipsa
2428 2416 2597 2472 exitia
2645 2417 2864 2474 tolerari
2908 2419 3142 2490 possint,
3173 2419 3290 2492 ipse
3322 2418 3568 2492 suggerit

1974 2517 2138 2556 Vll'eS.

2047 2590 2229 2660 (Vers.
2277 2592 2390 2661 19.)
2436 2615 2454 2638 ι
2506 2593 2642 2648 Nam
2682 2595 3020 2665 exspectatio
3070 2607 3334 2653 creaturae
3365 2598 3571 2653 revela-

1974 2679 2182 2734 tionem
2209 2679 2454 2734 ﬁliorum
2484 2682 2583 2736 Dei
2600 2690 2899 2751 exspectat.
2925 2708 2943 2730 ι
2980 2684 3254 2750 Quoniam
3285 2685 3570 2755 praesentis

1974 2769 2239 2836 temporis
2264 2769 2542 2839 passiones
2568 2769 2822 2841 indignas
2842 2770 2989 2826 dixit
3015 2772 3084 2826 ad
3115 2781 3568 2842 superventuram

1976 2854 2230 2925 gloriam,
2289 2855 2524 2928 subjecit
2575 2857 2722 2928 quod
2767 2866 3015 2913 creatura
3042 2858 3148 2915 hoc
3176 2866 3477 2931 exspectat,
3509 2868 3571 2915 ut

1975 2943 2318 3014 compleatur
2357 2961 2617 3000 numerus
2671 2945 2914 3002 ﬁliorum
2966 2948 3086 3017 Dei,
3139 2947 3445 3003 destinatus
3499 2947 3565 3002 ad

1975 3031 2181 3088 vitam:
2233 3042 2293 3089 ut
2344 3040 2476 3090 tunc
2513 3034 2736 3091 demum
2767 3038 2932 3092 etiam
2972 3038 3089 3110 ipsa
3117 3047 3368 3094 creatura
3396 3038 3566 3110 possit

1975 3121 2196 3178 liberari
2255 3140 2284 3178 a
2328 3124 2593 3182 servitute
2649 3128 3043 3200 corruptionis,
3075 3138 3129 3185 et
3185 3145 3396 3187 cessare
3425 3146 3457 3185 a
3485 3128 3562 3185 vi-

1972 3212 2049 3266 tio
2078 3213 2220 3284 (20).

2039 3302 2220 3371 (Vers.
2252 3302 2366 3374 20.)
2405 3327 2423 3351 ι
2466 3304 2709 3361 Vanitati
2742 3305 2890 3360 enim
2920 3314 3170 3363 creatura
3203 3307 3454 3379 subjecta
3480 3315 3565 3363 est

1967 3407 2080 3446 non
2111 3392 2440 3448 voluntaria.
2475 3418 2493 3442 ι
2544 3394 2607 3448 In
2646 3395 2872 3450 Domini
2912 3404 2967 3450 et
3008 3396 3272 3452 creatoris
3297 3403 3566 3467 potestate
3644 3387 3648 3392 ’

1968 3481 2146 3552 posita
2192 3489 2460 3552 creatura,
2521 3499 2633 3538 non
2690 3485 2880 3556 utique
2946 3493 3140 3557 sponte
3195 3485 3440 3557 subjecta
3485 3494 3566 3541 est

1967 3571 2200 3627 vanitati
2225 3591 2238 3640 ;
2272 3590 2385 3628 non
2425 3575 2574 3629 enim
2605 3575 2848 3646 proderit
2867 3575 2976 3631 sibi
3005 3575 3153 3649 quod
3184 3575 3432 3647 subjecta
3459 3585 3563 3645 est,

1965 3660 2059 3716 sed
2100 3661 2278 3719 nobis.
2311 3662 2456 3730 Quid
2510 3670 2592 3718 est
2625 3679 2754 3735 ergo
2803 3663 2861 3718 in
2897 3681 3006 3737 quo
3050 3665 3285 3721 vanitati
3316 3664 3564 3737 subjecta

1965 3760 2067 3820 est,
2107 3753 2214 3808 nisi
2247 3753 2375 3825 quia
2399 3771 2518 3826 quae
2557 3762 2794 3824 generat,
2837 3755 3044 3811 caduca
3071 3757 3247 3812 sunt?
3283 3757 3556 3828 Operatur

1966 3841 2135 3912 enim,
2193 3848 2254 3897 ut
2310 3842 2522 3898 fructus
2586 3844 2750 3900 faciat
2801 3846 3192 3917 corruptibiles
3228 3865 3238 3902 :
3281 3846 3564 3918 corruptio

1965 3946 2092 4002 ergo
2122 3930 2238 4002 ipsa
2289 3931 2503 3987 vanitas
2529 3940 2609 3988 est
2640 3950 2652 3999 ;
2687 3934 2875 3990 omnia
2923 3935 3075 3990 enim
3109 3952 3228 4008 quae
3258 3942 3562 3991 nascuntur

1965 4018 2024 4073 in
2055 4019 2283 4084 mundo,
2317 4020 2556 4091 inﬁrma,
2607 4023 2809 4080 caduca
2847 4033 2900 4080 et
2929 4023 3336 4095 corruptibilia,
3369 4039 3432 4076 ac
3461 4038 3556 4092 per

1966 4107 2070 4164 hoc
2097 4125 2236 4166 vana
2260 4119 2407 4166 sunt.
2457 4113 2612 4168 Vana
2639 4121 2767 4168 sunt
2797 4113 2967 4179 enim,
3011 4113 3141 4184 quia
3170 4119 3371 4165 statum
3401 4126 3561 4165 suum

1964 4207 2147 4256 tenere
2203 4220 2315 4260 non
2369 4216 2633 4277 possunt:
2698 4223 2826 4260 nam
2880 4215 3079 4261 cuncta
3134 4202 3438 4259 deformata
3468 4219 3563 4276 per

1965 4288 2179 4347 ﬂuxum
2227 4311 2442 4364 semper
2471 4296 2530 4350 in
2575 4311 2634 4349 se
2689 4295 2922 4350 redeunt
2947 4293 3175 4348 confusa
3197 4293 3252 4347 in
3284 4301 3557 4349 naturam.

1966 4385 2060 4441 75
2112 4388 2227 4444 Hoc
2275 4385 2410 4440 dicit
2438 4384 2505 4439 de
2546 4383 2634 4438 his
2663 4393 2716 4438 et
2754 4383 3037 4452 Salomon,
3067 4385 3196 4457 quia
3225 4384 3414 4439 omnia
3442 4383 3559 4440 haec

1962 4477 2176 4530 vanitas
2226 4475 2422 4547 (Eccle.
2457 4492 2497 4539 Ι,
2536 4474 2617 4545 2).
2649 4473 2758 4530 Nec
2812 4472 3090 4530 discordat
3127 4473 3196 4528 ab
3240 4473 3328 4528 his
3356 4473 3554 4542 David,

1964 4566 2152 4622 dicens
2185 4584 2196 4620 :
2245 4590 2264 4612 ι
2295 4565 2688 4621 Verumtamen
2713 4565 2928 4621 vanitas
2957 4564 3142 4619 omnis
3168 4563 3334 4620 homo
3367 4564 3560 4618 vivens

1963 4657 2143 4728 (Psal.
2175 4671 2420 4722 xxxvm,
2460 4654 2539 4726 6).
2573 4680 2591 4702 ι
2634 4653 2964 4710 Manducare
2991 4653 3141 4707 enim
3175 4660 3229 4708 et
3258 4652 3469 4720 bibere,
3507 4659 3560 4707 et

1963 4762 2050 4800 res
2098 4744 2289 4799 mundi
2317 4759 2530 4811 curare,
2575 4758 2756 4798 nonne
2806 4741 3022 4797 vanitas
3068 4749 3154 4797 est
3184 4742 3210 4797 ?
3239 4742 3311 4797 Et
3340 4741 3559 4814 prodest

1965 4841 2147 4889 tamen
2193 4833 2310 4902 ipsa
2339 4831 2588 4897 vanitas;
2623 4830 2841 4901 proﬁcit
2871 4831 3016 4885 enim
3064 4830 3385 4887 hominibus
3415 4830 3560 4887 natis

1965 4923 2022 4978 in
2074 4921 2300 4989 mundo,
2361 4929 2422 4976 ut
2478 4936 2571 4992 per
2627 4919 2742 4976 haec
2796 4920 2854 4975 in
2900 4921 3222 4992 corporibus
3249 4921 3558 4988 exercitati,

1963 5013 2178 5069 discant
2233 5011 2580 5084 mysterium.
2617 5010 2911 5069 Creatoris.
2959 5011 3048 5067 Ad
3093 5010 3557 5083 comparationem

1963 5103 2111 5159 enim
2141 5111 2471 5160 aeternorum
2505 5117 2645 5157 vana
2674 5109 2840 5169 sunt;
2873 5118 3000 5158 nam
3022 5101 3080 5157 in
3110 5117 3211 5157 suo
3243 5101 3389 5158 bona
3406 5106 3555 5165 sunt,

1963 5192 2163 5265 quippe
2193 5209 2318 5250 cum
2371 5193 2481 5248 sint
2520 5193 2842 5248 necessaria.

1963 5381 2094 5420 vero
2123 5364 2238 5430 alii,
2274 5363 2493 5419 liberari
2519 5383 2553 5418 a
2590 5365 2836 5420 servitute
2875 5363 3252 5434 corruptionis,
3283 5369 3330 5416 et
3355 5374 3556 5434 cessare

1962 5455 1996 5508 ᾳ
2041 5429 2273 5499 servitio,
2318 5436 2609 5508 quidam...
2642 5443 2689 5491 et
2735 5442 2959 5491 cessaret
2983 5429 3050 5508 in-
3072 5434 3196 5508 vitia
3227 5450 3240 5495 ;
3274 5429 3400 5487 cod.
3435 5435 3552 5484 tan-

1965 5507 2086 5580 dem
2127 5507 2312 5580 Corb.,
2333 5505 2568 5563 liberari
2611 5510 2677 5564 ab
2705 5508 2870 5580 ofﬁcio
2897 5505 3186 5570 servitutis,
3217 5508 3264 5555 et
3298 5517 3550 5571 pausare.

1963 5579 2178 5637 Thuan.
2202 5579 2376 5646 addit,
2408 5582 2462 5635 in
2487 5580 2612 5635 otio.
