4150 6194
481 272 580 336 131

1492 279 1589 334 ΑΙ)
1630 267 1865 334 OPEBA
1901 276 1956 333 S.
1999 271 2332 335 AMBROSII
2369 273 2749 335 APPENDIX.

3672 278 3774 341 132

554 407 738 478 (Vers.
768 407 886 479 21.)
933 431 952 454 ι
979 406 1085 464 Sed
1128 415 1352 480 propter
1376 423 1501 463 eum
1531 406 1624 479 qui
1655 404 1889 476 subjecit
1915 404 2065 460 illam
2098 406 2460 474 Ancordiam;
2515 414 2577 462 ut
2639 415 2876 480 quatuor
2922 405 3139 480 angulis
3195 408 3410 478 pulsata
3457 407 3676 480 domus,
3703 429 3773 469 ex

477 497 536 554 in
583 513 697 570 spe.
744 522 762 544 ι
825 497 956 565 Quae
1000 513 1125 570 spes
1165 498 1256 566 sit,
1302 497 1487 554 statim
1534 495 1786 566 subjecit,
1834 495 2068 550 dicens:

492 612 510 634 ι
551 587 826 654 Quoniam
873 596 929 643 et
959 588 1076 660 ipsa
1104 595 1351 644 creatura
1400 584 1723 641 liberabitur
1749 601 1782 639 a
1809 585 2073 640 servitute

477 677 801 748 corruptelae
863 676 923 733 in
966 677 1273 734 libertatem
1333 674 1519 747 glorias
1565 673 1809 729 ﬁliorum
1869 673 1988 730 Dei.
2039 697 2090 720 ι-

477 766 750 834 Quoniam
809 766 1183 823 contradicere
1237 781 1347 819 non
1401 771 1581 835 potest
1609 769 1857 819 creatura
1885 761 2071 819 condi-

476 855 582 912 tori
613 873 733 924 suo,
766 854 885 927 ejus
921 871 1082 910 causa
1112 853 1356 923 subjecta
1386 862 1467 908 est
1497 868 1608 907 non
1649 852 1767 907 sine
1805 867 1920 924 spe.
1968 851 2070 906 Ha-

476 943 568 1000 bet
612 945 759 1000 enim
798 945 856 998 in
903 943 1088 998 labore
1135 943 1312 1014 posita
1360 942 1466 998 hoc
1495 942 1774 1010 solatium,
1809 941 2071 1014 quoniam

481 1033 706 1089 habebit
730 1032 994 1104 requiem,
1029 1048 1154 1090 cum
1185 1032 1521 1087 crediderint
1549 1047 1760 1099 omnes,
1792 1047 1930 1103 quos
1968 1033 2074 1087 scit

476 1124 620 1178 Deus
648 1121 974 1184 credituros.
1005 1137 1239 1194 quorum
1271 1123 1435 1177 etiam
1467 1139 1629 1179 causa
1658 1123 1895 1194 subjecit
1928 1143 1938 1179 :

547 1211 733 1283 (Vers.
763 1211 880 1282 22.)
921 1235 941 1259 ε
979 1210 1194 1268 Scimus
1246 1213 1398 1267 enim
1439 1211 1584 1284 quod
1616 1214 1797 1270 omnis
1825 1222 2073 1270 creatura

475 1299 788 1372 ingemiscit
845 1308 900 1356 et
952 1301 1188 1372 parturit
1216 1317 1391 1374 usque
1463 1300 1662 1360 adhuc.
1695 1328 1713 1351 ι
1795 1303 2071 1358 Parturire

477 1387 667 1444 dolere
695 1397 797 1445 est.
831 1389 951 1461 Ipse
978 1405 1172 1446 sensus
1199 1398 1300 1458 est,
1331 1391 1461 1463 quia
1485 1392 1671 1448 omnis
1697 1400 1947 1448 creatura
1975 1409 2072 1465 per

474 1477 858 1550 quotidianum
919 1478 1160 1536 laborem
1219 1479 1532 1552 ingemiscit
1585 1491 1638 1537 et
1693 1481 1840 1536 dolet
1888 1497 2070 1553 usque

478 1567 660 1624 modo.
714 1569 894 1642 Usque
941 1569 1107 1625 modo
1151 1569 1345 1625 tandiu
1386 1569 1682 1642 signiﬁcat,
1722 1569 1967 1642 quandiu
1997 1571 2068 1624 le-

475 1657 640 1728 gitur.
674 1659 798 1729 Ipsa
833 1659 980 1714 enim
1015 1658 1285 1714 elementa
1315 1675 1441 1715 cum
1475 1658 1850 1715 sollicitudine
1878 1675 2069 1730 operas

2183 495 2368 568 aliqua
2406 504 2558 568 parte
2590 496 2758 552 faciat
2789 496 3030 552 ruinam.
3060 495 3288 566 Propter
3315 495 3464 568 quod
3493 514 3607 555 uno
3631 515 3779 556 con—

2182 585 2308 640 silio
2365 585 2687 656 fugiendum
2735 592 2817 643 est
2874 585 3008 642 hinc
3047 579 3416 653 Christianis;
3457 589 3775 661 exemplum

2183 675 2329 730 enim
2384 674 2586 731 debent
2639 675 2793 749 sequi
2856 675 3032 731 sancti
3089 674 3397 742 Simeonis,
3446 677 3543 749 qui
3597 679 3777 736 sciens

2181 767 2390 823 bellum
2447 765 2540 821 hic
2581 767 2693 838 geri
2736 774 2927 822 contra
2977 765 3284 837 perﬁdiam,
3317 765 3373 820 in
3404 782 3534 837 pace
3567 767 3776 826 dimitti

2181 881 2238 921 se
2293 862 2596 935 postulavit
2643 863 2795 934 (Luc.
2853 880 2912 929 ιι,
2965 862 3079 930 29).
3139 863 3254 918 Hoc
3283 871 3364 919 est
3394 864 3540 936 quod
3570 865 3776 938 singuli

2182 964 2398 1010 orantes
2448 970 2547 1026 pro
2600 952 2860 1008 omnibus
2905 967 3146 1019 oramus,
3199 959 3261 1007 ut
3309 953 3495 1029 veniat
3547 971 3776 1027 regnum

2182 1044 2280 1100 Dei
2323 1045 2536 1113 (Matth.
2586 1061 2666 1112 vr,
2716 1041 2826 1112 10);
2880 1049 3012 1098 tunc
3041 1043 3186 1097 enim
3219 1042 3324 1097 erit
3360 1043 3615 1101 liberatio
3643 1061 3779 1102 cor—

2184 1134 2332 1205 poris
2381 1133 2576 1200 nostri,
2629 1131 2684 1187 id
2742 1141 2842 1200 est,
2899 1132 3149 1186 omnium
3198 1130 3670 1200 Christianorum;
3719 1135 3777 1190 in

2181 1238 2408 1294 corpore
2461 1221 2609 1277 enim
2658 1237 2851 1277 omnes
2876 1220 3236 1292 signiﬁcavit,
3266 1220 3395 1292 quia
3420 1237 3610 1277 sumus
3638 1223 3781 1280 alter

2182 1312 2406 1368 alterius
2429 1309 2691 1366 membra.
2727 1309 3026 1382 Apostolus
3062 1308 3286 1382 quidem
3317 1310 3475 1382 quasi
3504 1311 3594 1366 vir
3619 1311 3778 1367 divi-

2181 1417 2286 1457 nus
2340 1400 2478 1456 bene
2530 1400 2698 1456 sentit
2744 1399 2811 1455 de
2859 1398 3041 1468 nobis,
3080 1399 3269 1456 dicens
3294 1400 3424 1474 quia
3453 1401 3781 1473 ingemisci-

2181 1509 2322 1560 mus,
2374 1498 2435 1547 ut
2481 1489 2613 1546 hinc
2655 1489 2976 1557 liberemur,
3005 1490 3148 1545 sicut
3177 1497 3230 1544 et
3260 1490 3654 1562 ingemiscebat
3677 1492 3780 1548 Si-

2179 1597 2377 1636 meon:
2434 1578 2529 1636 sed
2581 1577 2742 1634 video
2805 1577 3172 1634 oblectatione
3219 1577 3413 1633 mundi
3448 1594 3548 1633 nos
3576 1579 3775 1634 teneri.

2177 1667 2351 1741 Igitur
2379 1684 2475 1741 per
2505 1669 2622 1724 haec
2651 1684 2771 1740 quae
2804 1683 2970 1739 supra
2996 1666 3144 1723 dicta
3163 1675 3311 1735 sunt,
3343 1666 3584 1723 ostendit
3611 1683 3780 1740 quam

473 1762 598 1803 suas
627 1745 916 1816 exhibent,
965 1747 1096 1820 quia
1136 1755 1192 1802 et
1233 1747 1313 1803 sol
1354 1754 1409 1802 et
1437 1748 1571 1802 luna
1598 1763 1709 1802 non
1729 1747 1847 1803 sine
1888 1747 2070 1804 labore
2100 1760 2146 1820 Β
2181 1759 2296 1814 vim
2358 1766 2608 1814 creatura
2654 1751 2897 1828 patiatur
2942 1755 3118 1812 nostri
3167 1772 3352 1825 causa,
3400 1773 3522 1812 cum
3556 1757 3781 1830 quando

472 1842 676 1890 statuta
727 1833 831 1890 sibi
887 1834 1120 1906 implent
1142 1836 1341 1907 spatia,
1399 1845 1453 1892 et
1477 1837 1706 1908 spiritus
1743 1837 2068 1894 animalium

473 1938 672 1994 magno
701 1925 908 1997 gemitu
937 1933 1181 1982 arctatur
1208 1926 1275 1982 ad
1306 1925 1621 1983 exhibenda
1649 1926 1916 1994 servitia;
1940 1945 2069 1983 nam

475 2012 728 2070 videmus
757 2014 855 2070 illa
899 2016 1173 2086 gementia
1202 2015 1321 2088 cogi
1363 2015 1539 2071 invita
1562 2016 1630 2072 ad
1657 2016 1920 2072 laborem.
1945 2017 2073 2073 Haec

473 2118 599 2174 ergo
629 2103 818 2160 omnia
843 2111 1163 2178 exspectant
1212 2105 1482 2179 requiem,
1514 2113 1576 2162 ut
1605 2121 1636 2160 a
1683 2105 1874 2161 servili
1905 2121 2070 2177 opere

475 2191 794 2250 liberentur.
840 2193 896 2250 Si
939 2203 1121 2250 autem
1169 2193 1289 2251 haec
1333 2196 1772 2264 essetservitus,
1831 2212 1954 2267 quas
2001 2194 2069 2250 ad

472 2282 647 2336 Deum
678 2281 968 2354 proﬁceret
993 2283 1440 2354 promerendum,
1465 2284 1742 2357 gauderet,
1780 2302 1891 2340 non
1921 2285 2070 2340 dole-

472 2378 555 2425 ret
595 2379 874 2427 creatura:
907 2371 1002 2428 sed
1057 2372 1188 2446 quia
1240 2375 1416 2430 nostri
1472 2391 1638 2430 causa
1699 2373 1946 2446 subjecta
1988 2384 2071 2431 est

472 2460 734 2516 servituti
782 2461 1174 2532 corruptionis,
1213 2462 1383 2519 dolet.
1440 2464 1606 2521 Videt
1635 2465 1782 2520 enim
1817 2465 2072 2537 quotidie

477 2566 642 2622 opera
669 2568 771 2606 sua
797 2552 1023 2609 interire
1053 2571 1066 2621 ;
1102 2554 1349 2626 quotidie
1387 2555 1533 2610 enim
1577 2555 1755 2610 oritur
1784 2563 1838 2611 et
1865 2556 2070 2612 occidit

473 2639 592 2709 (21)
651 2657 789 2711 opus
837 2641 977 2713 ejus.
1035 2643 1199 2699 Recte
1243 2659 1370 2716 ergo
1420 2643 1590 2713 dolet,
1637 2644 1797 2715 cujus
1825 2645 2070 2718 Operatio

474 2742 585 2785 non
633 2729 700 2785 ad
741 2731 1100 2789 aeternitatem
1131 2734 1389 2805 pertinet,
1419 2734 1512 2791 sed
1533 2735 1603 2791 ad
1632 2735 2065 2808 corruptionem.

469 2819 748 2888 Quantum
780 2841 907 2894 ergo
937 2824 1100 2880 datur
1128 2825 1384 2897 intelligi,
1427 2825 1560 2882 satis
1579 2827 1647 2882 de
1676 2835 1866 2883 nostra
1892 2828 2070 2882 salute

470 2911 711 2967 sollicita
755 2921 903 2981 sunt,
954 2914 1189 2970 scientes
1217 2914 1286 2969 ad
1322 2914 1705 2972 liberationem
1751 2933 1907 2972 suam
1931 2933 2069 2989 pro—

469 2996 632 3054 ﬁcere
687 3001 975 3069 maturius,
1029 3002 1075 3057 si
1136 3002 1328 3058 modo-
1355 3020 1455 3059 nos
1504 3005 1670 3061 citius
1711 3021 2070 3077 agnoscamus

2180 1867 2281 1906 nos
2335 1849 2535 1923 quibus
2585 1847 2909 1921 obsequium
2967 1845 3085 1918 ejus
3131 1845 3368 1918 proﬁcit,
3417 1846 3619 1920 quique
3676 1848 3780 1903 Dei

2180 1945 2448 2018 Spiritum
2503 1944 2809 2016 adjutorem
2865 1942 3168 2011 habemus,
3224 1941 3658 2014 ingemiscimus,
3718 1950 3783 1998 ut

2182 2035 2312 2091 hinc
2364 2034 2679 2103 liberemur,
2726 2041 2788 2089 ut
2809 2033 3079 2105 promissa
3101 2047 3502 2103 consequamur
3530 2030 3778 2103 praemia.

2180 2124 2398 2192 Quanto
2438 2123 2610 2195 magis
2654 2139 2783 2195 ergo
2812 2129 3064 2178 creatura
3092 2120 3423 2192 ingemiscit,
3453 2136 3572 2193 quae
3603 2136 3784 2193 neque

2179 2213 2485 2287 adjutorem
2529 2213 2692 2268 habet
2738 2211 3005 2284 Spiritum
3053 2219 3328 2279 sanctum,
3385 2226 3559 2283 neque
3591 2210 3649 2265 in
3682 2227 3784 2267 sua

2180 2320 2342 2361 causa
2373 2303 2615 2360 laborat:
2649 2301 2836 2357 addito
2867 2299 2991 2368 hoc,
3024 2299 3172 2373 quod
3201 2316 3262 2356 ea
3305 2316 3425 2372 qua:
3465 2299 3647 2356 labore
3675 2317 3780 2356 suo

2180 2401 2421 2466 generat,
2455 2400 2515 2447 ut
2536 2391 2813 2447 alimentis
2833 2405 3120 2446 servorum
3148 2389 3246 2445 Dei
3264 2388 3572 2461 proﬁciant,
3588 2398 3784 2445 contra

2180 2484 2262 2540 fas
2291 2482 2443 2537 videt
2473 2480 2638 2535 idolis
2666 2478 2944 2535 immolari
2968 2479 2979 2534 l
3025 2477 3180 2534 Unde
3207 2479 3326 2550 plus
3355 2477 3527 2548 dolet,
3551 2488 3606 2534 et
3625 2487 3783 2550 optat

2178 2571 2344 2628 citius
2377 2567 2621 2636 liberari,
2662 2572 2756 2629 76
2787 2566 2965 2624 sciens
2994 2565 3100 2623 hoc
3135 2566 3204 2622 ad
3229 2565 3492 2639 injuriam
3513 2564 3780 2638 proﬁcere

2179 2666 2471 2726 Creatoris.

2254 2758 2435 2829 (Vers.
2499 2758 2614 2828 24.)
2681 2782 2700 2805 ι
2743 2758 2847 2830 Spe
2907 2757 3056 2813 enim
3113 2755 3310 2812 salvati
3358 2771 3608 2812 sumus.-
3660 2753 3782 2811 Hoc

2179 2846 2338 2915 dicit,
2361 2847 2491 2920 quia
2510 2847 2780 2920 sperando
2808 2846 2954 2919 quod
2984 2846 3239 2919 promisit
3265 2847 3412 2902 Deus
3442 2845 3499 2900 in
3530 2843 3777 2912 Christo,

2179 2939 2341 2995 nobis
2371 2938 2629 2994 meritum
2661 2937 2911 3005 fecimus,
2940 2945 3002 2992 ut
3041 2935 3356 2992 liberemur.
3390 2935 3534 3007 Ergo
3565 2933 3623 2989 in
3653 2948 3782 3005 spes

2177 3027 2395 3084 liberati
2442 3045 2652 3095 sumus,
2681 3026 2813 3100 quia
2841 3042 2955 3083 non
2984 3023 3139 3082 aliud
3174 3024 3424 3080 futurum
3469 3030 3572 3092 est,
3604 3037 3773 3095 quam

470 3095 769 3144 auctorem.
829 3090 955 3146 Haec
995 3089 1178 3163 itaque
1207 3090 1460 3160 scientes,
1495 3093 1645 3148 omni
1687 3110 1818 3150 cura
1839 3093 2068 3168 diligen-
2096 3122 2140 3183 ρ
2175 3117 2473 3176 credimus.

470 3177 655 3248 tiaque
709 3178 904 3249 dignos
960 3196 1061 3236 nos
1127 3179 1483 3252 praebeamus,
1543 3183 1668 3239 aliis
1719 3200 1938 3256 quoque
2004 3191 2066 3239 ut

469 3267 721 3337 exemplo
749 3265 942 3336 simus,
973 3285 1085 3325 non
1108 3279 1295 3325 nostra
1325 3271 1506 3326 solum
1538 3273 1890 3329 miseratione
1919 3291 2066 3330 com-

469 3356 624 3423 moti,
655 3355 748 3412 sed
779 3363 834 3412 et
861 3356 978 3428 ejus
1009 3374 1172 3415 causa
1200 3375 1323 3431 quae
1355 3359 1552 3417 diebus
1581 3378 1646 3417 ac
1682 3362 1938 3418 noctibus
1967 3363 2066 3418 in-

461 3442 636 3514 jurias
684 3446 898 3517 patiens
927 3447 1275 3519 ingemiscit;
1333 3449 1573 3505 solemus
1601 3450 1750 3506 enim
1781 3450 1839 3506 in
1871 3450 2066 3508 alienis

467 3535 646 3589 causis
680 3536 1005 3606 propensius
1034 3537 1282 3608 vigilare.

537 3642 720 3714 (Vers.
765 3643 880 3716 23.)
924 3669 942 3692 ‹
983 3645 1104 3701 Non
1147 3646 1328 3702 solum
1373 3656 1554 3704 autem
1601 3649 1718 3718 illa,
1758 3649 1854 3706 sed
1881 3660 1934 3707 et
1962 3668 2063 3710 nos

463 3741 558 3814 qui
606 3743 1011 3813 receptaculum
1042 3743 1286 3814 Spiritus
1315 3744 1606 3815 habemus,
1654 3765 1756 3804 nos
1785 3748 1889 3821 ipsi
1918 3749 2062 3806 intra

461 3843 677 3890 nosmet
720 3833 867 3906 ipsos
931 3834 1365 3906 ingemiscimus,
1418 3845 1798 3909 exspectantes
1854 3839 2059 3895 redem-

461 3924 706 3996 ptionem
737 3925 983 3998 corporis
1020 3926 1214 3982 nostri.
1247 3951 1264 3973 ι
1319 3926 1447 3984 Post
1477 3939 1790 3985 creaturam
1824 3929 2059 3986 munda-

461 4028 584 4068 nam
616 4012 818 4087 adjecit
856 4015 1020 4071 etiam
1069 4031 1169 4071 nos
1220 4013 1326 4071 hoc
1365 4026 1699 4088 exspectare,
1729 4028 1782 4074 et
1817 4019 2059 4090 ingemi-

457 4119 606 4161 scere
634 4104 702 4160 ad
736 4106 935 4172 Deum,
965 4114 1029 4161 ut
1074 4105 1208 4162 hinc
1231 4104 1532 4162 liberemur
1569 4107 1755 4163 cuncti
1799 4107 2056 4176 desdnati

458 4193 525 4248 ad
557 4192 728 4250 vitam
755 4211 768 4249 :
792 4198 920 4267 quia
951 4194 1286 4254 Christianis
1307 4194 1548 4252 mundus
1581 4194 1675 4253 hic
1712 4197 1934 4270 pelagus
1952 4209 2051 4255 est.

458 4281 612 4339 Sicut
641 4285 787 4339 enim
821 4303 969 4342 mare
989 4287 1234 4346 adversis
1254 4289 1528 4346 excitatur
1555 4289 1830 4363 procellis,
1856 4289 2053 4358 insilit,

457 4381 511 4428 et
543 4381 922 4444 tempestatem
978 4378 1376 4448 navigantibus
1405 4379 1538 4435 facit
1563 4397 1575 4434 :
1599 4378 1676 4434 ita
1705 4388 1759 4435 et
1791 4379 2051 4435 saeculum

2261 3233 2277 3256 ι
2307 3207 2439 3278 Spes
2467 3215 2648 3264 autem
2679 3223 2799 3278 quas
2831 3205 3073 3276 videtur,
3105 3220 3216 3260 non
3245 3212 3327 3260 est
3352 3219 3491 3276 spes.
3532 3226 3549 3249 ι
3583 3201 3774 3258 Mani-

2176 3298 2374 3354 festum
2407 3306 2488 3352 est
2516 3313 2627 3352 non
2658 3311 2773 3352 esse
2785 3311 2936 3369 spem
2967 3312 3086 3369 quas
3107 3293 3346 3362 videtur,
3370 3292 3465 3350 sed
3493 3290 3642 3366 quod
3658 3307 3772 3346 non

2173 3387 2432 3452 videtur;
2485 3402 2547 3441 ac
2593 3401 2688 3456 per
2731 3385 2840 3440 hoc
2879 3384 3166 3441 credentes
3210 3381 3454 3456 praemiis
3490 3378 3769 3437 aﬂiciendi

2173 3485 2322 3542 sunt,
2344 3475 2472 3547 quia
2501 3491 2620 3547 qua:
2650 3490 2763 3530 non
2792 3472 3004 3541 vident,
3031 3479 3268 3546 sperant.

2255 3567 2562 3639 (Vers.25.)
2628 3593 2644 3613 ι
2681 3567 2816 3622 Nam
2863 3565 3010 3638 quod
3039 3564 3192 3621 videt
3211 3563 3356 3636 quis,
3385 3561 3519 3635 quid
3549 3560 3772 3634 sperat?

2171 3656 2276 3714 Sed
2306 3657 2351 3712 si
2383 3656 2529 3729 quod
2559 3673 2668 3711 non
2699 3655 2978 3724 videmus,
3004 3671 3306 3727 speramus,
3327 3669 3424 3725 per
3443 3651 3768 3725 patientiam

2171 3755 2567 3819 exspectamus.
2593 3771 2610 3793 ι
2649 3746 2893 3802 Dubium
2933 3761 3045 3802 non
3075 3754 3156 3801 est
3185 3761 3248 3801 ea
3275 3742 3479 3817 sperari
3506 3758 3627 3814 qua:
3653 3757 3769 3797 non

2170 3835 2429 3892 videntur
2462 3855 2475 3903 ;
2533 3843 2922 3907 exspectantur
2951 3834 3097 3890 enim
3131 3835 3334 3890 futura.
3367 3832 3498 3888 Hec
3530 3845 3769 3902 exspec—

2169 3925 2307 3980 tatio
2340 3925 2604 3998 patientia
2629 3933 2731 3994 est,
2769 3941 2889 3997 quas
2923 3924 3162 3980 multum
3193 3931 3433 3986 meretur
3463 3937 3493 3976 a
3517 3922 3629 3977 Deo
3655 3937 3667 3974 :
3699 3926 3766 3974 ut

2169 4012 2236 4071 de
2283 4015 2371 4071 die
2417 4015 2476 4070 in
2527 4013 2674 4070 diem
2723 4021 3049 4085 exspectans
3093 4013 3281 4086 cupiat
3311 4011 3500 4067 venire
3532 4024 3762 4081 regnum

2167 4106 2289 4173 Dei,
2321 4113 2373 4160 et
2402 4119 2513 4160 non
2543 4103 2779 4171 dubitet,
2813 4101 2941 4176 quia
2970 4101 3165 4158 tardat.
3507 4157 3513 4164 ,

2241 4195 2423 4267 (Vers.
2477 4193 2594 4264 26.)
2656 4217 2672 4238 ι
2705 4191 2974 4249 Similiter
2995 4199 3179 4247 autem
3209 4199 3262 4248 et
3283 4189 3512 4264 spiritus
3536 4187 3762 4261 adjuvat

2164 4284 2544 4342 inﬁrmitatem
2589 4289 2791 4338 nostrae
2822 4282 3110 4338 orationis.
3142 4306 3160 4329 ι
3203 4280 3476 4348 Quoniam
3508 4277 3762 4351 superius

2164 4374 2520 4449 ingemiscere
2574 4390 2695 4440 nos,
2749 4379 2804 4430 ct
2846 4371 3053 4444 precari
3110 4370 3493 4427 liberationem
3539 4383 3760 4424 memo-

456 4459 789 4532 perﬁdorum
854 4464 1260 4535 conspiratione
1343 4477 1706 4534 commotum,
1769 4467 2052 4539 perturbat
2080 4482 2129 4540 D
2165 4468 2328 4536 ravit,
2361 4475 2414 4523 et
2443 4467 2500 4522 in
2530 4466 2722 4522 dolore
2753 4465 2939 4538 positi,
2972 4472 3198 4538 antqua:
3227 4463 3386 4536 longe
3407 4462 3592 4518 futura
3610 4460 3760 4516 dicta

456 4547 705 4604 ﬁdelium
748 4559 960 4606 mentes
989 4569 999 4606 :
1033 4560 1086 4607 et
1127 4560 1279 4608 tanta
1327 4552 1645 4610 diversitate
1676 4554 1781 4612 hoc
1810 4557 1920 4628 agit
1949 4556 2050 4610 ini-

455 4638 652 4706 micus,
676 4648 738 4695 ut
770 4640 903 4713 quid
945 4640 1098 4712 prius
1117 4640 1441 4697 evitandum
1465 4643 1556 4712 sit,
1589 4643 1874 4716 ignoretur
1905 4646 2047 4717 (22).

453 4728 510 4784 Si
549 4728 697 4785 enim
729 4739 967 4801 potestas
997 4731 1202 4789 desinit
1247 4749 1362 4790 esse
1391 4734 1684 4792 adversum
1716 4753 1834 4805 nos,
1868 4736 2046 4808 priva-

452 4825 634 4875 torum
665 4829 874 4877 mentes
902 4822 1144 4895 exagitat
1173 4841 1184 4879 :
1217 4824 1263 4879 si
1317 4833 1371 4880 et
1401 4823 1458 4879 hi
1489 4835 1923 4897 compescantur,
1954 4841 2051 4897 per

450 4905 782 4965 domesticos
827 4910 1030 4969 conﬁat
1073 4912 1431 4982 incendium;
1482 4925 1537 4972 et
1565 4916 1611 4970 si
1654 4917 1759 4972 hoc
1805 4915 2044 4988 positum

451 4998 619 5055 fuerit
660 5000 777 5073 (23)
815 5010 933 5058 arte
961 5017 1060 5059 sua
1087 5002 1232 5058 inter
1289 5002 1436 5074 ipsos
1464 5019 1749 5076 germanos
1780 5004 1912 5060 facit
1939 5002 2047 5058 dis-

519 5189 643 5272 (21)
689 5189 1448 5272 Μεειβιὶίιιιοῐκτηονίιιινρτ
1484 5194 1687 5250 occidit.
1735 5193 1885 5272 Infra
1914 5211 2044 5272 vero

449 5259 545 5338 ubi
590 5259 713 5338 nos,
763 5261 896 5318 edit.
937 5259 1162 5338 Amerb.
1221 5266 1516 5338 cunctique
1547 5283 1709 5338 mss.,
1729 5267 1947 5338 scientes
1973 5269 2045 5322 ad

452 5333 810 5390 liberationem
851 5350 1023 5391 suam.
1069 5335 1273 5391 Verum
1325 5333 1456 5392 huic
1507 5337 1716 5393 auctori
1771 5354 1882 5393 non
1937 5337 2044 5396 hoc

450 5411 665 5480 tantum
695 5408 815 5462 loco
845 5407 1076 5478 contigit
1107 5407 1406 5480 incongrue
1436 5408 1607 5480 loqui.

550 5477 642 5560 22)
684 5480 814 5560 Tres
840 5494 970 5534 mss.
1012 5477 1191 5560 verbo;
1211 5477 1485 5560 {adoretur
1509 5477 1752 5560 addunt,
1773 5498 1881 5535 non
1905 5481 2040 5536 enim

449 5545 638 5626 deficit,
691 5551 829 5626 u_nde
883 5556 1138 5626 nascatur
1160 5545 1474 5626 tribulatio;
1517 5551 1676 5618 Quod
1723 5545 1906 5626 autem
1939 5570 2039 5626 pro

443 5623 674 5693 potestas
714 5621 872 5682 Rom.
908 5622 1041 5682 edit.
1089 5621 1400 5695 substituit,
1454 5629 1742 5698 tempestas,
1786 5624 1893 5685 hoc
1925 5621 2036 5684 non

2161 4569 2314 4628 sunt,
2374 4575 2502 4613 mox
2558 4557 2675 4612 ﬁeri
2732 4557 3009 4623 volumus,
3068 4562 3163 4610 aut
3204 4555 3316 4611 cito
3340 4551 3485 4622 tolli,
3516 4567 3609 4625 per
3634 4567 3758 4624 quae

2160 4650 2232 4706 ad
2291 4648 2548 4704 meritum
2599 4646 3026 4719 perveniamus;
3075 4654 3129 4700 et
3178 4642 3435 4698 videmur
3477 4639 3759 4697 imbecilla

2162 4739 2413 4795 oratione
2468 4737 2702 4808 precari,
2760 4736 2893 4792 dum
2937 4735 3020 4789 illi
3050 4734 3348 4805 denegatur
3375 4732 3619 4787 effectus.
3653 4730 3756 4784 In-

2161 4829 2319 4884 ﬁrma
2367 4835 2447 4882 est
2487 4826 2658 4893 enim,
2709 4825 2802 4898 qui
2851 4833 3040 4880 contra
3085 4823 3350 4877 rationem
3384 4819 3656 4892 postulat;
3689 4835 3757 4875 ac

2156 4933 2252 4989 per
2277 4916 2382 4972 hoc
2406 4915 2784 4970 inﬁrmitatem
2815 4913 2956 4969 hanc
2985 4929 3015 4968 a
3045 4919 3233 4968 sancto
3259 4909 3470 4982 Spiritu
3498 4908 3627 4964 dato
3657 4923 3754 4962 no-

2153 5007 2239 5064 bis
2293 5006 2543 5083 adjuvari
2599 5003 2859 5063 ostendit.
2918 5001 3161 5076 Adjuvat
3198 5010 3402 5071 autem,
3454 4999 3584 5074 quia
3629 5013 3755 5070 quae

2153 5204 2364 5253 tantum
2399 5203 2591 5254 contra
2619 5203 2937 5253 caaterarum
2983 5194 3345 5266 omniumque
3382 5207 3511 5246 mss.
3546 5197 3754 5246 aucto-

2151 5269 2369 5325 ritatem
2425 5275 2660 5342 pugnat,
2697 5266 2790 5322 sed
2839 5274 2892 5322 et
2911 5275 3110 5342 contra
3140 5264 3447 5342 legitimum
3469 5277 3745 5342 sensum;

2142 5348 2372 5410 potestas
2424 5335 2569 5394 enim
2606 5337 2699 5395 hic
2722 5339 3020 5410 opponitur
3051 5335 3373 5393 hominibus
3399 5335 3652 5407 privatis,
3682 5340 3750 5389 ut

2151 5413 2304 5468 locus
2331 5413 2548 5467 clamat.

2223 5483 2342 5564 (28)
2393 5484 2474 5538 Ita
2528 5482 2661 5539 edit.
2711 5481 3178 5564 ᾼῐῐιθινὺνι,Ειέλιειλ
3211 5487 3424 5564 etmss.
3458 5476 3742 5564 plerique:

2146 5551 2242 5610 alii
2285 5551 2415 5610 vero
2449 5571 2576 5611 mss.
2618 5554 2818 5626 partim
2853 5553 3117 5608 subditum
3145 5551 3331 5626 fiderit,
3363 5551 3562 5626 partim
3588 5551 3749 5619 sopi-

2147 5633 2253 5684 tum
2283 5626 2467 5700 fuerit,
2503 5623 2652 5701 quod
2681 5625 2813 5684 Gill.
2847 5631 2904 5682 et
2929 5625 3088 5682 Rom.
3119 5623 3234 5681 edit
3262 5623 3644 5697 praetulerunt.
