4136 6194
319 317 415 379 133
1418 315 1778 379 COMMENT.
1822 319 1894 378 IN
1931 317 2151 378 EPIST.
2195 321 2290 376 AD
2327 320 2498 378 ROM.

3512 319 3615 383 134

314 453 405 502 aut
448 453 569 504 ante
615 453 896 519 petuntur,
949 461 1112 520 quam
1151 445 1263 520 peti
1318 445 1573 515 debeant,
1620 453 1716 502 aut
1768 454 1902 503 sunt
1928 448 1980 508 Α
2010 446 2094 501 vit
2130 447 2276 502 Deus
2301 446 2516 503 futuros
2543 445 2650 504 sibi
2702 446 2952 516 idoneos,
2993 455 3055 505 ut
3102 456 3395 522 antequam
3428 449 3612 506 crede-

313 536 600 606 contraria,
629 553 742 594 non
764 536 900 593 sinit
927 535 1066 593 ﬁeri.

391 675 408 698 ε
455 651 593 709 Nam
647 654 781 727 quid
831 669 1048 709 oremus
1087 652 1232 710 sicut
1271 659 1508 724 oportet,
1541 651 1838 707 nescimus.
1873 673 1890 695 ι

306 739 685 798 Inﬁrmitatem
716 744 979 799 orationis
1017 751 1220 798 nostrae
1261 741 1634 813 ignorantiam
1685 738 1906 810 signiﬁ—

305 843 423 884 care
470 830 802 899 declaravit;
851 832 1102 888 fallimur
1146 831 1297 886 enim
1347 837 1605 901 putantes
1651 827 1908 899 prodesse

305 936 421 994 quae
479 921 772 993 poscimus,
823 939 952 978 cum
1003 937 1116 976 non
1161 919 1400 991 prosint.
1457 918 1702 988 Denique
1729 916 1930 971 eidem.

302 1011 564 1082 Apostolo
619 1012 786 1066 tertio
843 1009 1185 1082 deprecanti,
1231 1015 1291 1064 ut
1335 1007 1665 1062 tentationes
1720 1005 1787 1060 ab
1842 1021 1906 1060 eo

302 1109 594 1168 cessarent,
647 1099 777 1172 quia
829 1098 1033 1154 crebra;
1081 1105 1254 1164 erant,
1309 1095 1521 1150 dictum
1579 1110 1610 1148 a
1667 1093 1906 1148 Domino

299 1195 380 1244 est
414 1207 425 1244 :
477 1216 494 1236 ι
514 1189 733 1245 Sufﬁcit
763 1187 864 1243 tibi
886 1186 1058 1259 gratia
1087 1202 1238 1252 mea;
1281 1201 1406 1240 nam
1438 1183 1620 1237 virtus
1650 1182 1707 1236 in
1739 1181 1906 1236 inﬁr-

297 1277 494 1334 mitate
523 1278 807 1350 perﬁcitur
834 1278 924 1348 (II
944 1277 1068 1332 Cor.
1100 1291 1202 1340 χιι,
1234 1274 1316 1344 9),
1351 1298 1367 1318 -
1431 1272 1487 1327 id
1535 1280 1636 1339 est,
1668 1271 1748 1326 sic
1780 1287 1904 1326 me-

296 1367 472 1422 ritum
504 1369 627 1440 quis
656 1367 906 1434 collocat,
937 1364 1068 1420 dum
1108 1364 1165 1419 in
1205 1361 1664 1419 tribulationibus
1693 1360 1904 1432 patiens

297 1454 602 1512 invenitur.
636 1454 842 1511 Didicit
874 1470 1002 1525 ergo
1033 1461 1225 1509 contra
1253 1468 1308 1508 se
1339 1468 1454 1508 esse
1484 1450 1633 1523 quod
1663 1449 1900 1522 petebat.

296 1545 394 1602 Est
431 1554 486 1602 et
538 1545 838 1619 aliquando
885 1543 1121 1616 superba
1178 1550 1232 1598 et
1279 1543 1450 1598 stulta
1495 1541 1710 1613 petitio,
1761 1540 1904 1596 sicut

294 1633 406 1691 fuit
433 1634 670 1691 duorum
703 1634 1080 1707 apostolorum
1105 1631 1294 1690 Jacobi
1323 1639 1376 1687 et
1421 1629 1669 1697 Joannis,
1702 1629 1904 1702 quibus

295 1724 598 1798 incongrua
653 1732 706 1782 et
762 1726 1034 1780 immensa
1085 1721 1406 1796 petentibus
1467 1721 1678 1778 dictum
1738 1729 1819 1776 est
1887 1739 1899 1776 :

307 1815 565 1873 «Nescitis
591 1814 727 1889 quid
757 1814 956 1886 petatis
989 1815 1201 1885 (Matth.
1233 1829 1331 1881 xx,
1362 1810 1480 1883 22).
1514 1835 1531 1858 ι

379 1931 512 1990 «Sed
543 1933 655 2005 ipse
675 1932 912 2004 Spiritus
931 1931 1171 2004 postulat
1191 1947 1290 2003 pro
1317 1929 1480 1985 nobis
1506 1927 1801 2002 gemitibus
1819 1928 1901 1983 in-

292 2020 750 2076 enarrabilibus.»
791 2020 914 2075 Non
947 2019 1207 2075 humanis
1235 2017 1472 2090 eloquiis
1503 2016 1775 2088 postulare
1804 2032 1902 2088 pro

291 2109 460 2166 nobis
483 2109 718 2166 discitur
735 2109 976 2182 Spiritus
991 2108 1338 2174 Domini,sed
1359 2124 1511 2162 more
1530 2114 1738 2162 naturae
1765 2122 1896 2162 suae.

297 2200 437 2258 Cum
464 2199 614 2255 enim
642 2198 787 2271 quod
809 2198 876 2254 de
897 2200 1011 2254 Deo
1042 2198 1215 2268 est,de
1230 2201 1344 2254 Deo
1367 2199 1630 2270 loquitur,
1656 2214 1720 2252 eo
1748 2213 1899 2253 more

296 2290 558 2363 loquatur
581 2304 799 2345 necesse
836 2295 938 2357 est,
971 2305 1082 2362 quo
1129 2289 1222 2344 ille
1252 2289 1516 2361 loquitur,
1549 2287 1615 2343 de
1659 2304 1768 2360 quo
1793 2295 1894 2343 est.

291 2378 466 2436 Nemo
495 2377 643 2433 enim
674 2395 798 2434 cum
828 2378 950 2435 cive
979 2395 1079 2434 suo
1109 2378 1215 2433 alia
1246 2377 1435 2449 lingua
1474 2378 1721 2450 loquitur
1755 2377 1894 2449 (2’s).

293 2467 660 2542 Superfundit
689 2469 838 2524 enim
859 2485 917 2525 se
965 2467 1218 2540 precibus
1245 2467 1448 2522 nostris
1477 2467 1716 2538 Spiritus
1740 2467 1898 2522 datus

297 2561 485 2631 nobis,
517 2568 581 2616 ut
633 2559 972 2632 imperitiam
1018 2567 1071 2614 et
1115 2557 1602 2630 improvidentiam
1651 2567 1895 2614 nostram

290 2659 452 2707 motu
506 2667 606 2708 suo
649 2651 880 2722 operiat,
927 2655 982 2706 et
1029 2647 1127 2704 illa
1175 2646 1334 2704 nobis
1374 2665 1405 2704 a
1449 2649 1563 2704 Deo
1599 2653 1746 2719 petat
1775 2663 1896 2719 qua;

295 2739 514 2812 prosint
543 2739 723 2818 nobis.

358 2865 548 2937 (Vers.
601 2864 718 2937 27.)
766 2888 784 2914 ι
839 2863 941 2931 Qui
1000 2871 1182 2920 autem
1237 2867 1515 2919 scrutatur
1567 2860 1754 2929 corda,
1791 2860 1897 2918 scit

288 2954 423 3028 quid
455 2953 730 3012 desideret
755 2953 1012 3026 Spiritus,
1044 2952 1174 3024 quia
1216 2949 1520 3007 secundum
1576 2951 1767 3012 Deum,
1789 2965 1899 3020 po-

288 3044 461 3100 stulat
482 3060 584 3116 pro
613 3043 836 3100 sanctis.
864 3067 882 3089 ι
926 3041 1280 3098 Manifestum
1323 3047 1404 3095 est
1447 3038 1577 3111 quia
1624 3039 1757 3106 Deo,
1807 3039 1895 3094 cui

287 3133 439 3188 nihil
494 3132 727 3189 tacitum
771 3137 853 3185 est
903 3138 957 3185 et
1001 3130 1304 3196 occultum,
1350 3135 1480 3183 nota
1525 3134 1606 3182 est
1657 3128 1895 3199 precatio

285 3229 552 3284 omnium
595 3228 892 3300 spirituum
937 3246 948 3284 :
986 3233 1192 3300 quanto
1231 3225 1403 3298 magis
1432 3225 1669 3297 Spiritus
1691 3227 1886 3294 sancti,

283 3319 382 3392 qui
420 3317 669 3390 ejusdem
710 3319 902 3390 utique
930 3316 1247 3374 substantiae
1277 3323 1379 3384 est,
1419 3325 1472 3372 et
1503 3317 1749 3388 loquitur
1777 3332 1884 3371 non

285 3407 537 3479 impulsu
564 3407 728 3475 aeris,
760 3423 934 3479 neque
963 3415 1024 3462 ut
1054 3404 1256 3477 angeli,
1283 3412 1377 3460 aut
1406 3405 1550 3460 sicut
1598 3412 1791 3461 cmtera
1819 3421 1888 3460 ex

285 3495 577 3565 creaturis,
609 3495 705 3552 sed
749 3497 892 3552 sicut
941 3494 1206 3564 competit
1254 3493 1373 3565 ejus
1419 3493 1740 3550 divinitatil
1775 3495 1889 3549 Deo

286 3599 410 3658 ergo
458 3585 736 3658 loquitur,
766 3601 894 3642 cum
941 3583 1103 3639 nobis
1150 3591 1328 3640 tacere
1377 3582 1618 3651 videtur,
1661 3582 1790 3655 quia
1836 3589 1890 3637 et

285 3678 454 3747 videt,
482 3695 609 3735 cum
642 3695 753 3734 non
780 3677 1056 3746 videatur,
1085 3685 1140 3732 et
1167 3676 1286 3734 haec
1315 3677 1454 3749 petit
1480 3694 1601 3749 quae
1639 3677 1742 3733 scit
1775 3679 1889 3733 Deo

288 3769 524 3841 placere,
579 3779 632 3826 et
675 3769 836 3825 nobis
879 3768 1156 3841 prodesse.
1203 3769 1356 3826 Tunc
1414 3785 1542 3824 sane
1585 3786 1683 3842 pro
1731 3768 1890 3824 nobis

290 3858 597 3933 interponit
617 3875 672 3914 se
702 3859 848 3914 idem
880 3859 1138 3930 Spiritus,
1168 3874 1294 3914 cum
1338 3858 1442 3914 scit
1466 3876 1566 3914 nos
1597 3874 1692 3930 per
1722 3859 1889 3930 igno-

290 3949 548 4015 rantiam,
582 3939 694 4002 non
723 3963 820 4020 per
845 3946 1167 4018 jactantiam
1198 3948 1475 4004 contraria
1503 3949 1798 4020 postulare.

357 4066 544 4136 (Vers.
587 4066 706 4137 28.)
757 4091 775 4114 ι
804 4067 1020 4123 Scimus
1071 4074 1252 4123 autem
1294 4067 1555 4139 quoniam
1611 4067 1889 4140 diligenti-

289 4150 383 4210 bus
407 4157 593 4212 Deum
622 4155 811 4210 omnia
856 4154 1163 4227 procedunt
1200 4155 1257 4210 in
1310 4155 1540 4224 bonum,
1574 4154 1643 4211 iis
1672 4156 1766 4228 qui
1797 4172 1891 4211 se-

290 4245 533 4301 cundum
565 4244 906 4317 propositum
949 4245 1130 4302 vocati
1158 4253 1286 4301 sunt
1315 4246 1510 4302 sancti.
1540 4271 1557 4293 ι
1603 4246 1717 4303 Hoc
1733 4245 1888 4313 dicit,

289 4332 414 4404 quia
442 4334 742 4405 diligentes
768 4336 943 4390 Deum
975 4334 1077 4389 etsi
1133 4333 1386 4406 imperite
1427 4335 1632 4408 precati
1663 4336 1889 4405 fuerint,

289 4437 397 4477 non
442 4423 560 4478 illis
605 4424 806 4493 oberit,
858 4423 987 4496 quia
1031 4424 1374 4495 propositum
1431 4425 1611 4480 cordis
1669 4425 1888 4479 illorum

289 4511 465 4568 sciens
508 4513 652 4569 Deus
693 4521 747 4570 et
795 4512 1072 4587 ignaviam
1121 4513 1262 4585 (25),
1313 4529 1424 4568 non
1473 4513 1585 4568 illis
1632 4514 1886 4584 imputat,
1917 4532 1968 4590 D

289 4616 402 4673 quae
443 4601 680 4680 adversa
727 4604 1026 4675 postulant,
1055 4602 1156 4658 sed
1201 4618 1263 4658 ea
1314 4601 1532 4666 annuit,
1563 4618 1681 4673 quae
1711 4602 1891 4657 danda

291 4699 415 4747 sunt
443 4694 626 4748 Deum
658 4692 986 4747 amantibus.
1022 4690 1178 4746 Unde
1221 4697 1274 4747 et
1309 4691 1581 4747 Dominus
1626 4691 1702 4746 ait
1736 4709 1746 4746 :
1779 4691 1892 4748 Scit

296 4790 502 4847 autem,
526 4780 728 4854 inquit,
753 4781 912 4836 Pater
941 4788 1121 4836 vester
1151 4779 1284 4852 quid
1317 4779 1474 4835 vobis
1504 4796 1642 4852 opus
1674 4780 1765 4847 sit,
1797 4797 1888 4836 an-

289 4875 509 4942 tequam
541 4870 738 4942 petatis
764 4870 832 4925 ab
862 4886 925 4925 eo
955 4869 1168 4942 (Matth.
1201 4887 1281 4934 vr,
1313 4868 1394 4941 8).
1429 4869 1495 4924 Hi
1529 4885 1656 4941 ergo
1685 4886 1890 4924 secun—

289 4954 415 5014 dum
445 4958 794 5032 propositum
827 4965 1114 5026 vocantur,
1148 4973 1284 5030 quos
1326 4958 1608 5014 credentes
1660 4957 1890 5030 praesci-

362 5162 480 5235 (24)
507 5164 668 5245 Rom.
699 5163 858 5233 edit.,
888 5161 1065 5218 aliena
1094 5163 1274 5234 lingua
1325 5161 1629 5233 loquitur...
1661 5161 1891 5216 adventu

293 5250 383 5290 suo
399 5306 406 5307 ί
420 5242 647 5307 operiat.

362 5305 481 5390 (25f)
515 5309 816 5390 Ita‘omnes
840 5322 969 5362 mss.
1020 5321 1083 5360 ac
1129 5312 1240 5361 vet.
1297 5305 1466 5372 edit;
1520 5306 1680 5362 Rom.
1734 5321 1885 5372 vero,

293 5385 337 5432 et
366 5380 790 5434 imbecillitatem.
1364 5411 1365 5414 η

363 5452 481 5522 (26)
507 5453 666 5508 Rom.
700 5451 976 5506 edit.cum
1007 5448 1482 5522 mssLnonnullis,
1533 5466 1599 5504 ex
1640 5448 1886 5515 mortuis,

296 5519 505 5591 quando
533 5523 735 5577 devicta
760 5529 925 5575 morte
953 5519 1186 5576 ascendit
1213 5519 1271 5572 in
1299 5521 1465 5574 cwlos.

366 5593 484 5666 (27)
519 5595 626 5652 Nec
651 5600 948 5666 reputatur,
985 5592 1102 5648 sive
1125 5599 1192 5666 _ut
1222 5608 1350 5646 mss.
1383 5590 1576 5662 aliqui,
1607 5608 1712 5646 non
1740 5591 1889 5646 (esti-

294 5663 525 5722 mabitur
573 5663 724 5723 alius
764 5666 956 5737 absque
1001 5681 1078 5733 eo,
1121 5663 1179 5720 in
1220 5670 1435 5720 textum
1486 5677 1555 5718 ex
1595 5679 1724 5720 mss.
1777 5679 1891 5721 non

2015 541 2157 601 rent,
2191 535 2485 590 scirentur.

2089 624 2270 694 (Vers.
2306 623 2422 694 29.)
2467 647 2485 670 α
2525 624 2660 680 Nam
2709 642 2843 698 quos
2887 624 3182 698 praescivit.
3215 651 3233 672 ι
3292 628 3432 683 Istos
3475 644 3614 700 quos

2015 715 2294 787 przescivit
2325 714 2543 771 futuros
2574 715 2680 771 sibi
2711 715 2955 787 devotos,
2990 719 3138 791 ipsos
3175 719 3339 791 elegit
3367 721 3435 775 ad
3475 737 3615 792 pro-

2019 804 2185 859 missa
2205 805 2430 875 praemia
2453 806 2801 877 capessenda,
2834 817 2893 864 ut
2928 808 2987 862 hi
3027 809 3124 881 qui
3153 809 3375 865 credere
3407 809 3615 865 viden-

2017 900 2130 961 tur,
2180 901 2232 948 et
2287 910 2395 948 non
2449 903 2772 965 permanent
2799 897 2854 950 in
2883 896 2990 951 ﬁde
3017 907 3212 968 erepta,
3244 915 3275 953 a
3302 901 3414 954 Deo
3453 899 3612 955 electi

2016 991 2326 1054 negentur:
2368 983 2498 1054 quia
2544 1001 2681 1055 quos
2718 987 2866 1041 Deus
2905 985 3090 1058 elegit,
3111 987 3257 1058 apud
3299 1004 3356 1042 se
3399 1005 3608 1060 perma-

2015 1079 2166 1126 nent.
2215 1073 2311 1126 Est
2353 1071 2501 1126 enim
2538 1073 2634 1144 qui
2666 1073 2737 1128 ad
2779 1081 2997 1145 tempus
3025 1074 3282 1146 elegitur,
3315 1075 3458 1132 sicut
3486 1077 3611 1132 Saul

2014 1167 2066 1215 et
2115 1160 2302 1216 Judas:
2355 1177 2467 1215 non
2513 1161 2580 1216 de
2626 1162 2992 1233 prmscientia,
3023 1164 3120 1219 sed
3145 1164 3214 1220 de
3243 1165 3501 1237 precanti
3526 1164 3613 1236 ju-

2021 1249 2192 1305 stitia.

2100 1366 2117 1386 ι
2149 1339 2474 1397 Conformes
2503 1341 2620 1396 ﬁeri
2649 1342 2903 1414 imaginis
2931 1342 3058 1398 Filii
3106 1342 3214 1398 sui.
3257 1367 3275 1389 ι
3329 1343 3447 1399 Hoc
3477 1343 3616 1402 dicit

2014 1428 2144 1500 quia
2175 1427 2298 1483 ideo
2321 1436 2414 1492 7'7
2443 1429 2904 1501 praedestinantur
2932 1431 2988 1485 in
3027 1430 3277 1488 futurum
3320 1433 3611 1502 saeculum,

2013 1533 2075 1578 ut
2105 1524 2314 1580 similes
2346 1525 2480 1581 ﬁant
2501 1526 2644 1581 Filio
2675 1526 2795 1595 Dei,
2845 1527 2993 1598 quod
3040 1525 3154 1598 jam
3197 1543 3361 1599 supra
3411 1544 3612 1586 memo-

2013 1629 2133 1668 l’3Vl
2143 1657 2153 1668 .

2099 1726 2117 1747 ι
2141 1702 2211 1757 Ut
2241 1701 2314 1757 sit
2339 1702 2454 1773 ipse
2477 1701 2877 1774 primogenitus
2908 1702 2965 1757 in
3005 1704 3198 1760 multis
3254 1704 3542 1762 fratribus.
3579 1730 3599 1756 ι

1933 1809 1978 1869 Β
2013 1791 2174 1848 Recte
2224 1792 2629 1864 primogenitus,
2687 1792 2781 1866 qui
2837 1800 2963 1848 ante
3022 1809 3242 1850 omnem
3306 1804 3613 1854 creaturam

2011 1899 2122 1939 non
2177 1883 2376 1953 factus,
2421 1885 2516 1940 sed
2564 1892 2726 1941 natus
2779 1893 2904 1941 est:
2960 1885 3028 1942 ad
3082 1884 3243 1957 cujus
3295 1889 3610 1960 exemplum

2010 1973 2157 2028 Deus
2187 1973 2439 2029 homines
2486 1974 2541 2028 in
2589 1974 2735 2030 ﬁlios
2779 1975 2886 2031 sibi
2929 1975 3189 2047 adoptare
3221 1976 3478 2048 dignatus
3508 1986 3608 2034 est.

2010 2062 2109 2117 Est
2149 2070 2202 2118 et
2256 2064 2378 2135 prin
2405 2064 2656 2136 ogenitus
2686 2064 2743 2120 in
2773 2066 3179 2137 regeneratione
3210 2067 3481 2125 Christus.
3513 2068 3614 2124 Est

2011 2161 2064 2207 et
2092 2153 2495 2224 primogenitus
2524 2169 2592 2208 ex
2615 2155 2850 2211 mortuis
2885 2155 3044 2227 cujus
3074 2163 3272 2212 natura
3300 2157 3608 2229 ignoratur.

2008 2241 2081 2297 Et
2109 2241 2508 2314 primogenitus
2537 2253 2658 2315 post
2689 2244 2977 2300 victoriam
3004 2245 3303 2302 ascendens
3333 2249 3389 2302 in
3420 2249 3607 2305 caalos.

2011 2332 2128 2403 (26)
2161 2333 2568 2406 Primogenitus
2601 2333 2772 2405 igitur
2801 2335 2856 2390 in
2905 2333 3165 2390 omnibus
3209 2336 3378 2392 frater
3424 2346 3612 2395 noster

2007 2420 2231 2491 dicitur,
2283 2424 2413 2496 quia
2459 2424 2624 2480 homo
2655 2424 2914 2495 dignatus
2970 2433 3052 2480 est
3101 2427 3252 2483 nasci
3291 2445 3302 2482 :
3338 2429 3611 2486 Dominus

2006 2526 2137 2567 vero
2166 2521 2265 2581 est,
2299 2513 2430 2586 quia
2458 2515 2603 2569 Deus
2656 2524 2842 2570 noster
2869 2522 2970 2582 est,
3005 2516 3149 2571 sicut
3175 2515 3312 2571 dicit
3340 2518 3607 2589 propheta

2005 2602 2264 2658 Jeremias
2300 2621 2310 2658 :
2357 2629 2374 2650 ε
2405 2604 2507 2660 Hic
2534 2614 2614 2660 est
2645 2605 2789 2658 Deus
2810 2611 3014 2670 noster,
3033 2619 3136 2658 nec
3163 2611 3452 2674 reputatur
3483 2605 3605 2676 (27)

2005 2691 2148 2745 alius
2177 2691 2382 2762 absque
2405 2707 2469 2745 eo
2498 2691 2757 2761 (Baruch.
2792 2707 2877 2757 ιιι,
2900 2691 3016 2760 36).
3049 2714 3066 2737 ι

2083 2779 2265 2850 (Vers.
2298 2779 2416 2848 30.)
2473 2802 2492 2825 ι
2539 2779 2690 2845 Quos
2727 2787 2910 2832 autem
2942 2777 3374 2848 praedestinavit,
3404 2778 3530 2835 illos
3557 2787 3611 2835 et

2006 2867 2248 2924 vocavit.
2277 2890 2295 2914 ι
2347 2866 2558 2923 Vocare
2588 2873 2670 2922 est
2689 2866 3020 2938 cogitantem
3051 2865 3117 2920 de
3166 2863 3278 2920 fide
3323 2865 3607 2936 adjuvare,

2006 2963 2102 3011 aut
2121 2972 2485 3028 compungere
2515 2971 2662 3023 eum,
2696 2971 2859 3028 quem
2889 2954 3029 3012 sciat
3057 2953 3268 3010 audire.
3318 2979 3336 3002 ε
3374 2955 3445 3010 Et
3471 2971 3610 3028 quos

2005 3044 2247 3113 vocavit,
2280 3045 2430 3116 ipsos
2458 3053 2511 3100 et
2543 3044 3060 3117 justiﬁcavit;quos
3099 3051 3287 3100 autem
3325 3042 3608 3115 justiﬁca—

2007 3134 2112 3202 vit,
2142 3133 2314 3190 hoset
2336 3135 2730 3207 magniﬁcavit.
2782 3157 2800 3182 ι
2872 3134 2989 3189 Hoc
3035 3133 3174 3190 dicit
3222 3133 3371 3206 quod
3417 3150 3603 3206 supra,

2006 3223 2135 3295 quia
2183 3239 2318 3296 quos
2360 3224 2637 3296 praescivrt
2663 3225 2809 3279 Deus
2855 3232 3012 3295 aptos
3037 3223 3166 3291 sibi,
3219 3221 3277 3277 hi
3319 3222 3606 3279 credentes

1998 3321 2340 3385 permanent,
2374 3314 2500 3386 quia
2544 3313 2704 3368 aliter
2749 3311 2869 3366 ﬁeri
2917 3328 3029 3366 non
3077 3317 3275 3383 potest,
3326 3310 3433 3365 nisi
3464 3327 3604 3382 quos

1997 3402 2276 3475 praescivit
2322 3405 2487 3471 Deus,
2521 3404 2667 3474 ipsos
2723 3411 2777 3459 et
2813 3401 3176 3473 justiﬁcavit;
3227 3417 3291 3456 ac
3349 3416 3444 3472 per
3500 3399 3606 3456 hoc

1998 3492 2374 3564 magniﬁcavit
2406 3493 2552 3561 illos,
2593 3500 2656 3547 ut
2685 3492 2895 3548 similes
2934 3491 3072 3546 ﬁant
3099 3489 3242 3546 Filio
3271 3490 3477 3546 Dei.De
3504 3506 3605 3546 caa-

1996 3586 2128 3641 teris
2164 3601 2301 3657 quos
2349 3599 2460 3639 non
2503 3583 2783 3655 praescivit
2814 3584 2981 3650 Deus,
3015 3597 3124 3637 non
3151 3589 3234 3637 est
3265 3580 3347 3635 illi
3385 3597 3518 3637 cura
3546 3581 3604 3636 in

2002 3676 2106 3732 bac
2135 3674 2328 3747 gratia,
2359 3674 2488 3747 quia
2516 3691 2627 3730 non
2657 3673 2939 3746 praescivit
2974 3672 3102 3728 illos
3133 3672 3350 3727 futuros
3379 3671 3606 3727 idoneos

2001 3763 2142 3835 (28).
2183 3766 2258 3820 At
2313 3762 2359 3819 si
2387 3763 2633 3832 credant,
2669 3771 2764 3818 aut
2793 3763 3076 3834 eligantur
3105 3760 3176 3817 ad
3204 3770 3444 3832 tempus,
3475 3761 3606 3832 quia

1999 3855 2262 3909 videntur
2299 3853 2455 3922 boni,
2486 3870 2555 3908 ne
2578 3853 2800 3924 justitia
2829 3859 3150 3924 contempta
3185 3851 3460 3919 videatur,
3492 3867 3604 3906 non

1999 3950 2320 4015 permanent
2363 3950 2424 3998 ut
2469 3942 2909 4015 magniﬁcentur,
2959 3941 3102 3998 sicut
3147 3949 3200 3997 et
3252 3941 3422 3997 Judas
3451 3941 3604 3995 [sca-

1999 4032 2168 4088 riotes
2209 4032 2390 4104 (Joan.
2424 4049 2504 4098 vr,
2550 4033 2664 4104 71),
2695 4041 2791 4090 aut
2837 4031 2926 4087 illi
2967 4030 3316 4102 septuaginta
3344 4028 3475 4093 duo,
3503 4025 3601 4098 qui

2000 4121 2180 4191 electi,
2206 4131 2329 4194 post
2352 4121 2669 4180 scandalum
2704 4121 2849 4194 passi
2886 4123 3228 4177 recesserunt
3259 4133 3292 4170 a
3320 4115 3602 4171 Salvatore

2003 4203 2190 4310 (Ima,
2223 4217 2340 4291 67).

2075 4315 2258 4388 (Vers.
2290 4315 2406 4386 31.)
2430 4339 2447 4361 ε
2479 4313 2625 4381 Quid
2655 4330 2783 4384 ergo
2812 4311 3058 4368 dicemus
3087 4308 3155 4365 ad
3170 4307 3288 4364 haec
3309 4307 3338 4364 ?
3370 4307 3428 4364 Si
3456 4309 3603 4365 Deus

2002 4421 2099 4476 pro
2129 4403 2312 4472 nobis,
2342 4402 2466 4475 quis
2487 4409 2680 4458 contra
2708 4401 2852 4457 nos?
2878 4425 2896 4448 ι
2945 4397 3298 4456 Manifestum
3342 4404 3442 4466 est,
3474 4397 3604 4470 quia

2001 4498 2113 4551 Deo
2180 4495 2340 4550 nobis
2389 4491 2766 4550 testimonium
2813 4489 3157 4564 perhibente,
3206 4488 3329 4561 quis
3380 4497 3461 4544 est
3508 4487 3602 4560 qui

2001 4585 2196 4642 audeat
2234 4602 2486 4643 accusare
2533 4602 2654 4655 nos,
2705 4583 2927 4657 quando
2971 4583 3085 4655 ipse
3129 4580 3224 4653 qui
3273 4577 3448 4650 judex
3497 4585 3600 4646 est,

1999 4683 2124 4730 ante
2154 4675 2429 4745 prazscivit
2459 4691 2578 4738 nos,
2611 4682 2666 4730 et
2686 4673 2918 4729 idoneos
2954 4669 3232 4742 judicavit
3254 4667 3284 4722 ‘l

2075 4762 2256 4833 (Vcrs.
2290 4762 2404 4833 32.)
2426 4786 2446 4809 ι
2471 4762 2579 4828 Qui
2631 4762 2853 4833 proprio
2889 4759 3036 4815 Filio
3065 4774 3165 4814 suo
3196 4772 3306 4812 non
3334 4756 3599 4828 pepercit,

1999 4853 2093 4910 sed
2124 4869 2222 4925 pro
2253 4850 2414 4906 nobis
2443 4851 2702 4907 omnibus
2732 4849 2963 4906 tradidit
2991 4847 3172 4904 illum.
3196 4872 3214 4894 »
3259 4847 3349 4904 Sic
3381 4862 3602 4902 securos

1999 4960 2100 5000 nos
2157 4942 2356 4999 debere
2406 4957 2523 4998 esse
2577 4940 2706 4998 ﬁdei
2754 4957 2920 4998 causa
2965 4939 3240 5006 hortatur,
3297 4945 3358 4992 ut
3401 4937 3598 5003 Deum,

2035 5160 2186 5216 aucis
2232 5157 2594 5231 restituimus.
2641 5155 2791 5210 Infra
2830 5169 2962 5231 vero
3011 5151 3069 5231 in
3101 5166 3230 5231 mss.
3264 5146 3596 5231 quibusdam

2019 5215 2199 5302 egitur
2245 5230 2676 5302 partim,vocare_
2705 5233 2779 5281 est
2828 5224 3134 5302 cogitantem
3164 5215 3418 5302 hominem
3458 5215 3598 5286 quod

1997 5294 2079 5357 sit
2108 5303 2224 5368 Dei,
2248 5294 2478 5367 .vocare;
2541 5297 2765 5372 partim,
2793 5294 2922 5372 quid
2967 5295 3034 5349 sit
3088 5294 3595 5372 hogninemuvocare.

2007 5356 2224 5432 Vocare'
2252 5379 2325 5446 est
2373 5356 2676 5446 cogitantem
2732 5356 3120 5446 de'ﬁde,_etc.,
3155 5365 3212 5417 in
3266 5356 3596 5446 quihusdam

1998 5426 2180 5501 autem
2208 5426 2486 5500 omittitur
2528 5461 2538 5498 :
2574 5459 2674 5498 nos
2703 5426 2848 5496 vero'
2867 5426 3158 5495 lectionem
3179 5426 3427 5487 omnium
3459 5426 3593 5483 edit.

1998 5517 2549 5589 potiorumquegmss.
2581 5513 2933 5589 retinuimus.
3069 5577 3084 5589 ἱ
3155 5572 3275 5589 ,ᾉμ
3312 5569 3347 5589 ,ε

2073 5569 2347 5660 (72—87)“Ill33
2369 5569 2823 5657 ifuturosidoneos
2860 5596 2990 5636 mss.
3032 5572 3281 5648 plerique
3311 5569 3590 5646 iidemque

2000 5659 2198 5732 optimi
2228 5659 2534 5717 restituere.
