4150 6194
521 296 624 368 ηδ

1519 309 1615 367 AD
1655 297 1885 368 OPERA
1920 309 1977 366 s.
2016 304 2354 369 AMBROSII
2390 301 2769 372 APPENDIX.

3720 314 3829 381 136

519 439 674 513 quasi
718 436 1007 511 praemium
1056 438 1198 511 (29),
1247 446 1536 511 antequam
1582 454 1651 494 ex
1679 436 1867 509 impiis
1916 436 2104 494 ﬁdeles
2136 436 2187 497 A
2219 437 2517 497 dilectione
2548 441 2776 512 Christi,
2808 444 2904 518 qui
2958 442 3120 500 nobis
3171 401 3290 500 tam
3330 461 3526 519 magna
3569 456 3625 506 et
3665 450 3827 507 inuu-

518 544 779 598 essemus,
815 529 1019 585 Filium
1066 544 1227 586 suum
1272 544 1370 600 pro
1416 527 1576 584 nobis
1609 526 1774 582 morti
1824 526 2114 583 tradidisse

518 618 786 675 ostendat.

603 732 621 753 ε
648 706 936 775 Quomodo
964 723 1076 763 non
1105 706 1271 763 etiam
1301 721 1428 761 cum
1477 704 1576 760 illo
1604 705 1793 760 omnia
1815 704 1977 761 nobis
2002 704 2113 760 do—

517 797 715 853 navit?
744 824 763 847 »
803 798 977 854 Deum
1012 797 1144 852 olim
1176 794 1485 851 decrevisse
1514 792 1653 850 dicit
1681 794 2112 851 remunerandos

516 884 799 941 credentes
820 884 878 939 in
909 883 1210 941 Christum.
1242 881 1299 936 Si
1329 881 1479 936 enim
1512 881 1656 954 quod
1691 881 1868 953 majus
1895 889 1950 939 et
1978 899 2112 955 prae-

515 975 738 1047 cipuum
770 982 873 1041 est,
902 970 1160 1043 praestitit
1185 968 1366 1037 nobis,
1406 978 1468 1025 ut
1486 968 1698 1024 Filium
1729 987 1890 1026 suum
1915 988 2108 1028 verum

514 1072 569 1120 et
588 1062 977 1119 charissimum
1019 1059 1259 1117 traderet
1288 1067 1511 1131 propter
1538 1075 1640 1114 nos
1678 1060 1859 1116 adhuc
1885 1062 2107 1134 impios,

512 1168 679 1225 quare
731 1168 845 1208 non
875 1149 1023 1224 quod
1070 1150 1257 1206 minus
1279 1158 1362 1205 est
1408 1150 1654 1206 facturus
1705 1150 1961 1207 credatur
2008 1169 2109 1224 pro

512 1241 673 1298 nobis
718 1239 1071 1297 credentibus
1124 1239 1232 1295 sibi
1277 1238 1305 1293 ?
1359 1238 1477 1294 Jam
1526 1239 1673 1295 enim
1736 1248 1924 1312 parata
1977 1251 2110 1299 sunt

510 1330 860 1388 credentibus
894 1329 1153 1402 praemia;
1199 1327 1385 1386 minus
1412 1337 1494 1385 est
1541 1330 1690 1385 enim
1730 1330 1890 1386 nobis
1919 1333 2107 1389 omnia

511 1438 637 1478 cum
684 1420 782 1476 illo
831 1418 1058 1489 donare,
1101 1421 1263 1491 quam
1313 1417 1475 1475 illum
1519 1418 1694 1475 nostri
1744 1435 1907 1476 causa
1939 1420 2107 1478 morti

509 1508 742 1566 tradere.

584 1599 765 1671 (Vers.
823 1597 939 1670 33.)
1002 1622 1021 1646 ι
1073 1596 1209 1666 Quis
1261 1596 1542 1655 accusabit
1597 1597 1859 1655 adversus
1901 1599 2105 1657 electos

508 1689 658 1744 Dei?
710 1715 729 1737 ι
779 1688 1068 1745 Neminem
1112 1688 1312 1744 audere
1358 1703 1460 1743 nec
1516 1703 1671 1759 posse
1719 1687 1997 1760 judicium
2050 1697 2103 1746 et

2223 544 2372 584 mera
2400 531 2656 602 praestitit
2684 528 2989 590 beneﬁcia?
3027 534 3372 591 Tribulatio?
3402 536 3507 593 Sed
3529 555 3640 594 non
3670 539 3825 610 facit,

2222 617 2353 689 quia
2404 618 2757 676 dilectionem
2815 623 2964 679 ﬁrmi
3011 623 3319 681 Christiani
3383 625 3538 681 nulla
3593 627 3827 686 vincunt

2221 714 2515 765 tormenta.
2548 711 2801 767 Amantis
2831 713 2978 769 enim
3013 716 3137 787 plus
3173 714 3441 771 incitatur
3485 717 3747 788 charitas,
3777 721 3824 775 si

2222 810 2347 850 eum
2407 796 2563 869 cujus
2617 801 2787 856 sensit
2858 801 3144 872 beneﬁcia,
3196 805 3560 877 prohibeatur
3608 825 3822 879 amare;

2221 884 2351 940 dum
2384 886 2533 942 enim
2564 896 2760 960 putant
2789 907 2846 947 se
2874 892 2933 946 in
2962 893 3160 949 merita
3182 894 3303 967 ejus
3333 895 3623 967 seminare,
3652 900 3823 956 susci-

2220 983 2341 1032 tant
2362 986 2667 1035 memorata
2684 978 2954 1039 beneﬁcia
2985 983 3123 1055 (31).

2292 1067 2474 1136 (Vers.
2507 1067 2596 1135 36,
2628 1068 2745 1139 37.)
2780 1093 2799 1116 ι
2828 1071 2915 1125 An
2934 1072 3188 1144 angustia
3209 1073 3238 1129 ‘2
3265 1090 3335 1130 an
3366 1077 3674 1147 persecutio
3694 1077 3723 1133 ?
3751 1094 3823 1133 an

2217 1152 2433 1211 fames?
2484 1172 2556 1212 an
2600 1157 2820 1215 nuditas
2862 1160 2889 1215 Ῥ
2935 1177 3004 1216 an
3061 1162 3366 1234 periculum
3399 1165 3427 1221 εἰ
3484 1182 3554 1221 an
3607 1167 3827 1238 gladius

2220 1243 2389 1315 (sicut
2416 1245 2681 1319 scriptum
2710 1256 2812 1317 est,
2844 1250 2974 1321 quia
3006 1260 3231 1323 propter
3260 1262 3312 1309 te
3348 1264 3523 1312 morte
3550 1256 3826 1313 aﬂicimur

2213 1339 2331 1389 tota
2370 1332 2478 1404 die,
2526 1337 2782 1393 aestimati
2829 1355 3020 1397 sumus
3074 1343 3228 1397 velut
3266 1358 3396 1399 oves
3446 1344 3824 1419 occisionis)?

2215 1421 2320 1480 Sed
2370 1423 2431 1479 in
2486 1423 2576 1482 his
2604 1427 2863 1484 omnibus
2897 1446 3220 1502 superamus
3274 1443 3496 1506 propter
3540 1452 3667 1491 eum
3714 1436 3816 1511 qui

2214 1512 2412 1569 dilexit
2467 1531 2586 1571 nos.
2630 1536 2657 1570 »
2676 1517 2792 1573 Hoc
2819 1517 3085 1591 scriptum
3117 1529 3197 1576 est
3237 1520 3295 1576 in
3348 1524 3561 1595 psalmo
3591 1523 3823 1597 quadra-

2212 1611 2420 1683 gesimo
2459 1612 2642 1672 tertio.
2690 1614 3047 1673 Manifestum
3109 1626 3192 1675 est
3233 1636 3364 1693 ergo
3429 1621 3548 1681 haec
3609 1626 3821 1696 omnia,

2212 1716 2333 1773 quas
2362 1711 2669 1772 enumerat,
2727 1704 2920 1774 exitia,
2960 1707 3369 1779 tribulationes,
3428 1728 3731 1784 pressuras,
3764 1723 3824 1771 et

507 1777 906 1850 ριοεθεοίθῃιίειῃ
949 1776 1051 1832 Dei
1096 1775 1158 1831 in
1187 1774 1347 1832 nobis
1387 1784 1679 1832 retractare
1708 1785 1958 1849 apertum
1994 1788 2097 1839 est.
2137 1797 2185 1857 Β
2218 1798 2471 1860 mortem,
2496 1807 2608 1847 non
2638 1808 2793 1864 posse
2832 1794 3073 1850 conferri
3107 1797 3194 1851 vel
3225 1800 3530 1870 comparari
3559 1799 3819 1858 charitati

507 1866 644 1934 Quis
672 1873 756 1922 est
793 1865 943 1921 enim
989 1865 1085 1938 qui
1134 1865 1307 1938 possit
1344 1864 1482 1933 haec,
1523 1881 1643 1937 quas
1690 1867 1836 1922 Deus
1879 1867 2094 1940 probat,

509 1954 859 2027 improbare;
905 1971 1032 2011 cum
1079 1970 1242 2010 nemo
1284 1954 1512 2027 aequalis
1541 1953 1615 2010 sit
1643 1955 1801 2011 Deo?

591 2069 609 2091 ε
639 2045 786 2101 Deus
814 2043 909 2117 qui
946 2042 1234 2115 justiﬁcat.
1258 2069 1277 2093 ι
1336 2044 1451 2100 Hoc
1479 2044 1538 2099 in
1567 2043 1706 2099 Isaia
1734 2044 2002 2118 propheta
2021 2056 2104 2103 est

509 2133 642 2205 (Isa.
671 2150 724 2200 ι,
755 2132 838 2205 8),
894 2129 1040 2204 quod
1074 2129 1167 2186 hic
1194 2130 1525 2203 quasisuum
1552 2132 1708 2203 ponit
1732 2151 1744 2201 ;
1781 2133 1911 2206 quia
1940 2151 2102 2192 nemo

504 2232 588 2280 est
615 2223 757 2278 alius
802 2222 920 2296 qui,
959 2220 1108 2293 quod
1164 2220 1359 2294 probat
1395 2221 1561 2290 Deus,
1610 2231 1820 2294 arguat.
1880 2225 1994 2281 Aut
2032 2242 2101 2281 ne

506 2310 648 2368 forte
681 2310 797 2384 ipse
824 2327 927 2367 nos
964 2308 1110 2367 Deus
1151 2318 1368 2366 accuset
1400 2327 1412 2365 :
1465 2310 1559 2366 sed
1602 2327 1713 2366 non
1744 2321 1926 2384 potest
1954 2314 2100 2387 quod

497 2398 789 2472 justiﬁcat,
818 2414 1093 2456 accusare.

578 2491 760 2562 (Vers.
784 2489 900 2562 34.)
947 2514 965 2536 ι
994 2489 1069 2544 Et
1094 2488 1218 2562 quis
1247 2488 1370 2556 erit,
1403 2487 1498 2560 qui
1527 2487 1907 2546 condemnet?
1941 2489 2099 2548 Chri-

506 2587 627 2636 stus
653 2579 747 2652 qui
784 2585 1034 2635 mortuus
1070 2586 1173 2646 est,
1204 2578 1318 2632 imo
1363 2576 1461 2649 qui
1492 2585 1546 2633 et
1574 2579 1895 2648 resurrexit,
1932 2587 1985 2635 et
2014 2588 2098 2636 est

501 2667 560 2723 in
589 2668 814 2724 dextera
852 2669 971 2735 Dei,
1024 2667 1119 2741 qui
1173 2667 1339 2723 etiam
1388 2667 1701 2738 interpellat
1729 2684 1828 2740 pro
1852 2668 2031 2725 nobis.
2066 2695 2083 2717 ι

505 2758 703 2825 Deum,
758 2757 887 2831 quia
938 2773 1040 2812 nos
1078 2755 1371 2827 justiﬁcat,
1430 2772 1687 2813 accusare
1742 2773 1842 2814 nos
1884 2766 2090 2831 negat:

504 2845 789 2903 Christum
820 2853 1000 2901 autem
1032 2845 1293 2902 damnare
1340 2862 1442 2902 nos
1485 2862 1597 2903 non
1643 2862 1838 2919 posse;
1873 2847 2003 2920 quia
2031 2863 2095 2903 eo

498 2934 697 2990 aﬂ‘ectu
729 2934 913 3006 diligit
958 2952 1079 3002 nos,
1122 2943 1186 2989 ut
1230 2943 1536 2991 moreretur
1582 2952 1681 3006 pro
1723 2935 1904 3005 nobis,
1932 2945 1987 2992 et
2014 2952 2094 2993 re-

499 3037 747 3093 surgens,
792 3038 1006 3094 semper
1050 3037 1239 3078 causas
1275 3029 1492 3078 nostras
1530 3030 1653 3094 agat
1682 3023 1825 3094 apud
1853 3024 2088 3080 Patrem.

497 3108 666 3181 Cujus
736 3109 1032 3181 postulatio
1104 3111 1401 3211 contemni.
1448 3127 1561 3167 non
1614 3120 1846 3211 potest,“
1874 3113 2002 3185 quia
2032 3115 2090 3169 in
2124 3149 2170 3211 α

495 3196 722 3254 dextera
748 3198 848 3254 Dei
881 3207 982 3267 est,
1017 3198 1126 3255 hoc
1155 3206 1255 3269 est,
1297 3199 1355 3255 in
1386 3198 1598 3256 honore
1628 3199 1778 3273 quod
1805 3202 1950 3257 Deus
1975 3211 2086 3270 est;

492 3293 556 3343 ut
583 3286 650 3343 de
692 3289 806 3343 Deo
847 3288 1007 3345 Patre
1052 3290 1251 3359 securi,
1299 3297 1353 3345 et
1395 3289 1617 3358 Christo
1659 3290 1805 3346 Filio
1843 3290 1961 3363 ejus
1993 3292 2088 3364 qui

485 3375 834 3448 judicaturus
862 3387 963 3448 est,
995 3378 1055 3434 in
1083 3379 1192 3436 ﬁde
1215 3378 1333 3451 ejus
1360 3380 1627 3436 laetemur.
1655 3379 1796 3436 Hinc
1816 3388 1897 3436 est
1924 3380 2088 3450 illud,

491 3466 639 3538 quod
682 3466 819 3524 dicit
870 3467 1031 3523 Petro
1085 3468 1334 3540 apostolo
1378 3486 1389 3524 :
1448 3491 1465 3515 ε
1499 3468 1643 3524 Ecce
1689 3468 2090 3540 exspostulavit

490 3554 737 3623 Satanas,
762 3563 824 3611 ut
851 3572 951 3612 vos
979 3557 1211 3613 ventilet
1266 3557 1410 3615 sicut
1442 3558 1729 3627 triticum;
1773 3574 1873 3631 ego
1904 3566 2088 3615 autem

489 3643 677 3714 rogavi
724 3658 823 3715 pro
877 3650 955 3711 te,
1014 3660 1085 3700 ne
1141 3643 1360 3701 deﬁciat
1404 3645 1539 3701 ﬁdes
1583 3654 1679 3702 tua
1733 3645 1885 3720 (Luc.
1941 3665 2088 3718 xm,

488 3729 579 3800 31,
614 3731 730 3804 32).
761 3756 781 3780 ι
838 3731 955 3789 Hoc
999 3748 1129 3806 ergo
1183 3732 1347 3789 modo
1399 3734 1713 3807 interpellat
1767 3752 1867 3807 pro
1928 3735 2089 3794 nobis

488 3818 772 3891 Salvator;
822 3820 1005 3879 sciens
1031 3823 1180 3878 enim
1233 3823 1631 3896 impudentiam
1666 3824 1782 3899 (30)
1808 3826 2083 3882 etaltitu-

487 3908 675 3966 dinem
705 3910 1007 3968 adversarii
1054 3912 1249 3982 nostri,
1287 3930 1412 3970 cum
1452 3930 1510 3971 se
1542 3924 1854 3972 commovet
1894 3916 2085 3973 adver-

486 4013 608 4054 sum
640 4014 759 4067 nos,
790 3999 838 4056 si
868 4016 980 4057 non
1000 4000 1050 4056 ei
1076 4001 1458 4072 assentiamus,
1490 4003 1741 4060 Salvator
1770 4005 2087 4077 interpellat

485 4106 585 4163 pro
641 4091 824 4162 nobis,
879 4110 950 4150 ne
996 4092 1208 4168 aliquid
1263 4094 1536 4152 violenter
1591 4105 1887 4168 praesumat
1939 4097 2085 4153 circa

485 4198 605 4250 nos,
646 4192 707 4240 ut
736 4193 989 4242 arceatur
1037 4186 1333 4244 insolentia
1378 4186 1515 4259 ejus.
1570 4188 1684 4244 Hac
1711 4202 1875 4243 causa
1898 4193 2083 4242 tamen

483 4269 689 4326 dicitur
716 4272 893 4329 Filius
911 4275 1280 4348 interpellare,
1330 4292 1456 4333 cum
1489 4276 1604 4350 ipse
1650 4284 1771 4349 agat
1799 4282 1998 4343 totum,
2029 4280 2084 4329 et

483 4360 711 4432 aequalis
726 4360 801 4415 sit
817 4364 928 4417 Deo
959 4364 1107 4420 Patri
1131 4376 1218 4434 ;et
1244 4365 1374 4440 quia
1416 4383 1560 4423 unus
1589 4365 1796 4423 dicitur
1814 4367 1981 4432 Deus,
2012 4377 2080 4417 ne

480 4448 639 4504 Pater
665 4458 721 4505 et
769 4449 944 4507 Filius
991 4452 1309 4524 singularis,
1358 4456 1449 4512 vel
1492 4456 1627 4513 unio
1668 4460 1974 4528 putaretur,
2005 4449 2073 4506 ad

482 4552 840 4610 Personarum
899 4545 994 4603 78
1048 4541 1463 4599 distinctionem
1519 4547 1599 4601 sic
1636 4544 1882 4617 loquitur
1926 4539 2071 4599 Scri-

480 4644 663 4707 ptura,
695 4644 757 4693 ut
801 4645 856 4694 et
913 4638 1119 4696 Filium
1172 4657 1283 4697 non
1331 4641 1608 4715 disparem
1642 4645 1837 4716 tradat,
1890 4654 1945 4703 et
1974 4645 2071 4701 Pa-

480 4734 646 4798 trem,
676 4730 807 4802 quia
833 4731 994 4789 Pater
1044 4743 1145 4802 est,
1193 4743 1248 4791 et
1280 4734 1411 4807 quia
1438 4735 1505 4792 ab
1539 4737 1659 4810 ipso
1687 4746 1817 4795 sunt
1861 4741 2069 4811 omnia,

479 4818 753 4889 praeferat.

551 4907 737 4980 (Vers.
788 4909 905 4983 35.)
975 4936 996 4961 ι
1045 4911 1180 4980 Quis
1233 4931 1335 4973 nos
1391 4919 1664 4991 separabit
1724 4938 1757 4977 a
1808 4920 2073 4978 charitate

478 4994 685 5054 Christi
733 5000 762 5057 ?
792 5026 811 5050 ι
867 5000 983 5060 Hoc
1026 5010 1130 5073 est,
1173 5004 1297 5078 quis
1344 5023 1445 5064 nos
1504 5016 1749 5066 avertere
1794 5011 1998 5081 poterit
2042 5025 2075 5065 a

550 5182 675 5259 (29)
701 5186 927 5273 Amerb.
958 5199 1014 5248 et
1033 5193 1190 5252 Eras.
1227 5211 1353 5254 cum
1374 5212 1504 5256 mss.
1533 5196 1767 5273 aliquot,
1797 5208 1858 5258 ut
1883 5201 2070 5272 Deum,

474 5274 578 5330 quo
589 5270 844 5332 Aprwsct’o,
876 5270 981 5320 etc.

482 5400 494 5412 .
554 5330 831 5415 (3‘0).Mss.
881 5334 1112 5409 aliquot,
1160 5339 1325 5395 sciens
1370 5340 1509 5396 enim
1529 5344 1862 5414 potentiam;
1904 5361 2068 5415 unus,

475 5404 904 5474 imprudentiam.

546 5473 664 5555 (31)
699 5476 902 5535 Omnes
931 5478 1065 5538 edit.
1098 5497 1162 5559 ac
1189 5499 1325 5559 mss.
1353 5485 1632 5555 nonnulli,
1663 5486 1930 5544 immerita
1956 5488 2071 5559 ejus

472 5546 752 5634 seminare,
806 5560 1063 5634 ςιηετηοτ-ᾳι
1104 5552 1361 5634 beneﬁcia
1386 5574 1412 5634 _;
1436 5627 1447 5634 _
1467 5546 1651 5634 caeteri
1700 5575 1831 5634 mss.
1853 5546 1993 5634 Aqui.
2014 5571 2070 5634 et

469 5622 731 5688 potiores,
763 5629 825 5678 ut
852 5639 954 5682 nos
999 5625 1059 5681 in
1097 5622 1293 5695 textu;
1341 5627 1449 5687 nisi
1495 5626 1642 5702 quod
1682 5622 1961 5692 omittitur
2006 5630 2067 5692 in

2105 4507 2156 4568 D

2215 1877 2446 1946 Christi,
2487 1895 2651 1952 quam
2680 1881 2976 1940 seminavit
3005 1884 3063 1939 in
3111 1885 3289 1942 nobis.
3323 1887 3497 1943 Multo
3525 1890 3673 1945 enim
3703 1907 3818 1947 ma-

2207 1964 2331 2037 jora
2356 1966 2473 2039 ejus
2502 1968 2773 2026 beneﬁcia
2800 1970 3065 2029 habemus
3102 1989 3266 2046 quam
3296 1974 3414 2032 haec
3441 1984 3571 2032 sunt
3598 1980 3813 2050 omnia,

2214 2072 2333 2129 quae
2364 2058 2626 2115 videntur
2683 2060 2929 2120 adversa.
2973 2062 3031 2119 Si
3068 2063 3216 2119 enim
3262 2067 3535 2122 morimur
3564 2083 3663 2140 pro
3692 2068 3817 2139 illo,

2213 2146 2359 2218 quod
2385 2150 2608 2220 gravius
2637 2151 2860 2208 videtur
2886 2151 2945 2208 in
2976 2152 3087 2223 his,
3116 2162 3171 2210 et
3199 2154 3295 2212 ille
3320 2163 3571 2213 mortuus
3604 2167 3685 2215 est
3713 2176 3817 2232 pro

2211 2234 2404 2292 nobis:
2438 2236 2534 2293 sed
2578 2239 2672 2295 ille
2700 2247 2762 2295 ut
2807 2240 3087 2313 prodesset
3134 2242 3331 2312 nobis;
3384 2253 3573 2302 nostra
3628 2255 3814 2304 autem

2212 2339 2360 2380 mors
2389 2342 2501 2382 non
2531 2326 2615 2383 illi
2646 2329 2885 2400 proﬁcit,
2907 2330 3003 2387 sed
3024 2331 3206 2389 nobis.
3248 2334 3629 2407 Temporalem
3660 2337 3814 2394 enim

2209 2413 2383 2470 vitam
2434 2415 2736 2487 perdimus,
2794 2427 2855 2474 ut
2896 2418 3058 2476 nobis
3104 2422 3435 2494 rependatur
3482 2434 3705 2482 aeterna.
3742 2428 3817 2484 Et

2208 2503 2343 2577 quid
2373 2504 2574 2561 mirum
2609 2508 2655 2563 si
2683 2508 2827 2565 servi
2860 2510 3170 2568 moriantur
3199 2528 3298 2584 pro
3325 2513 3472 2570 bono
3518 2516 3759 2573 Domino
3796 2536 3811 2586 ;

2208 2593 2430 2665 quando
2472 2597 2741 2654 Dominus
2781 2609 3034 2656 mortuus
3079 2608 3162 2657 est
3191 2618 3289 2675 pro
3320 2604 3495 2659 servis
3520 2613 3572 2660 et
3598 2605 3810 2662 malis?

2208 2680 2458 2738 Vincunt
2485 2700 2611 2757 ergo
2640 2686 2926 2759 beneﬁcia,
2958 2699 3011 2745 et
3061 2691 3432 2749 exhortantur
3457 2694 3707 2751 animum
3729 2696 3801 2752 ad

2207 2774 2668 2842 perseverandum
2700 2785 2923 2849 propter
2950 2795 3074 2834 eum
3106 2781 3199 2852 qui
3231 2781 3431 2837 dilexit
3460 2799 3579 2839 nos.

2280 2861 2462 2931 (Vers.
2494 2863 2582 2933 38,
2607 2865 2722 2938 39.)
2760 2891 2778 2913 ι
2809 2866 3042 2924 Conﬁdo
3058 2870 3204 2924 enim
3228 2870 3357 2943 quia
3381 2888 3557 2944 neque
3580 2889 3746 2930 mors.
3768 2899 3787 2923 ι

2205 2948 2555 3009 Conﬁdentia
2595 2953 2712 3011 haec
2741 2956 2807 3011 de
2832 2958 3130 3029 sponsione
3149 2958 3357 3017 Christi
3389 2971 3494 3030 est,
3524 2979 3633 3035 qua
3661 2981 3805 3035 pro—

2204 3038 2361 3095 misit
2382 3039 2440 3096 iu
2471 3041 2825 3100 tribulatione
2855 3045 3116 3118 adjuvare
3145 3048 3251 3104 sibi
3273 3048 3507 3106 dicatam
3537 3051 3724 3109 ﬁdem.

2286 3152 2304 3175 ι
2334 3129 2519 3202 Neque
2544 3132 2678 3201 vita,
2710 3149 2887 3207 neque
2914 3139 3160 3209 angelus,
3181 3154 3359 3212 neque
3389 3139 3587 3209 virtus,
3618 3157 3802 3214 neque

2198 3219 2455 3289 altitudo,
2486 3237 2662 3295 neque
2708 3225 3066 3297 profundum,
3085 3244 3261 3300 neque
3281 3231 3588 3301 prasentia,
3618 3247 3802 3304 neque

2196 3307 2403 3378 futura,
2443 3326 2621 3383 neque
2669 3312 2776 3368 alia
2809 3324 3061 3372 creatura
3088 3319 3293 3389 poterit
3342 3336 3446 3376 nos
3491 3336 3739 3394 separare
3764 3337 3801 3377 a

2197 3396 2463 3455 charitate
2503 3400 2623 3469 Dei,
2678 3417 2798 3473 quae
2846 3412 2935 3460 est
2988 3406 3048 3461 in
3103 3406 3329 3465 Christo
3384 3408 3513 3465 Jesu
3554 3411 3796 3466 Domino

2197 3496 2404 3544 nostro.
2441 3514 2460 3538 ι
2520 3490 2647 3547 Haec
2693 3499 2822 3547 sunt
2871 3494 3078 3565 omnia,
3129 3512 3250 3569 quae
3287 3498 3355 3553 ad
3403 3498 3795 3555 abductionem

2197 3582 2441 3632 nostram
2470 3594 2502 3633 a
2545 3578 2768 3635 diabolo
2817 3581 3159 3653 inferuntur,
3196 3601 3317 3658 quae
3344 3585 3552 3644 idcirco
3583 3604 3796 3645 memo-

2197 3671 2300 3732 rat,
2347 3673 2409 3721 ut
2447 3667 2662 3724 muniat
2710 3685 2845 3737 nos;
2884 3678 2947 3726 ut
2989 3672 3037 3728 si
3077 3673 3423 3743 advenerint,
3456 3676 3798 3732 conﬁdentes

2195 3751 2263 3810 de
2313 3770 2428 3827 spe,
2476 3763 2531 3812 et
2566 3758 2793 3815 auxiliis
2839 3759 3068 3831 Christi,
3125 3765 3321 3821 armati
3370 3765 3479 3822 ﬁde
3527 3767 3794 3824 adversus

2195 3840 2313 3899 haec
2356 3860 2739 3918 repugnemus.
2772 3847 2917 3917 Quid
2960 3850 3109 3907 enim
3147 3853 3196 3909 si
3237 3870 3384 3911 mors
3414 3855 3569 3912 illata
3596 3856 3789 3926 fuerit,

2193 3948 2377 3989 nonne
2408 3934 2625 3992 lucrum
2653 3946 2735 3994 est
2776 3939 3084 3997 maximum
3120 3944 3473 4001 occasionem
3513 3946 3790 4018 invenire,

2193 4038 2301 4097 qua
2327 4023 2493 4081 citius
2541 4033 2696 4082 eatur
2738 4027 2797 4083 in
2826 4045 3053 4101 regnum
3100 4033 3431 4104 promissum
3456 4035 3483 4091 ?
3526 4036 3711 4108 Neque
3738 4037 3787 4092 si

2193 4130 2451 4186 praesens,
2480 4116 2597 4172 vita
2626 4117 2895 4189 promissa
2941 4119 3102 4177 nobis
3144 4122 3313 4179 fuerit
3357 4122 3624 4195 dignitate
3652 4142 3792 4182 mu-

2193 4203 2328 4272 nita,
2386 4203 2548 4260 debet
2587 4221 2689 4261 nos
2743 4215 2991 4266 avertere
3023 4209 3090 4266 ab
3137 4228 3231 4283 spe
3261 4212 3518 4270 beneﬁcii
3549 4212 3785 4284 Christi,

2191 4307 2353 4363 quem
2390 4292 2615 4363 scimus,
2648 4294 2777 4367 quia
2804 4312 2915 4352 non
2948 4299 3127 4354 solum
3152 4299 3211 4355 in
3243 4301 3454 4369 futuro,
3503 4303 3597 4359 sed
3646 4311 3701 4360 et
3726 4303 3787 4360 in

2189 4383 2443 4453 praesenti
2508 4384 2754 4455 proderit
2794 4387 2972 4443 nobis.
3004 4388 3115 4445 Nec
3147 4390 3369 4463 quidem
3398 4392 3443 4448 si
3473 4409 3530 4449 se
3558 4395 3788 4466 angelus

2187 4470 2347 4527 nobis
2402 4473 2654 4531 ostendat
2726 4475 2796 4531 ad
2872 4476 3214 4535 seducendos
3284 4497 3404 4550 nos,
3451 4483 3787 4541 subornatus

2184 4559 2417 4618 fallaciis
2447 4564 2617 4636 patris
2665 4565 2751 4621 sui
2780 4565 2898 4640 (32)
2941 4567 3177 4639 diaboli,
3239 4573 3536 4643 praavalere
3563 4573 3786 4630 debebit

2185 4649 2474 4709 adversum
2522 4670 2654 4723 nos;
2714 4671 2845 4713 cum
2880 4657 3121 4714 sciamus
3178 4658 3419 4729 Christo,
3479 4668 3542 4717 ut
3595 4664 3783 4734 magni

2183 4742 2404 4798 consilii
2432 4745 2645 4817 Angelo
2692 4745 2835 4802 nihil
2902 4749 3335 4821 praeponendum
3375 4754 3517 4824 (Isa.
3568 4769 3648 4820 1x,
3697 4752 3782 4824 6).

2183 4831 2368 4905 Neque
2398 4834 2444 4889 si
2474 4834 2653 4890 virtus
2690 4833 2758 4889 ab
2785 4836 2976 4909 aliquo
3005 4837 3149 4896 facta
3177 4838 3370 4910 fuerit,
3400 4840 3545 4897 sicut
3573 4840 3784 4899 dicitur

2183 4920 2327 4978 facta
2355 4938 2386 4978 a
2415 4922 2635 4980 Simone
2681 4940 2858 4997 mago,
2899 4926 2995 5000 qui
3042 4926 3249 4985 dicitur
3293 4929 3351 4985 in
3379 4945 3501 4985 aere
3534 4947 3781 5001 sursum,

2183 5019 2247 5068 ut
2280 5012 2543 5085 populum
2609 5012 2813 5073 Christi
2859 5016 3274 5093 scandalizaret,
3332 5019 3565 5090 volasse,
3610 5019 3780 5077 ﬁdem

2185 5199 2512 5283 quibusdam
2542 5220 2662 5283 vox
2680 5210 2990 5283 memorata,
3034 5215 3089 5283 et
3116 5226 3215 5283 pro
3242 5212 3300 5267 in
3328 5211 3517 5269 merita
3561 5210 3619 5268 in
3644 5229 3782 5269 om-

2183 5274 2349 5355 nibus
2380 5274 2491 5355 fere
2538 5276 2811 5355 scribitur
2846 5274 3362 5355 immerita;_inepta
3390 5300 3572 5342 sensu.
3610 5287 3684 5340 At
3712 5286 3779 5342 in

2185 5344 2381 5401 merita
2427 5345 2632 5429 Christi
2679 5349 3035 5429 seminamus,
3069 5344 3198 5423 quia
3246 5344 3362 5428 ipse
3391 5356 3544 5429 prior
3570 5356 3779 5414 dilexit

2183 5432 2301 5485 nos,
2335 5433 2399 5475 ac
2428 5418 2581 5475 dedit
2608 5420 2786 5480 nobis.

2179 5488 2371 5617 “(32)
2420 5491 2687 5549 Nonnulli
2749 5512 2906 5568 mss,
2982 5497 3273 5557 subornata
3326 5500 3546 5570 fallacis
3593 5501 3776 5573 patris

2244 5579 2282 5617 ι.

2244 5579 2282 5617 ι.
