2068 3097
145 135 189 164 137

687 132 869 165 COMMENT.
889 134 928 164 IN
945 133 1055 165 EPIST.
1076 133 1124 162 AD
1143 133 1229 164 ROM.

1737 135 1790 167 138

144 203 254 228 nostram
280 198 391 227 debebit
418 198 545 227 minuere
559 220 566 232 ,
592 198 738 227 scientium
763 199 931 227 Salvatorem
948 198 974 228 A
990 197 1091 225 missa:
1121 205 1153 225 ac
1175 205 1223 234 per
1245 197 1300 227 hoc
1320 197 1396 227 dolet
1417 205 1502 234 genus
1527 206 1609 227 suum
1621 219 1630 234 ,
1653 198 1727 236 quod
1748 203 1789 233 est

144 244 207 272 nube
229 244 380 272 famulante
395 248 551 280 susceptum
574 243 729 272 ascendisse
744 252 825 280 supra
840 251 936 272 omnes

143 287 215 316 caelos
229 287 300 323 (Act.
318 296 338 323 1,
361 289 400 324 9).
415 288 509 324 Neque
525 288 548 315 si
569 288 598 315 in
621 288 797 317 altitudinem
813 296 840 316 se
856 286 936 315 nobis

142 333 277 368 ostendat,
301 334 335 362 de
360 342 413 370 qua
437 334 505 362 dicit
527 333 645 362 Joannes
669 334 825 370 apostolus:
859 346 868 357 ι
893 333 936 361 An

139 378 265 415 ignoratis
288 378 463 406 altitudinem
487 379 593 407 Satanae
616 379 715 414 (Apoc.
739 387 768 412 ir,
795 377 892 413 210?-
923 385 938 405 a

140 423 279 451 devotione
304 432 353 452 nos
375 423 488 452 Domini
502 424 566 452 Iesu
590 423 703 452 debebit
717 423 835 455 auferre,
856 430 937 459 quem

140 468 235 496 scimus
252 468 424 497 descendisse
446 468 480 496 de
495 469 576 503 ctelo,
600 473 631 496 ut
646 472 754 496 terrena
768 467 938 504 spiritalibus

139 513 249 542 sociaret
259 514 329 550 (33).
345 514 440 550 Neque
453 513 477 541 si
493 522 542 550 per
550 513 731 549 phantasiam,
744 522 797 550 qua
809 512 937 541 seducere

140 558 294 593 meditatur,
310 558 481 595 profundum
503 558 582 586 nobis
602 558 726 587 ostendat
748 558 861 586 horrore
879 558 938 585 mi—

138 603 264 637 randum,
290 611 343 639 qua
366 603 455 631 territi
482 603 552 631 forte
576 603 789 631 succumbamus
807 603 865 631 illi:
887 611 937 631 nec

138 648 177 676 sic
192 648 306 684 dignum
322 652 372 682 est,
388 653 418 676 ut
439 648 548 677 Christo
567 648 649 676 ﬁdem
671 649 839 684 frangamus,
854 656 935 685 quem

136 693 239 721 scimus
264 693 349 721 nostri
373 701 452 721 causa
476 692 505 721 in
531 692 700 729 profundum
727 696 805 721 terrae
827 693 937 722 descen-

138 736 209 765 disse
228 742 254 765 et
279 741 366 765 morte
390 746 481 774 pressa
502 746 588 774 genus
617 737 770 766 humanum
797 737 935 765 liberasse.

137 781 228 818 Neque
251 781 274 809 si
290 782 383 810 futura
398 782 479 810 nobis
493 782 637 819 spondeat,
653 791 713 820 quae
728 782 856 819 promisit
872 783 937 810 Evae

138 826 218 860 (Gen.
244 835 285 861 in,
311 826 338 861 4,
353 827 393 864 5),
410 836 552 856 assensum
576 828 704 856 dabimus
728 828 779 862 illi,
796 827 907 857 discreti
923 836 939 855 a

991 242 1143 271 secundum
1171 250 1279 271 carnem
1305 252 1313 277 ;
1350 243 1415 280 quia
1439 242 1631 273 incredulitate
1658 251 1706 271 sua
1735 242 1789 273 hoc

991 287 1105 323 perenni
1130 291 1158 315 et
1180 287 1293 315 salutari
1318 287 1453 316 beneﬁcio
1478 296 1507 316 se
1521 287 1677 325 privarunt.
1694 288 1766 325 Ergo
1779 310 1787 324 ,

991 332 1125 368 optabam,
1148 332 1197 366 ait,
1223 340 1279 361 non
1293 336 1372 369 opto;
1390 333 1454 369 quia
1467 333 1519 362 scit
1543 332 1604 362 ﬁeri
1626 341 1682 361 non
1699 341 1789 370 posse,

992 382 1023 405 ut
1050 381 1105 406 tam
1134 377 1281 405 honestum
1309 377 1463 405 membrum
1479 399 1488 411 ,
1519 378 1596 406 nullo
1620 376 1791 414 praecedente

993 423 1074 457 vitio,
1103 423 1310 452 abscinderetur
1339 431 1355 450 υ.
1380 431 1494 459 corpore
1522 423 1679 453 Christiano
1708 423 1790 460 (35),

992 468 1120 496 affectum
1143 473 1234 497 tamen
1257 472 1285 497 et
1307 468 1487 497 dilectionem
1509 468 1582 498 circa
1602 476 1687 505 genus
1708 477 1789 498 suum

993 513 1123 542 ostendit.
1440 516 1442 518 ’

1029 562 1119 598 (Vers.
1136 560 1176 597 4.)
1197 573 1206 585 ι
1222 561 1345 595 Quorum
1360 561 1474 599 adoptio
1486 566 1527 590 est
1541 562 1676 592 ﬁliorum.
1691 575 1700 587 ι
1718 562 1793 593 Iuste

991 615 1019 635 se
1035 606 1129 634 dolere
1144 606 1251 643 probat,
1274 605 1385 643 quando
1407 606 1539 643 przedicat
1555 607 1665 636 laudem
1687 608 1794 645 generis

992 659 1097 686 eorum,
1118 651 1183 688 quia
1198 651 1264 679 olim
1285 650 1336 679 ﬁlii
1352 651 1486 688 adoptati,
1499 652 1627 681 aﬂ'ectum
1641 656 1667 680 et
1678 653 1794 689 gratiam

991 696 1041 724 Dei
1053 696 1141 724 Patris
1158 696 1187 724 in
1203 695 1313 724 irritum
1335 695 1501 724 habuerunt.
1519 696 1628 733 Adjecit
1644 697 1745 732 adhuc,
1763 702 1795 726 ut

992 745 1019 770 et
1033 741 1102 769 alios
1117 740 1211 769 dolere
1226 749 1276 778 pro
1294 740 1341 769 his
1355 740 1447 775 faciat,
1461 740 1571 770 dicens:

1030 796 1121 831 (Vers.
1141 795 1183 831 5.)
1210 807 1219 819 ε
1236 795 1271 823 Et
1291 795 1388 831 gloria,
1408 800 1435 823 et
1453 799 1628 831 testamenta,
1645 800 1673 824 et
1687 796 1793 833 legisla-

992 840 1045 874 tio,
1067 844 1094 868 et
1108 839 1284 876 obsequium,
1305 844 1332 868 et
1348 840 1492 876 promissa,
1515 848 1633 877 quorum
1648 841 1751 876 Patres,
1768 846 1796 870 et

137 870 258 924 quis?“
390 872 494 924 νξηυξθ
517 876 544 924 εξ
688 873 788 924 Ρεαξξξ,
798 872 938 924 fired???“
955 884 978 914 Β
993 870 1138 922 exquibus
1149 870 1441 914 Ch‘ristus'secu-ndum
1456 870 1578 921 carnem,
1595 886 1643 924 qui
1658 890 1699 915 est
1711 870 1795 924 super

138 920 163 944 et
186 917 300 945 scimus.
323 916 377 944 Nec
391 917 415 944 si
440 921 497 945 arte
520 921 547 945 et
571 917 725 946 subtilitate
748 917 806 954 (34)
832 917 939 945 astutia

134 970 191 989 sua:
207 961 291 989 aliam
307 965 460 989 creaturam
476 962 561 998 ﬁngat
586 962 619 990 ad
640 962 749 997 horam,
765 962 837 990 sicut
852 962 938 990 ﬁnxe-

135 1010 204 1034 runt
218 1006 329 1034 Jamnes
343 1010 368 1033 et
383 1006 519 1034 Mambres
539 1015 630 1035 coram
647 1007 789 1036 Pharaone
808 1007 855 1042 (II
871 1008 938 1035 Tim.

133 1059 176 1085 in,
197 1050 227 1086 8)
241 1060 247 1084 ;
260 1050 459 1079 inconveniens
473 1055 524 1086 est,
541 1056 572 1080 ut
582 1060 630 1088 per
640 1052 699 1080 haec
714 1060 729 1079 a
747 1053 804 1080 Deo
818 1055 941 1080 creatore

133 1102 200 1123 vero
216 1103 267 1122 nos
288 1100 408 1129 revocet,
433 1104 514 1132 quem
530 1104 586 1124 non
610 1096 770 1132 ignoramus
792 1105 839 1132 per
854 1096 940 1125 Chri—

133 1143 207 1168 stum
225 1140 329 1168 Filium
345 1149 425 1168 suum
435 1145 588 1169 creaturam
599 1140 757 1169 condidisse
767 1141 796 1168 in
805 1145 937 1170 aeternum

135 1185 329 1213 exsistentem.
356 1185 526 1219 Quibusdam
546 1186 657 1214 videtur
681 1187 764 1214 aliam
787 1190 941 1215 creaturam

140 1229 247 1259 dixisse
269 1230 303 1258 de
329 1230 432 1265 idolis;
455 1231 504 1260 sed
520 1239 576 1259 non
600 1236 640 1259 est
661 1240 768 1265 verum,
792 1232 857 1267 quia
872 1231 943 1260 hanc

138 1275 236 1303 debuit
253 1275 419 1312 signiﬁcare,
437 1284 518 1312 quam
537 1275 588 1303 sub
603 1275 784 1304 admiratione
799 1275 943 1304 seductio-

139 1321 182 1349 nis
210 1321 325 1349 videtur
347 1320 449 1357 ﬁngere
473 1321 594 1349 Satanas.
620 1321 688 1349 Nam
712 1321 774 1358 quis
796 1321 943 1359 seducatur

139 1364 269 1394 fidelium
298 1365 332 1393 ad
359 1365 441 1400 haec,
461 1374 477 1393 a
503 1366 604 1402 quibus
629 1366 741 1395 recessit
767 1366 943 1395 manifestato

136 1409 256 1438 errore?
277 1412 323 1439 79
342 1409 394 1437 Sed
410 1409 468 1438 hac
493 1410 641 1438 meditatur
664 1414 691 1438 et
705 1410 795 1446 ﬁngit,
812 1418 861 1446 per
883 1418 943 1446 qua:

135 1457 222 1485 etiam
238 1458 340 1487 electos
355 1459 441 1495 possit
462 1459 599 1486 seducere.
616 1459 697 1486 Nulla
712 1468 774 1494 ergo
789 1463 865 1492 sunt,
882 1466 944 1494 quae

137 1512 190 1533 nos
212 1507 322 1542 possint
337 1515 353 1534 a
376 1506 509 1534 charitate
536 1507 583 1533 Dei
608 1513 742 1541 separare,
767 1513 827 1542 quae
851 1509 892 1533 est
917 1505 944 1532 in

134 1549 255 1579 Christo
281 1551 372 1579 Jesu:
402 1551 477 1578 Deus
500 1550 574 1578 enim
608 1550 770 1578 charitatem
803 1557 880 1578 suam
914 1549 943 1577 in

131 1594 255 1623 Christo
283 1595 364 1624 nobis
392 1595 538 1630 ostendit,
572 1595 638 1624 dum
676 1595 759 1624 tradit
785 1595 865 1624 illum
895 1604 944 1632 pro

128 1639 234 1668 nobis.

449 1701 564 1730 CAPUT
585 1702 623 1730 IX
629 1723 635 1730 .

167 1754 269 1790 (Vers.
297 1755 366 1791 1-3.)
398 1767 408 1779 ι
431 1746 581 1784 Veritatem
604 1756 667 1784 dico
683 1756 711 1783 in
736 1754 845 1784 Christo
868 1755 942 1791 Iesu,

130 1809 186 1829 non
214 1801 350 1834 mentior,
375 1799 567 1828 testimonium
593 1800 663 1828 mihi
689 1800 850 1836 perhibente
870 1808 941 1829 con-

130 1845 252 1874 scientia
281 1853 343 1872 mea
367 1844 395 1871 in
419 1844 525 1880 Spiritu
549 1848 654 1879 sancto,
680 1844 745 1881 quia
765 1844 880 1872 tristitia
901 1848 942 1873 est

131 1889 201 1918 mihi
218 1897 335 1926 magna,
358 1893 385 1917 et
404 1889 554 1917 continuus
573 1889 652 1918 dolor
670 1889 748 1917 cordi
770 1897 849 1923 meo;
867 1893 942 1926 opta-

130 1933 194 1962 bam
212 1934 294 1962 enim
320 1942 370 1970 ego
394 1933 451 1970 ipse
474 1933 620 1962 anathema
642 1942 700 1962 esse
721 1942 738 1961 a
760 1933 870 1962 Christo
894 1942 943 1970 pro

130 1976 270 2006 fratribus
298 1977 386 2012 meis,
410 1978 534 2014 cognatis
560 1978 712 2007 secundum
740 1986 870 2013 carnem,
895 1978 943 2015 qui

130 2028 194 2052 sunt
219 2023 371 2052 Israelitae.
388 2036 398 2047 -
420 2023 557 2057 Quoniam
579 2024 704 2060 superius
725 2028 821 2052 contra
835 2023 943 2052 Iudaeos

131 2068 207 2105 loqui
229 2069 368 2102 videtur,
394 2068 441 2105 qui
465 2077 500 2096 ex
524 2069 582 2104 lege
606 2068 753 2104 justiﬁcari
775 2078 803 2098 se
824 2072 939 2106 putant:

129 2120 206 2141 nunc
220 2118 254 2141 ut
270 2117 370 2141 votum
386 2121 467 2141 suum
478 2116 505 2141 et
518 2113 646 2141 affectum
657 2113 730 2141 circa
746 2121 791 2141 eos
806 2113 942 2147 ostendat,

128 2160 198 2185 teste
214 2157 394 2186 conscientia
416 2166 475 2192 sua,
491 2157 520 2185 in
535 2157 645 2186 Christo
664 2158 727 2185 Jesu
745 2162 771 2185 et
786 2158 815 2185 in
837 2158 943 2194 Spiritu

126 2206 229 2230 sancto
245 2202 320 2231 dicit
334 2211 362 2230 se
376 2203 464 2239 loqui,
482 2206 512 2230 ut
527 2210 583 2230 non
604 2202 680 2230 velut
695 2202 809 2230 inimico
831 2203 942 2231 illorum

994 931 1088 959 omnia
1102 932 1174 959 Deus
1188 930 1351 959 benedictus
1372 931 1401 959 in
1423 932 1532 960 saecula.
1555 931 1654 960 Amen.
1668 944 1677 955 -
1709 931 1797 961 Tanta

995 976 1132 1013 praeconia
1147 976 1300 1005 nobilitatis
1316 981 1344 1005 et
1358 977 1386 1005 di
1391 977 1505 1013 guitatis
1515 977 1622 1014 generis
1636 976 1796 1007 Iudaeorum

996 1025 1023 1049 et
1048 1020 1261 1057 promissionum
1285 1026 1440 1056 enumerat,
1465 1026 1496 1050 ut
1519 1020 1649 1051 omnibus
1675 1031 1725 1059 pro
1751 1023 1796 1052 his

996 1065 1119 1094 dolorem
1134 1066 1253 1095 incutiat
1265 1088 1272 1101 ,
1293 1067 1358 1104 quia
1374 1075 1430 1095 non
1449 1067 1608 1104 recipiendo
1625 1067 1796 1097 Salvatorem

997 1111 1205 1148 praerogativam
1219 1112 1343 1147 Patrum,
1357 1116 1384 1140 et
1394 1112 1586 1149 promissionis
1598 1113 1727 1142 meritum
1737 1121 1796 1149 per-

996 1155 1137 1190 diderunt,
1154 1156 1260 1193 pejores
1279 1157 1430 1194 gentilibus
1444 1157 1521 1192 facti,
1537 1165 1606 1194 quos
1620 1158 1708 1194 prius,
1731 1158 1797 1195 quia

996 1202 1055 1229 sine
1075 1202 1132 1229 Deo
1152 1205 1241 1236 erant,
1263 1202 1511 1231 abominabantur:
1536 1203 1699 1239 propensius
1721 1203 1796 1231 enim

997 1245 1099 1274 malum
1106 1251 1147 1275 est
1155 1246 1317 1283 dignitatem
1330 1246 1581 1285 perdidisse,quam
1591 1256 1647 1276 non
1656 1247 1794 1277 habuisse.

996 1291 1104 1320 Interea
1117 1290 1151 1319 de
1166 1291 1307 1319 Salvatore
1321 1291 1406 1319 dicit:

1040 1357 1050 1369 ι
1068 1345 1121 1378 Qui
1131 1350 1172 1373 est
1187 1353 1269 1381 super
1284 1345 1378 1373 omnia
1386 1345 1460 1373 Deus
1473 1344 1672 1374 benedictusin
1685 1347 1796 1377 saecula.

998 1390 1098 1417 Amen.
1114 1401 1123 1413 ι
1157 1389 1274 1422 Quando
1299 1389 1373 1417 enim
1398 1389 1475 1416 nulla
1498 1390 1605 1425 paterni
1628 1390 1751 1418 nominis
1767 1391 1799 1419 ﬁt

999 1433 1115 1467 mentio,
1131 1437 1158 1462 et
1171 1433 1205 1461 de
1216 1433 1328 1462 Christo
1342 1441 1432 1462 sermo
1443 1438 1494 1469 est,
1508 1442 1563 1463 non
1579 1438 1667 1471 potest
1679 1434 1797 1472 diil'erri,

999 1487 1034 1507 ne
1054 1479 1126 1507 Deus
1149 1478 1268 1508 dicatur.
1284 1479 1453 1516 Frequenter
1476 1479 1551 1508 enim
1574 1480 1715 1517 Scriptura
1736 1489 1798 1518 pro-

999 1528 1060 1560 pter
1081 1524 1164 1552 unius
1183 1524 1233 1552 Dei
1257 1524 1466 1560 professionem,
1482 1524 1506 1553 si
1530 1524 1563 1553 de
1586 1526 1643 1554 Deo
1664 1525 1743 1554 Patre
1757 1526 1798 1555 lo-

962 1568 983 1598 G
999 1569 1103 1606 quitur,
1133 1573 1160 1597 et
1186 1569 1243 1597 Deo
1269 1568 1397 1605 adjungit
1424 1569 1543 1603 Filium,
1574 1570 1660 1598 Deum
1688 1570 1796 1600 Patrem

999 1618 1096 1649 vocat,
1125 1618 1152 1642 et
1177 1614 1280 1642 Filium
1304 1614 1465 1642 Dominum.
1490 1614 1519 1642 Si
1544 1614 1606 1651 quis
1628 1618 1719 1643 autem
1740 1623 1798 1644 non

998 1663 1077 1695 putat
1098 1658 1132 1687 de
1154 1658 1264 1687 Christo
1287 1658 1414 1688 dictum:
1441 1659 1494 1693 Qui
1507 1662 1545 1687 est
1565 1659 1646 1694 Deus,
1669 1659 1716 1687 det
1739 1668 1798 1696 per-

998 1713 1104 1739 sonam,
1121 1704 1154 1733 de
1169 1713 1223 1741 qua
1237 1704 1343 1733 dictum
1358 1709 1415 1733 est:
1433 1704 1468 1732 de
1489 1704 1569 1732 Patre
1584 1704 1657 1733 enim
1673 1705 1730 1733 Deo
1745 1704 1799 1734 hoc

998 1750 1058 1778 loco
1074 1750 1177 1778 mentio
1201 1750 1273 1778 facta
1287 1758 1343 1777 non
1367 1753 1417 1778 est.
1434 1748 1487 1777 Sed
1510 1748 1577 1786 quid
1595 1749 1706 1784 mirum,
1728 1749 1752 1778 si
1766 1749 1798 1779 in

998 1794 1050 1823 hoc
1062 1795 1123 1824 loco
1142 1795 1285 1824 Christum
1302 1796 1390 1824 Deum
1414 1803 1497 1831 super
1508 1794 1604 1823 omnia
1625 1799 1718 1832 aperta
1730 1803 1798 1825 voce

998 1839 1165 1876 loqueretur,
1189 1839 1222 1868 de
1245 1848 1301 1877 quo
1324 1840 1379 1868 alia
1402 1839 1431 1867 in
1450 1839 1565 1876 epistola
1588 1839 1663 1868 hunc
1685 1848 1797 1869 sensum

997 1885 1047 1913 tali
1069 1893 1196 1914 sermone
1218 1885 1351 1919 ﬁrmavit,
1376 1884 1488 1913 dicens:
1528 1897 1538 1909 ι
1564 1885 1600 1914 Ut
1627 1885 1656 1913 in
1683 1885 1797 1914 nomine

997 1929 1061 1958 .lesu
1081 1938 1163 1958 omne
1184 1938 1255 1967 genu
1279 1929 1415 1962 ﬂectatur,
1438 1930 1600 1965 ccelestium,
1624 1931 1797 1960 terrestrium

998 1979 1025 2003 et
1036 1974 1208 2003 infernorum
1225 1974 1355 2011 (Philipp.
1373 1983 1404 2008 ιι,
1419 1975 1465 2011 10)
1481 1975 1496 2004 ἳ
1508 1987 1517 1999 ι
1541 1975 1603 2003 Haec
1613 1979 1678 2003 sunt
1691 1974 1796 2009 omnia,

998 2028 1080 2056 super
1093 2027 1153 2056 quae
1167 2020 1240 2048 Deus
1254 2019 1381 2048 Christus
1397 2023 1448 2048 est.
1464 2019 1558 2055 Neque
1572 2019 1659 2052 enim,
1674 2019 1797 2055 exceptis

998 2063 1051 2098 his,
1077 2068 1141 2093 sunt
1164 2064 1266 2101 aliqua,
1289 2068 1321 2092 ut
1335 2072 1392 2092 non
1416 2071 1498 2099 super
1512 2062 1606 2091 omnia
1620 2063 1694 2091 Deus
1718 2062 1797 2092 Chri-

997 2113 1055 2137 stus
1069 2108 1122 2137 sit:
1147 2117 1198 2137 nec
1212 2112 1301 2146 potest
1326 2116 1397 2144 genu
1419 2107 1527 2136 ﬂectere
1546 2106 1637 2135 omnis
1660 2111 1794 2144 creatura,

998 2154 1050 2182 nisi
1073 2155 1139 2182 Deo.
1155 2153 1280 2189 Denique
1303 2153 1422 2180 Joannes
1441 2151 1581 2187 apostolus
1605 2159 1668 2180 cum
1691 2152 1795 2182 inscius

997 2199 1122 2235 angelum
1152 2201 1184 2226 ut
1208 2198 1296 2226 Deum
1321 2196 1404 2224 vellet
1431 2195 1554 2230 adorare,
1583 2196 1660 2225 audit
1685 2197 1719 2225 ab
1744 2205 1793 2227 eo:

124 2246 195 2275 ﬁdes
209 2247 315 2275 haberi
330 2256 387 2275 non
402 2247 497 2283 possit.
515 2247 579 2275 Ideo
606 2247 748 2275 Christum
764 2252 791 2276 et
806 2248 939 2283 Spiritum
958 2257 982 2286 ι)
1004 2256 1014 2267 ι
1028 2244 1066 2271 Ne
1081 2243 1187 2277 feceris,
1204 2242 1334 2279 quoniam
1350 2250 1499 2270 conservus
1520 2245 1585 2286 tuus
1599 2250 1669 2270 sum.
1693 2243 1793 2278 Deum,

124 2298 271 2327 sanctum,
292 2301 362 2329 quos
384 2293 456 2321 nihil
484 2293 559 2327 latet,
583 2296 666 2321 testes
692 2292 754 2320 dat:
782 2296 808 2321 et
823 2301 940 2329 quorum

125 2338 332 2367 testimonium
344 2338 484 2374 reprobari
500 2346 555 2366 non
570 2342 669 2374 potest,
684 2338 731 2374 qui
746 2338 786 2366 sic
796 2337 942 2374 perhibent

123 2384 330 2411 testimonium
341 2383 493 2419 Apostolo,
504 2383 569 2411 dum
594 2383 789 2412 commendant
808 2391 870 2411 eum
886 2383 940 2410 vir-

124 2430 184 2456 tute
200 2428 366 2464 signorum,
383 2436 442 2463 quae
464 2427 599 2456 faciebant
614 2437 662 2464 per
676 2428 766 2456 illum.
783 2428 853 2462 Quia
866 2427 938 2456 enim

123 2475 182 2500 tam
207 2480 349 2507 magnum
367 2472 524 2508 praesidium
540 2476 581 2500 est
596 2472 708 2507 Christi,
733 2477 760 2501 et
774 2473 939 2509 precipuam

122 2515 303 2545 cbaritatem
317 2525 381 2552 erga
393 2525 478 2553 genus
493 2517 644 2546 humanum
660 2517 792 2550 ostendit,
807 2522 834 2546 et
846 2517 939 2553 digna-

122 2561 204 2590 tione
236 2561 306 2598 ejus
329 2561 448 2598 gloriosa
471 2566 498 2590 et
519 2561 686 2591 immortalia
709 2562 822 2599 praemia
849 2570 940 2598 repro-

158 2642 223 2679 (33)
247 2642 335 2671 Rom.
352 2637 420 2671 edit.
436 2642 504 2676 sola,
520 2645 667 2679 utiterrena
681 2643 824 2671 caelestibus
848 2643 939 2671 socia-

120 2683 171 2706 ret.
189 2679 276 2707 Infra.
293 2687 360 2706 vero
374 2679 421 2706 ubi
437 2682 497 2707 vet.
516 2678 583 2706 edit.
600 2685 632 2706 ac
645 2679 736 2714 plures
751 2688 827 2714 mss.,
848 2688 939 2707 errore

121 2715 306 2746 mirandum,
322 2714 417 2742 eadem
434 2715 512 2743 Rom.
531 2714 597 2742 edit.
613 2722 648 2741 ex
667 2714 732 2751 Gill.
756 2715 785 2743 in
808 2723 894 2751 marg.
911 2718 938 2743 et

121 2758 188 2780 mss.
210 2751 367 2779 nonnullis
383 2751 512 2784 restituit,
529 2751 641 2778 horrore
659 2750 822 2779 mirandum.

158 2786 223 2822 (34)
248 2786 357 2814 Omnes
372 2786 438 2814 edit.
455 2790 482 2814 et
499 2795 562 2815 mss.
579 2794 610 2814 ac
625 2787 702 2822 pauci
718 2795 796 2820 mss.,
810 2790 834 2814 et
849 2787 938 2815 subli—

119 2823 237 2857 mitate;
264 2822 371 2856 caeteri,
387 2822 416 2850 in
435 2822 535 2860 quibus
548 2822 727 2860 antiquiores,
740 2825 764 2850 et
783 2823 935 2852 subtilitate.

217 2872 351 2900 PATROL.
373 2870 462 2901 XVII.

995 2289 1097 2324 inquit,
1113 2288 1196 2316 adora
1212 2288 1306 2324 (Apoc.
1333 2295 1394 2321 XIX,
1411 2286 1468 2323 10).
1485 2298 1494 2310 ι
1516 2285 1571 2314 Nec
1586 2286 1721 2314 Dominus
1741 2288 1795 2316 uti-

995 2342 1048 2371 que
1071 2333 1177 2361 adorari
1207 2341 1235 2360 se
1254 2336 1403 2369 pateretur,
1430 2331 1483 2360 nisi
1504 2331 1568 2367 quia
1591 2332 1665 2359 Deus
1687 2336 1746 2361 est:
1770 2332 1794 2361 si

995 2387 1049 2416 quo
1065 2378 1167 2411 minus,
1179 2385 1324 2413 usurpasse
1332 2376 1466 2405 dicendus
1473 2380 1525 2410 est,
1537 2379 1564 2403 et
1571 2384 1706 2413 peccasse,
1719 2377 1794 2413 quod

994 2424 1077 2457 absit,
1104 2431 1167 2450 cum
1192 2422 1249 2458 ipse
1278 2420 1419 2449 diabolum
1449 2420 1612 2456 increpans,
1641 2421 1792 2450 Dominum

994 2470 1081 2497 Deum
1096 2466 1278 2500 adorandum,
1295 2469 1321 2494 et
1336 2465 1389 2502 ipsi
1403 2465 1455 2494 soli
1470 2465 1646 2494 serviendum
1667 2466 1793 2495 ostendat

996 2514 1101 2551 (Matth.
1118 2522 1157 2547 IV,
1174 2512 1230 2548 10).
1242 2511 1320 2541 Nihil
1333 2519 1397 2548 ergo
1415 2510 1613 2547 praajudicatur
1633 2511 1690 2540 Deo
1705 2511 1791 2545 Patri,

993 2568 1056 2589 cum
1070 2560 1198 2588 adoratur
1213 2558 1339 2588 Christus
1354 2561 1384 2585 ut
1402 2558 1486 2592 Deus,
1504 2556 1569 2594 quia
1583 2565 1647 2586 cum
1668 2557 1720 2586 soli
1734 2558 1791 2586 Deo

993 2643 1104 2683 Rursus_
1119 2643 1214 2683 paucis
1232 2642 1392 2679 interjectis,
1413 2642 1491 2671 Eras.
1515 2650 1547 2671 ac
1564 2650 1620 2683 seq.
1637 2642 1706 2683 edit.
1726 2647 1789 2683 cum

992 2688 1048 2707 uno
1062 2679 1105 2708 vel
1121 2675 1206 2707 altero
1222 2688 1285 2716 mss.
1301 2675 1490 2716 reposuerant,
1503 2675 1656 2716 conveniens
1670 2680 1725 2716 est;
1741 2675 1790 2704 ubi

992 2724 1042 2743 nos
1064 2724 1127 2744 cum
1156 2715 1267 2745 Amerb.
1291 2718 1318 2744 et
1335 2713 1478 2752 plerisque
1494 2722 1560 2743 mss.
1583 2713 1649 2742 resti
1665 2713 1788 2747 tuimus,

991 2752 1173 2779 inconveniens
1187 2755 1236 2780 est.

994 2787 1097 2852 611(ἐὸἐί
1119 2788 1198 2817 Rom.
1228 2787 1295 2817 edit.
1323 2795 1387 2816 cum
1414 2784 1508 2823 paucis
1534 2791 1612 2817 mss.,
1641 2791 1658 2811 a
1680 2791 1790 2823 corpore

1060 2832 1072 2851 8
1099 2845 1106 2852 .

1034 2823 1106 2852 ristt'.
