2075 3097
297 147 347 189 139

802 157 851 186 AI)
871 155 989 186 OPERA
1008 157 1035 186 S.
1057 154 1224 187 AMBROSII
1244 155 1434 187 APPENDIX.

1895 155 1948 188 140

295 222 470 252 serviendum
485 223 602 258 dicatur,
618 223 738 254 servitur
752 226 779 251 et
795 222 914 252 Christo.
932 222 1005 252 Dicit
1016 223 1089 251 enim
1105 224 1130 253 Α
1145 226 1220 252 ctum
1236 228 1277 252 est
1293 232 1357 260 ergo
1372 223 1499 258 Abrahae,
1515 223 1580 260 quia
1604 235 1613 247 ι
1629 224 1660 252 In
1676 223 1780 252 semine
1795 228 1844 252 tuo
1859 224 1949 253 bene—

295 268 350 297 alio
365 268 443 297 loco:
468 268 539 302 «Qui
564 268 592 296 in
616 268 659 296 his
679 268 763 296 servit
778 267 898 301 Christo,
924 268 1013 303 placet
1035 269 1090 296 Deo

283 314 384 350 ‘(Rom.
401 321 460 347 xrv,
478 313 534 346 18).
550 326 559 337 ι
581 313 653 346 Quid
669 320 732 349 ergo
746 316 878 348 superest,
894 311 947 340 nisi
963 316 992 340 ut
1013 313 1092 341 Pater

294 359 378 393 Deus,
403 361 430 386 et
452 358 540 386 Filius
565 358 647 392 Deus,
671 361 698 385 et
718 356 903 385 nihilominus
922 365 995 385 unus
1018 359 1091 386 Deus

279 399 423 434 credatur
437 408 551 440 uterque
563 403 577 431 ?
591 403 654 431 Sive
677 402 750 430 enim
775 402 883 430 Patrem
905 402 966 438 quis
984 402 1090 437 adoret,

280 450 354 478 'sive
369 449 483 483 Filium,
505 456 589 476 unum
614 448 701 476 Deum
724 446 827 475 dicitur
842 447 965 480 adorare,
986 451 1012 475 et
1029 456 1091 476 ser-

296 494 355 522 vire
369 494 453 527 Patri,
469 497 516 520 aut
531 492 601 520 Filio
618 492 689 527 (36),
704 492 753 520 uni
769 492 826 519 Deo
849 492 993 519 servitium
1013 492 1091 520 exhi-

295 539 384 575 betur.
413 542 461 571 80
489 537 569 573 Nulla
593 537 681 573 igitur.
707 537 837 565 discretio
861 541 925 571 est,
954 538 1019 573 quia
1044 537 1092 574 qui

278 582 389 616 'adorat
417 586 531 621 Filium,
562 587 656 615 adorat
680 592 708 616 et
732 587 858 615 Patrem:
888 591 915 615 et
938 587 985 623 qui
1007 587 1092 615 servit

295 633 380 667 Patri,
396 633 482 661 servit
501 637 527 661 et
542 633 622 660 Filio.
641 632 677 660 Et
691 635 722 660 ut
735 632 795 660 sine
809 631 967 660 adulatione
982 632 1092 660 deitatis

274 700 277 704 ,
295 679 379 716 hujus
405 678 603 707 confessionem
636 685 694 706 esse
717 677 845 711 doceret,
865 677 893 705 in
915 677 1092 706 conclusione

296 724 397 761 posuit.
420 724 513 758 Amen,
530 724 582 752 hoc
603 727 654 757 est,
677 731 785 757 verum,
801 726 832 750 ut
847 722 987 751 Christum
1006 723 1092 750 Deum

296 777 378 808 super
392 769 487 797 omnia
510 769 539 796 in
553 768 669 797 veritate
693 767 848 796 ostenderet
867 766 1040 795 benedictum
1065 767 1093 795 in

279 822 282 824 '
296 813 404 842 saecula.

333 860 424 897 (Vers.
449 860 489 897 6.)
522 873 531 884 ι
545 859 605 888 Non
621 864 711 888 autem
732 858 837 888 excidit
860 858 975 887 verbum
1001 858 1060 887 Dei.
1077 871 1086 882 -

296 905 356 935 Non
368 904 473 933 excidit
488 905 602 933 verbum
618 904 668 933 Dei
691 904 822 932 dicentis:
847 917 856 928 ι
871 904 901 932 In
923 904 997 932 Isaac
1016 911 1095 932 voca-
1109 906 1132 936 B

296 949 372 978 bitur
399 949 450 978 tibi
479 958 571 978 semen
601 949 678 985 (Gen.
705 957 766 983 xxr,
785 948 865 985 l2),-
897 948 925 976 id
953 953 1013 982 est,
1042 948 1094 977 hoc

296 994 398 1028 evenit,
415 994 489 1031 quod
504 994 577 1023 dixit
597 995 670 1023 Deus
685 993 809 1022 futurum
823 1003 829 1028 ;
854 998 885 1022 ut
899 1001 955 1021 non
972 993 1000 1021 hi
1014 993 1094 1021 dice-

297 1044 393 1069 rentur
416 1048 509 1068 semen
532 1048 589 1068 esse
613 1038 741 1072 Abrahae,
769 1039 816 1076 qui
839 1038 890 1066 ﬁlii
917 1038 976 1075 ejus
1004 1042 1094 1067 essent

297 1084 447 1114 secundum
463 1092 573 1113 carnem
586 1093 592 1112 :
607 1083 654 1112 sed
683 1084 729 1111 isti
744 1084 791 1120 qui
820 1082 902 1110 ﬁdem
917 1083 1090 1119 acceperint,

295 1138 345 1167 per
372 1138 453 1167 quam
484 1134 564 1158 natus
592 1132 642 1162 est,
664 1129 747 1162 Isaac,
772 1127 947 1156 reformatam
970 1132 1093 1164 tempore

296 1176 410 1209 Christi,
440 1182 496 1203 non
524 1174 581 1210 jam
605 1173 764 1209 specialem,
788 1173 835 1202 sed
860 1173 1034 1209 generalem;
1062 1177 1093 1200 ut

296 1220 370 1257 quod
385 1219 524 1248 Abraham
539 1218 656 1247 credidit
670 1218 704 1246 de
726 1219 811 1252 Isaac,
834 1218 879 1246 isti
900 1217 1042 1246 crederent
1060 1216 1093 1245 de

278 1280 280 1282 ·
296 1267 354 1296 Ι)εο
363 1271 390 1295 et
405 1266 531 1300 Christo;
548 1265 612 1301 quia
622 1270 702 1293 natus
717 1268 757 1293 est
766 1266 818 1293 Dei
832 1264 921 1292 Filius
935 1264 969 1292 ad
977 1264 1093 1292 salutem

296 1311 411 1340 humani
427 1311 533 1347 generis
544 1310 730 1338 redimendam
746 1309 815 1346 (37).
828 1322 837 1334 -

276 1379 279 1383 .
333 1356 425 1392 (Vers.
442 1356 481 1391 7.)
505 1367 514 1379 ι
532 1355 625 1391 Neque
640 1362 736 1382 omnes
751 1354 797 1391 qui
816 1358 884 1382 sunt
900 1362 936 1382 ex
951 1353 1044 1387 Israel,
1063 1352 1093 1381 hi

295 1404 359 1429 sunt
387 1399 533 1433 Israelitae;
558 1407 647 1435 neque
669 1399 735 1435 quia
753 1407 845 1427 semen
873 1402 937 1427 sunt
964 1398 1091 1433 Abrahae,

294 1453 390 1474 omnes
414 1444 466 1472 ﬁlii
483 1454 489 1472 :
509 1444 557 1472 sed
582 1445 610 1471 in
628 1445 703 1472 Isaac
727 1444 872 1472 vocabitur
885 1444 937 1472 tibi
952 1451 1055 1471 semen.
1076 1456 1086 1468 ι

275 1509 277 1511 -
295 1489 352 1517 Hoc
367 1493 408 1516 est
435 1488 493 1524 (38)
514 1488 588 1524 quod
611 1488 671 1515 vult
687 1488 815 1524 intelligi,
830 1496 885 1516 non
898 1488 955 1524 jam
971 1487 1032 1516 ideo
1045 1487 1094 1515 di-

294 1542 362 1570 gnos
389 1541 445 1561 esse
461 1541 566 1567 omnes,
593 1533 658 1569 quia
672 1532 724 1560 ﬁlii
749 1536 813 1560 sunt
827 1532 947 1562 Abrahae
964 1542 969 1560 :
986 1532 1033 1560 sed
1047 1540 1094 1560 eos

294 1585 351 1606 esse
366 1577 475 1613 dignos,
491 1577 538 1613 qui
553 1577 604 1604 ﬁlii
620 1577 812 1613 promissionis
825 1580 901 1609 sunt,
916 1576 944 1604 id
957 1580 1007 1610 est,
1024 1584 1092 1613 quos
1110 1587 1131 1617 ρ

293 1621 413 1659 praesciit
427 1622 500 1649 Deus
514 1621 724 1657 promissionem
739 1629 817 1649 suam
832 1625 1015 1657 suscepturos,
1032 1621 1090 1649 sive

292 1674 327 1695 ex
342 1666 454 1700 Iudaeis,
477 1666 536 1694 sive
551 1673 586 1693 ex
612 1665 740 1702 gentibus
756 1674 763 1699 ;
790 1665 818 1693 hi
833 1665 907 1692 enim
936 1664 1011 1701 digni
1026 1669 1091 1693 sunt

291 1711 347 1740 dici
373 1711 513 1745 Israelita,
530 1710 558 1739 id
573 1714 624 1745 est,
651 1710 777 1738 videntes
788 1711 887 1744 Deum,
901 1710 948 1745 qui
963 1710 1089 1738 credunt.

290 1756 359 1784 Nam
373 1755 407 1783 de
429 1756 503 1783 Isaac
526 1755 621 1791 utique
645 1763 740 1783 omnes
764 1754 794 1782 hi
816 1754 868 1781 ﬁlii
884 1757 949 1782 sunt
962 1754 1089 1789 Abrahae,

291 1800 357 1836 quia
382 1800 473 1828 omnis
490 1808 608 1836 propago
636 1799 743 1835 generis
765 1799 925 1827 Iudaeorum
941 1807 976 1827 ex
998 1799 1090 1827 Abra-

290 1844 354 1873 ham
381 1852 429 1880 per
456 1845 530 1872 Isaac
557 1848 607 1872 est.
634 1843 687 1872 Sed
701 1844 776 1880 quia,
805 1843 877 1872 sicut
891 1843 961 1877 dixi,
980 1842 1009 1871 hi
1027 1847 1091 1871 sunt

291 1897 355 1918 vere
374 1889 426 1917 ﬁlii
455 1888 583 1921 Abrahae,
612 1889 660 1925 qui
688 1888 898 1925 promissionem
927 1893 1088 1925 sequuntur,

291 1942 351 1971 qua
375 1933 403 1961 in
432 1934 505 1962 Isaac
528 1933 599 1961 facta
615 1937 655 1961 est
671 1933 729 1969 (39)
749 1943 754 1961 :
785 1942 817 1962 ac
847 1941 895 1970 per
922 1933 975 1963 hoc
991 1934 1089 1970 reliqui

290 1978 342 2007 ﬁlii
357 1986 413 2006 non
428 1981 494 2006 sunt
509 1977 619 2006 dicendi
633 1976 760 2006 Abrahae.
782 1977 921 2006 Abraham
937 1978 1010 2006 enim
1026 1986 1091 2007 cre—

290 2023 367 2059 dens,
395 2024 470 2052 Isaac
495 2023 599 2059 accepit
626 2027 737 2060 propter
765 2023 858 2056 ﬁdem,
882 2023 947 2059 quia
972 2023 1090 2052 credidit

290 2068 357 2097 Deo.
382 2069 413 2096 In
437 2076 492 2105 quo
518 2067 682 2104 mysterium
709 2067 809 2095 futurae
837 2067 902 2095 ﬁdei
917 2067 1090 2103 designatum

279 2118 340 2147 est,
369 2118 400 2141 ut
428 2113 470 2141 illi
485 2117 575 2142 essent
590 2112 687 2141 fratres
706 2112 792 2146 Isaac,
807 2112 855 2148 qui
869 2111 992 2140 eamdem
1007 2112 1090 2140 ﬁdem

282 2156 433 2191 haberent,
464 2158 493 2185 in
520 2166 573 2194 qua
599 2158 674 2186 Isaac
700 2160 781 2185 natus
807 2160 858 2190 est,
887 2156 953 2192 quia
975 2156 1049 2184 Isaac
1061 2157 1089 2185 in

291 2204 358 2237 typo
379 2201 528 2230 Salvatoris
552 2207 633 2231 natus
659 2206 699 2231 est
725 2210 760 2230 ex
783 2201 976 2238 promissione,
998 2206 1029 2229 ut
1042 2202 1089 2238 qui

291 2245 440 2274 crediderit
464 2245 604 2274 Christum
621 2246 714 2274 Iesum
738 2246 904 2282 promissum
920 2254 977 2274 esse
997 2246 1089 2274 Abra-

280 2289 345 2323 hae,
368 2289 414 2319 hic
434 2290 471 2318 sit
494 2289 568 2318 ﬁlius
590 2290 719 2323 Abrahae,
743 2290 828 2318 frater
848 2298 914 2318 vero
937 2291 1020 2320 Isaac.
1037 2291 1090 2319 Di-

329 2380 386 2422 (39)
402 2380 474 2422 .Mss.
488 2381 651 2422 aliquota‘et
664 2381 762 2422 servire
780 2381 879 2422 P_atrt',_
883 2386 930 2410 aut
945 2381 1090 2422 Filiohattt

293 2417 407 2454 Spiritui
420 2421 519 2451 sancto,
536 2417 583 2444 uni
605 2417 691 2454 Deo?
707 2417 804 2454 adorat
816 2418 965 2454 ethtrem
980 2422 1003 2445 et
1024 2419 1088 2454 Spi—

291 2453 375 2480 ritum
389 2455 540 2481 sanctum...
557 2453 637 2480 servit
650 2453 720 2480 Filio
735 2456 758 2479 et
776 2453 891 2488 Spiritui
905 2457 1005 2486 sancto,
1022 2453 1087 2488 etc.;

293 2488 392 2525 reliqui
416 2497 492 2522 vero,
522 2492 549 2516 et
575 2488 641 2516 edit.
658 2488 736 2525 nobis
762 2494 929 2525 congruunt,
946 2489 999 2516 nisi
1016 2490 1089 2525 quod

291 2523 370 2552 Boni.
384 2527 462 2559 proel
476 2524 574 2551 servire
588 2524 676 2557 Patri,
689 2524 791 2560 posuit,
805 2523 828 2551 et
837 2524 860 2550 si
875 2525 990 2551 servitur
1000 2523 1087 2552 Petri:

291 2567 343 2594 nec
356 2567 411 2587 non
427 2564 488 2595 post
502 2560 578 2587 nulla
594 2559 854 2595 igitur,'subjunxit,
870 2560 899 2586 in
914 2560 954 2587 his
970 2568 975 2587 :
992 2569 1024 2588 ac
1037 2561 1089 2588 de-

291 2603 367 2623 mum
384 2595 456 2622 infra
471 2604 519 2630 pro
533 2595 718 2630 confessionem
732 2603 794 2623 cum
812 2604 876 2623 mss.
893 2595 1000 2624 Thuan.
1016 2596 1087 2624 sub—

291 2604 367 2623 mum
384 2604 456 2622 intra
489 2604 519 2623 ro
533 2604 606 2630 con/2

291 2631 393 2665 stituit,
408 2604 606 2666 pro/ﬁssionem.

328 2666 386 2702 (37)
406 2666 472 2694 Gill.
497 2675 528 2695 ac
545 2668 624 2695 Rom.
647 2667 713 2695 edit.
738 2675 802 2695 cum
817 2667 924 2695 Thuan.
941 2667 1016 2702 cod.,
1032 2667 1087 2695 hu-

290 2703 363 2730 mani
377 2703 477 2737 generis
493 2702 687 2730 redhibendam.

321 2737 384 2774 (38)
397 2738 551 2775 ltaimss.et
567 2742 621 2766 vet.
638 2739 716 2772 edit.,
729 2738 872 2775 nisirquod
886 2737 951 2767 Gill.
968 2740 1084 2774 omittit,

288 2773 343 2801 Hoc
362 2777 419 2810 est:
443 2774 522 2803 Rom.
547 2778 636 2802 autem
659 2774 725 2802 edit.
752 2773 868 2810 adjecto,
890 2779 919 2802 ut
938 2776 1017 2810 solet,
1039 2773 1086 2804 se;

287 2809 382 2849 quenti
404 2810 557 2849 Scripturie
571 2818 665 2849 ver_s_u,_
679 2813 714 2849 et_
727 2809 842 2849 repetita
860 2814 934 2846 parte
957 2812 1086 2849 superiog

287 2819 381 2849 queuu
404 2819 551 2873 scripturae
571 2819 662 2843 versu,
679 2819 705 2838 et
727 2819 842 2874 repetita
860 2819 934 2846 parte
957 2819 1085 2847 superio-

286 2851 335 2878 ns,
351 2848 401 2872 ista
431 2854 460 2873 su
480 2846 571 2882 jungit
589 2855 594 2874 :
617 2846 676 2874 Vult
704 2846 757 2874 inte
771 2847 849 2882 [igere
862 2855 915 2874 non
928 2855 1025 2880 omnes,
1039 2847 1085 2882 qui

1145 268 1272 297 dicentur
1301 277 1396 297 omnes
1425 273 1518 304 gentes
1548 269 1626 305 (Gen.
1656 276 1727 302 χχιι,
1753 268 1797 305 18)
1814 277 1820 302 ;
1838 282 1847 293 ι
1873 270 1948 306 quod

1145 312 1240 349 utique
1264 313 1292 340 in
1319 314 1394 341 Isaac
1418 313 1519 341 factum
1537 321 1590 341 non
1616 316 1667 346 est,
1690 312 1737 341 sed
1751 313 1780 340 in
1794 322 1838 347 eo,
1855 314 1901 350 qui
1920 314 1946 343 in

1146 357 1219 386 Isaac
1238 359 1388 394 promissus
1415 363 1456 387 est
1483 358 1612 392 Abrahae,
1633 358 1682 394 qui
1708 362 1748 386 est
1763 358 1902 394 Christus,
1919 360 1947 388 in

1146 411 1200 440 quo
1226 411 1321 431 omnes
1336 409 1428 440 gentes
1452 404 1655 432 benedicuntur
1681 403 1832 433 credentes.
1851 403 1948 433 Crateri

1146 456 1210 484 ergo
1223 447 1309 476 Iudaei
1318 448 1369 476 ﬁlii
1380 453 1444 476 sunt
1456 449 1557 483 carnis,
1569 449 1635 476 dum
1644 449 1828 484 promissione
1838 450 1949 486 privan-

1146 495 1202 527 tur,
1217 501 1268 521 nec
1281 493 1406 526 deputari
1418 498 1533 529 possunt
1548 493 1648 521 merito
1659 493 1789 527 Abrahae,
1805 495 1851 531 qui
1865 494 1948 523 ﬁdem

1146 545 1202 565 non
1216 543 1379 575 sequuntur,
1394 547 1442 574 per
1459 546 1541 575 quam
1557 537 1659 574 dignus
1674 539 1782 567 exstitit
1797 539 1947 568 Abraham.

1184 582 1274 619 (Vers.
1290 582 1332 618 8.)
1364 595 1372 607 ε
1393 582 1422 611 Id
1438 586 1489 617 est,
1518 591 1575 610 non
1591 582 1640 619 qui
1655 583 1705 611 ﬁlii
1721 583 1822 619 carnis,
1839 584 1869 612 hi
1885 590 1950 614 sunt

1147 626 1198 655 ﬁlii
1213 627 1261 655 Dei
1275 636 1281 661 ;
1296 627 1344 656 sed
1361 628 1407 664 qui
1423 627 1474 655 ﬁlii
1485 627 1679 663 promissionis
1686 633 1764 662 sunt,
1776 629 1950 658 aestimantur

1147 671 1176 699 in
1197 672 1301 700 semine
1331 672 1400 708 (40).
1417 685 1426 697 ι
1447 674 1582 709 Apertum
1612 676 1653 700 est
1680 673 1744 709 quia
1764 681 1819 701 non
1834 680 1948 711 possunt

1148 715 1203 744 dici
1216 716 1268 744 ﬁlii
1284 717 1376 745 carnis
1390 716 1440 744 ﬁlii
1452 717 1501 745 Dei
1517 726 1522 744 :
1540 716 1568 744 hi
1585 717 1658 745 enim
1677 726 1711 745 ex
1726 719 1949 754 concupiscentia

1148 761 1238 789 carnis
1259 761 1316 789 nati
1331 765 1405 796 sunt,
1422 761 1468 790 isti
1491 770 1557 790 vero
1573 770 1607 790 ex
1622 762 1676 790 ﬁde
1691 763 1882 799 spiritualiter,
1900 773 1949 793 se-

1149 805 1269 834 cundum
1292 806 1364 843 quod
1389 806 1556 843 promissum
1575 811 1616 836 est
1631 807 1761 842 Abrahae,
1774 811 1804 836 ut
1821 807 1850 836 hi
1869 809 1949 837 aesti—

1149 855 1290 879 marentur
1304 859 1397 880 semen
1414 859 1482 886 esse,
1498 851 1546 888 qui
1559 852 1711 881 crederent.

1187 896 1278 932 (Vers.
1296 896 1336 933 9.)
1358 909 1367 920 -
1387 896 1584 925 Promissionis
1597 897 1671 925 enim
1687 897 1804 926 verbum
1819 897 1872 927 hoc
1887 903 1946 928 est:

1148 940 1191 969 Ad
1220 941 1273 969 hoc
1287 945 1395 978 tempus
1422 942 1543 976 veniam,
1558 945 1586 970 et
1601 941 1714 970 habebit
1730 942 1796 971 Sara
1810 943 1911 972 ﬁlium.
1931 958 1941 969 .

1149 985 1206 1013 Hoc
1215 986 1242 1014 in
1254 985 1351 1014 Genesi
1362 985 1488 1021 habetur,
1500 986 1573 1024 quod
1583 986 1785 1023 praeﬁguratum
1797 988 1825 1016 in
1836 988 1947 1018 Christo

1149 1030 1346 1065 est,utfuturus
1357 1031 1482 1061 Christus
1490 1031 1696 1067 promitteretur
1704 1031 1778 1060 ﬁlius
1788 1032 1947 1068 Abrahazjn

1149 1083 1203 1112 quo
1218 1075 1409 1112 promissionis
1424 1076 1539 1104 verbum
1559 1076 1729 1113 impleretur,
1746 1081 1776 1105 ut
1789 1077 1818 1105 in
1836 1077 1947 1107 Christo

1147 1120 1376 1149 benedicerentur
1399 1129 1494 1149 omnes
1518 1126 1612 1158 gentes
1636 1127 1725 1151 terrm.
1741 1121 1857 1156 Quando
1872 1122 1947 1150 enim

1148 1165 1295 1201 promissio
1319 1165 1390 1194 facta
1405 1170 1446 1194 est
1470 1166 1598 1201 Abrahae,
1614 1170 1641 1195 et
1655 1166 1762 1195 audivit
1778 1176 1785 1194 :
1808 1179 1817 1191 ι
1832 1167 1903 1201 Quia
1918 1167 1946 1196 in

1148 1209 1252 1237 semine
1268 1214 1317 1237 tuo
1344 1209 1542 1238 benedicentur
1569 1219 1665 1239 omnes
1691 1215 1783 1248 gentes
1812 1216 1912 1246 terrae;
1931 1225 1940 1237 ο

1149 1253 1275 1282 Christus
1287 1254 1382 1291 utique
1396 1254 1437 1282 illi
1464 1255 1615 1291 promissus
1628 1259 1669 1284 est
1683 1263 1717 1283 ex
1733 1256 1845 1285 traduce
1860 1257 1945 1291 Isaac,

1148 1298 1177 1326 in
1191 1306 1245 1335 quo
1260 1298 1313 1326 hoc
1327 1299 1471 1335 impletum
1485 1299 1623 1328 videmus.

1147 1361 1151 1366 .
1185 1343 1275 1379 (Vers.
1302 1343 1357 1377 10.)
1381 1355 1390 1367 ι
1417 1344 1478 1372 Non
1504 1345 1592 1372 solum
1619 1349 1710 1373 autem
1736 1345 1804 1379 haec,
1833 1346 1862 1374 id
1894 1351 1945 1382 est,

1147 1387 1227 1415 Sarra
1242 1387 1312 1423 (41),
1328 1388 1375 1416 sed
1385 1392 1412 1416 et
1426 1389 1547 1417 Rebecca
1558 1397 1592 1417 ex
1607 1397 1663 1418 uno
1678 1390 1828 1418 concubitu
1842 1390 1947 1420 habens

1147 1432 1221 1461 Isaac
1248 1433 1333 1469 patris
1348 1434 1443 1462 nostri.
1463 1446 1471 1458 ι
1506 1435 1566 1462 Non
1581 1439 1688 1463 tantum
1708 1444 1773 1472 ergo
1788 1437 1897 1465 Sarram
1914 1437 1945 1465 in

1147 1482 1215 1515 typo
1238 1479 1307 1507 dicit
1326 1488 1466 1516 generasse
1487 1482 1571 1513 Isaac.
1588 1481 1635 1509 sed
1661 1485 1688 1509 et
1703 1481 1852 1510 Rebeccam
1868 1491 1944 1511 uxo-

1147 1531 1203 1551 rem
1219 1523 1302 1553 Isaac.
1321 1524 1372 1552 Sed
1390 1525 1443 1552 alia
1457 1534 1537 1553 causa
1553 1529 1593 1554 est
1606 1525 1634 1554 in
1651 1527 1734 1560 Isaac,
1751 1527 1804 1555 alia
1817 1527 1845 1555 in
1860 1528 1946 1556 Iacob

1147 1573 1173 1597 et
1188 1570 1273 1604 Esau,
1302 1571 1367 1606 quia
1381 1571 1455 1599 Isaac
1471 1572 1499 1599 in
1520 1572 1608 1608 ﬁgura
1633 1571 1783 1600 Salvatoris
1797 1576 1880 1600 natus
1895 1577 1946 1607 est,

1146 1613 1229 1643 Iacob
1245 1623 1310 1643 vero
1325 1619 1352 1643 et
1371 1615 1445 1644 Esau
1459 1616 1577 1645 duorum
1594 1617 1759 1653 populorum
1775 1616 1878 1646 habent
1896 1623 1948 1654 ty—

1146 1667 1223 1695 pum,
1246 1659 1275 1687 id
1289 1664 1339 1695 est,
1365 1661 1547 1696 credentium,
1578 1665 1605 1689 et
1621 1670 1676 1690 non
1706 1661 1898 1695 credentium;
1915 1667 1947 1691 ut

1146 1712 1210 1732 cum
1236 1712 1271 1732 ex
1297 1713 1353 1733 uno
1374 1706 1440 1741 sint,
1462 1707 1564 1735 diversi
1587 1708 1644 1735 sint
1659 1711 1760 1735 tamen.
1784 1707 1814 1735 In
1829 1707 1949 1743 singulis

1146 1749 1219 1777 enim
1235 1753 1262 1777 et
1285 1758 1370 1786 genus
1384 1751 1564 1788 signiﬁcatur,
1580 1755 1611 1780 ut
1636 1751 1665 1779 hi
1680 1752 1763 1780 unius
1778 1751 1882 1788 generis
1898 1751 1949 1780 di-

1145 1798 1252 1829 cantur,
1271 1795 1318 1832 qui
1342 1796 1371 1824 in
1387 1804 1469 1825 causa
1484 1795 1549 1824 ﬁdei
1561 1804 1647 1824 unum
1663 1800 1738 1831 sunt,
1753 1797 1797 1824 vel
1813 1796 1947 1832 perﬁdiae.

1146 1839 1222 1868 Unus
1243 1841 1316 1868 enim
1342 1840 1512 1877 signiﬁcatur
1532 1841 1560 1868 iu
1583 1841 1689 1876 multis,
1714 1849 1770 1869 non
1785 1849 1832 1877 per
1844 1841 1948 1870 tradu—

1145 1892 1204 1913 cem
1231 1885 1333 1920 carnis,
1361 1885 1409 1914 sed
1438 1894 1486 1922 per
1513 1894 1689 1914 communem
1718 1894 1848 1920 causam;
1881 1887 1948 1923 quia

1145 1933 1172 1958 et
1196 1938 1232 1959 ex
1254 1931 1328 1960 Esau
1355 1931 1439 1960 Iacob
1467 1931 1519 1960 ﬁlii
1547 1931 1658 1960 dicendi
1688 1936 1762 1966 sunt,
1796 1935 1822 1960 et
1846 1940 1881 1960 ex
1896 1932 1949 1961 Ia-

1145 1975 1196 2003 cob
1217 1976 1291 2004 Esau
1311 1977 1468 2013 imputandi
1491 1981 1557 2006 sunt
1571 1977 1633 2006 ﬁlii.
1650 1978 1705 2006 Nec
1719 1977 1793 2006 enim
1818 1978 1882 2014 quia
1895 1976 1948 2005 Ia—

1145 2020 1196 2048 cob
1219 2021 1358 2056 laudatur,
1380 2030 1475 2051 omnes
1497 2031 1532 2050 ex
1551 2030 1583 2050 eo
1604 2022 1672 2056 nati,
1688 2022 1741 2050 ﬁlii
1771 2022 1829 2058 ejus
1844 2022 1948 2050 merito

1145 2064 1255 2094 dicendi
1279 2070 1366 2101 sunt;
1391 2072 1438 2096 aut
1462 2068 1528 2104 quia
1551 2068 1623 2095 Esau
1647 2067 1785 2104 displicet,
1801 2075 1896 2096 omnes
1910 2076 1947 2096 ex

1145 2109 1204 2145 ejus
1226 2111 1332 2147 origine
1356 2112 1466 2148 reprobi
1492 2117 1579 2146 sunt;
1604 2120 1667 2141 cum
1692 2112 1835 2140 videamus
1858 2117 1886 2140 et
1911 2112 1947 2141 de

1145 2154 1228 2183 Iacob
1251 2156 1363 2185 traduce
1383 2161 1462 2185 natos
1485 2157 1571 2186 factos
1589 2156 1716 2194 perﬁdos,
1731 2162 1758 2185 et
1772 2157 1805 2185 de
1819 2157 1893 2184 Esau
1907 2156 1947 2184 ﬁ-

1144 2197 1218 2227 deles
1233 2204 1260 2228 et
1274 2201 1330 2229 Deo
1353 2201 1460 2230 charos.
1475 2202 1541 2229 Nam
1558 2202 1631 2238 quod
1646 2201 1680 2229 de
1694 2201 1777 2229 Iacob
1790 2201 1871 2229 multi
1888 2201 1947 2229 sint

1144 2243 1251 2279 perﬁdi,
1276 2245 1391 2275 dubium
1415 2254 1471 2275 non
1486 2250 1548 2280 est;
1574 2254 1668 2274 omnes
1696 2246 1771 2273 enim
1786 2245 1872 2274 Iudaei
1888 2254 1947 2274 non

1145 2291 1189 2319 81
1210 2291 1361 2327 credentes,
1389 2295 1437 2320 aut
1459 2291 1600 2320 credentes
1623 2299 1657 2319 ex
1681 2299 1713 2319 eo
1738 2291 1839 2319 habent
1854 2291 1949 2327 origi—

1143 2382 1193 2419 ﬁlii
1215 2384 1276 2410 sunt
1297 2381 1421 2414 Abrahae,
1443 2389 1506 2419 esse.
1519 2381 1622 2417 dignos,
1647 2384 1676 2408 ut
1690 2380 1743 2417 ﬁlii
1753 2379 1948 2416 promissioni:

1143 2416 1205 2451 sint,
1220 2418 1247 2445 id
1261 2421 1310 2449 est,
1324 2426 1388 2452 quos
1402 2416 1528 2452 praesciit,
1549 2416 1602 2445 etc.

1181 2454 1238 2488 (39)
1259 2454 1308 2482 Sed
1328 2451 1440 2488 quini...
1456 2462 1514 2487 qua:
1526 2453 1554 2480 in
1569 2453 1646 2481 Isaac
1660 2451 1733 2488 facta
1747 2454 1795 2486 est,
1812 2452 1840 2479 in
1852 2451 1948 2480 multo

1143 2489 1269 2526 pluribus
1284 2488 1539 2526 mss.rdesideiratur.

1181 2525 1239 2560 (40)
1263 2525 1374 2553 Amerb.
1391 2525 1425 2551 Et
1440 2525 1516 2551 Eras.
1532 2527 1558 2551 et
1574 2525 1685 2560 quidam
1698 2532 1776 2557 mss,
1792 2523 1820 2550 in
1833 2523 1946 2552 semine.

1144 2559 1272 2596 Apertum
1288 2564 1325 2588 est
1339 2560 1403 2596 quia
1417 2568 1469 2586 non
1482 2559 1592 2596 possunt
1603 2561 1655 2587 dici
1667 2560 1720 2596 ﬁlii
1732 2560 1781 2587 Dei
1797 2559 1846 2591 ;hi
1859 2560 1946 2596 enim,

1142 2594 1193 2626 etc.
1214 2597 1280 2625 Gill.
1306 2600 1332 2624 et
1343 2594 1432 2624 ’Rom.
1462 2594 1540 2629 edit.,
1556 2604 1619 2623 cum
1644 2595 1737 2631 paucis
1760 2602 1838 2628 mss.,
1855 2594 1884 2621 in
1897 2604 1948 2622 se-

1141 2633 1225 2666 mine;
1249 2633 1340 2666 Rom.,
1361 2632 1390 2659 in
1409 2640 1503 2659 semen.
1527 2631 1598 2659 Dicit
1618 2630 1688 2667 filios
1713 2631 1814 2662 carnis,
1833 2633 1857 2656 et
1866 2630 1949 2667 ﬁlios

1140 2668 1200 2698 Dei.
1213 2668 1248 2695 Hi
1261 2668 1338 2701 enim,
1347 2671 1399 2695 etc.
1415 2667 1518 2696 Locum
1531 2675 1595 2695 vero
1606 2666 1622 2694 e
1635 2666 1762 2703 plurimis
1773 2666 1950 2703 optimisque

1141 2713 1206 2734 mss.
1223 2704 1405 2731 restituimus.

1177 2740 1235 2776 (41)
1256 2740 1335 2768 Rom.
1351 2740 1417 2776 edit.
1434 2744 1461 2767 et
1474 2739 1535 2776 cod.
1553 2738 1659 2776 Thuan.
1677 2736 1945 2776 hinc‘resciderant,

1139 2776 1168 2804 id
1181 2773 1229 2803 est"
1241 2776 1336 2803 Sarra.
1353 2775 1398 2803 Sic
1420 2775 1501 2803 etiam
1526 2775 1598 2802 infra
1611 2775 1689 2803 Rom.
1712 2773 1778 2802 edit.
1797 2774 1855 2801 sola
1870 2781 1951 2801 exe-

1140 2815 1236 2848 merat,
1251 2812 1306 2848 Hoc
1328 2811 1356 2839 in
1370 2811 1503 2848 Malachia
1518 2811 1628 2848 habetur
1644 2818 1649 2838 ς
1667 2819 1727 2848 quae
1743 2814 1835 2839 tamen
1853 2817 1948 2846 repe-

1139 2847 1250 2876 riuntur
1264 2847 1292 2876 in
1307 2847 1416 2877 cunctis
1431 2855 1496 2875 mss.
1511 2850 1537 2875 et
1551 2846 1618 2875 edit.
