4136 6194
319 243 408 308 141
1394 259 1754 329 COMMENI‘.
1795 271 1869 332 IN
1918 272 2141 334 EPIST.
2185 278 2280 336 AD
2319 275 2490 342 ROM.

3506 303 3614 367 142

314 393 454 447 nem,
491 387 544 434 et
574 381 702 454 quia
745 381 812 439 de
849 384 994 441 Esau
1024 396 1154 444 sunt
1183 388 1313 447 boni
1360 401 1415 449 et
1453 395 1658 467 ﬁdeles,
1702 399 1895 471 probat
1931 408 1979 467 Α
2011 405 2090 460 tia
2119 405 2265 462 enim
2314 410 2460 467 Deus
2495 413 2728 486 judicat,
2784 435 2898 477 non
2945 421 3014 479 de
3058 425 3421 498 pmscientia,
3455 431 3612 491 Unde

322 466 408 498 Ιηῑι
479 469 568 498 nn:
605 479 680 498 ..ηδ
725 487 787 498 ι...
823 473 953 498 clm-
1000 477 1136 498 nu“
1218 497 1225 498 ,
1291 482 1300 491 -
1353 491 1364 498 .
1523 486 1537 498 .
1619 487 1663 498 ..
1749 489 1762 498 .
2100 493 2146 498 --
2258 495 2267 498 -
2335 496 2365 498 η

314 466 428 536 Job,
478 469 570 541 qui
602 479 684 527 est
721 487 791 528 ex
822 473 956 531 ﬁliis
996 477 1163 549 Esau,
1208 482 1459 555 quintus,
1490 486 1558 543 ab
1597 466 1897 560 Abraham,

313 554 412 614 hoc
442 567 542 628 est,
574 577 744 634 nepos
766 563 930 622 Esau.

377 668 556 739 (Vers.
593 671 800 746 11-13.)
847 699 865 720 ι
893 675 1026 732 Nam
1055 693 1181 733 cum
1214 679 1463 738 nondum
1499 683 1614 739 nati
1645 685 1900 758 fuissent,

307 765 394 813 aut
425 760 639 834 aliquid
687 764 921 835 egissent
963 765 1172 824 bonum
1217 771 1305 826 vel
1348 773 1576 842 malum,
1609 783 1670 830 ut
1697 793 1903 834 secun-

305 845 431 902 dum
463 851 784 910 electionem
835 858 1177 927 propositum
1219 860 1319 914 Dei
1364 872 1631 932 maneret,
1680 881 1791 922 non
1834 885 1901 924 ex

303 937 576 1010 operibus,
620 943 712 998 sed
757 960 828 999 ex
875 954 1110 1001 vocante
1156 947 1365 1005 dictum
1413 960 1515 1020 est,
1561 955 1688 1026 quia
1726 957 1901 1028 major

302 1028 501 1082 serviet
548 1030 774 1098 minori,
828 1031 974 1087 sicut
1024 1034 1290 1106 scriptum
1338 1046 1456 1095 est:
1499 1041 1665 1097 Jacob
1701 1043 1896 1113 dilexi,

301 1114 444 1172 Esau
492 1126 676 1173 autem
726 1119 855 1174 odio
885 1119 1073 1178 habui.
1109 1149 1126 1170 ι
1182 1125 1296 1182 Hoc
1333 1127 1390 1182 in
1421 1128 1688 1186 Malachia
1719 1131 1897 1190 babe—

296 1212 406 1261 tur.
457 1207 867 1265 Praescientiam
912 1211 1012 1266 Dei
1057 1211 1267 1285 ﬂagitat
1313 1217 1370 1270 in
1416 1216 1505 1273 his
1536 1221 1736 1290 causis,
1768 1224 1897 1296 quia

296 1310 412 1350 non
459 1296 612 1352 aliud
658 1305 836 1370 potest
882 1301 1122 1371 evenire,
1175 1319 1338 1375 quam
1382 1308 1540 1364 novit
1568 1311 1714 1368 Deus
1749 1313 1894 1370 futu-

296 1401 448 1440 rum.
479 1386 714 1445 Sciendo
742 1391 892 1445 enim
925 1391 1059 1464 quid
1084 1397 1463 1470 unusquisque
1493 1400 1717 1458 illorum
1750 1405 1894 1461 futu-

294 1489 388 1530 rus
420 1484 581 1540 esset,
628 1476 811 1534 dixit:
857 1479 959 1536 Hic
997 1481 1102 1537 erit
1144 1482 1364 1556 dignus,
1410 1487 1504 1559 qui
1535 1489 1640 1545 erit
1670 1491 1891 1562 minor;

293 1571 344 1617 et
379 1563 474 1635 qui
507 1563 702 1636 major,
742 1568 849 1622 erit
874 1566 1156 1641 indignus.
1190 1572 1372 1629 Unum
1404 1576 1568 1649 elegit
1594 1581 1896 1650 praescien—

296 1649 391 1718 tia,
424 1660 479 1707 et
503 1652 737 1710 alterum
768 1659 1014 1728 sprevit;
1045 1668 1100 1715 et
1131 1661 1187 1716 in
1216 1661 1315 1718 illo
1345 1679 1504 1736 quem
1540 1649 1726 1740 elegit,
1757 1686 1894 1741 pro-

289 1741 532 1811 positum
575 1743 676 1799 Dei
708 1753 893 1802 manet
923 1747 1052 1818 quia
1089 1749 1238 1806 aliud
1278 1768 1389 1808 non
1429 1763 1605 1823 potest
1650 1759 1892 1827 evenire,

290 1845 457 1903 quam
509 1833 657 1905 quod
701 1836 889 1903 scivit,
937 1845 991 1892 et
1021 1841 1307 1912 praposuit
1345 1842 1403 1898 in
1450 1843 1568 1912 illo,
1616 1855 1677 1902 ut
1720 1849 1893 1904 salute

287 1915 495 1991 dignus
543 1922 638 1989 sit,
686 1931 740 1978 et
775 1924 832 1978 in
879 1925 999 1994 illo,
1041 1944 1202 1999 quem
1252 1931 1483 2002 sprevit,
1514 1933 1684 1991 simili
1728 1937 1892 1994 modo

285 2019 478 2066 manet
523 2015 886 2084 propositum,
937 2017 1086 2088 quod
1138 2022 1423 2092 proposuit
1470 2023 1536 2080 de
1592 2026 1714 2096 illo,
1765 2030 1895 2101 quia

283 2096 554 2170 indignus
580 2103 705 2158 erit.
737 2105 852 2160 Hoc
882 2106 1040 2178 quasi
1069 2110 1350 2180 praescius,
1384 2129 1493 2169 non
1533 2130 1889 2186 personarum

287 2197 564 2262 acceptor,
593 2209 716 2248 nam
751 2196 1028 2253 neminem
1063 2199 1310 2269 damnat,
1342 2211 1633 2277 antequam
1665 2215 1886 2280 peccet;

285 2288 337 2335 et
378 2281 598 2337 nullum
630 2293 877 2354 coronat,
928 2296 1222 2363 antequam
1263 2293 1469 2350 vincat.
1502 2296 1616 2351 Hoc
1651 2298 1889 2368 pertinet

283 2367 350 2424 ad
388 2386 611 2428 causam
655 2374 992 2446 Iudaeorum,
1042 2383 1136 2452 qui
1184 2382 1289 2438 sibi
1321 2386 1739 2457 praerogativam
1784 2388 1890 2444 de—

285 2457 542 2528 fendunt,
587 2464 736 2536 quod
780 2465 883 2521 ﬁlii
927 2469 1039 2524 sint
1078 2470 1334 2528 Abrahae.
1378 2476 1675 2545 Apostolus
1705 2486 1887 2534 autem

283 2551 605 2606 consolatur
641 2569 720 2622 se,
768 2563 829 2610 ut
876 2557 1006 2628 quia
1035 2557 1251 2616 dixerat
1298 2561 1544 2618 dolorem
1590 2562 1790 2620 habere
1831 2583 1888 2622 se

283 2639 468 2698 cordis
493 2643 845 2714 continuum,
870 2664 1033 2704 causa
1062 2649 1468 2710 incredulitatis
1497 2672 1709 2725 eorum,
1741 2674 1888 2731 quo-

284 2743 404 2784 rum
439 2730 666 2804 adoptio
711 2744 825 2791 erat
869 2735 1132 2808 ﬁliorum,
1169 2748 1223 2796 et
1275 2742 1408 2815 legis
1455 2730 1801 2813 constitutio,
1835 2755 1888 2802 et

279 2837 348 2875 ex
405 2822 612 2894 quibus
664 2823 936 2896 Christus,
1003 2830 1272 2900 Salvator,
1324 2834 1467 2891 sicut
1517 2844 1572 2892 et
1629 2837 1742 2909 ipse
1790 2838 1886 2906 ait,

293 2935 310 2956 ι
336 2909 481 2977 Quia
511 2911 659 2968 salus
688 2930 757 2970 ex
788 2916 993 2973 Iudaeis
1020 2929 1102 2975 est
1134 2921 1315 2991 (Joan.
1352 2940 1431 2990 iv,
1477 2923 1568 2995 22)
1601 2950 1620 2972 ι
1660 2933 1891 2982 tractata

275 2999 416 3072 lege,
449 3002 667 3060 invenit
715 3007 844 3078 quia
888 3023 1000 3062 non
1045 3024 1234 3065 omnes
1282 3012 1373 3083 qui
1427 3028 1496 3068 ex
1544 3014 1704 3069 Israel
1737 3022 1886 3085 sunt,

275 3091 547 3147 credituri
595 3102 764 3162 sunt;
810 3112 986 3168 neque
1034 3098 1163 3170 quia
1191 3099 1454 3156 dicuntur
1482 3101 1588 3158 ﬁlii
1632 3103 1884 3174 Abrahae,

271 3196 476 3235 omnes
505 3181 745 3237 Abrahae
789 3183 936 3240 ﬁlios
960 3185 1239 3256 dicendos,
1282 3189 1424 3246 sicut
1465 3208 1629 3263 supra
1665 3208 1883 3250 memo-

270 3268 421 3323 ravi.
479 3269 685 3326 Minuit
732 3273 1143 3348 ergo‘dolorem
1192 3295 1376 3348 suum,
1417 3279 1704 3337 inveniens
1749 3282 1882 3338 olim

271 3355 632 3427 praedictum,
684 3361 828 3433 quod
868 3346 978 3418 non
1014 3381 1203 3422 omnes
1253 3377 1432 3424 essent
1472 3368 1774 3438 credituri;
1823 3379 1883 3428 ut

273 3443 360 3500 his
388 3443 530 3502 solis
553 3445 735 3504 doleat
769 3449 908 3521 (42),
941 3454 1034 3525 qui
1063 3471 1158 3526 per
1185 3456 1453 3513 invidiam
1484 3459 1540 3514 in
1571 3459 1882 3517 increduli-

274 3541 380 3590 tate
437 3534 712 3592 laborant.
773 3540 1008 3599 Possunt
1076 3554 1259 3601 tamen
1314 3547 1555 3617 credere,
1611 3550 1758 3621 quod
1811 3567 1881 3606 ex

274 3621 538 3694 subjectis
591 3626 787 3697 aperit.
840 3630 1147 3688 Incredulis
1202 3641 1386 3690 tamen
1444 3635 1721 3706 praedictis
1768 3653 1881 3693 non

276 3711 430 3765 valde
464 3710 768 3770 dolendum
800 3725 902 3785 est,
938 3719 1068 3791 quia
1109 3737 1220 3777 non
1252 3730 1381 3778 sunt
1409 3723 1782 3794 praedestinati
1811 3725 1880 3781 ad

274 3798 440 3856 vitam
478 3819 493 3867 ;
527 3804 875 3873 praescientia
903 3809 1050 3863 enim
1082 3811 1182 3866 Dei
1213 3812 1343 3867 olim
1378 3811 1478 3868 hos
1509 3829 1621 3868 non
1651 3815 1881 3870 salvan-

277 3887 369 3944 dos
421 3890 697 3948 decrevit.
745 3894 881 3961 Quis
925 3897 1072 3953 enim
1120 3901 1340 3973 plangat
1396 3919 1542 3971 eum,
1599 3903 1693 3975 qui
1745 3904 1877 3959 olim

279 3983 532 4034 mortuus
589 3979 824 4037 habetur
863 3983 890 4038 ‘P
945 3985 1051 4042 Sed
1106 3990 1546 4048 subintrantibus
1603 3992 1876 4064 gentibus,

279 4081 391 4138 qua
439 4068 568 4124 sine
615 4071 729 4126 Deo
775 4073 928 4143 prius
979 4087 1155 4147 erant,
1211 4087 1265 4135 et
1306 4082 1537 4136 salutem
1585 4097 1746 4155 quam
1793 4083 1878 4138 illi

277 4158 659 4228 perdiderunt,
732 4165 1154 4238 accipientibus,
1227 4171 1597 4228 exsuscitatur
1673 4173 1873 4243 dolor;

275 4248 363 4302 sed
415 4250 627 4305 iterum
659 4254 788 4325 quia
833 4257 940 4326 ipsi
990 4259 1094 4314 sibi
1143 4261 1471 4331 perditionis
1515 4280 1678 4320 causa
1724 4274 1875 4335 sunt,

273 4337 512 4407 sopitur.
561 4339 826 4399 Prmscius
872 4345 1058 4417 itaque
1108 4349 1253 4404 Deus
1283 4350 1438 4406 malze
1469 4347 1596 4408 illos
1625 4353 1876 4409 volunta-

273 4425 345 4483 tis
398 4427 636 4499 futuros,
669 4449 780 4490 non
824 4435 949 4491 illos
996 4435 1192 4493 habuit
1221 4439 1295 4505 in,
1323 4456 1552 4497 numero
1581 4443 1874 4513 bonorum,

2011 499 2065 587 et
2092 493 2271 566 Moysi
2315 496 2498 587 dixit:
2562 527 2580 549 ι
2611 503 2666 560 Si
2712 507 2836 579 quis
2874 493 3182 581 peccaverit
3209 521 3335 572 ante
3379 533 3487 587 me,
3518 520 3608 578 de-

2010 581 2152 677 leam
2178 601 2304 677 eum
2335 586 2410 677 de
2428 588 2568 646 libro
2599 609 2719 650 meo
2766 598 2972 667 (Exod.
3005 617 3188 671 xxxu,
3230 604 3346 677 24),
3378 630 3397 656 ι
3440 581 3503 664 ut
3528 625 3608 667 se-

2010 672 2254 730 cundum
2279 673 2557 746 justitiam
2582 681 2788 753 judicis
2815 694 2948 745 tunc
2977 689 3232 748 videatur
3256 672 3449 765 deleri,
3481 714 3607 756 cum

2011 771 2200 834 peccat
2230 783 2241 820 :
2269 763 2434 836 juxta
2471 772 2869 840 prmscientiam
2903 794 3034 834 vero
3063 796 3348 856 nunquam
3378 785 3437 841 in
3466 787 3609 845 libro

2011 850 2141 908 vitae
2170 853 2362 912 fuisse.
2396 857 2540 914 Hinc
2564 867 2618 916 et
2644 866 2922 934 apostolus
2945 867 3180 925 Joannes
3198 850 3274 927 de
3289 873 3610 946 hujusmodi

2011 941 2090 997 ait
2120 959 2132 996 :
2181 968 2198 990 ι
2226 944 2312 998 Ex
2333 944 2496 1002 nobis
2521 950 2802 1022 exierunt,
2824 953 2922 1010 sed
2950 971 3062 1012 non
3078 957 3300 1016 fuerunt
3326 941 3395 1019 ex
3415 965 3605 1034 nobis;

2009 1029 2055 1084 si
2105 1025 2254 1087 enim
2306 1032 2540 1092 fuissent
2592 1054 2662 1095 ex
2720 1041 2901 1111 nobis,
2952 1049 3378 1117 permansissent
3418 1053 3610 1128 utique

2005 1119 2293 1211 nobiscum
2346 1124 2406 1195 (Ι
2446 1126 2604 1183 Joan.
2647 1146 2708 1197 ιι,
2744 1130 2856 1202 19).
2890 1157 2908 1178 ι
2969 1135 3094 1191 Non
3141 1146 3225 1194 est
3254 1119 3608 1211 personarum

2005 1210 2250 1282 acceptio
2288 1211 2346 1266 in
2378 1214 2721 1284 praescientia
2762 1219 2896 1275 Dei:
2945 1210 3290 1295 praescientia
3338 1231 3485 1287 enim
3531 1239 3613 1288 est

2005 1317 2113 1374 qua
2158 1299 2450 1360 deﬁnitum
2483 1303 2669 1374 habet,
2712 1311 2890 1383 qualis
2939 1313 3376 1391 uniuscujusque
3422 1321 3612 1381 futura

2006 1390 2264 1446 voluntas
2310 1393 2436 1458 erit,
2481 1393 2539 1450 in
2587 1413 2694 1470 qua
2724 1415 3016 1459 mansurus
3052 1415 3155 1472 est,
3187 1390 3475 1482 perquam
3513 1420 3610 1469 aut

2006 1477 2318 1550 damnetur,
2349 1489 2444 1539 aut
2463 1495 2775 1545 coronetur.
2809 1492 3056 1566 Denique
3087 1477 3224 1568 quos
3249 1477 3352 1556 scit
3377 1499 3434 1558 in
3460 1500 3610 1558 bono

2004 1583 2317 1640 mansuros,
2366 1573 2682 1648 frequenter
2710 1589 2836 1636 ante
2866 1590 2997 1638 sunt
3035 1584 3200 1642 mali:
3249 1597 3304 1644 et
3343 1585 3478 1661 quos
3505 1590 3610 1649 scit

2005 1658 2180 1714 malos
2205 1676 2613 1734 permansuros,
2636 1667 2930 1741 aliquoties
2958 1672 3112 1744 prius
3127 1685 3258 1733 sunt
3277 1658 3431 1734 boni.
3455 1680 3609 1737 Unde

1927 1779 1972 1837 Β
2002 1757 2174 1805 cessat
2203 1753 2458 1824 querela;
2493 1755 2622 1827 quia
2651 1757 2798 1814 Deus
2826 1769 3081 1833 acceptor
3107 1779 3462 1836 personarum
3497 1785 3610 1827 non

2001 1844 2082 1891 est
2114 1839 2255 1910 (Act.
2303 1857 2363 1908 x,
2408 1841 2522 1913 34).
2571 1843 2711 1901 Nam
2759 1855 2813 1902 et
2844 1848 2995 1919 Saul,
3042 1859 3096 1907 et
3129 1853 3296 1912 Judas
3326 1857 3611 1917 Iscariotes

2001 1935 2126 1982 ante
2180 1929 2406 1986 fuerunt
2459 1931 2612 2002 boni,
2675 1935 2894 1994 dicente
2949 1940 3234 2015 Scriptura
3289 1946 3356 2002 de
3423 1948 3604 2008 Saul:

2017 2041 2036 2062 ι
2062 2017 2196 2073 Erat
2224 2019 2312 2074 vir
2340 2020 2540 2092 bonus,
2574 2033 2627 2081 et
2656 2041 2768 2082 non
2798 2037 2914 2085 erat
2939 2029 3037 2086 illo
3067 2034 3263 2090 melior
3291 2036 3350 2092 in
3371 2036 3504 2094 ﬁliis
3533 2040 3607 2096 Is-

2002 2106 2112 2160 rael
2145 2107 2207 2178 (Ι
2227 2109 2351 2180 Reg.
2384 2125 2466 2179 ιχ,
2497 2111 2554 2184 2)
2582 2131 2595 2180 ;
2628 2137 2647 2161 ι
2691 2121 2746 2170 et
2773 2115 2840 2172 de
2881 2118 3021 2176 Juda
3050 2121 3308 2182 Iscariote
3338 2125 3474 2183 dicit
3497 2128 3608 2185 Pe-

2002 2200 2120 2251 trus
2148 2198 2429 2268 apostolus
2455 2218 2466 2255 :
2515 2225 2533 2246 ι
2559 2201 2665 2269 Qui
2711 2205 2938 2264 sortitus
2965 2216 3047 2266 est
3075 2219 3277 2269 sortem
3309 2215 3606 2275 ministerii

1999 2283 2166 2356 hujus
2210 2287 2349 2380 (Act.
2386 2306 2426 2380 ι,
2467 2291 2590 2380 17),
2623 2317 2641 2340 ι
2704 2293 2761 2350 id
2810 2299 2910 2366 et,
2959 2302 3315 2372 apostolatus,
3348 2306 3407 2361 in
3435 2307 3608 2380 signis

1997 2383 2050 2464 et
2080 2376 2346 2449 prodigiis
2373 2379 2794 2457 faciendis(43).
2828 2386 3116 2455 Quomodo
3146 2392 3317 2464 igitur
3346 2376 3609 2454 ministe-

1998 2463 2143 2519 rium
2174 2468 2412 2524 salutare
2442 2471 2754 2543 sortiretur,
2786 2477 2892 2532 nisi
2933 2488 3073 2535 esset
3104 2463 3280 2539 bonus
3308 2484 3337 2540 ?
3367 2486 3429 2541 In
3458 2474 3605 2543 sorte

1996 2553 2145 2608 enim
2174 2556 2272 2611 Dei
2289 2556 2567 2628 judicium
2590 2561 2701 2617 fuit
2720 2562 2949 2634 dignum
2967 2568 3126 2623 illum
3148 2571 3318 2628 fuisse
3340 2563 3602 2648 tempore,

1997 2658 2108 2715 quo
2137 2643 2343 2700 electus
2364 2654 2467 2715 est,
2484 2647 2627 2703 sicut
2650 2649 2735 2704 illi
2757 2655 3104 2725 septuaginta
3127 2656 3237 2714 duo
3265 2661 3418 2730 (Luc.
3437 2643 3498 2729 ιὶ,
3522 2643 3602 2736 1),

1999 2745 2137 2802 quos
2166 2749 2331 2804 supra
2361 2738 2684 2792 memoravi.
2719 2739 2864 2795 Hinc
2909 2750 2991 2797 est
3021 2744 3166 2800 unde
3203 2755 3256 2802 et
3286 2749 3455 2806 Iudas
3483 2761 3606 2829 post

2000 2817 2134 2872 mali
2167 2822 2337 2876 totius
2365 2822 2667 2880 admissum
2716 2827 2893 2883 scelus
2921 2831 3248 2902 poenitentia
3279 2817 3606 2908 motum-la-

1999 2923 2141 2981 queo
2170 2910 2341 2965 vitam
2373 2911 2578 2969 ﬁnivit.
2609 2915 2729 2971 Non
2759 2925 2937 2989 potest
2965 2920 3112 2976 enim
3145 2923 3203 2978 in
3232 2926 3418 2999 aliquo
3438 2919 3601 2987 omne

1997 2994 2204 3051 bonum
2237 3002 2456 3069 penitus
2486 3001 2792 3060 oblitterari
2817 3023 2830 3074 ;
2877 3007 3078 3082 quippe
3107 3027 3232 3068 cum
3263 2994 3458 3074 natura
3485 3005 3598 3076 non

1997 3085 2168 3157 possit
2213 3085 2517 3160 immutari,
2572 3092 2667 3148 sed
2724 3095 3022 3154 voluntas:
3070 3115 3181 3156 non
3227 3103 3287 3158 in
3338 3099 3598 3164 omnibus

1995 3180 2176 3229 tamen
2220 3179 2433 3246 causis;
2488 3181 2617 3253 quia
2667 3194 2914 3242 remanet
2955 3187 3014 3244 in
3059 3199 3275 3263 natura,
3306 3195 3453 3268 quod
3490 3189 3594 3255 tes.

1992 3261 2232 3320 timonio
2259 3265 2332 3321 sit
2362 3266 2628 3328 Creatori.

2067 3352 2246 3445 (Vers.
2285 3354 2398 3445 ile.)
2446 3384 2463 3405 ι
2493 3358 2638 3427 Quid
2683 3378 2811 3436 ergo
2856 3364 3462 3445 dicemus‘lNumquid
3489 3373 3594 3445 ini-

1992 3439 2171 3512 quitas
2201 3443 2346 3515 apud
2387 3447 2613 3505 Deum?
2658 3450 2881 3510 Absit.»
2934 3455 3076 3524 Quia
3117 3458 3265 3516 enim
3295 3439 3470 3518 unum
3513 3443 3594 3520 di-

1997 3529 2138 3603 ligit,
2190 3541 2244 3590 et
2286 3535 2522 3625 alterum
2570 3539 2709 3611 odit,
2749 3543 3023 3604 subinfert
3056 3565 3068 3603 ;
3107 3553 3202 3612 82
3267 3576 3285 3600 ι
3311 3548 3596 3638 Numquid

1991 3628 2259 3702 iniquitas
2287 3619 2433 3706 apud
2475 3638 2649 3694 Deum
2680 3639 2708 3695 ?
2747 3665 2767 3690 ι
2819 3643 2940 3700 Non
2971 3645 3152 3718 plane,
3183 3647 3281 3704 sed
3301 3619 3492 3720 justus
3512 3633 3595 3706 est

1990 3718 2174 3787 Deus;
2226 3722 2329 3778 scit
2357 3724 2505 3780 enim
2550 3726 2685 3799 quid
2713 3728 2898 3801 faciat,
2931 3750 3033 3792 nec
3074 3718 3481 3795 retractandum
3511 3749 3594 3796 est

1990 3805 2108 3899 ejus
2130 3807 2428 3899 judicium.
2472 3816 2588 3872 Hoc
2618 3817 2676 3872 in
2719 3819 2988 3878 Malachia
3016 3825 3282 3899 propheta
3311 3817 3544 3884 habetur
3573 3847 3587 3887 :

2003 3896 2218 3988 :Jacob
2251 3899 2445 3969 dilexi,
2478 3903 2623 3960 Esau
2646 3922 2775 3964 vero
2797 3909 2924 3968 odio
2947 3896 3348 3988 habui'(Malac.
3384 3935 3421 3986 ι,
3459 3917 3577 3988 3)..

1990 3983 2106 4040 Hoc
2118 3984 2232 4057 jam
2263 3988 2330 4043 de
2353 3987 2566 4061 judicio
2600 3993 2773 4066 dicit;
2807 4015 2932 4056 nam
2965 4003 3118 4073 prius
3139 3983 3214 4059 de
3245 3983 3592 4086 praescientia

1987 4073 2086 4143 ait,
2123 4102 2141 4121 ι
2157 4077 2286 4148 quia
2303 4078 2478 4152 major
2498 4087 2919 4144 servietminori
2938 4092 3094 4162 (Gen.
3113 4073 3416 4162 xxx—23),!
3447 4081 3592 4174 sicut

1987 4169 2041 4218 et
2082 4163 2148 4220 de
2197 4170 2540 4238 prwscientia
2585 4173 2928 4232 Pharaonem
2975 4177 3281 4248 damnavit,
3323 4179 3503 4236 sciens
3531 4171 3588 4238 se

1987 4267 2098 4307 non
2145 4266 2558 4316 correcturum:
2603 4266 2912 4334 apostolum
2958 4281 3090 4320 vero
3137 4265 3367 4325 Paulum
3410 4286 3588 4342 perse-

1986 4351 2245 4414 quentem
2274 4342 2439 4420 elegit
2484 4351 2628 4421 (Act.
2683 4369 2761 4420 ιχ,
2814 4353 2893 4426 3),
2927 4357 3187 4428 praescius
3216 4359 3408 4433 utique
3437 4364 3584 4434 quod

1987 4431 2207 4492 futurus
2242 4449 2383 4496 esset
2411 4439 2610 4497 bonus.
2644 4442 2804 4502 Hunc
2832 4461 2959 4519 ergo
2989 4449 3257 4520 pravenit
3281 4431 3407 4509 ante
3437 4431 3586 4508 tem-

273 4518 534 4590 quamvis
584 4520 732 4578 dicat
797 4523 1050 4581 Salvator
1099 4525 1212 4584 illis
1267 4531 1611 4600 septuaginta
1660 4505 1875 4589 duobus
1909 4505 1955 4563 Β
1982 4536 2107 4592 Pus:
2132 4525 2262 4596 (illia
2290 4532 2632 4588 necessarius
2658 4543 2811 4604 θηῐὶ
2845 4544 2900 4592 et
2917 4536 3257 4596 Pharaonem
3292 4548 3416 4596 ante
3438 4541 3583 4599 fum‘

273 4604 582 4681 discipulis,
624 4626 760 4682 quos
789 4612 1022 4686 elegerat
1067 4616 1307 4672 secunda
1335 4617 1526 4687 classe,
1557 4619 1650 4691 qui
1681 4619 1747 4674 ab
1778 4620 1875 4677 illo

272 4706 455 4770 postea
509 4710 851 4758 recesserunt
912 4729 930 4752 ι
985 4704 1222 4762 Nomina
1267 4717 1448 4764 vestra
1495 4707 1697 4781 scripta
1740 4718 1872 4766 sunt

274 4787 328 4842 in
351 4789 497 4846 coelo
543 4791 696 4860 (Luc.
743 4809 800 4860 χ,
836 4793 950 4865 20).
984 4820 1001 4842 ιι
1054 4795 1157 4852 Sed
1195 4797 1301 4855 hoc
1332 4805 1554 4871 propter
1575 4796 1869 4870 justitiam,

271 4877 396 4950 quia
434 4880 547 4936 hoc
576 4888 658 4937 est
698 4880 934 4953 justum,
984 4892 1045 4941 ut
1092 4887 1392 4961 unicuique
1421 4906 1519 4961 pro
1567 4890 1763 4947 merito
1793 4909 1871 4947 re-

271 4970 624 5040 spondeatur.
657 4972 799 5040 Quia
845 4975 994 5030 enim
1043 4976 1174 5033 boni
1206 4987 1382 5046 erant,
1431 4980 1589 5037 electi
1627 4989 1757 5036 sunt
1803 4981 1871 5038 ad

273 5058 667 5130 ministerium,
716 5072 770 5120 et
816 5071 971 5118 erant
1015 5067 1216 5138 scripta
1268 5069 1492 5125 nomina
1537 5069 1761 5126 illorum
1811 5071 1871 5127 in

271 5148 407 5202 caelo
438 5158 666 5222 propter
703 5149 1003 5223 justitiam,
1035 5154 1175 5211 sicut
1203 5155 1350 5213 dixi:
1385 5157 1686 5215 secundum
1719 5175 1868 5231 pras—

271 5234 558 5294 scientiam
588 5255 719 5297 vero
749 5243 808 5297 in
839 5259 1069 5298 numero
1099 5253 1252 5301 erant
1284 5247 1572 5305 malorum.
1602 5249 1681 5305 De
1701 5247 1867 5321 justi-

344 5486 464 5574 (fr!)
501 5486 652 5574 Edit.
676 5493 901 5574 _Amerb.
935 5493 1176 5574 et_Eras.
1210 5507 1333 5553 cum
1363 5509 1496 5574 mss.
1519 5511 1630 5574 non
1657 5499 1867 5574 paucis,

275 5563 336 5683 ut
356 5561 412 5638 lii
453 5563 573 5692 ῗοιὶι
595 5565 841 5622 doleant:
882 5567 1085 5625 rectius
1114 5575 1297 5624 tamen
1328 5567 1450 5624 aliae
1478 5569 1610 5644 edit.
1642 5561 1696 5628 et
1735 5561 1865 5631 mes:

275 5641 311 5683 ιι
364 5646 426 5685 ιιι
479 5649 547 5688 ex
577 5651 632 5692 u.

275 5641 336 5683 ut
364 5646 426 5685 ιιι
455 5641 611 5692 textu
621 5680 632 5692 .

1978 5071 2069 5122 tus
2113 5083 2227 5137 ero,
2275 5093 2294 5118 ι

1988 4626 2112 4666 rum
2135 4613 2408 4684 judicium
2448 4621 2752 4693 damnavit,
2788 4632 2851 4680 ut
2880 4627 3192 4684 crederetur
3211 4628 3580 4701 judicaturus.

2057 4702 2242 4774 (Vers.
2289 4707 2402 4779 15.)
2450 4735 2468 4756 ι
2508 4711 2686 4785 Moysi
2729 4715 2879 4770 enim
2931 4715 3109 4774 dicit:
3159 4717 3459 4776 Miserebor
3491 4721 3583 4794 cui

1982 4792 2240 4850 misertus
2295 4811 2388 4852 ero
2439 4817 2452 4854 :
2513 4808 2568 4856 et
2639 4804 3075 4862 misericordiam
3134 4809 3423 4880 praestabo,
3489 4811 3582 4867 cui

1982 4883 2417 4943 misericordiam
2447 4890 2750 4960 praestitero
2782 4894 2984 4966 (Exod.
3008 4912 3213 4967 χχχιιι,
3247 4899 3358 4970 19).
3384 4923 3401 4946 ι
3435 4900 3581 4972 Ergo

1981 4974 2378 5050 misericordia,
2437 5006 2455 5030 ι
2493 4983 2814 5054 miserebor,
2859 4985 3061 5062 inquit,
3111 4988 3230 5060 ejus
3271 4989 3360 5046 cui
3393 4991 3579 5048 miser-

2357 5071 2463 5130 hoc
2511 5081 2613 5142 est,
2662 5073 2780 5146 ejus
2813 5077 3133 5148 miserebor,
3182 5078 3275 5135 cui
3318 5081 3579 5152 prascius

1978 5169 2122 5212 eram
2147 5159 2295 5230 quod
2319 5160 2754 5219 misericordiam
2784 5164 3012 5222 daturus
3030 5183 3226 5238 essem,
3252 5170 3430 5225 sciens
3449 5159 3576 5228 con«

1977 5259 2267 5305 versurum
2310 5249 2494 5319 illum,
2540 5259 2595 5309 et
2639 5268 3059 5326 permansurum
3104 5257 3250 5332 apud
3279 5275 3400 5316 me:
3460 5284 3477 5306 ι
3506 5258 3576 5314 Et

2053 5501 2183 5595 14³).
2201 5505 2282 5595 1!?
2323 5505 2457 5595 edite
2497 5507 2722 5595 ᾼωθειξ-
2759 5514 2813 5595 et.
2858 5508 3120 5595 Erae-es
3153 5491 3574 5595 aesomne-

1978 5586 2066 5655 res
2089 5577 2278 5676 :Iat‘in
2319 5579 2560 5676 reliquis.
2586 5579 2818 5676 ed‘itzxet
2847 5597 2978 5636 mss.
3012 5592 3122 5634 non
3161 5577 3485 5654 reperimus,
3515 5586 3574 5676 in

1980 5646 2143 5719 signis
2171 5655 2220 5706 et
2234 5646 2500 5724 prodigiis
2526 5650 2806 5722 faciendis.
