4150 6194
546 291 653 350 143

1563 294 1661 349 AD
1699 290 1936 349 OPEBA
1973 290 2031 349 S.
2070 288 2407 350 AMBROSII
2446 290 2826 350 APPENDIX.

3748 287 3854 352 1M.

547 422 982 483 misericordiam
1004 423 1272 497 praestabo
1302 425 1409 495 illi,
1435 423 1526 482 cui
1546 421 1979 480 misericordiam
2009 437 2143 494 prae-
2172 425 2223 485 A
2251 421 2391 490 Quia
2439 421 2498 479 in
2546 421 2652 479 hoc
2695 421 2877 495 ipsum
2924 430 2980 479 te
3023 420 3261 491 servavi,
3290 427 3354 478 ut
3394 420 3683 478 ostendam
3714 422 3771 477 in
3803 430 3856 478 te

551 512 767 584 stitero,
791 538 809 563 ι
842 514 899 572 id
926 522 1007 571 est
1025 514 1076 570 ei
1098 515 1529 573 misericordiam
1552 513 1695 570 dabo
1714 528 1872 586 quem
1899 511 2147 585 praescivi

547 615 676 680 post
703 623 942 664 errorem
965 617 1114 666 recto
1139 607 1301 665 corde
1330 622 1676 664 reversurum
1707 604 1771 686 rd
1796 621 1901 661 me.
1932 605 2047 660 Hoc
2071 611 2152 658 est

548 695 679 753 dare
753 697 858 768 illi,
915 698 1006 755 cui
1057 697 1301 756 dandum
1362 704 1444 754 est
1493 714 1504 753 :
1580 702 1634 751 et
1689 710 1799 752 non
1866 694 1994 750 dare
2043 693 2148 760 illi,

549 787 643 844 cui
691 785 934 844 dandum
984 803 1096 843 non
1147 794 1259 854 est;
1310 795 1374 842 ut
1417 801 1544 841 eum
1594 791 1772 852 vocet,
1823 800 1985 857 quem
2015 783 2152 839 sciat

549 873 852 943 obaudire;
894 875 1051 931 illum
1084 883 1265 930 autem
1306 891 1419 930 non
1449 881 1628 942 vocet,
1671 889 1832 946 quem
1879 872 2016 929 sciat
2047 872 2150 927 mi-

548 967 701 1024 nime
726 966 1008 1022 obaudire.
1043 965 1251 1022 Vocare
1281 973 1459 1021 autem
1483 975 1563 1021 est
1594 981 1705 1020 non
1735 980 1977 1038 pugnare
2009 963 2148 1036 (44),

547 1056 644 1114 sed
676 1070 1042 1128 compungere
1061 1055 1127 1112 ad
1158 1054 1528 1128 recipiendam
1559 1054 1744 1111 ﬁdem.

622 1152 807 1224 (Vers.
855 1152 969 1225 l6.)
1037 1179 1054 1199 ι
1084 1154 1258 1226 Igitur
1304 1170 1416 1210 non
1447 1151 1688 1210 volentis
1726 1166 1904 1226 neque
1932 1167 2152 1210 curren-

545 1246 644 1316 tis,
675 1245 771 1302 sed
827 1245 1140 1302 miserentis
1184 1253 1265 1303 est
1308 1247 1428 1302 Dei.
1460 1270 1478 1293 ι
1541 1245 1725 1314 Recte,
1762 1245 1892 1318 quia
1939 1261 2051 1302 non
2093 1243 2152 1300 in

547 1337 838 1394 voluntate
868 1336 1124 1408 petentis,
1157 1336 1252 1393 sed
1282 1336 1339 1392 in
1370 1335 1552 1392 dantis
1578 1335 1808 1392 arbitrio
1837 1333 2000 1392 debet
2015 1350 2152 1404 esse,

548 1424 697 1499 quod
726 1425 991 1498 poscitur.
1019 1426 1107 1482 An
1123 1426 1269 1485 enim
1301 1424 1542 1482 dandum
1568 1425 1660 1494 sit,
1693 1423 1877 1481 dantis
1901 1423 2152 1496 debetju-

548 1515 697 1573 dicio
723 1515 971 1588 pensari;
990 1532 1116 1571 nam
1140 1517 1265 1572 Saul
1286 1531 1516 1588 peccans
1537 1531 1659 1572 cum
1685 1515 1908 1587 petisset
1934 1513 2152 1572 veniam

547 1621 660 1663 non
678 1607 888 1678 accepit
908 1605 965 1677 (Ι
979 1607 1103 1677 Reg.
1124 1622 1220 1674 xv,
1244 1605 1360 1678 24),
1384 1615 1439 1662 at
1455 1612 1646 1662 contra
1664 1604 1842 1662 David
1859 1619 2088 1678 peccans
2103 1613 2156 1661 et

547 1695 758 1769 ignosci
807 1695 910 1751 sibi
943 1696 1245 1768 postulans,
1297 1695 1516 1752 veniam
1570 1703 1896 1753 consecutus
1945 1704 2027 1752 est
2072 1695 2161 1766 (II

2258 511 2522 569 virtutem
2565 528 2763 581 meam,
2795 519 2849 567 et
2885 520 2947 568 ut
2991 512 3280 568 nuntietur
3323 526 3525 567 nomen
3566 527 3750 567 meum
3797 511 3856 568 in

2261 603 2518 659 universa
2564 612 2706 660 terra
2750 603 2952 675 (Exod.
3003 619 3082 672 ιχ,
3126 601 3238 675 16).
3287 627 3306 651 ι
3361 601 3475 657 Alii
3518 599 3739 658 codices
3778 601 3858 659 sic

2260 691 2464 749 habent
2495 712 2506 749 :
2553 718 2572 740 α
2601 693 2688 749 Ad
2735 693 2842 752 hoc
2887 701 2940 750 te
2987 693 3274 762 suscitavi,
3302 700 3364 749 ut
3400 692 3684 751 ostendam
3717 695 3774 750 in
3805 702 3858 750 te

2259 782 2522 838 virtutem
2572 799 2769 841 meam.
2803 810 2822 833 ν
2864 784 2993 840 Sive
3035 809 3053 832 σ
3084 783 3320 852 servavi,
3348 783 3466 840 sive
3507 785 3792 853 suscitavi,
3826 811 3845 833 ι

2261 888 2406 928 unus
2432 879 2513 927 est
2540 887 2760 941 sensus;
2794 872 2898 929 hoc
2928 873 3076 929 enim
3110 873 3270 942 dicit,
3303 873 3435 946 quia
3464 890 3589 930 cum
3620 873 3857 945 Pharao,

2261 961 2409 1036 quod
2455 978 2658 1019 nomen
2705 979 2892 1035 regum
2943 970 3058 1019 erat
3104 963 3248 1036 apud
3283 963 3596 1036 Egyptim,
3628 964 3774 1022 sicut
3806 971 3861 1020 et

2261 1052 2407 1126 apud
2461 1054 2734 1110 Romanos
2789 1067 2940 1125 reges
2995 1052 3230 1125 Augusti
3287 1053 3634 1124 appellantur
3693 1071 3706 1110 :
3767 1052 3862 1110 hic

2262 1158 2389 1216 ergo
2435 1141 2646 1199 Pharao
2693 1141 2809 1215 (45)
2861 1158 2986 1199 cum
3033 1142 3202 1198 tantis
3248 1141 3405 1197 malis
3450 1150 3591 1199 esset
3620 1159 3767 1212 reus,
3796 1151 3862 1200 ut

2262 1232 2379 1290 vita
2425 1232 2687 1306 indignus
2729 1241 2889 1301 esset,
2921 1232 3000 1288 ita
3041 1232 3100 1288 in
3143 1232 3304 1289 malis
3351 1232 3465 1289 suis
3509 1232 3853 1306 perduravit,

2262 1340 2364 1382 nec
2418 1338 2475 1380 se
2533 1321 2821 1380 emendare
2891 1323 3102 1392 voluit;
3171 1322 3447 1381 aestimans
3501 1331 3597 1380 aut
3662 1323 3861 1380 merito

2263 1415 2473 1482 vivere,
2504 1421 2600 1469 aut
2635 1415 2829 1482 Deum,
2877 1429 3037 1487 quem
3063 1429 3205 1486 saepe
3243 1412 3547 1469 fallendum
3580 1412 3856 1483 censebat,

2264 1503 2333 1561 ad
2370 1501 2681 1561 .vindictam
2718 1502 2953 1560 dandam
3001 1504 3380 1576 impotentem,
3428 1503 3583 1560 audit
3628 1520 3659 1560 a
3697 1505 3812 1561 Deo
3845 1523 3857 1562 :

2276 1616 2295 1640 ι
2339 1593 2424 1648 Ad
2472 1591 2579 1650 hoc
2619 1600 2673 1648 te
2718 1591 2955 1661 servavi,
2987 1599 3050 1648 ut
3097 1590 3383 1650 ostendam
3417 1593 3476 1649 in
3505 1600 3560 1650 te
3597 1593 3862 1651 virtutem

2265 1699 2462 1752 meam,
2495 1692 2550 1739 et
2595 1689 2657 1738 ut
2698 1682 2986 1740 nuntietur
3025 1699 3227 1740 nomen
3276 1699 3458 1740 meum
3507 1682 3566 1740 in
3604 1684 3864 1742 universa

547 1787 674 1859 Reg.
710 1801 814 1855 ΧΠ,
846 1784 959 1858 13).
987 1785 1074 1841 Ex
1104 1784 1210 1842 hoc
1238 1785 1430 1860 utique
1458 1785 1643 1843 dantis
1668 1787 1767 1842 Dei
1793 1793 1847 1842 et
1882 1802 1994 1842 non
2023 1785 2153 1841 dan-

2267 1780 2426 1842 terra,
2459 1798 2478 1823 ι
2519 1781 2583 1830 ut
2627 1772 2686 1828 in
2729 1771 2834 1831 hoc
2883 1782 3092 1830 caetera)
3127 1782 3314 1846 gentes
3364 1773 3711 1832 addiscerem
3751 1791 3864 1833 non

547 1877 622 1934 tis
659 1875 934 1948 judicium
986 1876 1325 1950 sequendum
1357 1887 1458 1947 est,
1491 1877 1618 1951 quia
1649 1894 1761 1934 non
1792 1877 1848 1932 in
1876 1874 2025 1948 juste
2050 1874 2154 1949 ju-

550 1965 719 2035 dicat,
751 1968 844 2040 qui
876 1985 1067 2024 omnes
1095 1969 1277 2025 salvos
1324 1969 1467 2037 vult,
1499 1975 1755 2025 manente
1784 1966 2039 2040 justitia;
2074 1966 2154 2022 in-

550 2065 770 2132 spector
814 2059 961 2115 enim
1001 2059 1184 2116 cordis
1223 2059 1327 2116 scit
1365 2067 1660 2133 petentem,
1712 2074 1780 2114 an
1824 2057 1927 2115 hac
1974 2061 2156 2111 mente

548 2156 758 2222 poscat,
807 2158 870 2206 ut
903 2158 1178 2206 mereatur
1224 2149 1490 2222 accipere.
1524 2137 1605 2206 Et
1652 2147 1906 2222 quamvis
1943 2144 2156 2220 pericu-

550 2239 731 2296 losum
780 2241 855 2296 sit
893 2239 1169 2312 judicium
1217 2240 1315 2297 Dei
1347 2239 1676 2308 discernere,
1723 2246 1904 2294 tamen
1937 2242 2159 2308 propter

551 2328 886 2399 diﬂidentes,
913 2339 976 2386 ut
1016 2347 1171 2387 mens
1200 2346 1388 2388 eorum
1423 2329 1693 2386 medelam
1732 2326 1994 2400 consequi
2038 2342 2156 2398 pos-

551 2420 647 2490 sit,
697 2437 764 2476 ne
815 2427 1010 2494 putent
1061 2419 1336 2493 judicium
1369 2415 1483 2477 'Dei
1523 2419 1812 2492 injustum,
1875 2417 2152 2474 dicentes:

545 2509 735 2567 ‘Unum
778 2520 957 2579 vocat,
1008 2519 1062 2567 et
1110 2511 1343 2568 alterum
1384 2509 1652 2582 negligit;
1703 2509 1782 2565 sic
1829 2507 2159 2564 arbitrantes

552 2596 804 2654 excusari
834 2612 991 2670 posse
1019 2596 1384 2666 damnandos,
1416 2598 1580 2653 rebus
1619 2595 1770 2652 istud
1811 2595 1995 2668 potius
2037 2610 2157 2667 pro-

552 2685 770 2756 bemus,
820 2703 982 2760 quam
1040 2687 1252 2754 verbis;
1305 2686 1405 2743 ubi
1453 2687 1599 2743 enim
1653 2702 1834 2742 rerum
1886 2695 2157 2758 gestarum

550 2776 804 2850 exempla
853 2783 1001 2846 sunt,
1048 2793 1211 2834 nemo
1239 2776 1405 2834 audet
1443 2777 1619 2851 queri,
1662 2792 1764 2834 nec
1792 2775 2032 2849 aliquam
2067 2791 2156 2831 ex-

551 2867 894 2926 cusationem
924 2866 1239 2925 obtendere.
1272 2869 1394 2924 Duo
1426 2867 1652 2925 fuerunt
1697 2866 1876 2925 David
1909 2873 1964 2923 et
1989 2866 2116 2924 Saul
2142 2883 2154 2922 :

549 2955 896 3029 requiramus
955 2955 1234 3024 historias,
1293 2955 1472 3028 qualis
1536 2957 1914 3030 unusquisque
1967 2973 2156 3013 eorum

551 3044 858 3118 reperiatur
897 3054 1019 3116 post
1056 3043 1332 3115 judicium
1381 3045 1520 3111 Dei;
1565 3053 1628 3102 ut
1668 3046 1715 3101 si
1765 3046 1893 3102 Saul
1936 3046 2074 3104 bene
2104 3062 2160 3104 se

553 3135 747 3207 egisse,
801 3141 1089 3206 postquam
1139 3133 1576 3190 misericordiam
1625 3151 1737 3190 non
1786 3135 2004 3207 accipit,
2039 3153 2157 3209 pro-
2196 3173 2240 3235 Ο

551 3221 735 3291 betur,
768 3221 1057 3294 injustum,
1093 3221 1237 3296 quod
1282 3223 1446 3291 absit,
1478 3223 1575 3280 Dei
1602 3221 1879 3295 judicium
1917 3225 2159 3284 arbitre-

556 3329 722 3382 mur;
777 3323 873 3369 aut
928 3313 974 3370 si
1023 3313 1223 3381 David,
1261 3324 1483 3387 accepta
1526 3313 1924 3387 misericordia,
1982 3317 2155 3374 Deum

550 3403 944 3476 contempsisse
975 3402 1318 3473 inveniatur,
1355 3421 1424 3461 an
1455 3404 1514 3460 in
1543 3419 1606 3460 eo
1648 3407 1928 3474 manserit,
1961 3406 2016 3461 in
2049 3425 2158 3480 quo

552 3492 988 3551 misericordiam
1021 3501 1351 3552 consecutus
1397 3501 1500 3560 est,
1542 3502 1616 3563 et,
1647 3502 1709 3550 ut
1752 3503 1876 3551 utar
1904 3511 2156 3569 compen.

552 3581 667 3650 dio,
726 3589 956 3655 uterque
1003 3584 1383 3640 necessitatem
1451 3600 1643 3656 passus
1703 3592 1784 3641 est
1854 3585 2026 3658 regni.
2087 3587 2160 3643 Et

555 3681 761 3748 quanta
816 3672 923 3727 fuit
971 3673 1266 3730 necessitas
1304 3673 1506 3740 David,
1555 3681 1617 3730 ut
1662 3673 1811 3731 ﬁlius
1839 3673 1957 3748 ejus
1991 3676 2159 3734 vellet

554 3780 680 3821 eum
728 3779 897 3836 regno
931 3766 1176 3837 privare!
1220 3766 1282 3822 In
1323 3781 1430 3840 qua
1459 3765 1781 3823 necessitate
1811 3765 1966 3838 ﬂens,
2009 3767 2159 3824 nudo

555 3853 716 3929 pede,
749 3854 853 3909 iter
880 3853 1135 3924 faciebat,
1169 3862 1232 3912 ut
1261 3855 1471 3930 fugeret
1499 3872 1599 3913 rex
1626 3864 1681 3913 et
1709 3856 1824 3914 dux
1854 3858 2040 3932 populi
2058 3857 2158 3916 Dei

559 3944 650 4018 (II
675 3945 799 4015 Reg.
833 3960 930 4014 xv,
967 3944 1080 4018 16),
1114 3945 1172 4002 in
1203 3954 1419 4004 tantum
1448 3947 1795 4016 humiliatus,
1825 3957 1887 4005 ut
1913 3956 1969 4005 et
1997 3947 2054 4005 in
2083 3949 2159 4006 fa-
2205 3934 2213 3942 ’

553 4033 695 4093 ciem
753 4035 861 4093 sibi
903 4051 1063 4094 servo
1109 4053 1209 4094 suo
1259 4037 1613 4096 maledicenti
1656 4055 1767 4095 non
1809 4037 2160 4112 responderet

554 4133 619 4183 nt
647 4114 745 4200 per
775 4127 1098 4200 patientiam
1133 4130 1307 4186 Deum
1339 4128 1448 4186 sibi
1481 4129 1783 4202 propitium
1813 4129 2034 4196 faceret,
2065 4145 2161 4204 per

555 4232 717 4290 quem
791 4233 1019 4290 regnum
1096 4217 1202 4274 sibi
1276 4217 1514 4276 credidit
1570 4218 1835 4275 reservari
1896 4219 1985 4290 (II
2032 4219 2155 4291 Reg.

553 4322 676 4372 xvr,
706 4306 818 4378 10).
842 4308 966 4364 Saul
993 4319 1174 4367 autem
1197 4325 1300 4367 nec
1327 4309 1386 4365 in
1414 4309 1510 4366 tali
1535 4309 1858 4366 necessitate
1879 4307 2158 4380 inventus,

554 4397 687 4470 quia
730 4395 908 4468 majus
955 4399 1162 4454 malum
1220 4407 1303 4456 est
1349 4398 1673 4457 intestinum
1719 4399 1951 4468 bellum,
1996 4416 2158 4474 quam

555 4491 888 4552 externum;
916 4484 1142 4558 insuper
1171 4486 1354 4543 ferens
1385 4489 1515 4560 quia
1542 4489 1709 4545 semel
1741 4497 1795 4544 et
1817 4488 2015 4546 iterum
2047 4506 2157 4547 non

555 4573 910 4640 sit‘auditus,
942 4591 1066 4630 cum
1121 4584 1261 4632 esset
1290 4575 1574 4650 indignus,
1620 4595 1722 4636 nec
1749 4579 1808 4635 in
1855 4596 2011 4653 prece
2041 4597 2156 4655 per-

561 4663 730 4733 stitit,
762 4672 824 4721 ut
845 4673 1104 4721 meritum
1125 4664 1231 4721 sibi
1264 4664 1482 4735 faceret,
1516 4685 1610 4740 per
1629 4669 1775 4743 quod
1803 4679 1942 4727 esset
1963 4671 2162 4744 dignus

555 4752 652 4811 sed
709 4753 1022 4826 impatiens,
1078 4762 1132 4812 et
1178 4754 1244 4811 de
1287 4756 1388 4812 Dei
1436 4756 1652 4830 judicio
1705 4758 2042 4833 indignatus,
2092 4763 2160 4820 ab

559 4842 730 4901 idolis
757 4860 877 4917 quae
892 4845 1044 4918 prius
1065 4847 1217 4904 velut
1249 4847 1458 4906 nullius
1487 4852 1752 4909 momenti
1781 4853 2159 4924 damnaverat,

559 4933 832 4990 auxilium
885 4934 1194 5009 requisivit.
1261 4939 1403 4995 Ecce
1450 4938 1662 5011 justum
1721 4957 1836 4997 esse
1886 4940 2159 5012 judicium

556 5024 920 5099 praescientiaa
955 5025 1055 5082 Dei
1098 5026 1266 5084 etiam
1312 5029 1629 5087 nolentibus
1672 5030 2026 5087 manifestum
2057 5042 2156 5091 est.

631 5116 814 5190 (Vers.
875 5118 991 5191 17.)
1061 5146 1078 5168 ι
1121 5121 1268 5179 Dicit
1322 5122 1469 5180 enim
1526 5123 1809 5197 Scriptura
1836 5124 2157 5185 Pharaoni:

634 5337 752 5418 (44)
799 5342 1001 5402 Omnes
1032 5345 1186 5421 edit,_
1216 5363 1280 5404 ac
1317 5360 1447 5404 mss.
1490 5348 1720 5421 aliquot,
1767 5367 1951 5407 vocare
1989 5359 2162 5409 autem

558 5422 1052 5546 ﬁstocoqtpungere;
1095 5418 1190 5474 alii
1234 5435 1366 5476 mss.
1412 5418 1846 5494 multi'bonique
1875 5423 2160 5481 nobiscum

585 5504 749 5546 aciun
783 5534 794 5546 .

585 5504 794 5546 sciunt.

607 5557 754 5640 (4:5)
785 5563 866 5619 Ita
907 5577 1038 5618 mss.
1062 5576 1240 5640 prope
1281 5562 1349 5619 ad
1379 5579 1589 5640 unum:
1634 5563 1767 5622 edit.
1810 5582 1951 5640 vero
1967 5576 2076 5626 vet.
2108 5575 2162 5626 et

561 5630 785 5702 quidam
843 5647 999 5702 mss.,
1058 5630 1139 5688 liic
1174 5630 1315 5706 'ergo
1371 5636 1588 5693 Pharao
1643 5653 1759 5693 cum
1816 5639 1978 5696 tantis
2006 5643 2161 5699 malis

561 5707 690 5757 esset
714 5720 857 5771 reus,
901 5712 962 5762 ut
996 5705 1169 5762 vivere
1205 5705 1310 5762 nan
1355 5707 1574 5778 deberet,
1625 5719 1896 5781 nunquam
1941 5711 2160 5782 futurus

2188 4543 2236 4603 D

2226 5630 2228 5632 ν
2271 5572 2392 5626 tuus
2433 5577 2672 5626 servatus
2713 5579 2789 5629 est
2832 5573 3070 5641 Pharao,
3099 5579 3222 5632 ut...

2265 1880 2379 1921 esse
2407 1864 2578 1920 alium
2606 1865 2780 1920 Deum
2811 1872 3008 1936 praeter
3036 1863 3208 1934 hunc,
3240 1865 3335 1938 qui
3381 1863 3694 1922 Iudaeorum
3725 1873 3862 1935 erat,

2265 1963 2318 2011 et
2367 1953 2544 2012 factus
2588 1961 2670 2010 est
2702 1953 3176 2024 Christianorum;
3219 1955 3473 2028 quamvis
3499 1961 3553 2011 et
3581 1954 3666 2010 illi
3694 1953 3866 2012 Chri-

2265 2044 2431 2101 stiani
2479 2043 2708 2112 fuerint,
2750 2051 2805 2100 et
2851 2060 2953 2100 nos
2998 2061 3148 2102 nunc
3195 2047 3370 2102 simus
3414 2044 3590 2101 Judaei
3640 2051 3867 2118 propter

2265 2134 2486 2204 Iudam,
2511 2151 2580 2192 ex
2603 2151 2712 2209 quo
2741 2140 2836 2199 83
2868 2134 3120 2192 Christus
3156 2143 3236 2193 est
3266 2134 3568 2193 secundum
3594 2150 3816 2192 carnem
3847 2155 3861 2204 ;

2266 2233 2396 2306 quia
2451 2231 2626 2288 Judaei
2678 2242 2889 2291 veteres
2942 2234 3212 2308 sperando
3261 2235 3512 2293 futurum
3569 2233 3854 2292 Christum

2267 2322 2694 2396 redemptorem,
2726 2323 3028 2381 Christiani
3074 2333 3268 2394 erant;
3301 2341 3426 2382 nam
3459 2324 3648 2382 Rahab
3679 2341 3867 2382 mere-

2266 2415 2382 2471 trix
2429 2413 2567 2471 dicit
2609 2415 3051 2488 exploratoribus
3096 2415 3280 2474 missis
3320 2433 3352 2472 a
3391 2416 3518 2473 .lesu
3563 2415 3734 2485 Nave,
3771 2413 3864 2490 qui

2268 2505 2424 2578 prius
2453 2505 2644 2562 Auxes
2671 2505 2959 2563 dicebatur
2992 2525 3004 2564 :
3049 2531 3068 2554 ι
3096 2506 3317 2564 Auditae
3345 2513 3475 2563 sunt
3503 2504 3595 2563 hic
3626 2506 3866 2563 virtutes

2269 2607 2324 2656 et
2364 2599 2557 2671 plagae,
2589 2615 2709 2673 quae
2741 2601 2896 2657 facta
2926 2608 3055 2658 sunt
3083 2600 3140 2656 in
3189 2601 3430 2675 Egypto
3458 2617 3490 2656 a
3516 2601 3629 2656 Deo
3659 2607 3864 2666 vestro,

2270 2695 2325 2744 et
2354 2689 2641 2745 conterriti
2671 2698 2801 2746 sunt
2826 2689 3023 2759 nimis;
3058 2691 3258 2746 timent
3282 2690 3427 2746 enim
3460 2706 3492 2745 a
3516 2689 3654 2747 facie
3685 2695 3868 2746 vestra

2272 2781 2453 2853 (Iosue
2499 2795 2560 2847 ιι,
2605 2779 2686 2850 9).
2717 2803 2736 2827 ι
2779 2779 2864 2836 Ad
2909 2779 3014 2836 hoc
3057 2795 3184 2852 ergo
3226 2786 3475 2836 servatus
3515 2786 3597 2836 est
3634 2777 3866 2846 Pharao,

2267 2878 2332 2927 ut
2379 2871 2555 2927 multa
2608 2869 2762 2943 signa
2817 2878 2871 2926 et
2911 2870 3082 2944 plagae
3139 2868 3560 2926 ostenderentur
3607 2867 3664 2924 in
3706 2868 3868 2924 illum

2269 2959 2422 3033 quasi
2454 2959 2569 3032 jam
2618 2967 2924 3017 mortuum.
2984 2959 3289 3017 Suscitatus
3324 2959 3438 3032 (46)
3471 2966 3651 3016 autem
3681 2957 3867 3014 dictus

2269 3057 2350 3107 est
2381 3067 2394 3107 :
2431 3051 2560 3125 quia
2587 3067 2711 3108 cum
2742 3051 2886 3124 apud
2920 3051 3090 3107 Deum
3123 3059 3374 3107 mortuus
3395 3057 3555 3120 esset,
3586 3047 3868 3105 modicum

2269 3149 2486 3213 tempus
2527 3141 2760 3214 accepit,
2800 3147 2862 3197 ut
2908 3139 3095 3197 vivere
3135 3139 3449 3209 videretur;
3501 3146 3560 3194 ut
3608 3144 3749 3194 esset
3805 3136 3863 3193 in

2270 3227 2429 3302 cujus
2458 3246 2618 3302 poena
2660 3239 2716 3286 et
2756 3231 2914 3287 vario
2939 3239 3337 3288 tormentorum
3371 3246 3562 3304 genere
3588 3246 3766 3304 usque
3795 3228 3865 3285 ad

2270 3327 2525 3388 mortem,
2571 3336 2761 3377 omnes
2807 3321 2901 3394 qui
2938 3320 3055 3377 sine
3101 3323 3214 3379 Deo
3261 3329 3437 3390 erant,
3470 3328 3619 3377 metu
3659 3319 3864 3389 territi,

2271 3407 2420 3466 hunc
2460 3411 2639 3467 solum
2685 3413 2859 3469 Deum
2909 3428 3024 3470 esse
3070 3429 3196 3470 cum
3227 3411 3588 3469 admiratione
3623 3409 3869 3467 maxima

2271 3499 2593 3570 faterentur,
2646 3518 2678 3558 a
2724 3518 2835 3575 quo
2881 3501 2964 3559 hae
3009 3502 3270 3560 vindictae
3326 3502 3486 3558 fiunt.
3540 3500 3654 3558 Hoc
3695 3499 3867 3556 etiam

2272 3604 2467 3661 genere
2496 3590 2711 3664 antiqui
2757 3591 2957 3649 medici
2991 3592 3046 3648 in
3091 3591 3414 3648 hominibus
3457 3599 3633 3647 morte
3660 3588 3866 3663 dignis,

2272 3679 2357 3733 vel
2396 3680 2590 3736 mortis
2621 3681 2948 3738 sententiam
2980 3681 3312 3749 consecutis,
3343 3679 3694 3755 requirebant
3719 3695 3873 3752 quo-

2270 3767 2434 3825 modo
2482 3769 2803 3843 prodessent
2856 3770 3023 3840 vivis,
3055 3787 3175 3844 quae
3231 3770 3288 3826 in
3331 3769 3553 3828 homine
3602 3769 3870 3836 latebant,

2272 3859 2478 3931 apertis
2502 3879 2516 3931 ;
2562 3869 2623 3918 ut
2661 3861 2750 3919 his
2777 3869 3166 3935 cognoscerent
3197 3877 3386 3920 causas
3414 3860 3784 3935 aegritudinis,
3816 3869 3872 3917 et

2272 3963 2434 4020 pcena
2461 3949 2749 4008 morientis
2786 3950 3074 4024 proficeret
3103 3949 3171 4008 ad
3199 3951 3431 4008 salutem
3462 3948 3721 4007 viventis.

2344 4040 2525 4113 (Vera.
2561 4040 2675 4114 18.)
2720 4065 2738 4089 ε
2779 4041 2951 4114 Igitur
2991 4041 3082 4099 cui
3112 4041 3235 4099 vult
3273 4041 3586 4109 miseretur,
3619 4046 3672 4095 et
3700 4055 3871 4113 quem

2272 4130 2394 4187 vult
2423 4129 2664 4187 indurat.
2698 4130 2849 4188 Dicis
2878 4130 3061 4205 itaque
3089 4129 3249 4186 mihi.
3280 4155 3297 4178 ι
3341 4129 3429 4185 Ex
3463 4145 3693 4203 persona
3719 4146 3874 4186 con-

2271 4218 2590 4276 tradicentis
2619 4219 2884 4294 loquitur,
2912 4220 3007 4295 qui
3037 4219 3191 4294 quasi
3215 4225 3368 4294 putet
3397 4220 3597 4289 Deum,
3623 4219 3874 4292 neglecta

2265 4307 2505 4381 justitia,
2575 4307 2742 4366 alicui
2813 4309 3149 4383 gratiosum;
3221 4315 3284 4365 ut
3338 4323 3512 4364 unum
3566 4323 3596 4364 e
3651 4307 3872 4365 duobus

2270 4398 2494 4473 paribus
2543 4398 2794 4472 accipiat,
2844 4401 3078 4457 alterum
3123 4408 3364 4472 respuat,
3395 4397 3498 4454 hoc
3547 4404 3649 4463 est,
3692 4412 3871 4453 unum

2272 4496 2623 4562 compungat,
2655 4497 2717 4546 ut
2758 4489 2944 4546 credat
2977 4507 2989 4546 :
3023 4490 3256 4547 alterum
3288 4487 3533 4554 induret,
3563 4503 3632 4544 ne
3659 4486 3872 4544 credat.

2266 4576 2367 4636 Cui
2398 4579 2620 4652 quidem
2649 4594 2718 4636 ex
2746 4581 3069 4638 auctoritate
3100 4579 3407 4653 respondit,
3437 4586 3655 4636 servata
3683 4585 3874 4634 tamen

2264 4669 2504 4743 justitia,
2565 4686 2635 4727 ex
2682 4688 2847 4746 supra
2894 4680 3196 4730 memorata
3225 4670 3564 4745 praescientia
3611 4669 3803 4726 dicens
3861 4687 3874 4726 :

2344 4764 2525 4836 (Vers.
2574 4765 2688 4837 19.)
2747 4791 2765 4813 ι
2808 4765 2952 4835 Quid
3007 4766 3187 4826 adhuc
3230 4766 3536 4841 quaeritur?
3580 4763 3878 4822 Voluntati

2271 4854 2418 4910 enim
2473 4853 2590 4926 ejus
2653 4855 2777 4928 quis
2833 4856 3079 4914 resistit?
3132 4884 3151 4907 ι
3222 4857 3471 4914 Primum
3523 4854 3681 4925 dicit,
3743 4855 3881 4929 quia

2270 4945 2451 5004 resisti
2498 4946 2546 5002 ei
2578 4963 2691 5002 non
2723 4955 2934 5020 potest;
2967 4957 3050 5004 est
3087 4949 3235 5005 enim
3282 4946 3699 5021 potentissimus
3728 4945 3880 5002 ultra

2273 5052 2482 5094 omnes.
2517 5035 2728 5093 Deinde
2755 5041 2884 5112 quia
2913 5039 3060 5095 Deus
3080 5039 3332 5095 omnium
3369 5045 3453 5094 est
3491 5047 3546 5094 et
3574 5051 3792 5110 parens,
3823 5043 3881 5092 et

2269 5125 2395 5184 ideo
2438 5126 2582 5185 nulli
2636 5127 2778 5185 male
2816 5129 2968 5199 vult;
3021 5145 3142 5204 qua:
3184 5125 3317 5188 fecit
3362 5127 3534 5195 enim,
3570 5125 3879 5184 incolumia

2271 5349 2434 5430 bonus
2480 5370 2546 5430 ne
2574 5358 3045 5430 se_autgmerito...
3079 5354 3409 5430 impotentem
3443 5360 3699 5430 putaret;
3727 5353 3883 5414 unde

2270 5425 2594 5500 Rom.redit.
2612 5425 2848 5484 abscidit
2879 5437 2988 5486 tres
3012 5425 3220 5500 prim-as
3240 5445 3422 5486 voces.

2345 5497 2462 5570 (46)
2498 5499 2654 5555 Rom.
2687 5500 2820 5557 edit.
2846 5503 2983 5574 sola,
3014 5497 3103 5557 Ἀά
3131 5502 3225 5557 hoc
3251 5515 3373 5574 ergo
3404 5501 3562 5574 quasi
3579 5500 3702 5574 jam

3271 5572 3632 5633 ostenderetur
3649 5573 3709 5629 in
3756 5572 3880 5631 illo.

2271 5641 2584 5713 Su-scitatus,
2615 5651 2721 5703 etc.
