4136 6194
277 347 368 405 145

274 475 384 572 vult
409 475 792 588 manere.'Nec
807 477 957 536 enim
1001 481 1264 554 competit
1301 483 1375 552 ei,
1407 493 1469 541 ut
1499 484 1740 588 injustus
1767 487 1864 588 sit,
1902 490 1953 550 A
2048 507 2231 572 (νει-ε,
2264 509 2382 582 24,)
2429 535 2447 558 .
2475 511 2623 581 Quos
2646 523 2700 572 θι
2728 518 2954 575 vocavit
2990 534 3112 588 nos,

268 561 414 636 cujus
439 561 828 622 benevolentia
856 573 1005 624 tanta
1049 578 1295 641 apparet,
1325 578 1388 628 ut
1413 588 1520 628 non
1565 574 1742 630 solum
1774 561 1865 631 fa-'

268 658 402 708 ceret
427 667 564 720 esse,
597 669 720 726 que
748 671 860 711 non
887 665 1064 726 erant,
1098 674 1292 715 verum
1324 677 1387 717 ea
1417 662 1538 734 ipsa
1568 662 1683 719 vita
1711 671 1863 718 eter-

266 755 329 796 na
355 739 584 798 donaret
616 750 670 799 et
697 743 892 815 gloria,
923 753 984 800 ut
1005 763 1142 819 opus
1167 746 1288 818 ejus
1317 748 1532 822 aliquid
1563 748 1864 821 majestatis

263 828 373 902 ejus
417 831 600 888 simile
658 833 904 892 haberet.
961 837 1068 904 Qui
1126 853 1257 908 ergo
1316 847 1428 894 tam
1495 840 1766 912 providus
1811 851 1864 900 et

263 917 430 976 bonus
459 930 559 988 est,
591 922 796 996 ambigi
828 941 942 980 non
970 925 1162 994 debet,
1186 927 1316 1000 quia
1339 927 1523 1000 justus
1543 939 1641 986 est.

326 1034 503 1106 (Vers.
543 1036 659 1108 20.)
705 1059 724 1084 ι
755 1037 801 1094 Ο
833 1036 1025 1105 homo,
1051 1044 1113 1094 tu
1145 1039 1268 1111 quis
1296 1055 1371 1108 es,
1397 1041 1489 1113 qui
1531 1041 1857 1113 respondeas

257 1125 390 1182 Deo!
413 1153 432 1174 ι
474 1127 673 1200 Magna
700 1135 800 1188 est.
835 1127 1039 1201 inquit,
1069 1128 1370 1202 indignitas
1392 1139 1446 1187 et
1476 1134 1851 1206 presumptio,

255 1213 535 1272 hominem
609 1217 936 1290 respondere
983 1220 1097 1275 Deo
1155 1219 1214 1275 in
1273 1220 1539 1291 adversis,
1595 1223 1852 1296 iniquum

247 1303 420 1376 justo,
455 1307 660 1364 malum
693 1307 859 1374 bono,
901 1307 1221 1382 imperitum
1254 1311 1518 1383 perfecto,
1560 1312 1849 1369 inﬁrmum

249 1393 583 1464 fortissimo,
651 1398 1070 1470 corruptibilem
1146 1400 1491 1474 incorrupto,
1555 1404 1848 1460 mortalem

251 1481 570 1554 immortali,
627 1502 845 1543 servum
921 1503 1162 1561 nequam
1237 1489 1484 1561 domino,
1536 1501 1846 1550 creaturam

249 1573 535 1632 conditori.
580 1598 599 1622 ι
629 1575 914 1651 Numquid
964 1577 1104 1636 dicit
1156 1578 1480 1652 ﬁgmentum
1513 1567 1610 1652 'ei,
1641 1583 1737 1656 qui
1788 1598 1847 1639 se

247 1661 407 1720 ﬁnxit
433 1681 446 1720 :
472 1663 618 1731 Quid
652 1681 738 1723 me
767 1666 950 1724 fecisti
981 1667 1061 1724 sic
1106 1669 1242 1740 (Isa.
1273 1686 1407 1736 xnv,
1437 1671 1495 1742 9)
1514 1671 1542 1727 ?
1572 1697 1590 1720 ι
1635 1671 1750 1728 Hoc
1777 1672 1846 1729 de

247 1751 379 1808 Isaia
409 1751 676 1827 propheta
728 1762 829 1823 est,
858 1755 1007 1828 quod
1038 1755 1132 1814 hic
1172 1758 1328 1830 quasi
1372 1760 1658 1832 proprium
1686 1760 1846 1833 ponit

1356 353 1719 417 COMMENT.
1761 359 1835 417 IN
1869 360 2090 420 EPIST.
2131 363 2229 422 AD
2265 362 2436 424 ROM.

3470 374 3572 434 M6

3143 535 3257 576 non
3288 521 3468 578 solum
3498 539 3570 581 ex

1971 601 2196 669 Iudeis,
2236 602 2331 658 sed
2363 604 2530 660 etiam
2560 621 2629 661 ex
2657 607 2929 678 gentibus.
2961 635 2981 658 ι
3029 609 3142 668 Hos
3163 628 3303 689 quos
3321 612 3567 684 vocavit,

1971 695 2300 766 preparavit
2341 695 2436 773 adq
2459 698 2710 769 gloriam,
2754 703 2871 759 sive
2912 719 3005 760 eos
3051 706 3146 782 qui
3193 725 3362 780 prope
3390 714 3566 778 erant,

1971 785 2086 840 sive
2119 785 2244 842 illos
2272 787 2366 859 qui
2398 787 2581 860 longe,
2613 791 2790 847 sciens
2821 809 3203 864 permansuros
3235 798 3291 853 in
3324 798 3452 855 ﬁde.

2044 873 2228 942 (Vers.
2257 875 2344 943 25,
2378 876 2496 947 26.)
2541 904 2559 926 ε
2579 879 2734 937 Sicut
2764 882 2820 937 in
2847 882 2980 938 Osee
3009 885 3146 942 dicit
3171 906 3182 943 :
3215 887 3436 944 Vocabo
3454 905 3567 947 non

1967 962 2180 1033 plebem
2226 981 2427 1032 meam,
2487 969 2704 1038 plebem
2755 988 2972 1041 meam;
3023 983 3078 1030 et
3126 993 3234 1032 non
3281 977 3564 1051 dilectam,

1964 1052 2242 1112 dilectam.
2276 1056 2348 1111 Et
2374 1056 2480 1112 erit
2511 1058 2566 1114 in
2596 1060 2738 1127 loco,
2773 1055 2868 1118 ubi
2900 1065 3248 1123 vocabuntur
3277 1085 3386 1124 non
3413 1071 3567 1142 plebs

1962 1158 2103 1209 mea,
2137 1143 2212 1200 ibi
2248 1147 2599 1204 vocabuntur
2645 1149 2748 1204 ﬁlii
2799 1153 2897 1208 Dei
2939 1154 3076 1210 vivi.
3112 1181 3129 1203 ι
3189 1161 3452 1229 Apertum
3487 1170 3570 1219 est

1960 1231 2108 1289 istud
2143 1232 2210 1288 de
2249 1235 2502 1306 gentibus
2549 1254 2665 1296 esse
2713 1241 3062 1313 predictum,
3106 1262 3227 1318 que
3260 1249 3411 1318 prius
3457 1268 3568 1308 non

1958 1331 2074 1380 erat
2134 1324 2288 1398 plebs
2355 1327 2455 1383 Dei
2510 1346 2522 1384 :
2579 1339 2766 1401 postea
2819 1341 2999 1388 autem
3074 1335 3142 1392 ad
3198 1338 3562 1408 opprobrium

1956 1416 2272 1474 Jurleorum
2325 1421 2756 1478 misericordiam
2801 1426 3131 1497 accipientes
3176 1439 3382 1490 vocate
3431 1441 3564 1491 sunt

1956 1505 2110 1579 plebs
2134 1507 2267 1573 Dei;
2301 1516 2355 1564 et
2383 1509 2478 1583 qui
2524 1510 2714 1567 dilecti
2770 1521 2896 1571 ante
2932 1533 3043 1572 non
3075 1528 3251 1588 erant,
3281 1521 3555 1581 abdicatis

1953 1596 2178 1666 Judeis,
2212 1599 2456 1672 adoptati
2518 1601 2576 1658 in
2633 1602 2801 1673 ﬁlios,
2847 1615 2900 1661 et
2948 1605 3138 1665 dilecti
3191 1619 3359 1679 sunt;
3392 1621 3455 1668 ut
3500 1615 3561 1671 in

1953 1687 2074 1744 loco
2104 1687 2198 1743 ubi
2220 1704 2332 1745 non
2382 1691 2725 1749 vocabantur
2768 1694 2922 1767 plebs
2950 1697 3072 1767 Dei,
3108 1698 3185 1754 ibi
3225 1711 3559 1760 vocarentur

1952 1776 2054 1833 ﬁlii
2084 1778 2182 1834 Dei
2215 1778 2352 1836 vivi.
2385 1779 2544 1837 Prius
2573 1783 2721 1840 enim
2772 1801 3043 1860 nusquam
3080 1789 3428 1848 vocabantur
3455 1793 3562 1851 ﬁlii

246 1857 350 1915 quo
381 1842 630 1901 ostendit
670 1851 864 1900 contra
906 1855 1186 1903 auctorem
1219 1863 1357 1919 opus
1397 1849 1516 1921 ejus
1545 1849 1702 1923 queri
1728 1867 1832 1906 non

1949 1866 2073 1933 Dei,
2100 1868 2206 1924 nisi
2263 1869 2322 1926 in
2380 1870 2588 1940 Judea,
2652 1873 2759 1932 hoc
2801 1883 2923 1945 est,
2977 1877 3400 1953 Hierosolymis,
3459 1881 3557 1940 ubi

244 1947 436 2004 posse;
485 1933 545 1989 in
591 1942 860 2006 potestate
888 1934 1039 1992 enim
1085 1938 1326 1995 auctoris
1346 1947 1428 1996 est
1455 1940 1677 2013 qualem
1705 1941 1844 1999 velit

241 2022 482 2079 condere
513 2032 840 2082 creaturam.

309 2122 496 2191 (Vers.
525 2123 643 2196 2i.)
677 2148 698 2172 ι
718 2126 806 2182 An
828 2142 939 2184 non
968 2127 1135 2186 habet
1156 2137 1478 2203 potestatem
1514 2131 1718 2205 ﬁgulus
1737 2132 1840 2190 luti

241 2227 306 2268 ex
331 2214 522 2274 eadem
556 2231 738 2274 massa
757 2217 936 2276 facere
971 2219 1125 2278 aliud
1173 2223 1395 2294 quidem
1442 2241 1539 2282 vas
1568 2225 1629 2281 in
1667 2225 1838 2282 hono-

241 2304 531 2375 rem,aliud
543 2324 676 2364 vero
693 2307 763 2366 ad
782 2302 1210 2370 contumeliam?
1223 2339 1240 2361 ι
1273 2315 1626 2373 Manifestum
1647 2325 1730 2375 est
1745 2333 1837 2374 va-

240 2395 491 2470 saaliqua
510 2397 631 2455 ﬁeri
652 2398 718 2455 ad
744 2399 1161 2476 honorem,que
1183 2403 1250 2460 ad
1269 2421 1401 2462 usus
1421 2404 1691 2464 honestos
1723 2407 1838 2464 sint

242 2487 546 2544 necessaria
575 2507 587 2545 :
625 2488 735 2545 alia
781 2506 913 2547 vero
941 2491 1009 2548 ad
1040 2495 1456 2565 contumeliam,
1484 2513 1606 2571 que
1632 2498 1837 2555 instru-

240 2586 418 2635 mento
447 2578 564 2635 sint
595 2579 950 2649 culinarum;
982 2581 1151 2639 unius
1198 2591 1382 2642 tamen
1421 2603 1538 2644 esse
1584 2589 1837 2645 substan-

240 2665 344 2736 tie,
373 2667 470 2725 sed
499 2668 721 2726 differre
750 2671 1036 2730 voluntate
1077 2673 1293 2746 opiﬁcis
1322 2676 1380 2731 in
1411 2675 1640 2734 honore.
1674 2680 1754 2735 Ita
1781 2686 1836 2734 et

237 2759 393 2828 Deus,
425 2777 556 2818 cum
585 2778 778 2819 omnes
803 2779 872 2819 ex
900 2780 1012 2820 una
1038 2773 1202 2840 atque
1231 2767 1420 2824 eadem
1451 2787 1631 2826 massa
1659 2770 1837 2826 simus

237 2848 292 2904 in
322 2851 657 2919 substantia,
685 2861 739 2908 et
784 2855 968 2911 cuncti
1013 2863 1341 2926 peccatores,
1373 2857 1468 2914 alii
1516 2859 1832 2927 miseretur,

237 2944 286 2992 et
313 2938 552 2996 alterum
579 2939 816 3014 despicit
844 2958 952 2998 non
982 2942 1100 3000 sine
1127 2943 1365 3015 justitia.
1398 2948 1460 3002 In
1490 2946 1660 3018 ﬁgulo
1684 2946 1836 3003 enim

238 3027 350 3084 sola
392 3030 658 3086 voluntas
706 3037 832 3096 est;
889 3030 946 3086 in
993 3033 1107 3089 Deo
1151 3039 1334 3088 autem
1392 3035 1650 3091 voluntas
1707 3051 1836 3092 cum

228 3115 449 3187 justitia
475 3137 490 3184 ;
519 3118 624 3175 scit
652 3119 804 3174 enim
848 3117 1008 3190 cujus
1037 3118 1233 3176 debeat
1261 3121 1530 3191 misereri,
1560 3122 1703 3181 sicut
1731 3140 1835 3180 su-

231 3220 330 3277 pra
355 3207 689 3262 memoravi.

296 3301 499 3375 (Vers.
556 3303 673 3375 22.)
740 3328 760 3352 ‹
788 3302 946 3370 Quod
999 3304 1046 3361 si
1101 3306 1295 3364 volens
1347 3309 1493 3366 Deus
1547 3309 1832 3366 ostendere

233 3390 390 3460 iram,
445 3399 505 3447 et
557 3391 910 3448 manifestare
966 3395 1266 3466 potentiam
1321 3414 1498 3466 suam,
1564 3399 1830 3456 sustinuit

233 3478 283 3535 in
313 3480 494 3536 multa
517 3480 788 3552 patientia
817 3482 875 3538 in
906 3483 1053 3540 vasis
1082 3483 1178 3540 ire
1227 3487 1545 3558 preparatis
1577 3489 1634 3546 in
1673 3489 1829 3548 inte-

235 3568 415 3625 ritum.
450 3594 469 3616 ι
516 3571 637 3642 Ipse
667 3586 859 3627 sensus
888 3581 990 3641 est,
1023 3573 1156 3647 quia
1203 3576 1492 3634 voluntate
1539 3586 1594 3635 et
1628 3579 1828 3652 longa-

234 3657 478 3716 nimitate
533 3660 675 3729 Dei,
735 3677 856 3735 que
941 3671 1024 3720 est
1094 3664 1379 3736 patientia,
1455 3676 1830 3740 preparantur

234 3747 474 3807 inﬁdeles
504 3751 578 3808 ad
608 3767 861 3823 poenam;
897 3753 995 3810 diu
1045 3753 1194 3811 enim
1237 3757 1537 3829 exspectati
1578 3761 1826 3816 converti

233 3841 544 3898 noluerunt.
579 3843 708 3898 Ileo
746 3859 874 3915 ergo
915 3846 1218 3917 exspectati
1251 3855 1398 3916 sunt,
1439 3857 1501 3904 ut
1533 3848 1826 3906 inexcusa-

233 3925 359 3987 biles
385 3931 731 4006 deperirent.
777 3932 954 3990 Scivit
983 3935 1131 3991 enim
1164 3936 1309 3993 Deus
1339 3936 1439 3993 bos
1477 3953 1588 3995 non
1637 3939 1827 3996 credi-

233 4025 390 4080 turos.

295 4120 469 4191 (Vers.
523 4121 647 4194 23.)
695 4146 715 4170 ε
752 4123 826 4180 Et
878 4132 941 4180 ut
997 4123 1311 4182 ostenderet
1359 4125 1588 4185 divitias
1637 4128 1824 4201 glorie

228 4226 327 4268 sue
355 4213 411 4270 in
443 4212 598 4270 vasis
630 4213 1043 4282 misericordiae,
1075 4232 1196 4289 que
1227 4219 1557 4290 preparavit
1595 4219 1665 4275 ad
1695 4220 1825 4293 glo-

227 4297 375 4359 riam.
409 4328 427 4352 ›
467 4303 751 4361 Patientia
779 4311 833 4359 et
873 4305 1264 4376 longanimitas
1291 4307 1390 4363 Dei
1422 4308 1539 4379 ipsa
1566 4319 1666 4378 est,
1702 4326 1824 4382 que

226 4389 362 4447 sicut
414 4395 593 4449 malos
641 4401 911 4468 preparat
956 4393 1025 4449 ad
1073 4393 1384 4462 interitum,
1418 4397 1492 4452 ita
1537 4405 1592 4452 et
1645 4397 1822 4454 bonos

227 4492 482 4554 preparat
509 4484 584 4539 ad
631 4501 928 4551 coronam;
975 4483 1108 4540 boni
1149 4485 1296 4541 enim
1340 4495 1468 4543 sunt
1515 4486 1573 4542 in
1621 4489 1822 4562 quibus

1953 1955 2152 2013 domus
2177 1958 2276 2014 Dei
2308 1967 2446 2030 erat,
2478 1962 2621 2019 sicut
2661 1962 2800 2022 dicit
2828 1965 2886 2021 in
2918 1968 3130 2038 psalmo
3157 1971 3558 2044 septuagesimo

1953 2045 2148 2118 quinto
2181 2065 2192 2103 :
2242 2072 2260 2096 ι
2292 2047 2468 2107 Notus
2497 2052 2556 2107 in
2599 2053 2792 2110 Judea
2835 2057 2981 2112 Deus
3009 2058 3181 2129 (Psal.
3215 2076 3387 2128 LXXV,
3417 2060 3498 2132 2).
3523 2085 3544 2110 ι

1951 2135 2146 2192 Postea
2197 2146 2380 2195 autem
2436 2142 2493 2196 in
2549 2143 2839 2215 prophetia
2886 2145 3207 2205 Zacharie:
3275 2150 3554 2220 «Ponam,

1951 2223 2156 2298 inquit,
2187 2227 2486 2285 Jerusalem
2532 2231 2590 2287 in
2631 2233 2890 2289 omnibus
2937 2234 3193 2306 gentibus
3225 2237 3414 2307 (Zach.
3448 2256 3553 2305 xu,

1948 2316 2042 2386 2);
2077 2342 2094 2364 ι
2139 2317 2269 2391 quia
2298 2319 2503 2393 ubique
2533 2321 2708 2379 futuri
2759 2332 2913 2381 erant
2945 2325 3048 2381 ﬁlii
3099 2327 3221 2396 Dei,
3249 2334 3304 2383 et
3349 2327 3551 2386 domus

1949 2407 2048 2464 Dei
2106 2407 2164 2464 in
2211 2410 2473 2468 omnibus
2540 2413 2696 2484 locis,
2760 2431 2879 2488 que
2937 2423 3020 2473 est
3063 2416 3328 2475 Ecclesia.
3403 2419 3547 2478 Hinc

1947 2498 2218 2555 Dominus
2246 2500 2323 2557 ait
2342 2502 2577 2560 Iudeis:
2627 2531 2643 2552 ε
2665 2505 2806 2573 Quia
2824 2508 3052 2564 tolletur
3074 2525 3106 2564 a
3125 2508 3286 2565 vobis
3307 2525 3544 2580 regnum
3629 2570 3637 2581 ,

1946 2587 2067 2657 Dei,
2109 2596 2162 2644 et
2191 2589 2413 2648 dabitur
2442 2595 2591 2665 genti
2640 2595 2866 2652 facienti
2923 2598 3139 2654 fructus
3181 2599 3300 2671 ejus
3332 2599 3548 2670 (Matth.

1947 2693 2064 2744 xxx,
2096 2676 2214 2749 43).
2243 2704 2262 2726 ι

2021 2767 2203 2838 (Vers.
2245 2766 2362 2836 27.)
2408 2791 2425 2814 ι
2475 2767 2641 2824 Isaias
2683 2778 2865 2826 autem
2913 2773 3114 2829 clamat
3156 2792 3255 2847 pro
3289 2778 3476 2835 Israel.
3516 2803 3538 2827 ι

1947 2855 2066 2911 Hoc
2096 2853 2253 2922 dicit,
2285 2855 2416 2928 quia
2462 2855 2629 2912 Isaias
2675 2858 2876 2915 clamat
2916 2877 3016 2932 pro
3047 2863 3137 2932 iis,
3170 2865 3265 2938 qui
3317 2867 3554 2928 credunt

1945 2945 2006 3002 in
2051 2943 2332 3001 Christum
2393 2946 2551 3017 (Isai.
2610 2964 2670 3016 x,
2719 2948 2833 3017 22).
2894 2951 2963 3007 Hi
3028 2953 3173 3011 enim
3230 2973 3358 3014 vero
3419 2967 3552 3017 sunt

1946 3033 2228 3102 Israelite,
2261 3035 2404 3091 sicut
2424 3035 2562 3092 dicit
2591 3037 2860 3095 Dominus
2885 3040 2952 3097 ad
2980 3042 3285 3102 Nathanael
3315 3064 3328 3102 :
3366 3070 3384 3094 ε
3406 3049 3549 3106 Ecce

1946 3141 2072 3181 vere
2103 3125 2371 3194 Israelita,
2404 3127 2461 3182 in
2494 3145 2605 3201 quo
2637 3129 2799 3186 dolus
2835 3148 2943 3188 non
2968 3143 3050 3191 est
3083 3136 3264 3207 (Joan.
3299 3157 3338 3208 ι,
3366 3139 3484 3212 47).
3513 3165 3534 3190 ι

2027 3240 2046 3263 ι
2098 3215 2155 3273 Si
2204 3213 2369 3274 fuerit
2425 3235 2690 3277 numerus
2746 3222 2990 3282 ﬁliorum
3045 3227 3210 3286 Israel
3275 3238 3539 3304 tanquam

1939 3321 2105 3362 arena
2134 3306 2323 3375 maris,
2369 3308 2620 3382 reliquie
2673 3311 2838 3369 salve
2886 3314 3042 3372 ﬁent.
3074 3343 3094 3364 ι
3137 3320 3544 3380 Recedentibus

1937 3395 2145 3454 Judeis
2169 3414 2200 3454 a
2231 3398 2429 3456 merito
2459 3406 2514 3455 et
2542 3402 2908 3472 promissione
2949 3413 3190 3477 patrum,
3221 3408 3351 3464 dum
3377 3409 3530 3468 illam
3556 3447 3567 3459 ο

1936 3506 2047 3546 non
2086 3491 2378 3563 recipiunt.
2430 3489 2489 3546 hi
2538 3491 2786 3564 reliquie
2831 3503 2982 3564 sunt,
3030 3497 3123 3570 qui
3167 3500 3442 3557 credendo
3479 3502 3538 3559 in

1936 3577 2043 3634 ﬁde
2076 3579 2460 3651 promissionis
2489 3580 2738 3653 patribus
2787 3582 2945 3640 facte
2992 3586 3312 3656 persistunt,
3343 3589 3533 3647 ﬁdeles

1935 3666 2144 3725 effecti:
2189 3684 2220 3724 a
2251 3668 2392 3738 Lege
2429 3669 2578 3725 enim
2626 3670 2912 3739 recedunt,
2956 3673 3049 3746 qui
3088 3673 3145 3731 in
3194 3693 3320 3733 eum
3373 3695 3536 3752 quem

1938 3754 2049 3812 Lex
2078 3757 2258 3814 solum
2293 3758 2359 3814 ad
2407 3761 2642 3816 salutem
2675 3761 2924 3818 sufﬁcere
2963 3766 3240 3836 promisit,
3268 3783 3379 3823 non
3409 3784 3539 3824 cre-

1935 3843 2093 3900 dunt.
2128 3846 2302 3919 Igitur
2354 3856 2612 3920 apostate
2671 3848 2982 3908 habeantur
3035 3869 3254 3910 necesse
3301 3865 3404 3923 est,
3438 3856 3534 3929 qui

1934 3936 2067 3992 dum
2101 3934 2384 3992 Christum
2415 3953 2526 3994 non
2558 3939 2854 4012 recipiunt,
2874 3941 2950 3997 rei
2982 3950 3112 3998 sunt
3142 3943 3359 3999 violate
3380 3944 3534 4013 legis.

1933 4027 2010 4082 De
2039 4024 2285 4082 maxima
2317 4025 2500 4100 itaque
2523 4029 2882 4087 multitudine
2911 4031 3058 4088 solos
3078 4031 3364 4090 credentes
3393 4032 3534 4088 dicit

1932 4115 2153 4182 salvari,
2187 4132 2325 4190 quos
2359 4118 2599 4190 presciit
2627 4120 2795 4176 Deus.

2005 4214 2188 4285 (Vers.
2222 4214 2292 4272 28
2320 4216 2338 4287 )
2387 4241 2406 4264 ι
2438 4217 2683 4276 Verbum
2713 4222 2860 4278 enim
2903 4232 3292 4276 consummans
3323 4229 3377 4277 et
3412 4221 3537 4279 bre-

1931 4303 2090 4361 vians
2138 4306 2196 4362 in
2246 4305 2540 4378 equitate;
2574 4309 2704 4379 quia
2752 4309 2982 4365 verbum
3015 4308 3325 4366 breviatum
3362 4311 3531 4371 faciet

1932 4395 2203 4452 Dominus
2244 4411 2409 4468 super
2457 4403 2680 4454 terram.
2730 4424 2748 4447 ι
2810 4399 3022 4456 Sa’lvari
3087 4398 3190 4456 hos
3231 4402 3532 4473 promittit,

1931 4500 2068 4558 quos
2099 4487 2340 4561 reliquos
2357 4485 2495 4545 dicit
2512 4503 2608 4561 per
2627 4489 2880 4559 verbum,
2904 4489 3050 4564 quod
3078 4489 3225 4561 juste
3239 4490 3532 4562 deﬁniens,

225 4584 332 4640 spes
361 4572 485 4630 ﬁdei
519 4581 627 4630 est.
660 4574 864 4632 Omnes
905 4573 1054 4630 enim
1099 4573 1358 4644 sustinet,
1391 4575 1571 4632 sciens
1601 4577 1812 4633 exitum
1849 4603 1898 4662 Β
1928 4574 2204 4632 breviavit
2231 4577 2502 4635 Dominus
2531 4595 2696 4652 super
2727 4589 2928 4636 terram
2956 4599 2969 4647 ;
3003 4581 3265 4637 convenit
3294 4583 3443 4638 enim
3466 4589 3528 4638 ut

225 4657 600 4734 singu'orum;
635 4680 696 4720 ac
725 4681 821 4737 per
855 4664 963 4721 hoc
991 4663 1261 4738 patientia
1289 4673 1392 4737 est,
1424 4684 1546 4742 que
1579 4668 1705 4724 illos
1725 4671 1820 4742 qui

224 4762 284 4804 ex
320 4753 462 4810 malo
512 4752 873 4825 corriguntur
898 4797 912 4821 ,
962 4761 1057 4810 aut
1101 4755 1160 4810 in
1211 4755 1358 4813 bono
1410 4768 1822 4832 perseverantes

225 4847 360 4904 sunt,
401 4849 680 4915 preparat
727 4842 794 4899 ad
843 4843 1097 4916 gloriam.
1131 4845 1354 4904 Divitie
1398 4857 1580 4906 autem
1628 4851 1818 4923 gloriae

225 4939 342 4987 sunt
360 4929 611 5006 dignitas
659 4933 952 5006 multiplex
987 4943 1284 5007 preparata
1311 4937 1681 4996 credentibus.
1707 4941 1816 4997 Eos

226 5024 394 5076 autem
428 5021 527 5096 qui
560 5037 628 5078 ex
675 5021 839 5079 bonis
880 5021 1026 5078 ﬁunt
1082 5025 1234 5094 mali,
1268 5033 1322 5082 et
1360 5026 1417 5082 in
1461 5037 1640 5101 cepto
1671 5031 1816 5086 malo

225 5108 541 5179 perdurant,
576 5121 844 5185 preparat
893 5111 960 5168 ad
1009 5111 1314 5173 interitum.
1367 5118 1484 5176 Hoc
1521 5126 1602 5176 est
1630 5129 1814 5178 autem

226 5200 573 5259 manifestare
619 5203 920 5274 potentiam
969 5219 1124 5258 suam
1170 5203 1230 5260 in
1290 5207 1464 5265 multa
1512 5208 1806 5282 patientia;

226 5293 344 5363 quia
368 5303 730 5369 computatur
777 5313 886 5352 non
905 5293 1326 5365 vindicaturus,
1356 5300 1484 5372 quia
1525 5301 1625 5358 diu
1654 5301 1811 5359 dissi-

231 5384 390 5442 mulat
416 5405 431 5454 ;
481 5403 613 5445 cum
643 5386 873 5459 ceperit
914 5384 1220 5454 vindicare,
1247 5389 1531 5458 apparebit
1557 5390 1675 5463 ejus
1703 5408 1814 5464 po-

227 5473 419 5544 lentia;
454 5477 589 5550 quia
616 5493 743 5534 cum
774 5476 945 5550 possit
972 5474 1157 5532 statim
1188 5476 1493 5547 vindicare,
1521 5480 1618 5537 diu
1647 5481 1809 5537 susti-

227 5562 358 5630 nuit,
386 5573 450 5622 ut
497 5565 695 5640 perﬁdi
741 5567 897 5642 queri
946 5583 1058 5624 non
1092 5566 1324 5640 possint,
1353 5572 1450 5632 84
1474 5587 1602 5628 cum
1643 5571 1812 5628 dam-

227 5670 438 5722 nantur.
460 5665 774 5740 Preparare
789 5674 971 5726 autem
991 5682 1442 5744 unumquemque
1456 5676 1539 5726 est
1557 5669 1810 5742 prescire

237 5751 361 5824 quid
395 5753 650 5813 futurum
680 5764 781 5815 est.

1929 4663 1987 4719 in
2025 4665 2144 4721 solo
2175 4667 2399 4722 nomine
2426 4668 2651 4725 Domini
2703 4668 3010 4725 conditoris
3034 4681 3404 4742 consequatur
3433 4687 3532 4727 sa-

1930 4755 2101 4812 lutem
2151 4763 2422 4826 creatura,
2454 4757 2561 4814 hoc
2607 4766 2708 4826 est,
2741 4776 2837 4830 per
2883 4758 3087 4826 ﬁdem;
3137 4759 3268 4833 quia
3296 4761 3530 4818 sublatis

1929 4843 2189 4901 omnibus
2219 4846 2546 4912 neomeniis,
2597 4855 2652 4903 et
2687 4847 2945 4916 Sabbato,
2995 4847 3441 4917 circumcisione,
3475 4858 3530 4908 et

1927 4935 2043 5008 lege
2081 4951 2352 5006 escarum,
2396 4944 2450 4993 et
2497 4937 2870 4994 oblationibus
2917 4954 3198 5012 pecorum,
3231 4941 3350 4996 sola
3391 4939 3529 4998 ﬁdes

1926 5026 2104 5098 posita
2123 5034 2206 5084 est
2243 5026 2312 5082 ad
2338 5026 2590 5085 salutem.
2625 5027 2757 5096 Que
2803 5029 3123 5088 abbreviata
3151 5047 3220 5087 ex
3260 5032 3375 5103 lege
3403 5040 3513 5099 est;

1923 5117 2052 5191 quia
2082 5116 2231 5190 quod
2260 5116 2317 5172 in
2338 5117 2446 5174 ﬁde
2475 5125 2576 5186 est,
2610 5118 2668 5173 in
2698 5119 2816 5190 lege
2845 5117 3083 5175 habetur
3111 5120 3262 5192 quasi
3296 5120 3518 5192 princi-

1922 5207 2042 5279 pale
2073 5207 2251 5279 Legis,
2282 5205 2499 5264 dicente
2521 5207 2804 5263 Salvatore
2829 5225 2841 5263 :
2890 5233 2909 5255 ι
2932 5209 3011 5264 De
3032 5224 3117 5264 me
3137 5209 3284 5264 enim
3306 5209 3526 5281 scripsit

1921 5298 2136 5371 Moyses
2165 5297 2348 5363 (Joan.
2380 5316 2438 5368 v,
2469 5297 2584 5370 46).
2619 5323 2638 5346 ι
2695 5296 3032 5354 Abbreviita
3061 5314 3191 5370 ergo
3232 5297 3369 5366 lege,
3399 5294 3522 5351 reli-

1921 5388 2064 5462 quie
2093 5387 2406 5446 Judeorum
2437 5388 2724 5444 salvantur
2753 5405 2765 5444 :
2798 5387 2982 5446 ceteri
3013 5403 3145 5444 vero
3177 5383 3379 5442 salvari
3408 5397 3521 5438 non

1922 5487 2172 5551 possunt,
2205 5477 2334 5553 quia
2369 5495 2466 5552 per
2492 5478 2873 5536 deﬁnitionem
2906 5478 3004 5536 Dei
3036 5479 3393 5549 spernuntur,
3426 5488 3520 5545 per

1922 5587 2085 5644 quam
2115 5586 2286 5643 genus
2316 5568 2621 5627 humanum
2646 5570 2859 5626 salvare
2884 5564 3154 5624 decrevit.

1995 5671 2177 5740 (Vers.
2214 5669 2304 5739 29,
2335 5670 2452 5740 30.)
2500 5693 2518 5716 ‹
2556 5669 2628 5724 Et
2663 5668 2809 5724 sicut
2849 5661 3110 5739 praedixit
3155 5657 3323 5718 Isaias
3356 5679 3368 5718 :
3401 5663 3519 5734 Nisi

1922 5759 2191 5818 Dominus
2237 5759 2462 5816 sabaoth
2519 5755 2834 5830 reliquisset
2895 5751 3055 5809 nobis
3107 5769 3314 5823 semen,
3372 5755 3518 5814 sicut
