4150 6194
393 470 411 484 ⁸
518 391 620 449 117

1557 389 1656 448 AD
1695 388 1930 448 oram
1967 387 2024 446 s.
2065 355 2399 448 menosn
2437 389 2817 450 APPENDIX.

3726 393 3833 451 148

517 518 756 579 Sodoma
826 517 1142 588 fuissemus,
1204 524 1261 575 et
1328 517 1472 576 sicut
1530 515 1838 574 Gomorrba
1901 515 2113 574 similes
2147 519 2197 579 Α
2227 519 2399 593 legem
2431 536 2543 576 non
2565 519 2946 592 perfecerunt:
2972 524 3026 574 et
3051 517 3144 592 qui
3171 532 3281 573 non
3313 517 3606 590 perﬁciunt
3634 519 3831 594 legem’

517 610 816 667 fuissemus
845 609 980 681 (Isa.
1013 627 1055 678 ι,
1084 610 1166 681 9).
1197 632 1216 655 ι
1261 608 1378 666 Hoc
1405 622 1614 675 semen,
1645 605 1795 678 quod
1824 604 1892 662 de
1926 605 2121 662 omni-

517 699 624 757 bus
651 700 829 757 solum
855 699 1112 758 relictum
1158 706 1212 756 et
1258 704 1597 754 reservatum
1636 703 1720 752 est
1764 695 1834 752 ad
1862 696 2124 752 reforma-

519 789 728 846 tionem
779 789 992 862 generis
1031 787 1282 854 humani,
1335 785 1591 845 Christus
1643 794 1746 854 est,
1778 793 1832 840 et
1861 784 2116 841 doctrina

522 878 662 953 ejus,
693 877 838 935 sicut
873 885 928 934 et
971 878 1087 949 ipse
1139 875 1313 932 dicit:
1363 899 1383 923 ε
1411 875 1609 932 Semen
1638 882 1723 930 est
1764 873 1995 930 verbum
2025 872 2125 930 Dei

524 969 678 1038 (Luc.
711 985 834 1035 VIII,
870 965 982 1036 11).
1013 989 1030 1010 ι
1074 965 1190 1022 Hoc
1217 981 1346 1037 ergo
1395 964 1556 1021 nobis
1598 965 1732 1020 olim
1764 963 2124 1037 promissum,

522 1056 754 1114 sublatis
782 1071 902 1128 quae
942 1054 1099 1112 oneri
1147 1063 1306 1111 erant
1335 1054 1489 1127 legis,
1521 1053 1760 1127 reliquid
1793 1053 1860 1110 ad
1890 1052 2122 1110 redem-

522 1146 800 1218 ptionem;
878 1151 941 1199 ut
991 1143 1119 1200 data
1179 1145 1504 1200 remissione
1564 1151 1950 1216 peccatorum,
2014 1159 2128 1198 non

523 1234 854 1308 puniremur
885 1233 1002 1305 (47)
1034 1250 1066 1288 a
1095 1234 1233 1306 lege,
1270 1233 1414 1290 sicut
1445 1232 1609 1306 periit
1645 1231 1900 1288 Sodoma.
1930 1230 2130 1288 Salva-

523 1331 701 1383 torem
730 1338 858 1395 ergo
890 1322 1145 1378 relictum
1175 1322 1336 1378 nobis
1364 1321 1503 1378 dicit
1527 1322 1596 1378 ad
1625 1321 1945 1394 suffragium
1978 1319 2128 1384 vitaz,

525 1429 690 1486 quam
739 1412 830 1468 lex
888 1410 1179 1485 providere
1229 1427 1341 1467 non
1388 1410 1590 1484 potuit,
1646 1427 1807 1482 quem
1855 1409 1922 1464 ab
1967 1407 2131 1463 initio

523 1502 674 1558 Deus
725 1500 874 1558 nasci
929 1500 1220 1558 decrevit:
1280 1501 1375 1574 qui
1434 1508 1722 1574 propterea
1775 1498 1924 1572 quod
1982 1496 2131 1553 solus

525 1588 646 1658 sine
684 1597 908 1663 peccato
954 1589 1324 1660 inveniretur,
1372 1589 1595 1646 devicto
1640 1588 1869 1646 humani
1919 1586 2131 1660 generis

525 1681 706 1749 hoste,
747 1679 999 1736 omnium
1045 1687 1267 1752 peccata
1299 1679 1524 1736 deleret.
1573 1680 1690 1736 Hoc
1729 1687 1784 1736 et
1814 1679 1871 1735 in
1907 1679 2134 1750 Apoca-

527 1770 675 1846 lypsi
702 1769 932 1827 Joannis
974 1768 1210 1827 habetur
1243 1787 1255 1827 :
1309 1769 1449 1837 Quia
1477 1786 1660 1837 nemo,
1693 1768 1789 1838 ait,
1823 1767 2023 1840 dignus
2052 1767 2131 1822 in-

2233 610 2312 668 rei
2343 618 2471 667 sunt
2508 611 2672 683 juxta
2714 612 2906 683 legem.
2962 609 3064 666 Hic
3093 609 3238 665 enim
3272 609 3464 681 implet
3503 610 3700 683 legem,
3737 611 3832 686 qui

2233 717 2266 756 a
2292 701 2407 772 lege
2436 701 2613 772 Moysi
2649 699 2901 773 pervenit
2924 698 3178 773 ad‘ﬁdem
3212 697 3438 755 Christi.

2311 790 2492 861 (Vers.
2521 789 2637 862 32.)
2682 813 2700 837 ι
2730 790 2909 857 Quare
2928 790 2957 846 7
2985 788 3123 856 Quia
3153 805 3263 844 non
3293 805 3362 844 ex
3392 788 3519 857 ﬁde,
3553 789 3647 846 sed
3679 789 3838 864 quasi

2236 895 2304 934 ex
2332 877 2609 951 operibus.
2644 903 2662 927 ι
2727 878 3054 950 Spernentes
3093 879 3239 934 enim
3289 877 3453 935 ﬁdem
3500 895 3641 952 quae,
3693 880 3838 937 sicut

2237 968 2378 1036 dixi,
2412 968 2678 1040 perfectio
2708 969 2843 1040 legis
2869 978 2970 1036 est,
2998 985 3065 1024 ex
3095 967 3353 1040 operibus
3383 969 3517 1040 legis
3538 969 3839 1042 justiﬁcari

2238 1077 2294 1116 se
2323 1058 2600 1126 dicebant,
2635 1057 2692 1113 id
2720 1066 2820 1126 est,
2858 1074 2954 1130 per
2983 1056 3301 1126 Sabbatum,
3351 1061 3690 1128 neomenias,
3731 1060 3836 1118 cir-

2238 1149 2657 1216 cumcisionem,
2698 1157 2829 1216 etc.,
2861 1147 3211 1203 immemores
3241 1148 3538 1221 Scriptura;
3577 1148 3835 1218 dicentis,

2239 1240 2369 1314 quia
2409 1264 2427 1287 ‹
2455 1239 2643 1294 Justus
2671 1255 2739 1295 ex
2769 1237 2877 1294 ﬁde
2907 1237 3050 1293 vivit
3083 1238 3306 1309 (Habac.
3341 1255 3404 1305 II,
3436 1237 3492 1310 4)
3530 1263 3579 1293 ι.
3612 1238 3838 1296 Justitia

2238 1338 2420 1386 autem
2453 1328 2587 1400 legis
2633 1327 2840 1383 idcirco
2868 1325 3092 1394 dicitur,
3145 1327 3277 1400 quia
3315 1326 3466 1399 justo
3490 1326 3705 1399 judicio
3735 1327 3838 1385 Dei

2240 1421 2357 1477 haec
2405 1418 2608 1475 Iudaeis
2662 1417 2789 1474 data
2845 1425 2973 1473 sunt
3038 1426 3260 1490 propter
3324 1417 3590 1474 duritiam
3655 1419 3840 1476 cordis

2242 1510 2494 1575 illorum;
2528 1516 2589 1564 ut
2614 1507 2661 1564 si
2692 1508 2981 1563 mustelam
3012 1506 3150 1563 forte
3181 1506 3306 1579 quis
3334 1517 3602 1563 mortuam
3634 1509 3840 1564 calcas-

2242 1607 2344 1670 set,
2388 1610 2484 1658 aut
2511 1600 2779 1672 tetigisset
2807 1599 2991 1671 aliqua
3020 1598 3356 1668 morticinia,
3389 1606 3484 1654 aut
3513 1599 3559 1656 si
3589 1615 3752 1656 sorex
3782 1599 3842 1656 in

2243 1707 2339 1746 vas
2385 1690 2604 1758 ruisset,
2640 1689 2989 1746 immundum
3025 1688 3302 1745 diceretur
3349 1689 3537 1760 (Levii.
3570 1707 3653 1759 χι,
3691 1691 3787 1763 29)
3826 1707 3838 1746 :

2243 1779 2389 1854 quod
2447 1796 2642 1852 magna
2695 1794 2822 1836 cum
2889 1777 3269 1834 sollicitudine
3327 1777 3701 1848 observantes,
3771 1796 3843 1837 ex

531 1868 732 1920 Ventus
762 1868 862 1928 θεῖ,
894 1859 1012 1916 Sive
1041 1858 1099 1916 in
1128 1859 1288 1928 00910,
1322 1859 1439 1915 Sive
1472 1859 1528 1915 in
1559 1867 1725 1927 ῖθιτδ»
1767 1857 1861 1932 qni
1892 1856 2130 1930 aperiret
2164 1885 2207 1944 Β
2243 1886 2569 1946 quacunque
2603 1885 2766 1926 causa
2798 1868 3172 1935 incurrebant,
3227 1875 3288 1923 ut
3327 1869 3602 1925 immundi
3633 1878 3839 1928 essent.

532 1950 740 2009 librum
771 1957 827 2006 et
855 1949 1138 2023 signacula
1182 1948 1329 2021 ejus;
1379 1947 1490 2004 nisi
1535 1947 1809 2015 Salvator,
1855 1947 1950 2020 qui
1998 1947 2135 2004 vicit

529 2047 766 2097 mortem
801 2038 991 2110 (Apoc.
1023 2056 1082 2106 v,
1112 2037 1166 2105 3,
1198 2038 1279 2109 6).
1321 2038 1437 2094 Hoc
1472 2053 1601 2109 ergo
1631 2044 1713 2092 est
1741 2052 1949 2104 semen,
1985 2035 2135 2108 quod

531 2128 666 2186 olim
697 2126 1027 2200 promissum
1058 2125 1360 2182 reservavit
1393 2128 1556 2195 Deus,
1589 2134 1651 2183 ut
1680 2135 1812 2184 tunc
1841 2125 2134 2184 fructiﬁca-

532 2225 637 2287 ret,
660 2216 879 2292 quando
908 2216 1160 2273 omnium
1182 2224 1294 2273 tam
1315 2216 1633 2274 Judaeorum
1660 2234 1823 2291 quam
1846 2215 2134 2291 gentilium

532 2315 753 2381 peccata
822 2307 1030 2378 repleta
1083 2313 1260 2363 erant.
1337 2307 1574 2364 Fructus
1627 2313 1810 2363 autem
1877 2305 1998 2379 ejus
2055 2314 2137 2362 est

532 2395 879 2470 indulgentia
907 2405 1256 2469 peccatorum
1281 2413 1296 2463 ;
1339 2395 1450 2452 nisi
1480 2396 1629 2452 enim
1660 2395 1913 2455 Christus
1944 2395 2136 2452 fuisset

533 2492 845 2545 reservatus
901 2486 1088 2559 (quem
1147 2485 1357 2543 idcirco
1412 2501 1601 2541 semen
1654 2484 1813 2554 dicit,
1867 2485 1997 2558 quia
2042 2501 2138 2557 per

535 2577 720 2662 ipsum
760 2587 1073 2652 reparatum
1120 2585 1202 2635 est
1233 2594 1402 2652 genus
1452 2576 1807 2650 humanum),
1857 2577 2135 2633 interisset

539 2669 830 2742 progenies
870 2666 1140 2735 Abrahae;
1191 2683 1255 2724 eo
1284 2665 1430 2741 quod
1459 2666 1697 2740 peccatis
1743 2667 1927 2723 obruti
1957 2673 2133 2733 erant,

541 2759 732 2817 exlex
767 2758 846 2815 eis
885 2758 1141 2831 prodesse
1189 2774 1302 2814 non
1349 2759 1549 2830 potuit.
1600 2757 1812 2814 Idcirco
1859 2757 2010 2814 hunc
2055 2773 2134 2813 sc-

538 2849 820 2926 quendum
855 2847 1036 2917 docet,
1067 2847 1164 2921 qui
1198 2846 1515 2920 praesidium
1545 2848 1784 2904 contulit
1812 2847 1962 2905 vitae.

623 2970 642 2996 ι
675 2946 820 3015 Quid
839 2963 969 3018 ergo
989 2945 1238 3003 dicemus
1253 2947 1280 3003 ?
1301 2945 1458 3014 Quod
1482 2953 1670 3018 gentes
1691 2963 1811 3020 quae
1831 2963 1943 3004 non
1969 2955 2136 3004 secta-

540 3035 746 3094 bantur
760 3034 1056 3108 justitiam,
1080 3034 1618 3107 comprebenderunt
1631 3034 1905 3106 justitiam
1933 3053 1945 3092 :
1977 3035 2138 3107 justi-

538 3126 674 3185 tiam
699 3134 882 3183 autem
912 3143 1034 3200 quae
1063 3142 1132 3183 ex
1161 3125 1269 3182 ﬁde
1298 3133 1398 3184 est.
1429 3151 1449 3176 ι
1499 3131 1594 3190 85
1624 3126 1894 3195 Quoniam
1921 3126 2142 3198 justitia

2244 1962 2301 2019 Si
2330 1969 2512 2018 autem
2541 1959 2764 2032 sanguis
2793 1960 3039 2014 mustela
3068 1957 3444 2030 pavimentum
3493 1959 3840 2029 maculasset,

2245 2068 2357 2108 non
2387 2049 2497 2106 levi
2526 2065 2659 2106 cura
2689 2047 3026 2120 expiandum
3062 2055 3196 2115 erat,
3228 2055 3282 2103 et
3313 2055 3376 2103 ut
3405 2064 3436 2103 a
3467 2048 3607 2104 cibis
3637 2049 3846 2106 melio-

2245 2141 2399 2198 ribus
2437 2139 2825 2196 abstineretur.
2877 2137 3175 2194 Sabbatum
3226 2154 3356 2195 vero
3402 2147 3456 2194 et
3491 2139 3844 2196 circumcisio

2245 2230 2523 2305 propriam
2567 2228 2881 2285 habuerunt
2918 2227 3192 2299 justitiam
3240 2234 3488 2301 tempore
3529 2245 3665 2296 suo;
3711 2228 3845 2302 quia

2246 2323 2304 2378 in
2335 2321 2510 2393 ﬁgura
2553 2319 2680 2374 data
2709 2326 2857 2374 sunt.
2896 2318 3011 2374 Hoc
3057 2317 3329 2375 Dominus
3372 2334 3468 2391 per
3493 2317 3843 2376 Ezechielem

2247 2410 2566 2484 prophetam
2607 2406 2870 2475 ostendit,
2921 2407 3065 2463 inter
3107 2416 3302 2464 caetera
3330 2407 3518 2464 dicens
3552 2425 3563 2463 :
3629 2433 3646 2455 ι
3675 2408 3845 2482 Prop-

2245 2508 2390 2556 terea
2422 2498 2546 2555 dedi
2578 2498 2690 2554 illis
2720 2503 2986 2570 prascepta
3015 2512 3125 2552 non
3153 2496 3298 2552 bona
3320 2497 3536 2566 (Επειδὴ.
3569 2498 3829 2568 xx,25),-

2249 2591 2379 2666 quia
2407 2596 2564 2646 erant
2595 2588 2958 2644 irreverentes
2986 2593 3039 2641 et
3070 2585 3249 2642 inﬁdi.
3295 2587 3357 2642 In
3389 2586 3628 2642 adventu
3658 2596 3844 2644 autem

2247 2679 2477 2746 Christi,
2511 2677 2641 2751 quia
2669 2677 2906 2733 salutare
2938 2677 3145 2733 donum
3186 2683 3301 2731 erat
3330 2675 3578 2744 daturus,
3619 2693 3717 2749 per
3745 2677 3847 2733 Je-

2245 2769 2475 2827 remiam
2503 2765 2782 2840 praedicat,
2815 2767 3030 2822 dicens:
3071 2763 3260 2822 «Dabo
3291 2764 3403 2820 illis
3433 2765 3844 2823 Testamentum

2247 2877 2476 2927 novum,
2509 2875 2618 2914 non
2664 2858 2824 2930 quale
2873 2856 2998 2913 dedi
3047 2856 3294 2929 patribus
3343 2856 3565 2912 illorum
3623 2857 3842 2928 (Jerem.

2246 2967 2410 3018 xxxi,
2441 2949 2528 3017 31,
2561 2947 2676 3019 32).
2727 2971 2743 2993 ι
2791 2947 2907 3004 Hoc
2940 2953 3326 3002 testamentum
3368 2945 3539 3016 legem
3571 2953 3752 3013 vocat,
3786 2947 3846 3002 in

2248 3055 2412 3113 quam
2474 3055 2586 3094 non
2647 3045 3048 3110 pervenerunt,
3103 3036 3248 3092 sicut
3299 3051 3463 3107 supra
3517 3035 3842 3092 memoravi.

2247 3131 2382 3186 Nam
2415 3146 2539 3187 cum
2571 3129 2825 3201 gentibus
2854 3145 2976 3200 quae
3007 3127 3378 3196 crediderant,
3400 3125 3541 3182 hanc
3569 3125 3846 3184 sarcinam

539 3230 623 3280 est
643 3225 700 3280 in
720 3224 993 3296 lege,quaa
1012 3221 1220 3280 credita
1257 3222 1464 3281 mundo
1481 3231 1724 3297 est,quae
1743 3223 1998 3297 prohibet
2019 3241 2140 3296 pec-
2179 3250 2224 3310 ο
2255 3219 2656 3276 observationis
2704 3217 2878 3274 Judaei
2937 3217 3219 3310 credentes
3276 3219 3484 3310 vellent
3534 3215 3843 3310 imponere,

538 3313 688 3380 cari;
724 3312 932 3370 idcirco
961 3319 1147 3386 gentes
1175 3330 1286 3370 non
1308 3313 1451 3372 hanc
1491 3313 1768 3386 justitiam
1805 3313 1943 3370 dicit
1990 3330 2137 3370 com-

546 3401 923 3478 prehendisse,
955 3419 1076 3476 quze
1124 3411 1321 3460 natura
1353 3405 1614 3477 magistra
1655 3403 2017 3476 dignoscitur,
2049 3403 2144 3460 sed

549 3508 667 3548 eam
695 3489 968 3564 justitiam
1018 3508 1139 3565 quae
1169 3508 1237 3548 ex
1282 3491 1391 3549 ﬁde
1422 3500 1504 3548 est
1551 3491 1791 3560 Christi;
1840 3493 1954 3548 Deo
1995 3491 2144 3547 enim

549 3579 670 3638 haec
698 3597 828 3637 vera
850 3580 1068 3654 justitia
1096 3589 1200 3648 est,
1244 3591 1296 3637 et
1326 3597 1675 3654 permanens,
1723 3581 1768 3637 si
1800 3589 2142 3652 agnoscatur.

547 3669 695 3740 Quid
723 3669 872 3726 enim
898 3678 980 3727 est
1008 3678 1118 3728 tam
1145 3669 1385 3743 justum,
1417 3687 1582 3743 quam
1611 3686 1939 3743 cognoscere
1966 3672 2142 3727 Deum

545 3759 788 3827 Patrem,
842 3773 911 3814 ex
959 3773 1069 3831 quo
1110 3767 1240 3815 sunt
1282 3759 1471 3815 omnia
1519 3761 1576 3831 (Ι
1604 3759 1729 3815 Cor.
1763 3775 1887 3828 vnr,
1935 3759 1992 3828 6)
2029 3777 2041 3814 :
2092 3767 2146 3815 et

546 3847 831 3906 Christum
852 3847 1058 3904 Filium
1081 3846 1219 3920 ejus,
1243 3865 1338 3922 per
1357 3864 1520 3922 quem
1549 3856 1680 3905 sunt
1703 3847 1890 3904 omnia
1912 3848 2100 3922 (Ιὸὶἀ.)
2118 3849 2146 3905 ?

543 3936 732 3994 Prima
778 3952 907 4008 ergo
938 3935 1058 3993 haec
1081 3935 1303 4008 justitia
1351 3946 1434 3994 est
1474 3953 1767 4009 agnoscere
1809 3937 2144 4007 Creatorem,

544 4023 744 4082 deinde
787 4024 1069 4082 custodire
1110 4041 1231 4098 quae
1280 4025 1558 4098 praecepit.
1613 4026 1814 4082 Gentes
1859 4041 1986 4099 ergo
2025 4042 2144 4098 quae

541 4115 700 4190 prius
755 4131 868 4171 non
922 4113 1276 4187 requirebant
1328 4113 1625 4186 justitiam,
1679 4113 1736 4170 id
1789 4121 1890 4183 est,
1949 4115 2142 4186 legem,

545 4220 668 4280 qua
722 4202 970 4261 Creatori
1041 4201 1423 4260 testimonium
1481 4203 1833 4276 perhibebat,
1891 4203 2144 4260 veniente

547 4289 804 4360 Christo,
880 4291 1214 4351 invenerunt
1270 4293 1546 4366 justitiam
1608 4293 2143 4366 superabundantem

545 4380 670 4452 plus
702 4395 865 4453 quam
913 4381 1228 4438 Scribarum
1269 4391 1322 4439 et
1369 4383 1792 4440 Pbarisazorum.
1844 4383 1950 4451 Qui
1995 4383 2143 4439 enim

545 4479 681 4528 tunc
711 4468 858 4543 quod
889 4469 1076 4528 minus
1107 4480 1210 4540 est,
1243 4489 1356 4528 non
1385 4473 1756 4541 sectabantur,
1789 4473 2143 4546 comprehen-

547 4557 749 4615 derunt
802 4567 992 4633 postea
1039 4559 1187 4633 quod
1237 4559 1417 4632 majus
1465 4569 1588 4617 est:
1639 4560 1813 4618 Judaei
1865 4571 2048 4619 autem
2087 4563 2144 4618 in

546 4649 662 4722 lege
692 4647 880 4722 positi,
923 4646 1019 4722 qui
1058 4647 1324 4722 proﬁcere
1357 4649 1532 4722 magis
1561 4647 1885 4722 debuerant,
1917 4651 2146 4709 deterio-

546 4747 828 4796 raverunt.

618 4838 804 4910 (Vers.
835 4837 953 4908 31.)
989 4862 1008 4886 ι
1038 4838 1176 4896 Nam
1206 4837 1371 4895 Israel
1402 4838 1661 4896 sectando
1690 4839 1861 4912 legem
1889 4838 2146 4912 justitiae,

543 4929 603 4986 in
642 4929 840 5004 Legem
879 4929 1113 5003 justitire
1160 4945 1271 4985 non
1307 4931 1582 5002 pervenit.
1627 4955 1645 4978 ι
1702 4930 1974 4988 Perfectio
2015 4930 2148 5001 legis

543 5019 679 5076 ﬁdes
699 5027 803 5089 est,
825 5035 989 5093 quam
1021 5026 1209 5090 gentes
1227 5018 1736 5091 apprehendentes;
1772 5027 1940 5076 totam
1974 5019 2146 5088 legem

544 5106 772 5180 implere
801 5106 1082 5162 videntur.
1114 5105 1304 5162 Judaei
1337 5114 1520 5163 autem
1559 5107 1691 5164 dum
1740 5125 1837 5180 per
1875 5107 2143 5163 invidiam

543 5195 816 5254 Salvatori
847 5211 959 5252 non
989 5195 1243 5266 credunt,
1281 5195 1555 5269 justitiam
1599 5213 1718 5270 quae
1749 5197 1805 5252 in
1850 5197 1966 5270 lege
1996 5213 2144 5251 man-

543 5285 673 5346 data
701 5295 802 5356 est,
851 5286 1218 5357 vindicantes,
1255 5287 1311 5344 id
1349 5295 1451 5354 est,
1499 5286 1812 5354 sabbatum,
1855 5285 2142 5342 circumci-

541 5377 774 5450 sionem,
805 5385 937 5449 etc.,
988 5377 1048 5436 in
1080 5377 1254 5450 legem
1296 5393 1408 5435 non
1455 5384 1844 5452 pervenerunt,
1893 5375 1999 5435 hoc
2038 5384 2139 5446 est,

615 5628 730 5699 (47)
771 5628 976 5686 Omnes
1005 5626 1164 5695 edit.,
1219 5642 1328 5681 non
1356 5624 1655 5698 periremus
1690 5643 1725 5680 a
1756 5626 1898 5697 lege;
1944 5642 2135 5684 omnes

535 5715 696 5772 ms_s_.,
709 5716 828 5772 non
851 5699 1189 5772 puniremur,
1222 5705 1327 5772 etc.

609 5767 726 5844 (48)
763 5767 892 5830 Mss.
952 5787 1065 5828 non
1120 5770 1282 5845 pauci
1337 5785 1440 5827 nec
1493 5767 1770 5826 inferioris
1825 5777 2002 5838 nota,
2057 5775 2132 5825 est

2169 4615 2219 4672 D

2257 3319 2390 3366 tunc
2417 3309 2697 3381 apostolus
2726 3307 2918 3362 Petrus
2946 3305 3024 3362 ait
3056 3323 3067 3362 :
3113 3331 3131 3352 ε
3165 3305 3310 3374 Quid
3341 3304 3628 3377 imponitis
3653 3303 3852 3377 jugum

2256 3417 2419 3472 super
2459 3398 2731 3456 cervicem
2780 3397 3034 3464 fratrum,
3093 3396 3240 3469 quod
3289 3413 3464 3469 neque
3505 3413 3622 3464 nos,
3672 3410 3857 3468 neque

2256 3498 2434 3562 patres
2485 3487 2658 3544 nostri
2706 3495 2923 3559 portare
2968 3493 3266 3558 potuerunt
3297 3486 3442 3557 (Act.
3494 3502 3590 3554 xv,
3640 3485 3780 3556 10)?
3822 3509 3842 3535 ι

2258 3581 2303 3636 Α
2333 3588 2577 3651 tempore
2623 3577 2768 3634 enim
2805 3576 3010 3636 Christi
3057 3575 3403 3648 indulgentia
3451 3574 3577 3630 data
3618 3583 3701 3631 est
3731 3590 3856 3646 pro-

2257 3670 2423 3726 missa
2452 3671 2510 3724 in
2537 3669 2682 3741 lege;
2735 3665 2813 3722 ait
2843 3666 2989 3722 enim
3027 3667 3193 3722 Isaias
3231 3665 3500 3738 propheta
3530 3681 3542 3719 :
3607 3689 3624 3711 ι
3654 3663 3858 3720 Veniet

2256 3776 2324 3816 ex
2355 3759 2487 3816 Sion
2518 3757 2613 3831 qui
2639 3757 2856 3830 eripiat,
2891 3766 2944 3812 et
2971 3765 3185 3814 avertat
3214 3755 3550 3827 impietatem
3574 3753 3641 3811 ab
3661 3753 3852 3810 Jacob.

2256 3851 2327 3906 Et
2359 3849 2465 3906 hoc
2493 3847 2607 3904 illis
2638 3864 2669 3903 a
2702 3864 2788 3903 me
2817 3854 3225 3915 testamentum,
3254 3863 3378 3903 cum
3416 3845 3692 3901 abstulero
3718 3860 3858 3917 pec-

2256 3946 2376 3995 cata
2403 3955 2592 3994 eorum
2623 3938 2767 4000 (Isa.
2801 3953 2916 4005 Lxx,
2948 3937 3064 4007 29),
3103 3961 3121 3985 ι
3175 3936 3282 3993 hoc
3310 3944 3413 4005 est,
3453 3951 3660 3992 novum
3693 3941 3858 3990 testa-

2256 4037 2500 4084 mentum
2533 4043 2563 4081 a
2591 4028 2705 4082 Deo
2735 4025 3064 4098 promissum
3097 4026 3152 4080 in
3184 4024 3424 4083 Christo.

2331 4118 2513 4190 (Vers.
2549 4117 2666 4187 33.)
2715 4141 2731 4163 -
2763 4116 3124 4173 Offenderunt
3156 4115 3210 4171 in
3243 4115 3477 4188 lapidem
3511 4113 3852 4183 oﬁ'ensionis,

2257 4207 2400 4263 sicut
2454 4207 2719 4279 scriptum
2749 4215 2870 4263 est:
2934 4207 3072 4262 Ecce
3130 4221 3274 4277 pono
3321 4205 3377 4260 in
3435 4204 3568 4262 Sion
3613 4202 3853 4275 lapidem

2257 4296 2596 4363 offensionis,
2637 4304 2691 4351 et
2737 4303 2942 4368 petram
2988 4294 3232 4352 scandali
3270 4313 3282 4350 :
3331 4303 3384 4350 et
3415 4295 3507 4367 qui
3552 4291 3855 4350 crediderit

2256 4385 2313 4440 in
2344 4384 2524 4453 illum,
2562 4401 2674 4442 non
2701 4383 3088 4442 confundetur.
3123 4409 3141 4432 ι
3198 4384 3314 4439 Hoc
3343 4383 3402 4440 in
3434 4382 3570 4438 Isaia
3617 4380 3854 4436 habetur

2259 4476 2392 4546 (Isa.
2426 4491 2548 4542 vm,
2580 4473 2668 4543 14,
2702 4474 2813 4545 16).
2864 4475 3162 4530 Multorum
3210 4472 3474 4528 relatione
3511 4478 3854 4544 compertum

2255 4573 2338 4621 est
2367 4563 2422 4620 in
2456 4573 2608 4638 petra
2636 4564 2723 4619 vel
2757 4563 2936 4636 lapide
2976 4563 3256 4621 Christum
3293 4579 3408 4618 esse
3446 4559 3854 4633 signiﬁcatum;

2257 4653 2449 4709 Daniel
2483 4655 2630 4710 enim
2663 4652 2930 4726 propheta
2961 4652 3198 4725 lapidem
3229 4651 3377 4708 hunc
3408 4651 3564 4722 dicit,
3597 4649 3690 4722 qui
3718 4647 3859 4704 abs-

2259 4744 2432 4802 cissus
2455 4762 2486 4802 a
2513 4752 2699 4801 monte
2721 4745 2840 4800 sine
2868 4744 3123 4801 manibus
3145 4742 3413 4816 percussit
3443 4751 3494 4797 et
3522 4737 3858 4798 comminuit

2261 4837 2446 4890 omnia
2504 4850 2688 4906 regna,
2743 4843 2797 4891 et
2855 4833 3088 4904 replevit
3144 4848 3365 4889 omnem
3423 4840 3623 4888 terram
3682 4829 3855 4901 (Dan.

2264 4940 2323 4990 n,
2353 4922 2443 4990 3i,
2471 4922 2589 4991 35),
2626 4923 2772 4995 quod
2819 4921 3102 4978 evidenter
3133 4921 3199 4976 de
3231 4921 3449 4979 Christo
3480 4919 3690 4975 dictum
3721 4925 3804 4972 est
3841 4934 3853 4972 :

2259 5013 2331 5067 Et
2374 5011 2431 5066 in
2476 5011 2590 5083 lege
2634 5019 2784 5085 petra
2832 5011 2898 5066 de
2946 5028 3054 5084 qua
3092 5009 3336 5066 ﬁxerunt
3376 5025 3552 5082 aquai,
3601 5005 3860 5064 Christus

2259 5109 2340 5156 est
2368 5101 2672 5174 appellatus
2705 5120 2718 5158 :
2764 5127 2781 5149 ε
2807 5101 2964 5156 Petra
2988 5109 3194 5170 autem,
3226 5099 3426 5173 inquit,
3455 5105 3572 5154 erat
3601 5094 3862 5154 Christus

2262 5191 2377 5264 (48)
2410 5192 2467 5264 (Ι
2492 5193 2618 5248 Cor.
2644 5208 2702 5259 χ,
2729 5189 2808 5263 4).
2834 5215 2853 5239 ι
2885 5191 2958 5246 Et
2979 5191 3172 5247 Petrus
3191 5188 3469 5263 apostolus
3490 5195 3634 5243 inter
3663 5195 3865 5242 caetera

2253 5281 2319 5338 ad
2375 5280 2592 5336 Judaaos
2636 5279 2712 5334 ait
2773 5279 2914 5351 (Act.
2987 5296 3045 5335 1v
3079 5323 3096 5349 ,
3152 5280 3240 5349 11)
3279 5296 3290 5332 :
3362 5301 3380 5324 ι
3425 5277 3528 5333 Hic
3567 5282 3649 5332 est
3694 5275 3862 5348 lapis,

2251 5369 2346 5444 qui
2376 5368 2698 5441 reprobatus
2727 5375 2811 5425 est
2840 5384 2871 5424 a
2898 5367 3060 5425 vobis
3090 5366 3517 5424 aediﬁcantibus.
3550 5391 3568 5413 ι
3612 5363 3864 5421 Offensio

2243 5626 2560 5708 appellatus,
2604 5624 2719 5697 ipso
2765 5623 3018 5708 Apostplo
3080 5623 3384 5708 testiﬁcante
3434 5637 3447 5675 :
3491 5616 3867 5708 Bibgliq‘ttt‘de

2241 5689 2480 5772 spiritali
2506 5689 2838 5769 comaquenté
2859 5701 3035 5767 petra,
3054 5689 3210 5768 ρανά
3235 5699 3413 5750 autem
3444 5697 3560 5748 erat
3590 5689 3863 5746 Christus.
