4136 6194
288 331 378 392 149

1331 329 1692 390 COMMENT.
1735 329 1808 388 IN
1852 329 2073 389 EPIST.
2254 331 2422 391 ROM.

3471 335 3576 397 150

282 478 400 535 ergo
434 460 608 535 posita
629 460 686 518 in
717 461 852 519 Sion
879 460 1132 520 Christus
1159 468 1260 518 est.
1298 460 1432 519 Sion
1456 479 1589 521 vero
1618 463 1855 521 altitudo
1884 467 1936 527 Α
1969 465 2147 539 posita
2175 474 2276 534 est,
2308 483 2430 541 quae
2475 465 2694 526 cederet
2741 468 3067 543 perfectioni
3118 471 3251 544 legis
3309 472 3462 545 (50);
3513 482 3579 530 ut

279 557 371 619 est,
400 551 511 608 sive
538 551 740 608 civitas
779 551 896 624 ipsa
924 552 1245 619 Jerusalem,
1277 568 1397 626 quae
1448 560 1668 625 propter
1701 553 1858 610 noti-

280 637 399 694 tiam
441 639 543 696 Dei
584 657 696 697 non
736 641 1010 697 immerito
1044 640 1261 698 excelsa
1312 639 1461 698 dicta
1505 649 1607 710 est,
1648 642 1706 698 in
1754 658 1862 715 qua

275 727 514 785 Salvator
553 746 587 785 a
632 731 744 786 Deo
779 731 934 786 Patre
954 747 1056 787 suo
1103 730 1317 803 positus
1363 731 1716 803 praedicator,
1764 732 1861 787 of-

272 815 439 874 fensio
476 818 651 875 factus
679 827 759 876 est
783 819 1007 888 Iudaeis,
1049 820 1184 876 dum
1214 837 1270 875 se
1312 819 1520 875 Filium
1572 819 1671 875 Dei
1716 836 1864 892 prae-

273 903 430 974 dicat,
459 915 616 964 natus
642 907 709 965 de
762 909 975 980 Spiritu
1005 917 1197 965 sancto
1227 923 1298 962 ex
1328 908 1580 964 muliere.
1612 908 1716 963 Per
1745 924 1862 964 cor-

273 1011 367 1068 pus
392 1005 572 1053 autem
602 997 721 1070 ejus
746 997 1073 1054 scandalum
1106 995 1252 1069 passi
1279 1005 1428 1063 sunt,
1469 1003 1523 1051 et
1560 996 1817 1052 dicebant
1844 1016 1856 1054 :

285 1109 302 1132 ·
333 1085 524 1142 Nonne
553 1095 727 1142 mater
752 1095 807 1142 et
828 1086 1023 1142 fratres
1051 1085 1168 1156 ejus
1198 1085 1341 1157 apud
1374 1102 1474 1142 nos
1500 1088 1674 1143 sunt?
1702 1088 1861 1156 Quo-

269 1177 428 1233 modo
458 1193 589 1249 ergo
617 1178 711 1234 hic
733 1177 870 1234 dicit
907 1196 918 1234 :
952 1177 1088 1246 Quia
1117 1177 1184 1232 de
1209 1177 1345 1232 coelo
1368 1176 1624 1234 descendi
1675 1179 1856 1251 (Joan.

269 1283 346 1335 vi,
368 1265 460 1336 42)
482 1267 510 1322 ?
540 1291 557 1313 -
591 1266 858 1323 Nolebant
887 1266 1034 1322 enim
1081 1265 1249 1321 verba
1296 1265 1461 1338 gestis
1512 1282 1858 1338 comparare,

265 1361 326 1409 ut
383 1355 605 1428 perinde
657 1365 1010 1428 agnoscerent
1056 1360 1150 1418 86
1198 1370 1311 1410 non
1356 1353 1656 1412 absurdum
1721 1372 1859 1435 esse,

267 1451 405 1525 quod
438 1451 652 1510 dicebat
679 1452 746 1508 de
773 1453 912 1510 coelo
936 1470 994 1509 se
1022 1452 1398 1520 descendisse;
1453 1454 1611 1526 quasi
1661 1471 1862 1528 corpus

267 1549 591 1616 operaretur,
621 1549 814 1599 etnon
845 1543 990 1599 Deus
1018 1543 1213 1608 latens,
1257 1541 1517 1614 operibus
1565 1551 1754 1600 tamen
1803 1561 1860 1601 se

267 1630 496 1702 prodens
525 1630 582 1687 in
611 1648 860 1704 corpore.
896 1631 1056 1688 Petra
1085 1647 1215 1705 ergo
1246 1629 1364 1687 hac
1411 1630 1734 1688 scandalum
1778 1641 1861 1690 est

265 1719 464 1778 Judaais
508 1728 562 1776 et
609 1721 883 1777 offensio:
917 1737 1039 1794 quas
1086 1731 1240 1795 petra
1285 1721 1404 1777 sine
1453 1720 1625 1778 dubio
1663 1739 1862 1795 corpus

1971 555 2234 614 omnibus
2286 557 2684 628 pratermissis,
2734 558 2869 616 ﬁdes
2915 560 3253 619 satisfaceret
3295 577 3395 636 pro
3459 569 3575 620 tota

1971 646 2088 719 lege
2116 656 2170 702 et
2199 646 2502 719 prophetis.

2051 737 2232 807 (Vers.
2265 737 2347 810 5.)
2392 762 2410 785 ε
2448 738 2662 811 Moyses
2707 738 2853 796 enim
2901 739 3098 798 scribit
3137 739 3411 814 justitiam
3451 760 3574 820 qua

1975 842 2045 882 ex
2075 827 2192 899 lege
2228 835 2329 895 est,
2362 828 2492 900 quia
2529 829 2624 902 qui
2672 828 2856 885 fecerit
2887 847 2949 886 ea
2977 831 3165 900 homo,
3197 833 3349 889 vivet
3391 833 3450 890 in
3493 835 3572 892 eis

1979 915 2168 986 (Leuit.
2213 933 2377 986 xvm,
2424 917 2504 987 5).
2550 941 2567 963 ι
2619 919 2735 976 Hoc
2788 918 2945 986 dicit,
2989 920 3117 992 quia
3161 920 3377 994 justitia
3436 923 3572 996 legis

1974 1004 2181 1076 Moysis
2209 1021 2328 1061 reos
2358 1005 2483 1061 illos
2510 1023 2620 1061 non
2649 1007 2884 1064 faciebat
2912 1007 2981 1064 ad
3012 1019 3246 1082 tempus,
3275 1011 3320 1066 si
3369 1028 3566 1068 serva-

1974 1101 2142 1162 retur,
2179 1093 2235 1149 id
2261 1103 2361 1161 est,
2395 1094 2658 1150 vivebant
2715 1095 2967 1151 faciendo
3024 1098 3230 1170 legem;
3298 1098 3589 1156 debitores

1972 1183 2118 1239 enim
2150 1193 2324 1240 erant.
2357 1184 2470 1241 Hoc
2497 1183 2708 1243 dictum
2740 1191 2821 1242 est
2852 1185 2909 1242 in
2957 1185 3214 1246 Numeris
3256 1195 3310 1244 et
3356 1188 3414 1246 in
3462 1189 3573 1249 Le~

1974 1274 2144 1330 vitico
2179 1275 2322 1348 (51).
2371 1331 2374 1334 ,

2047 1365 2229 1438 (Vers.
2261 1365 2314 1434 6,
2354 1365 2432 1435 7.)
2481 1389 2497 1414 ι
2538 1365 2668 1434 Quae
2697 1375 2878 1425 autem
2906 1384 2975 1424 ex
3005 1368 3110 1425 ﬁde
3132 1377 3212 1426 est
3235 1369 3476 1441 justitia,
3493 1371 3574 1428 sic

1973 1455 2110 1513 dicit
2142 1473 2154 1511 :
2186 1456 2263 1512 Ne
2293 1455 2502 1512 dixeris
2531 1456 2590 1512 in
2621 1457 2782 1514 corde
2831 1467 2927 1514 tuo
2978 1477 2989 1514 :
3039 1460 3172 1526 Quis
3218 1459 3463 1516 ascendit
3511 1461 3569 1519 in

1972 1546 2173 1602 coelum
2222 1546 2403 1618 (Deut.
2449 1563 2589 1615 xxx,
2627 1547 2768 1618 l2)?
2806 1572 2823 1595 ι
2869 1549 2985 1604 Hoc
3041 1548 3099 1604 in
3146 1548 3571 1608 Deuteronomio

1973 1635 2184 1692 dictum
2231 1643 2334 1705 est,
2385 1635 2531 1708 quod
2581 1635 2673 1692 hic
2713 1636 3106 1708 interpretatur
3157 1637 3454 1708 Apostolus
3504 1637 3571 1695 de

1975 1723 2196 1783 Christo
2225 1725 2414 1781 dicens
2448 1743 2460 1781 :
2515 1748 2534 1772 ι
2571 1725 2686 1781 Hoc
2715 1733 2796 1780 est
2826 1724 3108 1783 Christum
3141 1724 3428 1782 deducere.
3461 1728 3600 1783 Aut'

266 1809 594 1885 intelligitur
640 1811 961 1868 Salvatoris.
1011 1812 1136 1869 Haec
1181 1811 1366 1868 excisa
1411 1811 1531 1867 sine
1583 1812 1861 1883 manibus,
1896 1835 1939 1896 Β
1974 1816 2097 1890 quis
2129 1815 2410 1873 descendit
2439 1815 2496 1871 in
2528 1815 2828 1890 abyssum?
2878 1815 2993 1872 Hoc
3039 1823 3138 1884 est,
3173 1815 3454 1874 Christum
3504 1833 3574 1874 ex

264 1910 550 1973 propterea
577 1901 708 1975 quia
738 1901 858 1974 sine
893 1900 1015 1956 viro
1042 1898 1108 1956 de
1146 1899 1358 1974 Spiritu
1385 1908 1576 1957 sancto
1609 1901 1753 1959 facta
1797 1901 1865 1959 de

264 1989 483 2062 virgine
515 1999 643 2062 est.,

897 2098 1127 2158 CAPUT
1163 2100 1236 2157 X.

333 2219 516 2290 (Vers.
551 2219 602 2286 1,
632 2218 712 2292 2.)
761 2241 781 2269 α
819 2219 1056 2288 Fratres,
1098 2221 1358 2277 voluntas
1406 2218 1632 2294 quidem
1679 2216 1863 2275 cordis

265 2309 386 2377 mei,
416 2318 472 2366 et
500 2308 808 2366 obsecratio
836 2309 899 2365 ﬁt
925 2309 994 2366 ad
1021 2311 1198 2368 Deum
1222 2327 1320 2383 pro
1348 2309 1463 2367 illis
1489 2309 1548 2365 in
1577 2309 1815 2365 salutem
1841 2325 1856 2375 ;

264 2399 640 2456 testimonium
657 2398 805 2454 enim
828 2398 1090 2470 perhibeo
1118 2399 1252 2468 illis,
1281 2398 1430 2472 quod
1450 2396 1860 2454 aemulationem

265 2489 359 2546 Dei
386 2488 617 2557 habent,
651 2487 747 2544 sed
774 2503 887 2544 non
917 2487 1219 2545 secundum
1251 2487 1614 2561 agnitionem.
1643 2512 1662 2534 ι
1705 2487 1864 2555 Quo—

268 2577 410 2633 niam
440 2593 472 2632 a
505 2578 622 2648 lege
652 2576 773 2632 vult
801 2593 894 2632 eos
923 2577 1156 2644 auferre,
1206 2577 1490 2632 credentes
1531 2576 1662 2649 quia
1706 2575 1867 2632 vela-

267 2684 389 2723 men
413 2674 496 2724 est
525 2665 731 2723 Iudaeis
761 2684 774 2732 ;
806 2682 876 2722 ne
904 2666 1008 2724 hoc
1037 2665 1165 2723 odio
1203 2665 1472 2723 Judaismi
1524 2665 1640 2738 (49)
1685 2665 1863 2722 facere

269 2755 569 2824 videretur,
617 2755 859 2812 ostendit
900 2756 1154 2813 affectum
1204 2772 1366 2812 suum
1419 2755 1566 2812 circa
1613 2755 1760 2823 illos,
1811 2763 1865 2811 et

265 2846 364 2919 legi
402 2847 499 2903 dat
529 2846 760 2902 multum
800 2864 812 2903 :
843 2846 937 2903 sed
965 2847 1124 2904 docet
1162 2855 1380 2919 tempus
1413 2845 1529 2918 jam
1584 2845 1866 2902 servandas

266 2937 397 3008 legis
425 2953 539 2993 non
570 2953 718 3003 esse;
752 2953 814 2993 ac
842 2953 938 3009 per
967 2935 1074 2992 hoc
1123 2936 1415 3008 providere
1456 2952 1513 2991 se
1566 2935 1678 2992 illis
1725 2935 1868 2992 velle

269 3034 528 3095 testatur,
568 3027 614 3082 si
648 3026 810 3082 modo
841 3025 1070 3081 audiant
1100 3026 1283 3092 illum,
1316 3040 1379 3079 ac
1425 3024 1661 3094 probent
1706 3040 1869 3079 suum

263 3131 376 3172 non
409 3133 529 3173 esse
559 3115 890 3181 inimicum;
926 3113 1146 3187 quando
1176 3120 1230 3168 et
1257 3112 1634 3169 testimonium
1673 3112 1870 3186 perhi-

259 3203 356 3261 bet
391 3205 508 3259 illis
539 3203 851 3260 nobilitatis
880 3213 934 3259 et
961 3202 1279 3260 traditionis
1313 3210 1572 3276 paternas.

337 3293 530 3364 (Vers.
581 3293 662 3364 3.)
708 3317 726 3340 ι
764 3295 1086 3366 lgnorantes
1140 3292 1286 3350 enim
1329 3294 1430 3350 Dei
1471 3291 1767 3364 justitiam,
1817 3301 1871 3349 et

263 3397 417 3437 suam
447 3391 756 3454 quaerentes
783 3383 1138 3450 constituere,
1163 3381 1396 3454 justitia:
1441 3381 1540 3438 Dei
1585 3397 1696 3437 non
1739 3388 1869 3437 sunt

265 3469 518 3542 subjecti.
553 3494 572 3518 ι
615 3471 718 3527 Per
739 3471 1104 3544 ignorantiam
1120 3470 1259 3527 dicit
1285 3472 1413 3527 illos
1442 3486 1552 3526 non
1570 3469 1868 3527 credidisse

268 3561 321 3617 in
359 3561 668 3630 Christum,
713 3563 1122 3618 aemulationem
1167 3561 1392 3636 quidem
1437 3561 1536 3618 Dei
1579 3561 1864 3630 habentes,

268 3649 354 3706 sed
379 3653 723 3708 voluntatem
755 3658 810 3707 et
837 3651 1134 3708 consilium
1163 3650 1282 3723 ejus
1311 3649 1642 3718 nescientes,
1675 3657 1868 3706 contra

269 3739 432 3796 Deum
479 3739 736 3813 agebant,
768 3755 931 3813 quem
977 3756 1034 3796 se
1080 3739 1372 3796 defendere
1404 3739 1766 3796 testabantur.
1789 3740 1867 3794 De

270 3826 348 3884 his
373 3828 536 3897 dicit,
569 3830 663 3903 qui
691 3845 802 3885 non
831 3829 1222 3886 malevolentia
1249 3838 1303 3886 et
1353 3829 1586 3896 invidLa,
1635 3827 1725 3884 sed
1768 3843 1867 3883 er—

272 3929 380 3972 rore
433 3917 728 3974 Christum
778 3932 888 3971 non
939 3924 1280 3988 receperunt.
1321 3915 1532 3983 Quibus
1570 3925 1624 3973 et
1675 3918 1870 3972 Petrus

272 4007 544 4076 apostolus
582 4005 721 4062 dicit
755 4024 767 4062 :
815 4029 834 4054 ι
871 4005 1016 4074 Scio,
1048 4005 1263 4073 fratres,
1293 4005 1424 4078 quia
1453 4021 1550 4078 per
1602 4009 1870 4079 ignoran-

271 4091 394 4150 tiam
421 4095 672 4168 gessistis
702 4095 808 4152 hoc
838 4095 1066 4163 malum,
1098 4096 1243 4152 sicut
1285 4103 1339 4152 et
1388 4094 1664 4168 principes
1698 4095 1868 4152 vestri

274 4182 406 4253 (Act.
436 4202 527 4252 nr,
557 4186 685 4256 t7);
729 4209 747 4232 ι
797 4184 1110 4258 ignorantes
1139 4184 1288 4240 enim
1325 4183 1474 4242 hunc
1519 4199 1638 4240 esse
1668 4183 1869 4242 Chris-

273 4278 401 4339 tum,
429 4291 599 4348 quem
632 4273 956 4346 promiserat
985 4275 1150 4343 Deus,
1172 4276 1407 4331 alterum
1434 4274 1866 4348 exspectandum

270 4357 539 4418 dicebant.
578 4362 718 4419 Huic
735 4361 984 4434 justitias
1013 4377 1161 4430 suas,
1192 4378 1328 4434 quas
1357 4379 1428 4418 ex
1454 4363 1572 4435 lege
1596 4363 1870 4420 habebant

271 4463 680 4530 anteponentes,
713 4457 807 4530 qui
838 4465 920 4513 est
963 4456 1063 4513 Dei
1088 4455 1307 4528 justitia
1352 4455 1412 4512 in
1465 4455 1592 4512 ﬁde.
1645 4456 1870 4514 Iustitia

269 4545 408 4603 enim
439 4547 562 4620 ipse
591 4556 695 4618 est,
738 4546 868 4622 quia
906 4545 1055 4621 quod
1096 4545 1423 4620 promiserat
1451 4547 1620 4615 Deus,
1660 4546 1717 4602 in
1749 4547 1867 4619 ipso
1895 4559 1944 4618 1)

271 4632 543 4707 implevit.

333 4728 521 4796 (Vers.
558 4728 640 4802 4.)
685 4753 703 4776 ι
739 4729 894 4786 Finis
921 4729 1070 4785 enim
1109 4729 1246 4804 legis
1293 4727 1547 4786 Christus
1591 4725 1661 4784 ad
1693 4723 1870 4799 justi—

269 4813 393 4873 tiam
423 4818 584 4874 omni
612 4817 880 4875 credenti.
924 4843 942 4866 ι
985 4820 1099 4877 Hoc
1123 4818 1282 4888 dicit,
1313 4819 1443 4893 quia
1470 4817 1866 4892 perfectionem

270 4904 396 4979 legis
435 4909 628 4977 habet,
677 4910 774 4983 qui
817 4909 992 4966 credit
1043 4909 1102 4966 in
1159 4909 1463 4966 Christum.
1515 4908 1654 4966 Cum
1717 4907 1866 4962 enim

270 4995 448 5056 nullus
480 4999 885 5072 justiﬁcaretur
917 5015 988 5055 ex
1027 4999 1163 5071 lege,
1212 4999 1344 5072 quia
1389 5015 1554 5055 nemo
1601 4997 1867 5070 implebat

272 5083 460 5158 legem,
492 5087 607 5146 nisi
636 5089 734 5163 qui
761 5095 1002 5162 speraret
1043 5085 1102 5144 in
1132 5087 1402 5161 promisso
1441 5086 1699 5153 Christo;
1731 5083 1868 5141 ﬁdes

341 5267 454 5341 (49)
511 5270 781 5328 Nonnulli
826 5288 982 5339 mss.,
1031 5270 1148 5325 vult
1191 5269 1408 5340 auferre
1451 5269 1683 5336 Iudteos,
1731 5266 1861 5340 quia

276 5341 497 5414 velamen
523 5349 599 5398 est
617 5344 710 5410 eis,
731 5361 794 5397 ne
819 5343 960 5414 quod
987 5341 1168 5414 odium
1193 5342 1478 5409 Judaismi,
1504 5351 1609 5399 etc.

341 5412 456 5485 (50)
499 5412 847 5485 Rom.edit.,
876 5415 935 5469 in
976 5413 1298 5485 promissum
1340 5415 1698 5471 Christum...
1747 5429 1864 5485 qua:

277 5483 498 5557 traderet
538 5484 909 5557 perfectionem
955 5483 1106 5557 Legis
1156 5502 1174 5538 :
1212 5493 1326 5557 vet.
1381 5494 1564 5557 autem
1620 5483 1770 5557 editf
1799 5500 1864 5540 ac

281 5568 404 5610 mss.
464 5555 611 5613 inter
656 5573 714 5614 se
747 5555 1106 5623 conveniunt,
1167 5555 1276 5611 nisi
1327 5555 1476 5628 quod
1529 5556 1587 5611 in
1633 5555 1746 5628 illis
1801 5571 1865 5611 ac

280 5628 556 5698 nonnullis
583 5645 713 5686 mss.
752 5628 971 5698 legitur,
1001 5629 1229 5684 crederet
1257 5625 1648 5698 perfectionem,
1673 5627 1866 5698 legen—

280 5645 556 5683 nonnuuis
583 5645 713 5686 mss.
752 5645 800 5684 Ie
839 5645 971 5696 lllll',
1001 5645 1229 5684 crederet
1257 5645 1866 5698 per,ecuonem,1egen—

279 5692 404 5752 dum
435 5698 595 5768 forte,
622 5701 680 5754 in
700 5645 1092 5776 perfectionem,
1125 5707 1220 5756 aut
1257 5699 1448 5755 saltem
1496 5697 1686 5756 eodem
1731 5713 1866 5754 sen-

1895 3198 1939 3259 C

1974 1905 2209 1962 mortuis
2259 1905 2539 1962 reducere.
2583 1928 2600 1952 ι
2670 1906 2786 1962 Hoc
2842 1905 3124 1978 proprium
3175 1905 3426 1978 Apostoli
3467 1914 3568 1962 est.

1974 1996 2162 2068 Itaque
2197 1994 2473 2066 justitiam
2508 1996 2652 2053 hanc
2680 1995 2819 2053 dicit
2846 2011 2962 2052 esse
2997 1995 3148 2064 ﬁdei,
3180 1995 3226 2051 si
3257 2012 3368 2052 non
3399 1995 3574 2053 dubi-

1974 2096 2124 2147 tetur
2151 2087 2220 2144 de
2248 2104 2342 2160 spe
2370 2088 2489 2156 Dei,
2527 2105 2648 2161 quae
2693 2088 2752 2144 in
2800 2087 3022 2145 Christo
3048 2096 3162 2155 est;
3205 2105 3273 2146 ne
3315 2087 3572 2145 difﬁdens

1973 2178 2121 2236 dicat
2153 2195 2166 2234 :
2199 2178 2333 2247 Quis
2358 2179 2538 2252 potuit
2564 2177 2856 2235 ascendere
2877 2179 2936 2234 in
2965 2179 3166 2235 coelum
3189 2178 3218 2235 ?
3271 2178 3399 2251 quia
3449 2178 3571 2236 ideo

1975 2285 2164 2342 passus
2192 2278 2292 2334 est,
2326 2277 2388 2325 ut
2415 2270 2740 2343 exspoliatis
2768 2269 2962 2326 inferis
2992 2269 3200 2327 virtute
3244 2269 3440 2337 Patris,
3465 2269 3572 2327 de-

1972 2359 2119 2416 victa
2167 2366 2343 2416 morte
2389 2376 2698 2433 resurgens,
2749 2376 2876 2417 cum
2919 2360 3209 2416 animabus
3256 2359 3458 2433 ereptis
3513 2358 3572 2414 in

1971 2451 2170 2507 caelum
2225 2450 2560 2508 ascenderet.
2621 2450 2816 2507 Omnis
2868 2450 3017 2506 enim
3081 2450 3398 2524 quicunque
3453 2447 3574 2504 viso

1973 2541 2253 2598 Salvatore
2293 2541 2439 2612 apud
2477 2541 2704 2607 inferos,
2763 2540 3002 2612 speravit
3049 2538 3116 2594 de
3163 2539 3261 2594 illo
3319 2539 3572 2605 salutem,

1974 2621 2235 2686 liberatus
2288 2637 2391 2694 est,
2449 2628 2610 2683 Petro
2662 2628 2909 2698 apostolo
2955 2627 3060 2681 hoc
3111 2633 3380 2693 testante;
3437 2626 3576 2684 dicit

1975 2719 2123 2776 enim
2159 2717 2289 2790 quia
2317 2726 2371 2773 et
2399 2716 2636 2772 mortuis
2664 2715 2994 2786 praedicatus
3021 2721 3104 2769 est
3134 2715 3192 2784 (ι
3211 2716 3358 2770 Pet-r.
3386 2731 3463 2780 ιν,
3494 2714 3576 2784 6).

1976 2805 2082 2873 Qui
2112 2805 2180 2860 de
2209 2804 2299 2859 his
2320 2820 2448 2875 ergo
2477 2803 2535 2858 in
2566 2801 2730 2857 corde
2759 2818 2859 2857 suo
2893 2817 3006 2856 non
3040 2800 3278 2868 dubitat,
3313 2800 3580 2872 justiﬁca-

1977 2905 2068 2954 tus
2095 2904 2176 2953 est
2205 2911 2275 2951 ex
2302 2893 2427 2951 ﬁde.
2451 2894 2538 2950 Ex
2563 2893 2676 2966 lege
2700 2902 2884 2949 autem
2901 2891 3197 2965 justiﬁcari
3223 2892 3394 2947 timor
3410 2890 3576 2948 facit:

1979 2986 2139 3043 timet
2165 2983 2314 3042 enim
2360 2984 2558 3055 legem,
2591 2983 2720 3056 quia
2759 2981 2912 3038 videt
2943 2981 3093 3036 illam
3125 2996 3339 3052 poenam
3373 2978 3579 3035 inferre

1978 3073 2352 3147 peccantibus.
2387 3071 2515 3129 Ideo
2544 3089 2657 3128 non
2705 3087 2901 3143 magna
2925 3068 3144 3143 justitia
3173 3069 3307 3141 legis
3345 3076 3444 3136 est,
3477 3084 3581 3125 nec

1979 3165 2236 3220 meritum
2265 3163 2500 3221 collocat
2528 3161 2674 3235 apud
2701 3162 2899 3228 Deum,
2943 3158 3039 3216 sed
3073 3159 3144 3216 ad
3174 3174 3412 3230 praesens
3446 3176 3456 3214 :
3498 3157 3577 3214 ﬁ—

1978 3253 2073 3310 des
2099 3262 2279 3310 autem
2311 3253 2440 3326 quia
2469 3251 2770 3309 incredulis
2801 3249 3057 3317 stultitia,
3111 3247 3420 3306 mercedem
3469 3248 3580 3303 ha—

1977 3344 2070 3401 bet
2098 3343 2243 3418 apud
2272 3345 2469 3412 Deum,
2503 3343 2573 3400 de
2601 3359 2711 3415 quo
2739 3341 2887 3416 quod
2916 3355 3028 3397 non
3083 3339 3326 3407 videtur,
3381 3353 3577 3411 spera-

1980 3443 2089 3492 tur.

2051 3534 2232 3605 (Vers.
2266 3532 2349 3605 8.)
2397 3554 2416 3581 ι
2453 3528 2555 3589 Sed
2587 3529 2723 3606 quid
2754 3529 2890 3586 dicit
2919 3527 3246 3602 Scriptura?
3273 3529 3448 3601 Prope
3497 3536 3580 3585 est

1978 3623 2206 3679 verbum
2228 3622 2288 3678 in
2309 3639 2402 3679 ore
2430 3631 2547 3691 tuo,
2577 3629 2631 3678 et
2663 3622 2722 3677 in
2749 3619 2913 3677 corde
2933 3619 3227 3692 tuo(Deut.
3247 3635 3386 3687 xxx,
3407 3617 3519 3690 14).
3547 3641 3567 3665 ι

1980 3714 2096 3769 Hoc
2121 3712 2388 3786 scriptum
2436 3719 2519 3768 est
2564 3710 2623 3768 in
2667 3710 3114 3776 Deuteronomio,
3160 3708 3292 3781 quia
3335 3724 3448 3763 non
3497 3714 3580 3762 est

1980 3803 2138 3875 longe
2181 3803 2249 3858 ab
2277 3802 2464 3858 animo
2498 3809 2688 3858 nostro
2717 3801 2805 3857 vel
2835 3816 2948 3868 ore,
2981 3799 3128 3872 quod
3157 3799 3319 3856 nobis
3347 3797 3574 3865 dicitur,

1978 3901 2040 3949 ut
2067 3892 2354 3949 credamus
2383 3891 2635 3965 quamvis
2683 3891 2831 3947 enim
2874 3889 3052 3948 oculis
3102 3904 3214 3944 non
3242 3887 3514 3952 videatur,
3545 3903 3578 3940 a

1980 3991 2174 4039 natura
2221 3991 2404 4039 tamen
2448 3983 2758 4037 animarum
2795 3989 2850 4037 et
2887 3977 3150 4053 loquendi
3197 3977 3411 4034 ratione
3464 3989 3576 4029 non

1978 4073 2277 4142 discordat,
2302 4073 2448 4148 quod
2476 4071 2774 4130 credimus.
2810 4074 2872 4128 In
2903 4073 3020 4145 ipsa
3057 4069 3208 4126 enim
3249 4075 3447 4122 natura
3479 4063 3576 4118 in-

1977 4174 2120 4222 serta
2144 4172 2275 4220 sunt
2310 4166 2461 4220 velut
2502 4165 2731 4228 semina,
2785 4178 2908 4234 quae
2952 4158 3147 4214 auditu
3195 4164 3250 4211 et
3291 4155 3586 4208 voluntate.

1977 4255 2202 4310 exculta
2236 4253 2576 4310 fructiﬁcant
2603 4249 2988 4308 testimonium
3021 4246 3139 4319 (52)
3170 4243 3465 4302 Creatoris.

2052 4353 2236 4425 (Vers.
2265 4352 2320 4420 9,
2355 4351 2469 4420 10.)
2518 4373 2536 4396 ι
2576 4349 2692 4404 Hoc
2721 4357 2802 4403 est
2819 4345 3050 4402 verbum
3083 4344 3231 4412 ﬁdei,
3264 4341 3412 4418 quod
3439 4358 3574 4414 prm-

1978 4441 2246 4497 dicamus.
2288 4464 2306 4488 ›
2368 4438 2593 4496 Nullum
2652 4453 2789 4510 opus
2844 4435 2982 4493 dicit
3038 4434 3193 4508 legis,
3243 4432 3338 4489 sed
3400 4433 3573 4488 solam

1979 4531 2143 4586 ﬁdem
2173 4529 2410 4586 dandam
2439 4530 2498 4585 in
2526 4545 2688 4585 causa
2703 4527 2930 4586 Christi.
2973 4551 2992 4574 ι
3015 4525 3155 4593 Quia
3182 4524 3230 4580 si
3258 4521 3575 4581 conﬁtearis

1979 4621 2036 4676 in
2082 4637 2174 4676 ore
2202 4630 2299 4677 tuo
2327 4619 2625 4677 Dominum
2654 4619 2862 4687 Jesum,
2893 4627 2947 4675 et
2986 4613 3287 4674 credideris
3319 4612 3376 4666 in
3407 4610 3574 4667 cordo

1976 4721 2074 4770 tuo
2104 4712 2251 4788 quod
2283 4713 2429 4768 Deus
2475 4713 2634 4767 illum
2674 4709 2960 4776 excitavit,
2992 4708 3176 4762 salvus
3219 4703 3346 4759 eris.
3398 4701 3574 4760 Corde

1977 4803 2123 4859 enim
2160 4806 2254 4864 87
2285 4799 2528 4858 creditur
2557 4799 2625 4855 ad
2648 4799 2946 4870 justitiam,
2984 4811 3078 4852 ore
3121 4801 3304 4850 autem
3346 4792 3574 4850 confes-

1976 4901 2058 4959 sio
2087 4900 2150 4957 ﬁt
2178 4899 2246 4956 ad
2285 4898 2539 4956 salutem.
2580 4922 2598 4946 ι
2660 4897 3012 4970 Quaecunque
3050 4894 3306 4968 superius
3352 4892 3572 4947 locutus

1973 5000 2074 5060 est,
2108 4991 2200 5050 hic
2229 4991 2326 5048 illa
2355 4989 2752 5057 manifestavit,
2784 4989 2928 5046 hanc
2957 5003 3073 5044 esse
3125 4987 3370 5057 regulam
3419 4981 3570 5048 ﬁdei,

1979 5085 2199 5142 credere
2247 5083 2549 5142 Dominum
2598 5097 2714 5139 esse
2759 5081 2966 5147 Jesum,
2997 5086 3053 5134 et
3094 5091 3207 5133 non
3251 5075 3569 5132 erubescere

1970 5284 2034 5324 su
2085 5281 2212 5324 cum
2264 5264 2353 5331 iis,
2412 5278 2548 5335 quos
2597 5260 2906 5335 sequimur,
2957 5255 3289 5335 perfectio-ni.
3350 5251 3572 5335 Duabus

1971 5319 2111 5394 vero
2125 5319 2442 5409 interjectis
2460 5319 2717 5409 vocibus
2764 5319 2905 5390 mss:
2944 5319 3157 5409 aliquot
3199 5327 3422 5389 habent,
3471 5319 3572 5391 ﬁde

1971 5405 2397 5479 satisfacere'per
2430 5413 2589 5479 totum
2620 5407 2780 5479 legere
2801 5411 2849 5458 ει
2871 5405 3176 5479 Ργοριιειαετ
3223 5468 3233 5478 .
3329 5463 3376 5479 ..
3534 5463 3543 5472 .

2045 5421 2277 5479 tis/acere
2299 5424 2397 5479 per
2430 5421 2589 5461 tatam
2620 5421 2777 5476 regem
2801 5421 2849 5458 et
2862 5421 3176 5530 (proprietas.
3223 5468 3233 5478 _
3534 5463 3543 5472 η

2045 5481 2184 5562 (51)
2198 5481 2372 5562 Ro_n_1._
2390 5477 2525 5534 edit.
2557 5478 2694 5562 sola,
2725 5476 2834 5562 ch
2901 5475 3271 5562 ictumues‘t‘fn
3319 5463 3568 5520 Numem

1971 5559 2019 5608 et
2048 5547 2104 5607 in
2132 5547 2400 5622 Ezechiete
2425 5550 2728 5622 prophetas:
2759 5548 2886 5622 Οιιιξ
2917 5549 3110 5622 αἎεεηι»
3144 5547 3249 5622 θῘελ
3280 5606 3313 5622 ,.
3448 5607 3457 5618 .

2045 5622 2164 5695 (52)
2195 5623 2296 5695 Ms.
2341 5612 2541 5689 Corb,
2578 5612 2786 5676 exculta
2827 5614 3183 5687 signiﬁcarent
3201 5612 3572 5675 testimonium,

1979 5693 2090 5751 non
2125 5693 2257 5752 satis
2287 5699 2449 5749 recte.
