4136 6194
526 375 625 435 151

1527 379 1624 435 AD
1665 376 1900 435 OPERA
1939 377 1994 435 S.
2037 375 2373 438 AMBROSII
2411 377 2791 437 APPENDIX.

3736 377 3837 435 152

519 499 767 576 proﬁteri
819 499 950 576 quia
993 501 1139 580 Deus
1199 487 1357 559 illum
1415 499 1485 560 ex
1538 502 1774 560 mortuis
1826 503 2114 572 reducens,
2148 503 2199 563 A
2241 527 2259 550 ε
2295 502 2507 559 Nomen
2535 502 2672 560 mihi
2699 502 2969 560 Dominus
2995 511 3078 560 est
3105 502 3308 576 (Exod.
3341 520 3422 569 vt,
3455 502 3537 574 3).
3585 501 3694 559 Hic
3743 510 3830 558 est

520 584 754 652 deduxit
775 593 934 651 illum
965 593 1024 650 in
1051 593 1406 653 ctelum‘cum
1437 609 1684 666 corpore,
1717 591 1864 649 unde
1893 601 2116 651 venerat

522 683 893 744 incarnandus
926 702 940 752 ;
971 701 1039 741 ne
1083 685 1329 744 incurrat
1371 684 1698 740 sententiam
1730 683 2117 756 Evangelicam

521 776 794 836 dicentem
831 794 844 832 :
890 799 909 824 ‹
946 776 1128 845 Multi,
1156 774 1360 850 inquit,
1390 790 1458 832 ex
1490 773 1836 848 principibus
1867 772 2120 831 credide-

521 875 653 924 runt
681 867 739 923 in
765 867 968 936 Iesum,
1001 865 1095 922 sed
1139 867 1317 938 palam
1365 881 1477 921 non
1516 863 1916 936 proﬁtebantur
1961 881 2119 938 prop-

520 965 607 1015 ter
623 956 859 1014 Judaeos.
879 956 1190 1013 Malueruut
1209 956 1356 1011 enim
1375 954 1603 1028 gloriam
1618 953 1908 1010 hominum
1927 954 2118 1028 magis,

521 1062 684 1121 quam
717 1046 947 1118 gloriam
976 1045 1075 1103 Dei
1110 1047 1290 1118 (Joan.
1323 1062 1428 1114 xu,
1451 1043 1540 1113 42,
1567 1045 1682 1115 43).
1725 1069 1744 1093 ι

594 1153 775 1226 (Vers.
813 1153 925 1226 11.)
971 1177 988 1199 ι
1018 1153 1167 1210 Dicit
1196 1152 1344 1208 enim
1392 1152 1676 1224 Scriptura
1724 1167 1820 1224 per
1864 1153 2060 1210 Isaiam
2106 1172 2117 1211 :

522 1239 718 1299 Omnis
745 1239 842 1314 qui
868 1239 1045 1298 credit
1072 1240 1144 1304 in.
1184 1240 1362 1308 illum,
1405 1255 1517 1295 non
1563 1239 1934 1297 confundetur
1984 1242 2120 1314 (Isa.

521 1347 729 1400 xxvm,
760 1331 872 1400 16).
915 1356 934 1380 ι
979 1333 1122 1389 Dum
1152 1330 1298 1387 enim
1330 1346 1562 1387 examen
1583 1330 1812 1404 coeperit
1840 1331 1958 1387 ﬁeri
1993 1349 2124 1388 om—

520 1420 679 1480 nium
709 1435 891 1476 rerum
915 1417 972 1476 in
1003 1419 1092 1476 die
1116 1419 1336 1492 judicii,
1369 1429 1422 1478 et
1451 1421 1634 1477 omnia
1657 1421 1792 1477 falsa
1814 1431 2125 1479 commenta

521 1510 608 1567 vel
635 1509 890 1583 dogmata
918 1507 977 1566 in
1007 1509 1389 1567 confusionem
1422 1511 1650 1580 deduci;
1685 1521 1820 1569 tunc
1861 1512 1921 1568 in
1953 1512 2126 1571 Chri-

519 1610 666 1660 stum
726 1600 1008 1660 credentes
1065 1602 1471 1676 tripudiabunt,
1540 1603 1791 1662 videntes
1865 1604 2125 1662 omnibus

519 1691 862 1750 manifestari
893 1691 1022 1767 quia
1049 1692 1196 1766 quod
1223 1691 1598 1762 crediderunt,
1629 1710 1825 1751 verum
1878 1701 1960 1752 est
2011 1713 2022 1752 :
2071 1703 2126 1752 et

519 1783 784 1858 prudens,
833 1782 979 1858 quod
1021 1785 1253 1841 stultum
1293 1784 1608 1858 putabatur.
1642 1785 1928 1858 Aspicient
1975 1788 2124 1844 enim

520 1874 669 1932 inter
697 1882 922 1932 caeteros
950 1889 1007 1929 se
1036 1875 1182 1931 solos
1231 1874 1500 1948 gloriosos
1545 1883 1600 1932 et
1652 1876 1970 1949 prudentes,
2027 1877 2123 1952 qui
2153 1876 2199 1937 B

521 1961 779 2018 aestimati
835 1960 1056 2020 fuerant
1101 1962 1553 2036 contemptibiles
1587 1970 1642 2020 et
1674 1965 1854 2022 stulti.
1891 1965 2015 2022 Illic
2044 1973 2127 2022 est

521 2048 670 2106 enim
727 2066 857 2108 vera
913 2051 1254 2126 approbatio,
1321 2052 1418 2109 ubi
1473 2053 1844 2111 remuneratio
1884 2062 1937 2112 et
1983 2069 2125 2112 con-

522 2137 824 2198 damnatio.

596 2269 778 2342 (Vers.
810 2269 924 2341 12.)
969 2292 990 2318 ι
1025 2269 1148 2328 Νοιι
1194 2268 1343 2328 enim
1394 2279 1477 2329 est
1525 2269 1809 2329 distinctio
1864 2271 2040 2329 Judaei
2073 2281 2128 2330 et

525 2359 722 2418 Graeci.
765 2384 786 2408 ι
825 2360 1168 2419 Generaliter
1197 2377 1389 2417 omnes
1439 2368 1535 2418 aut
1583 2360 1850 2420 confundi
1907 2370 2128 2436 propter

525 2448 889 2508 diﬁidentiam
923 2450 1078 2520 dicit,
1113 2459 1207 2508 aut
1235 2450 1524 2509 sublimari
1554 2468 1717 2509 causa
1744 2452 2123 2522 credulitatis;

525 2539 658 2615 quia
685 2541 804 2600 sine
834 2539 1057 2600 Christo
1103 2541 1250 2614 apud
1288 2543 1466 2598 Deum
1510 2542 1668 2598 nulla
1704 2543 1850 2598 salus
1881 2552 1982 2612 est,
2013 2544 2128 2600 imo

527 2645 692 2704 pana
721 2639 820 2702 εει,
847 2639 943 2690 aut
986 2648 1154 2690 mors.
1179 2633 1290 2689 Nec
1317 2632 1464 2688 enim
1493 2631 1710 2690 Iudaeos
1743 2633 2128 2690 commendare

538 2721 742 2797 poterit
795 2723 1157 2797 praerogativa
1192 2722 1582 2794 Patrum,-aut
1628 2722 1773 2780 enim
1833 2723 2125 2796 legislatio,

532 2812 629 2888 qui
654 2813 913 2870 meritum
940 2819 995 2870 et
1033 2813 1452 2886 promissionem
1486 2813 1708 2870 Patrum
1745 2830 1857 2870 non
1901 2830 2130 2888 recepe-

531 2914 687 2961 runt.
719 2904 920 2962 Gentes
966 2912 1151 2961 autem
1195 2905 1413 2960 nullum
1461 2903 1666 2961 habent
1723 2905 2126 2976 testimonium,

527 3009 639 3068 quo
690 2991 778 3047 vel
835 2990 1140 3049 secundum
1206 3007 1428 3050 carnem
1483 2993 1958 3063 commendentur,
2019 2995 2127 3051 nisi

529 3081 756 3141 credant
785 3080 844 3136 in
877 3079 1180 3138 Christum.
1255 3104 1274 3130 ι
1307 3081 1447 3138 Nam
1494 3080 1641 3137 idem
1689 3082 1958 3139 Dominus
1997 3102 2128 3141 om-

528 3171 708 3240 nium,
739 3170 896 3227 dives
925 3169 984 3226 in
1010 3169 1293 3240 omnibus,
1326 3171 1422 3245 qui
1443 3171 1706 3229 invocant
1733 3172 1916 3230 illum.
1958 3198 1976 3222 ι
2016 3176 2124 3232 Ma-

529 3263 790 3322 nifestum
815 3271 897 3322 est
921 3263 989 3322 ad
1032 3277 1225 3320 omnes
1270 3263 1376 3322 hoc
1421 3263 1714 3337 pertinere,
1746 3264 1863 3321 sive
1908 3265 2127 3324 Iudaeos

530 3353 649 3411 sive
683 3355 934 3423 Graecos;
969 3354 1100 3428 quia
1127 3353 1248 3411 sine
1268 3353 1620 3412 invocatione
1649 3354 1874 3411 Domini
1922 3355 2129 3414 Christi

529 3459 694 3502 nemo
722 3444 865 3502 vivit
893 3442 1038 3517 apud
1067 3445 1264 3502 Deum.
1303 3443 1440 3502 Cum
1471 3459 1599 3516 ergo
1629 3444 1883 3501 omnium
1926 3446 2129 3502 Domi-

528 3551 633 3592 nus
662 3535 756 3603 sit,
799 3535 1176 3593 consentiente
1219 3535 1378 3593 Petro
1427 3536 1694 3607 apostolo,
1740 3544 1794 3592 et
1834 3535 2054 3594 dicente
2111 3555 2124 3594 :

543 3646 563 3671 ι
602 3622 706 3680 Hic
731 3631 832 3692 est,
863 3623 1066 3697 inquit,
1095 3623 1346 3680 omnium
1377 3624 1647 3682 Dominus
1681 3624 1822 3696 (Act.
1857 3639 1919 3694 χ,
1956 3625 2112 3697 36),›

529 3713 685 3770 dives
713 3720 896 3770 tamen
926 3728 1038 3770 non
1069 3721 1171 3782 εει,
1205 3712 1313 3769 nisi
1345 3713 1404 3769 in
1431 3713 1502 3770 iis
1531 3713 1626 3788 qui
1657 3713 1920 3772 invocant
1941 3715 2124 3786 illum,

528 3802 662 3877 quia
691 3801 800 3876 ipsi
849 3802 1127 3878 accipient
1172 3803 1693 3864 remunerationem.
1730 3805 1961 3863 Perﬁdis
1995 3823 2127 3864 vero

526 3907 643 3949 non
671 3899 752 3950 est
771 3891 956 3960 dives;
1008 3893 1137 3974 quia
1181 3894 1474 3969 participes
1520 3912 1634 3952 non
1683 3903 1812 3953 sunt
1853 3895 2124 3954 bonorum

527 3981 668 4056 ejus,
698 3999 876 4057 neque
929 3983 1079 4040 enim
1129 3984 1422 4058 accipient,
1465 3986 1612 4059 quod
1657 3985 1915 4044 daturum
1965 3987 2125 4046 illum

526 4088 639 4130 non
669 4072 1040 4132 crediderunt.
1064 4073 1136 4130 Et
1157 4080 1338 4130 tamen
1370 4090 1480 4130 non
1510 4073 1655 4132 dixit
1682 4077 1857 4134 Deum
1890 4077 2123 4135 divitem

525 4163 901 4233 credentibus,
948 4162 1044 4221 sed
1083 4163 1477 4222 invocantibus
1507 4164 1690 4234 illum,
1729 4175 1790 4223 ut
1833 4175 2122 4240 postquam

525 4251 784 4321 credidit,
809 4269 920 4310 non
949 4253 1166 4312 desinat
1195 4253 1414 4310 animus
1463 4253 1520 4310 id
1562 4255 1857 4328 postulare,
1912 4257 2060 4330 quod
2093 4274 2125 4314 a

524 4343 641 4401 Deo
669 4358 885 4416 semper
912 4343 1112 4403 doctus
1139 4353 1220 4401 est
1247 4344 1660 4419 postulandum,
1687 4347 1830 4404 sicut
1857 4346 1916 4404 in
1961 4364 2122 4405 evan-

525 4431 670 4505 gelio
717 4433 1020 4490 secundum
1063 4434 1268 4491 Lucam
1313 4444 1533 4493 tenetur
1585 4435 1850 4508 scriptum
1903 4445 2122 4511 propter

522 4522 896 4582 adversarium
943 4523 1086 4597 (53),
1145 4525 1275 4598 quia
1323 4524 1544 4584 subtilis
1605 4535 1660 4584 et
1703 4537 1959 4586 versutus
2015 4537 2115 4599 est,

521 4627 737 4687 semper
766 4611 1036 4670 orandum
1087 4627 1205 4670 esse
1247 4614 1400 4687 (Luc.
1435 4631 1599 4683 xvur,
1631 4618 1685 4689 1)
1722 4635 1734 4674 :
1764 4617 2117 4676 credentibus
2146 4614 2194 4673 D

519 4711 703 4761 autem
751 4704 868 4761 sola
915 4702 1079 4761 datur
1132 4704 1383 4764 remissio
1438 4715 1807 4781 peccatorum.
1858 4709 2120 4784 Sequitur

517 4800 700 4850 autem
726 4801 788 4850 ut
833 4793 1087 4867 precibus
1113 4793 1331 4854 deditus
1353 4797 1618 4856 liberetur
1643 4815 1676 4856 a
1704 4799 1870 4870 malo,
1902 4807 1958 4857 et
1980 4818 2116 4875 pos-

516 4880 592 5031 :it
617 4882 880 5031 eiusequi
906 4883 1054 4959 quod
1090 4887 1345 4960 promisit
1394 4890 1541 4948 Deus
1586 4896 1706 4948 toto
1750 4889 1916 4947 corde
1960 4890 2117 4964 Vigi-

539 4973 654 5031 anti
697 4991 781 5031 us.

539 4973 781 5033 antibus.

588 5101 774 5174 (Vers.
808 5101 929 5176 13.)
967 5126 988 5152 ι
1025 5102 1220 5162 Omnis
1247 5066 1396 5160 enim
1418 5104 1737 5178 quicunque
1764 5105 2112 5164 invocaverit

514 5209 718 5250 nomen
745 5192 994 5263 Domini,
1041 5195 1227 5250 salvus
1266 5194 1391 5251 erit.
1438 5219 1458 5244 ι
1503 5195 1566 5250 In
1613 5193 1843 5253 Michaaa
1896 5193 2109 5253 dictum

509 5291 594 5342 est
623 5282 766 5356 (54).
793 5283 914 5358 Ipse
942 5283 1091 5340 enim
1117 5285 1283 5352 Deus,
1314 5282 1410 5358 qui
1440 5283 1592 5341 visus
1617 5293 1700 5343 est
1727 5285 1924 5359 Moysi,
1949 5285 2111 5344 dicit-

578 5483 698 5557 (53)
730 5485 808 5543 lta
836 5501 966 5542 mss.
999 5483 1186 5557 plures
1213 5497 1279 5541 ac
1327 5481 1671 5557 probatiores
1701 5502 1712 5541 :
1746 5484 1844 5541 alii
1882 5500 2014 5543 vero
2053 5494 2109 5543 et

506 5556 700 5632 omnes
726 5557 888 5632 edit.
919 5573 1050 5628 quia
1093 5556 1151 5612 in
1205 5556 1469 5630 evangelio
1510 5557 1666 5614 Luem
1713 5557 1842 5614 dicit
1885 5565 2110 5632 propter

503 5627 896 5699 aduersarium,
927 5627 1039 5688 etc.

544 5698 696 5782 ,(ξι)
727 5698 887 5760 Rom.
914 5700 1074 5785 edit_.,
1095 5698 1289 5785 Hocin
1312 5701 1427 5785 Joel
1446 5703 1649 5785 dictum
1675 5710 1776 5785 est.
1791 5703 1895 5761 Sed
1912 5720 2102 5785 quam-

501 5770 588 5830 vis
613 5770 674 5828 in
701 5786 766 5828 eo
810 5772 1076 5846 propheta
1103 5790 1166 5844 ιι,
1204 5774 1294 5844 22,
1327 5777 1529 5834 citatus
1554 5775 1708 5834 locus
1764 5770 2103 5845 inveniatur,

2230 592 2404 649 Filius
2435 594 2551 660 Dei,
2586 592 2681 667 qui
2724 592 2848 650 ideo
2877 602 2930 650 et
2966 594 3207 666 Angelus
3237 599 3290 648 et
3320 595 3467 650 Deus
3500 607 3617 649 esse
3650 591 3835 648 dictus

2229 690 2310 736 est
2339 700 2350 737 :
2375 691 2436 738 ut
2466 698 2577 737 non
2602 683 2717 755 ipse
2746 699 2942 750 esse,-a
2971 699 3078 755 quo
3101 691 3230 739 sunt
3261 683 3470 751 omnia,
3511 689 3832 755 putaretur,

2229 769 2324 826 sed
2381 769 2472 826 hic
2521 786 2636 826 esse
2692 787 2788 843 per
2841 788 3003 845 quem
3043 781 3173 830 sunt
3239 771 3447 839 omnia,
3508 780 3570 828 ut
3627 770 3698 828 ad
3770 770 3828 828 id

2231 858 2517 932 pertineat,
2564 860 2657 931 qui
2708 861 2853 916 Deus
2907 861 3086 917 dictus
3131 869 3233 930 est,
3270 860 3419 934 quod
3473 877 3647 917 unum
3705 866 3838 916 sunt

2231 948 2392 1004 Pater
2417 957 2470 1004 et
2499 947 2697 1004 Filius.
2729 950 2973 1019 Angelus
3003 958 3186 1006 autem
3219 949 3287 1007 ad
3330 951 3456 1020 hoc,
3501 949 3630 1024 quia
3677 965 3834 1006 nun-

2233 1037 2346 1094 tius
2368 1036 2649 1110 promissae
2679 1038 2871 1096 salutis
2897 1047 2979 1095 est
3007 1040 3206 1096 missus
3234 1056 3266 1094 a
3294 1040 3472 1096 Patre.
3518 1041 3591 1096 Et
3635 1039 3836 1096 missus

2245 1125 2370 1182 ideo
2395 1125 2624 1192 dicitur,
2647 1136 2709 1184 ut
2734 1144 2844 1183 non
2868 1128 2982 1201 ipse
3007 1130 3163 1186 Pater
3193 1145 3309 1186 esse
3335 1129 3612 1198 credatur,
3641 1127 3738 1185 sed
3767 1128 3836 1185 ab

2233 1232 2296 1272 eo
2333 1215 2565 1287 genitus.
2595 1215 2831 1290 Ideoque
2873 1218 3187 1293 quicunque
3236 1219 3579 1276 invocaverit
3625 1234 3831 1274 nomen

2232 1307 2452 1363 Domini
2499 1308 2684 1364 salvus
2720 1307 2844 1364 erit.
2906 1309 3018 1366 Hoc
3063 1326 3227 1366 sensu
3264 1317 3319 1366 et
3355 1310 3570 1382 Moyses
3614 1309 3836 1366 locutus

2233 1404 2315 1452 est
2343 1415 2355 1454 :
2387 1396 2733 1471 Quicunque,
2751 1398 2850 1467 ait,
2873 1416 2984 1454 non
3008 1399 3246 1456 audierit
3271 1398 3593 1472 prophetam
3640 1398 3828 1468 illum,

2234 1486 2694 1543 exterminabitur
2722 1487 2789 1543 de
2819 1487 2976 1559 plebe
3033 1489 3214 1561 (Deut.
3265 1505 3430 1556 xvm,
3473 1488 3559 1558 18,
3611 1487 3723 1558 19).
3778 1487 3838 1544 Si

2235 1576 2348 1648 ipse
2382 1586 2463 1634 est
2483 1578 2731 1634 omnium
2765 1579 3057 1648 Dominus,
3096 1580 3211 1652 ipse
3245 1579 3537 1636 invocatur
3567 1594 3600 1635 a
3639 1577 3835 1638 servis.

2233 1667 2306 1723 Et
2333 1667 2462 1741 quia
2492 1684 2684 1724 verum
2718 1677 2821 1737 est,
2853 1666 3056 1741 adjecit
3087 1685 3100 1724 :

2309 1757 2490 1829 (Vers.
2524 1758 2638 1831 14.)
2685 1783 2702 1806 ι
2743 1757 3032 1826 Quomodo
3053 1776 3182 1831 ergo
3207 1758 3566 1827 invocabunt,
3594 1757 3653 1815 in
3672 1774 3837 1833 quem

2233 1863 2344 1903 non
2375 1848 2772 1905 crediderunt?
2809 1873 2827 1895 ι
2869 1847 3027 1906 Certe
3057 1848 3278 1906 Christo
3309 1863 3420 1904 non
3450 1847 3683 1906 credunt
3714 1849 3835 1921 (55)

2233 1936 2407 1993 Judaei
2460 1938 2588 2010 ipsi,
2629 1952 2791 2011 quem
2838 1937 2986 1995 dixit
3023 1938 3350 1995 Dominum.
3398 1938 3516 1995 Hoc
3566 1938 3834 2013 sequitur,

2234 2027 2381 2100 quod
2409 2043 2574 2100 supra
2622 2026 2763 2096 dixi,
2795 2027 2924 2100 quia
2955 2029 3106 2100 prius
3130 2027 3470 2085 credendum
3513 2036 3616 2097 est,
3651 2035 3714 2084 ut
3765 2028 3838 2086 sit

2235 2115 2439 2173 ﬁducia
2468 2117 2801 2190 postulandi.
2823 2138 2852 2170 (ί
2893 2118 3005 2174 Aut
3023 2117 3304 2191 quomodo
3331 2116 3650 2186 credentei,
3671 2134 3833 2192 quem

2235 2222 2344 2262 nou
2366 2207 2702 2267 audierunt?
2742 2233 2760 2256 ι
2795 2209 3061 2283 Apertum
3092 2219 3173 2268 est
3203 2226 3314 2266 non
3343 2226 3501 2284 posse
3540 2209 3690 2269 credi
3722 2210 3836 2280 illi,

2235 2296 2326 2353 cui
2355 2298 2666 2357 obedientia
2693 2299 3010 2373 denegatur.
3059 2325 3076 2347 ι
3096 2300 3384 2368 Quomodo
3399 2309 3584 2358 autem
3608 2300 3838 2358 audient

2236 2388 2353 2444 sine
2383 2390 2712 2463 praedicante
2736 2391 2763 2448 ‘I
2791 2415 2810 2440 ι
2843 2393 2954 2448 Nec
2982 2391 3088 2449 hoc
3116 2391 3411 2450 obscurum
3441 2399 3522 2448 est
3548 2393 3565 2448 l
3587 2393 3719 2467 quia
3739 2390 3834 2466 qui

2236 2481 2557 2552 prendicanti
2585 2482 2812 2552 resistit,
2843 2490 3125 2540 auctorem
3150 2482 3268 2556 ejus
3297 2499 3408 2539 non
3439 2482 3659 2556 recipit.

2311 2571 2494 2642 (Vers.
2549 2572 2662 2644 15.)
2711 2597 2727 2619 -
2765 2571 2880 2628 Aut
2935 2571 3212 2646 quomodo
3269 2572 3670 2646 praedicabunt,
3726 2573 3835 2632 nisi

2236 2658 2574 2718 mittantur?
2611 2687 2629 2708 ι
2669 2663 2856 2735 Neque
2886 2661 3032 2718 istud
3063 2662 3258 2736 recipit
3278 2663 3641 2737 quaestionem
3664 2682 3678 2732 ;
3701 2664 3832 2737 quia

2236 2768 2349 2809 non
2378 2759 2540 2809 erunt
2568 2754 2684 2809 veri
2723 2753 2978 2826 apostoli,
3023 2754 3131 2811 nisi
3180 2771 3212 2810 a
3257 2754 3479 2815 Christo
3518 2755 3831 2826 mittantur,

2236 2858 2337 2899 nec
2364 2851 2621 2915 poterunt
2648 2845 2944 2917 praedicare
2961 2845 3080 2902 sine
3101 2853 3323 2916 auctore
3349 2846 3365 2902 l
3395 2846 3550 2904 nulla
3569 2849 3716 2904 enim
3743 2849 3832 2907 his

2236 2933 2390 3007 signa
2417 2933 2686 2990 virtutum
2716 2935 3007 3008 perhibent
3041 2935 3444 2995 testimonium.

2321 3049 2340 3072 ι
2378 3023 2532 3082 Sicut
2560 3026 2826 3099 scriptum
2856 3034 2938 3083 est
2971 3045 2982 3083 :
3021 3025 3196 3094 Quam
3226 3025 3455 3099 speciosi
3484 3024 3645 3098 pedes
3665 3041 3831 3082 evan-

2237 3113 2587 3185 gelizautium
2612 3132 2821 3188 pacem,
2847 3116 3340 3189 evangelizantium
3366 3115 3539 3171 bona!
3576 3116 3690 3172 Hoc
3706 3132 3834 3188 pro-

2237 3201 2402 3274 pheta
2417 3201 2554 3260 dicit
2567 3205 2782 3262 Nahum
2807 3207 3044 3278 (Nahum
3062 3223 3102 3276 ι,
3128 3206 3238 3277 15).
3259 3230 3276 3252 ι
3311 3205 3472 3261 Pedes
3487 3203 3722 3262 dicendo
3739 3204 3832 3261 ad-

2239 3301 2465 3350 ventum
2495 3295 2768 3368 significat
2796 3299 3165 3369 apostolorum
3194 3296 3659 3354 circumeuntium
3680 3311 3834 3352 mun-

2242 3385 2404 3454 dum,
2439 3394 2492 3442 et
2523 3401 2750 3460 regnum
2781 3389 2880 3446 Dei
2911 3389 3205 3446 adventare
3236 3388 3652 3461 praedicantium
3674 3389 3826 3462 (56);

2237 3477 2506 3535 adventus
2579 3477 2729 3534 enim
2806 3478 3052 3552 ipsorum
3127 3479 3478 3536 illuminabat
3553 3478 3826 3543 homines,

2238 3566 2386 3622 viam
2434 3565 2729 3623 ostendens
2761 3571 2854 3630 88
2883 3584 2990 3641 qua
3050 3569 3162 3624 itur
3209 3568 3267 3624 in
3323 3584 3452 3641 pace
3509 3567 3578 3625 ad
3634 3569 3830 3636 Deum,

2237 3679 2397 3736 quam
2435 3664 2675 3736 primum
2705 3665 2938 3722 Joannes
2970 3666 3213 3737 Baptista
3245 3672 3466 3721 venerat
3505 3679 3829 3736 praeparare.

2237 3753 2365 3810 Haec
2391 3771 2494 3827 pax
2527 3763 2628 3823 εει,
2659 3753 2727 3812 ad
2756 3772 2917 3828 quam
2951 3755 3214 3812 festinant
3254 3754 3538 3812 credentes
3570 3770 3628 3809 ιιι
3659 3751 3832 3810 Chri-

2235 3853 2402 3901 stum.
2446 3846 2694 3919 Denique
2722 3855 2942 3904 sauctus
2975 3845 3222 3914 Simeon,
3252 3844 3382 3918 quia
3407 3845 3466 3902 in
3488 3843 3694 3901 mundo
3713 3844 3833 3902 dis-

2235 3937 2422 3994 cordia
2450 3939 2736 4007 εει,1εειιιε
2766 3938 2823 3994 iu
2871 3946 2997 3993 ortu
3046 3936 3348 3994 Salvatoris
3381 3957 3394 3995 :
3441 3960 3460 3986 ι
3496 3938 3672 4005 Νιιιιε,
3733 3936 3832 4005 ait,

2234 4027 2491 4096 Domine,
2542 4027 2761 4084 dimitte
2804 4043 3024 4084 servum
3071 4037 3228 4084 tuum
3277 4028 3335 4083 in
3387 4043 3516 4100 pace
3574 4027 3725 4099 (Luc.
3764 4041 3831 4095 ιι,

2233 4116 2363 4189 29);
2401 4142 2419 4164 ι
2457 4117 2588 4191 quia
2616 4133 2844 4189 regnum
2875 4119 2972 4174 Dei
3004 4133 3111 4190 pax
3148 4123 3248 4172 est.
3299 4116 3463 4173 Omni
3503 4115 3650 4174 enim
3702 4131 3834 4172 am-

2232 4214 2420 4280 putata
2443 4207 2738 4276 discordia,
2769 4223 2959 4263 omnes
2987 4207 3083 4262 uni
3113 4208 3226 4262 Deo
3255 4209 3398 4279 genu
3438 4206 3679 4264 nectent.
3711 4207 3832 4262 De-

2233 4297 2398 4370 nique
2426 4299 2720 4356 Jerusalem
2753 4297 3003 4371 superior
3029 4295 3226 4352 civitas
3251 4295 3393 4352 visio
3439 4296 3589 4369 pacis
3641 4295 3827 4352 inter-

2232 4395 2494 4459 pretatur,
2526 4405 2646 4461 quae
2675 4395 2758 4445 est
2785 4395 2958 4444 mater
2991 4393 3196 4444 nostra.

2302 4477 2483 4548 (Vers.
2519 4478 2632 4551 16.)
2658 4503 2676 4526 ι
2699 4479 2802 4536 Sed
2824 4495 2930 4536 non
2955 4493 3145 4534 omnes
3161 4473 3428 4532 obediunt
3445 4473 3770 4547 Evangelio.
3794 4500 3813 4522 ι

2228 4568 2433 4625 Verum
2455 4576 2555 4638 est,
2588 4570 2718 4640 quia
2746 4566 2998 4641 quamvis
3025 4567 3333 4622 illustretur
3362 4565 3605 4622 mundus
3631 4565 3829 4638 splen-

2227 4659 2359 4716 dore
2372 4660 2681 4732 disciplinze
2702 4656 3026 4722 Dominicae,
3045 4664 3174 4713 sunt
3195 4665 3377 4713 tamen
3401 4657 3494 4730 qui
3513 4665 3824 4729 repugnent

2225 4750 2318 4823 qui
2347 4751 2529 4806 lumen
2561 4747 2810 4805 tenebras
2838 4755 3055 4804 vocent.
3086 4748 3294 4805 Horum
3329 4747 3477 4804 enim
3507 4747 3586 4804 sic
3631 4763 3822 4804 errore

2223 4839 2366 4896 acies
2393 4838 2587 4896 obtusa
2611 4844 2692 4893 est
2723 4837 2944 4906 mentis,
2975 4846 3037 4894 ut
3087 4854 3188 4896 nec
3236 4838 3356 4896 veri
3401 4836 3630 4894 luminis
3670 4836 3824 4894 reci-

2222 4927 2376 5002 piant
2394 4925 2762 4999 splendorem.
2786 4927 2934 4994 Quos
2954 4927 3570 5000 accusatEvangelium,
3590 4927 3779 4984 dicens
3803 4944 3817 4985 :

2236 5044 2254 5066 ι
2293 5019 2413 5075 Lux
2438 5018 2495 5074 in
2525 5017 2766 5075 tenebris
2796 5019 2961 5086 lucet,
2993 5025 3046 5074 et
3074 5018 3314 5076 tenebras
3355 5033 3476 5074 eam
3505 5033 3619 5075 non
3649 5032 3815 5075 com-

2221 5108 2629 5182 prehenderunt
2660 5109 2838 5176 (Joan.
2874 5124 2914 5176 ι,
2943 5107 3024 5179 5).
3065 5131 3084 5156 ι

2304 5225 2323 5246 ε
2351 5199 2518 5256 Isaias
2543 5199 2691 5256 enim
2713 5198 2850 5256 dicit
2881 5215 2894 5255 :
2927 5198 3178 5265 Domine,
3201 5196 3325 5270 quis
3344 5193 3582 5252 credidit
3598 5195 3816 5253 auditui

2219 5297 2406 5348 nostro
2439 5291 2574 5364 (Isa.
2605 5305 2723 5358 LIII,
2755 5288 2809 5360 1)
2829 5288 2857 5346 ‘i
2897 5313 2915 5337 ι
2957 5287 3072 5346 Ηοε
3101 5297 3204 5356 εει,
3237 5285 3364 5360 quis
3409 5285 3649 5345 credidit
3693 5301 3816 5360 qua

2217 5496 2402 5566 tamen
2425 5486 2667 5566 auctoris
2697 5485 2867 5543 verba
2891 5502 3018 5566 cum
3050 5483 3165 5542 suis
3191 5483 3364 5566 naevis
3393 5479 3617 5566 praestat
3645 5483 3815 5566 exhi-

2217 5559 2344 5617 bere
2374 5575 2551 5630 quam,
2567 5558 2685 5615 sine
2713 5559 3174 5630 exemplariorum
3196 5558 3523 5614 auctoritate
3540 5564 3809 5630 correcta.

2315 5576 2344 5615 e
2411 5576 2537 5615 uam
2567 5576 2685 5615 sine
2713 5576 3174 5630 exempiartorum
3196 5576 3523 5614 auctoritate
3540 5576 3704 5614 correi

2436 5629 2598 5690 Corb.
2631 5630 2828 5697 codex,
2855 5637 2986 5686 certe
3021 5629 3288 5711 Christum
3317 5645 3422 5684 non
3467 5627 3704 5686 credunt.

2315 5703 2382 5760 56
2437 5703 2538 5760 Ms.
2567 5703 2755 5771 Corb.,
2785 5704 2859 5762 Et
2882 5719 3100 5771 regnum
3126 5701 3226 5761 Det
3252 5701 3506 5758 adventus
3549 5707 3622 5758 est
3650 5718 3704 5771 pi

2315 5633 2384 5689 55
2436 5633 2598 5690 Corb.
2631 5633 2828 5697 codex,
2855 5637 2986 5686 certe
3021 5633 3288 5688 Christum
3317 5645 3422 5684 non
3467 5633 3704 5686 credunt.

2215 5633 2538 5831 ἀ
2567 5703 2755 5773 Corb.,
2785 5704 2859 5762 Et
2882 5719 3100 5776 regnum
3126 5701 3226 5761 Dei
3252 5701 3506 5758 adventus
3549 5707 3622 5758 est
3650 5718 3812 5776 pm-

2252 5775 2523 5832 icantiu-m.
