4136 6194
286 333 394 424 153-
1352 359 1716 419 COMMENT.
1758 360 1832 418 IN
1870 359 2090 418 EPIST.
2135 362 2231 418 AD
2275 363 2443 420 non.

3472 371 3575 430 154

281 486 578 547 audivimus
625 489 722 546 abs
754 497 826 558 te,
857 495 911 545 et
930 486 1210 562 loquimur
1241 488 1267 544 τ
1297 486 1568 544 Firmavit
1596 487 1852 559 exemplo
1887 490 1938 550 A
1965 487 2379 557 excruciantur,
2428 490 2648 564 quando
2693 491 2929 550 audiunt
2972 494 3143 568 legem
3199 502 3255 552 et
3280 497 3574 570 prophetas

281 578 583 654 prophetico
625 578 843 637 Iudaeos
897 596 1012 637 esse
1058 579 1492 637 contradictores
1531 578 1858 651 evangelicae

278 669 530 728 veritatis.
563 669 676 726 Lex
702 670 846 725 enim
869 668 1085 726 Iudaeos
1114 669 1359 742 increpat
1387 688 1401 736 ;
1425 669 1558 742 quia
1584 669 1728 724 sicut
1753 666 1863 722 fuit

276 758 408 832 apud
434 765 670 827 veteres,
698 758 774 816 ita
801 769 855 816 et
882 775 1032 816 nunc
1060 767 1162 815 est.
1196 760 1358 816 Hunc
1386 758 1537 814 enim
1568 771 1862 814 numerum

276 865 377 907 non
401 848 592 921 tangit,
624 849 716 921 qui
746 848 913 906 ﬁdem
942 865 1055 905 non
1085 847 1303 920 recipit.

341 937 518 1009 (Vers.
553 939 637 1006 I7,
664 937 777 1009 18.)
823 961 841 984 ι
863 939 1010 1008 Ergo
1026 936 1162 992 ﬁdes
1189 953 1258 992 ex
1285 935 1500 1004 auditu,
1530 933 1752 990 auditus
1772 949 1864 990 au-

273 1035 373 1084 tem
401 1043 494 1100 per
514 1027 745 1083 verbum
781 1026 1013 1085 Christi.
1045 1050 1063 1073 ι
1097 1026 1446 1082 Manifestum
1477 1031 1574 1090 est,
1599 1024 1728 1097 quia
1757 1023 1864 1080 nisi

271 1116 475 1173 dicatur
507 1116 746 1190 aliquid,
793 1131 896 1172 nec
923 1114 1099 1172 audiri
1127 1123 1326 1186 potest,
1358 1129 1459 1170 nec
1485 1112 1658 1170 credi.
1703 1137 1721 1160 ι
1759 1112 1865 1169 Sed

271 1206 388 1264 dico
417 1224 428 1262 :
478 1204 762 1278 Numquid
783 1221 891 1260 non
942 1203 1234 1260 audierunt
1267 1203 1294 1259 ?
1324 1227 1343 1251 ι
1401 1204 1516 1258 Hoc
1535 1210 1636 1271 est,
1667 1201 1866 1258 audie-

268 1304 418 1362 runt,
449 1305 505 1352 et
533 1295 753 1352 credere
784 1295 1102 1351 noluerunt.
1143 1293 1412 1360 Quamvis
1441 1294 1590 1350 enim
1621 1292 1759 1348 ﬁdes
1796 1307 1867 1348 ex

265 1385 457 1442 auditu
488 1385 560 1441 sit
589 1403 603 1452 ;
635 1392 766 1441 sunt
809 1391 991 1440 tamen
1025 1382 1117 1455 qui
1149 1382 1439 1440 audientes
1467 1398 1580 1439 non
1609 1381 1864 1439 credunt.

265 1475 510 1532 Audiunt
537 1474 706 1542 enim,
737 1481 791 1530 et
819 1489 932 1529 non
962 1473 1285 1546 intelligunt
1313 1491 1326 1540 ;
1366 1473 1501 1547 quia
1528 1472 1867 1528 malevolen-

265 1563 338 1621 tia
363 1563 696 1621 obcaecatum
723 1570 804 1620 est
833 1579 930 1619 cor
964 1562 1215 1620 illorum.

344 1675 362 1698 σ
400 1653 471 1710 Et
497 1651 722 1725 quidem
743 1651 803 1706 in
829 1666 1050 1708 omnem
1080 1659 1285 1707 terram
1300 1650 1440 1706 exiit
1457 1666 1626 1707 sonus
1655 1663 1868 1719 eorum,

267 1749 319 1800 et
337 1758 506 1815 usque
525 1741 594 1798 ad
611 1741 749 1798 ﬁnes
768 1740 919 1798 orbis
946 1751 1104 1798 terrae.
1146 1742 1315 1799 verba
1339 1742 1585 1798 illorum.
1614 1767 1633 1792 ι
1687 1742 1870 1815 Usque

1967 578 2036 635 ad
2066 595 2168 635 nos
2197 578 2492 651 pertinere,
2531 579 2623 654 qui
2655 581 2938 640 Christum
2969 584 3266 642 credimus.

2041 670 2225 742 (Vers.
2258 670 2378 743 20.)
2433 695 2450 716 ι
2482 671 2646 728 Isaias
2675 673 2857 744 audet,
2887 683 2942 732 et
2962 674 3100 732 dicit
3133 693 3143 732 :
3179 677 3362 732 Palam
3394 678 3572 740 factus

1971 778 2091 818 sum
2137 778 2249 820 non
2297 763 2673 835 quaerentibus
2711 782 2815 833 me,
2867 775 2920 822 et
2961 767 3220 824 inventus
3267 786 3390 825 sum
3431 770 3575 827 inter

1974 871 2088 922 eos,
2137 851 2231 926 qui
2281 869 2367 908 me
2432 869 2544 910 non
2587 852 2999 926 interrogabant
3057 858 3188 928 (Isa.
3241 875 3373 927 va,
3422 857 3498 930 1).
3542 883 3561 908 ι

1973 944 2244 1013 Quoniam
2299 959 2465 1016 supra
2495 944 2678 1000 verbis
2727 944 2904 1017 Moysi
2933 963 3061 1001 usus
3091 955 3172 1004 est
3192 948 3259 1003 de
3289 949 3575 1006 exclusio-

1974 1051 2042 1090 ne
2069 1033 2404 1100 Judzeorum,
2431 1032 2501 1088 ad
2531 1032 2636 1090 hoc
2659 1050 2878 1106 quoque
2908 1035 3060 1090 Isaia:
3088 1038 3362 1109 prophetae
3393 1054 3573 1094 exem-

1975 1125 2127 1196 plum
2157 1121 2405 1179 subdidit
2437 1138 2449 1176 :
2472 1129 2533 1177 ut
2561 1121 2628 1177 de
2657 1121 2776 1194 ejus
2803 1125 3190 1194 prosecutione
3217 1128 3457 1198 apertius
3483 1127 3576 1183 do-

1974 1224 2119 1273 ceret
2160 1217 2356 1283 Deum,
2401 1213 2646 1287 expulsis
2684 1212 2914 1282 ludatis,
2966 1216 3114 1272 ultro
3159 1218 3416 1289 gentibus
3447 1235 3577 1290 gra-

1976 1304 2108 1360 tiam
2142 1304 2406 1362 obtulisse
2436 1305 2504 1361 ad
2549 1305 2907 1378 opprobrium
2933 1314 2987 1362 et
3015 1321 3201 1362 necem
3233 1307 3572 1366 Iudaeorum.

1976 1398 2106 1454 Haec
2176 1397 2323 1454 enim
2379 1396 2544 1454 Isaias
2607 1396 2873 1469 propheta
2933 1413 3004 1452 ex
3077 1413 3307 1470 persona
3368 1398 3575 1458 Christi

1976 1494 2228 1544 testatur.

2052 1579 2234 1650 (Vers.
2286 1579 2411 1648 21.)
2446 1601 2464 1624 ο
2498 1575 2582 1633 Ad
2624 1576 2787 1633 Israel
2834 1582 3015 1632 autem
3057 1575 3186 1650 quia
3228 1577 3363 1634 dicit
3396 1595 3407 1633 :
3441 1580 3577 1636 Tota

1978 1672 2067 1730 die
2107 1670 2345 1744 expandi
2389 1685 2585 1726 manus
2616 1684 2763 1724 meas
2807 1667 2871 1723 ad
2904 1667 3169 1740 populum
3201 1683 3312 1723 non
3340 1668 3576 1726 creden-

1981 1771 2114 1831 tem,
2163 1770 2218 1819 et
2244 1759 2714 1819 contradicentem
2761 1759 2924 1830 (Ibid.
2961 1758 3016 1829 2)
3061 1783 3078 1806 ι
3123 1758 3223 1814 Hic
3251 1759 3412 1814 Israel
3447 1775 3577 1815 car-

277 1831 407 1888 adeo
453 1830 900 1904 Pmdi‘mionem
927 1831 1026 1886 Dei
1064 1847 1096 1886 θ’
1123 1830 1328 1887 Juda’is
1354 1831 1598 1888 auditam
1629 1846 1745 1886 esse
1770 1837 1862 1885 te“
1897 1858 1944 1918 B
1974 1830 2115 1912 nalis
2141 1859 2244 1918 est,
2312 1851 2420 1908 hoc
2445 1858 2547 1918 est,
2578 1848 2815 1905 Abrahae
2846 1848 2970 1916 ﬁlii,
3003 1847 3097 1905 sed
3131 1864 3241 1904 non
3272 1849 3576 1906 secundum

263 1928 460 1990 statur,
485 1929 548 1976 ut
593 1920 757 1976 etiam
789 1919 1078 1992 impletum
1109 1919 1298 1977 orbem
1337 1921 1531 1977 divina
1553 1919 1862 1976 annuntia-

262 2013 416 2068 tione
444 2010 800 2084 pronuntiet;
829 2010 946 2082 ipsa
973 2011 1122 2066 enim
1154 2010 1363 2068 fabrica
1385 2011 1581 2067 mundi
1606 2009 1866 2082 praedicat

261 2099 593 2159 Creatorem.
641 2099 795 2167 Quod
841 2100 990 2156 enim
1029 2100 1491 2174 Psalmograpbus
1521 2100 1589 2157 de
1616 2109 1865 2157 creatura

263 2190 402 2247 dixit
449 2191 626 2262 (Psal.
678 2205 843 2260 xvur,
875 2190 957 2261 5),
1014 2190 1121 2246 hoc
1162 2191 1460 2263 Apostolus
1503 2190 1570 2247 de
1619 2205 1863 2264 evange-

262 2281 417 2352 listis,
448 2280 580 2354 quia
609 2279 810 2354 ubique
837 2281 1025 2338 audita
1048 2289 1151 2350 est,
1183 2289 1238 2338 et
1268 2281 1518 2354 pervenit
1550 2282 1608 2338 in
1632 2299 1854 2339 omnem

264 2374 438 2432 locum
486 2372 805 2446 praedicatio
855 2374 1099 2430 nominis
1129 2374 1356 2432 Christi.
1391 2375 1494 2432 Ubi
1523 2375 1671 2431 enim
1704 2392 1854 2447 pra:-

261 2465 430 2522 sentia
477 2463 722 2522 hominis
755 2462 1106 2537 praedicantis
1146 2464 1343 2532 defuit,
1395 2481 1562 2521 sonus
1590 2472 1772 2520 tamen
1801 2470 1856 2520 et

262 2553 400 2611 fama
443 2554 721 2627 pervenit,
770 2553 915 2611 sicut
969 2560 1290 2625 pervenerat
1336 2553 1525 2626 opinio
1584 2555 1856 2611 factarum

261 2645 527 2703 virtutum
561 2647 619 2703 in
657 2646 902 2718 Egypto
945 2644 1012 2700 ad
1042 2661 1234 2702 omnes
1261 2653 1468 2717 gentes,
1497 2653 1635 2702 teste
1666 2645 1856 2703 Rabab

262 2737 562 2794 meretrice.
590 2736 647 2792 Si
695 2736 842 2792 enim
873 2735 929 2790 in
959 2750 1178 2791 omnem
1220 2735 1401 2791 locum
1435 2735 1709 2809 pervenit,
1745 2752 1856 2792 non

260 2833 557 2896 potuerunt
596 2843 706 2883 non
747 2826 938 2884 audire
983 2825 1159 2882 Judaei
1207 2827 1564 2897 apostolicam
1597 2826 1855 2898 praedica-

262 2913 462 2972 tionem
499 2934 514 2982 ;
575 2925 634 2972 ut
686 2933 848 2973 nemo
894 2931 964 2971 ex
1011 2914 1102 2970 his
1147 2922 1440 2972 excusatus
1467 2916 1595 2971 sita
1623 2915 1856 2972 crimine

260 3003 606 3063 difﬁdentiae.

327 3095 516 3167 (Vers.
551 3096 663 3166 l9.)
708 3120 724 3142 ι
774 3094 877 3150 Sed
909 3094 1035 3150 dico
1069 3110 1080 3148 :
1111 3092 1393 3166 Numquid
1414 3093 1576 3149 Israel
1608 3108 1717 3148 non
1752 3109 1855 3149 co-

253 3183 495 3253 gnovit?
522 3209 540 3232 ι
592 3185 708 3239 Hoc
734 3192 837 3250 est,
868 3182 1200 3255 cognovitne
1219 3184 1246 3240 7
1265 3182 1395 3255 quia
1417 3199 1512 3254 per
1541 3182 1854 3254 supradicta

261 3271 587 3329 testimonia
629 3287 801 3345 genus
830 3272 993 3327 Israel
1040 3272 1444 3329 incredulitatis
1472 3289 1633 3330 causa
1661 3274 1860 3347 arguit,

263 3379 391 3418 cum
430 3362 621 3420 dolore
669 3361 736 3418 de
765 3363 1022 3418 omnibus
1049 3363 1310 3420 Israelitis
1337 3364 1492 3436 queri
1525 3363 1810 3419 videretur
1846 3382 1857 3419 :

266 3468 372 3507 non
402 3459 568 3524 negat
591 3451 754 3507 Israel
786 3451 1109 3522 cognovisse
1139 3459 1192 3507 et
1225 3462 1534 3509 assecutum
1567 3469 1684 3510 esse
1713 3454 1860 3527 quod

263 3538 340 3595 illi
382 3540 714 3613 promissum
745 3539 923 3595 fuerat
953 3539 1010 3594 in
1045 3540 1194 3612 lege:
1239 3541 1333 3596 sed
1377 3557 1501 3597 eum
1533 3544 1628 3615 qui
1659 3544 1860 3615 spiritu

263 3630 427 3702 magis
471 3631 636 3686 Israel
679 3637 760 3685 est
809 3646 972 3703 quam
1001 3647 1184 3699 carne,
1217 3648 1382 3706 quem
1415 3641 1469 3688 et
1507 3635 1652 3689 Deus
1682 3651 1859 3707 praes-

263 3720 421 3778 cierat
464 3721 830 3780 crediturum.
878 3721 1082 3779 Omnes
1129 3723 1280 3779 enim
1309 3723 1626 3792 audierunt,
1661 3734 1714 3783 et
1744 3741 1857 3782 non

265 3824 445 3868 omnes
473 3810 836 3868 crediderunt
864 3828 878 3877 ;
913 3810 1068 3868 ideo:

341 3927 358 3948 ι
395 3903 624 3960 Primus
639 3903 854 3974 Moyses
873 3901 1010 3959 dicit
1044 3918 1055 3954 :
1089 3901 1145 3958 in
1173 3903 1390 3960 cantico
1419 3901 1853 3959 Deuteronomii:

277 4011 294 4036 ε
327 3992 438 4067 Ego
456 3994 532 4050 ad
556 3993 963 4049 aemulationem
994 4008 1094 4048 vos
1114 3991 1382 4048 adducam
1406 3992 1464 4048 in
1486 4007 1596 4047 non
1619 3999 1856 4063 gentem,

266 4078 317 4136 in
345 4094 563 4156 gentem
621 4082 997 4156 insipientem,
1031 4083 1087 4138 in
1123 4084 1258 4138 iram
1294 4099 1392 4139 vos
1418 4083 1631 4138 mittam
1666 4083 1853 4154 (Deut.

265 4185 433 4244 xxxii,
463 4175 589 4243 21).
623 4198 642 4222 ›
695 4171 1039 4246 Indignantis
1068 4173 1234 4228 verba
1266 4182 1414 4240 sunt,
1447 4180 1670 4246 propter
1709 4171 1857 4245 quod

262 4277 461 4337 semper
489 4263 811 4320 diﬂidentes
864 4263 1076 4320 inventi
1108 4271 1239 4319 sunt
1267 4262 1441 4319 Iudaei
1469 4279 1480 4318 :
1513 4270 1568 4319 et
1597 4261 1858 4318 omnibus

260 4353 411 4409 malis
440 4355 566 4425 (57)
596 4369 763 4410 unam
794 4353 1038 4423 assignat
1076 4352 1482 4424 generationem
1509 4360 1562 4408 et
1593 4367 1814 4408 causam
1839 4367 1852 4418 ;

258 4438 383 4497 dum
413 4451 711 4515 praesentes
760 4443 1029 4514 increpat,
1063 4440 1267 4498 ibidem
1301 4441 1476 4512 tangit
1506 4441 1680 4514 magis
1709 4441 1856 4496 futu-

258 4543 360 4599 ros,
390 4531 458 4587 ad
483 4548 629 4606 quos
660 4531 766 4588 hoc
787 4531 1041 4604 pertinet.
1072 4530 1334 4587 Omnium
1351 4531 1498 4586 enim
1524 4529 1723 4585 horum
1745 4545 1857 4584 una

1976 1948 2139 2005 ﬁdem
2173 1965 2188 2014 ;
2221 1949 2316 2009 89
2363 1960 2488 2000 nam
2520 1942 2684 1999 Israel
2737 1958 2902 1998 verus
2932 1951 2985 1998 et
3027 1940 3330 2014 spiritualis
3357 1955 3438 2002 εει
3481 1941 3576 2020 qui

1974 2045 2247 2104 credendo
2302 2044 2454 2101 videt
2508 2045 2704 2099 Deum.
2764 2043 2894 2098 Tota
2950 2041 3052 2106 die,
3111 2055 3323 2112 semper
3371 2037 3576 2110 signiﬁ-

1973 2142 2104 2200 cat;
2161 2149 2376 2205 semper
2439 2131 2586 2188 enim
2637 2128 2872 2202 correpti
2933 2135 3081 2184 sunt.
3140 2127 3432 2198 Pr0pterea
3481 2122 3578 2178 in-

1973 2232 2271 2298 crepantur
2340 2239 2453 2278 non
2529 2219 2843 2286 credituri;
2899 2225 2961 2273 ut
3031 2217 3208 2274 sciant
3277 2215 3406 2288 quia
3470 2213 3574 2286 ipsi

1971 2315 2076 2372 sibi
2106 2331 2269 2372 causa
2300 2319 2429 2370 sunt
2476 2308 2826 2386 perditionis.
2858 2308 2922 2364 Ρ(
2937 2315 3041 2364 test
3063 2306 3167 2365 hoc
3192 2313 3243 2363 et
3273 2305 3340 2362 de
3373 2305 3576 2362 Salva-

1969 2414 2086 2462 tore
2128 2404 2324 2477 accipi,
2378 2403 2471 2477 qui
2504 2403 2561 2458 in
2609 2417 2772 2459 cruce
2804 2397 3046 2457 extensis
3083 2396 3357 2464 manibus,
3392 2396 3574 2451 inter-

1969 2495 2272 2553 ﬁcientium
2313 2511 2371 2551 se
2395 2501 2684 2567 peccatum
2717 2489 2918 2563 arguit.
2953 2489 3127 2547 Causa
3155 2488 3302 2544 enim
3331 2487 3428 2542 illa
3452 2485 3575 2542 cla-

1968 2597 2080 2644 mat
2127 2588 2450 2643 sceleratum
2495 2584 2711 2640 facinus
2757 2581 3072 2636 Iudaeorum
3113 2579 3384 2651 superius,
3427 2575 3575 2650 quod

1966 2694 2133 2733 ausus
2185 2677 2258 2733 sit
2313 2674 2496 2730 dicere
2548 2673 2716 2728 Isaias
2770 2671 2840 2752 de
2894 2669 2983 2736 iis,
3041 2669 3132 2742 qui
3189 2669 3289 2724 Dei
3356 2668 3576 2722 fuerant

1967 2766 2205 2834 inimici,
2261 2760 2504 2820 ostendit
2559 2761 2660 2816 hos
2710 2759 2916 2815 amicos
2969 2759 3231 2814 futuros:
3275 2764 3329 2810 et
3357 2772 3449 2810 eos
3477 2754 3573 2826 qui

1966 2856 2228 2914 Israelita
2287 2853 2634 2920 dicebantur,
2697 2857 2920 2924 propter
2985 2847 3133 2922 quod
3191 2844 3566 2902 inobedientes

1966 2955 2143 3015 erant,
2179 2953 2240 3002 ut
2267 2943 2526 3000 inimicos
2554 2939 2913 3013 abjiciendos.

2588 3069 2819 3128 CAPUT
2857 3068 2956 3126 XI.

2047 3184 2228 3255 (Vers.
2263 3181 2341 3254 1.)
2395 3203 2414 3227 ι
2461 3178 2598 3237 Dico
2627 3177 2796 3250 igitur
2828 3193 2840 3230 :
2875 3173 3158 3248 Numquid
3187 3171 3391 3246 repulit
3419 3176 3565 3232 Deus

1975 3273 2349 3330 hereditatem
2395 3285 2545 3326 suam
2579 3269 2608 3324 ‘P
2637 3266 2815 3323 Absit.
2843 3290 2862 3312 ι
2925 3265 3065 3333 Quia
3114 3265 3373 3336 populum
3405 3266 3567 3321 Israel

1974 3363 2320 3421 incredulum
2354 3359 2618 3427 ostendit,
2645 3367 2781 3415 tunc
2808 3371 2877 3410 ne
2914 3371 3135 3411 omnem
3167 3354 3331 3410 Israel
3360 3353 3569 3411 dixisse

1972 3453 2311 3512 diﬂidentem
2400 3456 2705 3522 putaretur,
2786 3444 3028 3502 ostendit
3109 3459 3219 3499 non
3305 3442 3568 3516 repulisse

1971 3548 2145 3602 Deum
2203 3540 2577 3598 hereditatem
2631 3552 2783 3593 suam
2826 3551 2988 3608 quam
3048 3531 3346 3606 praescivit,
3379 3533 3434 3588 id
3463 3540 3564 3601 est,

1971 3636 2114 3692 ﬁlios
2160 3633 2395 3691 Abrahae
2439 3646 2577 3704 quos
2607 3613 2796 3684 ﬁdeles
2843 3624 2951 3682 sibi
2999 3625 3216 3680 futuros
3245 3623 3426 3679 scivit.
3459 3623 3569 3678 Nec

1968 3725 2114 3781 enim
2167 3723 2284 3796 (58)
2313 3720 2656 3794 promitteret
2679 3717 2760 3773 eis
2803 3731 3054 3788 regnum,
3080 3713 3124 3770 si
3156 3713 3318 3771 sciret
3348 3713 3566 3768 nullum

1967 3830 2037 3870 ex
2083 3813 2153 3869 iis
2198 3812 2566 3869 crediturum.
2615 3805 2919 3863 Haereditas
2962 3820 3089 3874 ergo
3139 3801 3368 3859 Domini
3403 3800 3568 3873 juxta

1969 3903 2166 3974 Legem
2199 3901 2300 3956 ﬁlii
2332 3908 2462 3956 sunt
2490 3897 2746 3964 Abrahae,
2778 3894 2874 3951 sed
2903 3892 3205 3951 credentes.

2053 4017 2072 4041 ι
2113 3993 2249 4048 Nam
2277 4000 2331 4048 et
2373 4007 2470 4066 ego
2503 3988 2747 4046 Israelita
2786 4003 2930 4054 sum,
2963 4000 3032 4040 ex
3071 3981 3280 4039 semine
3309 3977 3563 4044 Abrahae,

1968 4083 2035 4140 de
2063 4083 2216 4139 tribu
2261 4080 2569 4153 Benjamin.
2615 4105 2634 4127 ι
2695 4076 2968 4148 Exemplo
3014 4089 3114 4130 suo
3151 4070 3312 4125 docet
3355 4071 3564 4136 partem

1967 4175 2128 4232 Israel
2189 4174 2475 4240 salvatam,
2525 4187 2688 4244 quam
2736 4164 3017 4242 prsescivit
3046 4165 3192 4218 Deus
3220 4154 3562 4223 salvandam,

1966 4268 2061 4324 alit
2100 4265 2281 4322 adhuc
2326 4279 2483 4335 posse
2527 4259 2728 4317 salvari
2768 4277 2779 4314 :
2812 4265 2868 4312 et
2911 4259 3122 4326 partem
3153 4248 3315 4306 Israel
3345 4254 3566 4322 propter

1959 4355 2146 4429 jugem
2175 4351 2541 4409 difﬁdentiam
2575 4343 2874 4421 perditioni
2905 4341 3240 4413 deputatam.

2039 4445 2220 4518 (Vers.
2245 4442 2327 4514 2.)
2373 4439 2526 4495 cNon
2559 4436 2763 4510 repulit
2789 4436 2935 4490 Deus
2964 4431 3174 4505 plebem
3198 4445 3375 4498 suam,
3397 4444 3564 4502 quam

1966 4533 2244 4606 przescivit
2295 4557 2312 4580 ι
2357 4531 2472 4587 Ηοο
2500 4535 2600 4596 est,
2643 4525 2792 4601 quod
2822 4523 2960 4581 dicit
2989 4522 3276 4579 Salvator:
3323 4543 3343 4566 ε
3382 4519 3560 4585 Pater,

259 4616 534 4679 damnatio
560 4631 644 4678 est
669 4622 716 4677 si
748 4628 1068 4694 permanent
1099 4619 1157 4675 in
1185 4619 1514 4677 diﬁidentia.
1547 4617 1854 4675 [Emulatio
1886 4619 1935 4678 D
1969 4640 2108 4698 quos
2133 4622 2334 4678 dedisti
2363 4619 2522 4688 mihi,
2553 4616 2854 4685 custodivi,
2887 4623 2940 4671 et
2970 4629 3132 4669 nemo
3153 4627 3223 4667 ex
3253 4609 3342 4665 his
3377 4608 3559 4681 periit,

257 4725 374 4784 ergo
401 4713 516 4772 illis
577 4719 707 4769 nata
731 4721 812 4770 est
843 4711 1183 4781 invidentia,
1217 4712 1348 4769 dum
1396 4711 1588 4768 vident
1617 4717 1854 4784 gentem,

259 4813 368 4871 quae
395 4803 558 4875 prius
585 4803 715 4876 quia
741 4802 980 4859 sineDeo
995 4801 1122 4870 fuit,
1137 4817 1301 4859 sensu
1333 4801 1495 4858 bruta
1518 4808 1652 4870 erat,
1681 4803 1856 4858 Deum

257 4912 406 4957 suum
448 4901 749 4976 appellare,
801 4900 896 4974 qui
949 4901 1124 4957 fuerat
1173 4900 1486 4958 Iudaeorum
1513 4918 1527 4969 ;
1559 4907 1614 4956 et
1643 4898 1855 4956 donum

256 4984 360 5044 illis
400 4990 737 5064 promissum
785 5005 901 5046 esse
947 4998 1272 5058 assecutam,
1317 5005 1412 5062 per
1459 5006 1620 5062 quam
1672 4989 1853 5046 zelum

256 5081 390 5148 passi
418 5079 711 5140 iracundia
729 5079 1193 5147 distenderentur,
1228 5087 1290 5136 ut
1318 5078 1545 5136 malitiae
1577 5089 1632 5137 et
1661 5079 1854 5136 incre-

255 5164 500 5229 dulitatis
567 5187 680 5227 suae
733 5166 1012 5224 mercedes
1058 5169 1426 5227 exsolverent.
1491 5169 1656 5226 Nulla
1701 5167 1850 5224 enim

256 5271 334 5314 res
371 5259 450 5319 sic
487 5259 769 5319 consumit
824 5257 1130 5326 hominem,
1175 5267 1238 5314 ut
1293 5261 1466 5329 zelus,
1513 5275 1676 5334 quem
1725 5256 1852 5314 ideo

256 5343 389 5405 Deus
446 5351 688 5406 ultorem
755 5348 940 5421 posuit
998 5347 1425 5418 incredulitatis,
1484 5349 1615 5423 quia
1687 5362 1850 5421 grave

257 5446 529 5504 peccatum
575 5447 678 5497 est.
721 5439 858 5499 Nam
902 5453 1117 5512 semper
1164 5436 1222 5494 in
1265 5437 1403 5494 iram
1453 5439 1609 5496 missi
1649 5438 1718 5495 ad
1748 5453 1847 5494 nos

321 5695 436 5766 (57)
469 5696 632 5756 Corb.
663 5697 860 5765 codex,
882 5696 1082 5756 inventi
1109 5701 1252 5754 sunt.
1280 5695 1346 5754 In
1373 5694 1573 5752 Judwis
1603 5700 1652 5751 et
1677 5696 1844 5752 omni-

258 5761 344 5822 bus
370 5761 549 5840 mulis,
569 5778 674 5828 etc.

1969 4711 2076 4770 nisi
2101 4711 2251 4767 ﬁlius
2267 4709 2591 4781 perditionis
2607 4709 2788 4780 (Joan.
2811 4721 2952 4772 xvu,
2980 4702 3091 4774 12),
3111 4727 3129 4749 ι
3169 4702 3250 4757 lta
3263 4706 3317 4756 et
3339 4699 3397 4754 hi
3425 4715 3563 4772 quos

1968 4801 2246 4876 praescivit
2273 4802 2418 4856 Deus
2444 4798 2774 4862 credituros,
2816 4809 2980 4849 nemo
3006 4808 3076 4848 ex
3097 4789 3184 4847 his
3197 4790 3562 4864 promissione

1966 4891 2220 4966 repulsus
2266 4897 2383 4957 est;
2420 4886 2550 4962 quia
2595 4885 2675 4944 sic
2725 4886 2932 4942 factum
2977 4889 3082 4951 est,
3113 4881 3257 4938 sicut
3284 4878 3562 4953 praescivit
3654 4956 3664 4968 .

1964 4985 2110 5040 Deus
2132 4982 2402 5037 futurum.

2038 5073 2221 5147 (Vers.
2255 5071 2310 5138 3,
2341 5069 2421 5143 4.)
2469 5093 2486 5116 ι
2515 5070 2602 5124 An
2633 5065 2858 5124 nescitis
2877 5080 2914 5121 n
2934 5063 3059 5120 Elia
3083 5059 3217 5136 quid
3243 5060 3379 5118 dicit
3404 5059 3559 5132 Scri-

1962 5172 2145 5236 ptura,
2179 5159 2457 5234 quomodo
2505 5158 2746 5232 postulat
2770 5158 2945 5214 Deum
2975 5161 3168 5212 contra
3196 5151 3359 5210 Israel
3383 5151 3409 5206 ?
3438 5151 3560 5206 Do-

1961 5257 2130 5324 mine,
2181 5253 2474 5328 prophetas
2503 5261 2627 5310 tuos
2663 5249 3011 5314 occiderunt,
3060 5246 3254 5304 altaria
3290 5253 3387 5300 tua
3410 5241 3557 5297 eﬁ'o-

1958 5346 2203 5403 derunt:
2254 5353 2309 5401 et
2371 5360 2469 5417 ego
2526 5341 2755 5399 relictus
2801 5356 2924 5398 sum
2974 5338 3146 5404 solus,
3205 5342 3258 5392 et
3305 5333 3558 5417 quaerunt

1957 5439 2197 5495 animam
2245 5415 2423 5492 meam
2469 5434 2583 5507 (ιιι
2624 5434 2747 5506 Reg.
2794 5446 2916 5500 xxx,
2964 5428 3077 5499 ιο).
3121 5423 3225 5482 Sed
3258 5418 3391 5494 quid
3422 5415 3558 5475 dicit

2028 5693 2146 5766 (58)
2165 5691 2328 5750 Corb.
2362 5705 2514 5756 mss.,
2537 5701 2697 5760 quam
2711 5672 3228 5756 promisitAbrahw.
3262 5671 3364 5730 Nec
3391 5677 3548 5743 enim,

1962 5771 2068 5826 etc.
