4136 6194
502 325 603 384 155
1499 325 1596 381 AD
1637 323 1872 382 OPERA
1909 323 1964 380 S.
2011 322 2347 382 AMBROSII
2385 325 2766 384 APPENDIX.
3699 332 3800 392 156

498 458 584 516 illi
609 473 929 530 responsum
959 455 1212 513 divinum
1230 455 1488 529 ?Reliqui
1508 455 1646 512 mihi
1676 465 1882 529 septem
1905 456 2080 513 millia
2110 459 2161 518 A
2192 458 2611 517 retributionem
2634 461 2765 518 illis.
2793 459 3172 518 Obscurentur
3190 461 3336 517 oculi
3361 477 3576 532 eorum,
3600 471 3664 520 ut
3687 483 3798 525 non

499 549 766 617 virorum,
791 546 885 620 qui
905 563 1016 604 non
1039 554 1411 604 curvaverant
1431 562 1607 618 genua
1627 554 1752 602 ante
1776 547 1901 602 Baal
1936 548 2088 616 (Ibid.

503 637 615 710 18).
649 664 666 687 ι
708 638 913 710 Aperta
939 645 1068 693 sunt
1095 637 1242 704 hac;
1286 635 1527 693 ostendit
1560 635 1709 692 enim
1764 653 1874 692 non
1913 638 2091 692 solum

500 728 681 786 Eliam
712 726 1056 795 remansisse,
1088 726 1180 800 qui
1212 726 1446 784 devotus
1473 728 1608 795 Deo,
1638 741 1754 782 non
1784 724 2095 782 adoraverit

502 818 649 878 idola
682 835 693 872 :
732 816 827 873 sed
851 825 904 873 et
932 817 1154 884 multos,
1188 817 1282 890 qui
1304 817 1361 871 in
1393 815 1498 871 ﬁde
1518 816 1613 871 Dei
1646 823 2093 888 permanserunt,

502 911 646 968 sicut
671 918 725 965 et
754 926 822 965 ex
873 908 1074 966 Judais
1106 925 1214 964 non
1244 908 1403 982 pauci
1435 908 1809 964 crediderunt.
1844 908 1987 964 Huic
2017 908 2095 964 rei

502 1008 555 1057 et
602 999 831 1055 historia
876 999 1164 1069 congruit;
1199 999 1329 1072 quia
1383 997 1541 1053 multi
1573 1014 1668 1069 per
1697 998 1983 1070 speluncas
2011 1014 2097 1054 oc-

501 1097 696 1154 cultati
725 1103 853 1151 sunt
886 1096 1006 1166 (III
1033 1098 1154 1167 Reg.
1187 1114 1351 1163 xvm,
1374 1095 1430 1167 4)
1455 1105 1676 1168 propter
1697 1096 1887 1154 Achab
1917 1112 2097 1168 regem

501 1187 780 1254 Samaria,
829 1195 881 1240 et
924 1186 1137 1241 Jezabel
1186 1202 1416 1241 uxorem
1463 1185 1601 1257 ejus,
1647 1186 1742 1259 qui
1770 1186 2098 1258 pseudopro-

500 1277 682 1351 phetis
723 1276 1023 1344 credentes,
1056 1277 1154 1333 Dei
1197 1277 1489 1349 prophetas
1519 1278 2012 1350 persequebantur,
2045 1284 2100 1335 et

503 1369 768 1442 populum
799 1368 866 1425 ad
897 1367 1269 1426 idololatriam
1301 1367 1684 1423 hortabantur.

578 1458 759 1529 (Vers.
789 1457 870 1530 5.)
917 1481 934 1503 ι
966 1457 1055 1514 Sic
1084 1457 1252 1529 igitur
1271 1464 1324 1511 et
1356 1457 1411 1511 in
1443 1457 1547 1512 hoc
1578 1466 1820 1530 tempore
1851 1458 2100 1530 reliquiae

505 1548 806 1608 secundum
866 1549 1189 1605 electionem
1238 1548 1444 1620 gratia,
1503 1548 1667 1602 salva
1697 1547 1852 1603 facta
1886 1557 2034 1607 sunt.
2070 1577 2087 1600 ι

505 1640 620 1695 Hoc
658 1645 758 1706 est,
788 1637 884 1705 ita,
913 1638 1115 1710 inquit,
1145 1646 1197 1692 et
1218 1652 1366 1693 nunc
1383 1635 1440 1691 hi
1472 1646 1856 1694 remanserunt
1880 1639 1935 1694 in
1968 1640 2101 1712 legis

505 1728 889 1800 promissione,
921 1725 1300 1782 recedentibus
1324 1725 1531 1794 multis,
1560 1743 1698 1799 quos
1727 1736 1852 1784 ante
1886 1731 2101 1801 praesci-

2203 547 2448 615 videant,
2481 559 2534 606 et
2577 549 2804 606 dorsum
2847 551 3071 606 illorum
3102 566 3315 622 semper
3347 549 3579 607 incurva
3623 555 3798 626 (Psal.

2203 655 2357 704 var,
2373 639 2462 707 23,
2482 639 2598 710 24).
2616 665 2632 687 ι
2664 641 2792 697 Ideo
2815 657 3057 697 mensam
3077 640 3356 696 maledicit
3376 641 3802 718 malorum,quia

2206 727 2322 786 illic
2342 729 2519 800 decipi
2550 731 2726 786 solent
2743 731 3090 797 innocentes;
3125 730 3253 786 dolo
3269 730 3416 786 enim
3438 743 3708 790 vocantur
3731 735 3801 794 ad

2205 821 2547 888 convivium,
2569 829 2630 877 ut
2652 822 3012 894 perimantur.
3037 821 3176 889 Quia
3199 822 3280 878 sic
3310 830 3363 879 et
3392 824 3632 880 Ammon
3653 824 3804 882 ﬁlius

2206 910 2383 967 David
2404 910 2663 984 deceptus
2685 920 2765 968 est
2787 930 2819 968 a
2834 913 2999 968 fratre
3020 929 3117 968 suo
3141 911 3380 968 Absalon
3406 913 3495 984 (II
3518 915 3641 986 Reg.
3675 932 3800 986 χιιι,

2206 1001 2324 1072 27),
2357 1009 2410 1056 et
2447 1001 2717 1072 malignus
2768 1001 3145 1073 Holophernes
3175 1018 3269 1074 per
3303 1002 3526 1074 epulum
3557 1015 3803 1062 sanctam

2207 1090 2398 1147 Judith
2427 1091 2645 1163 putavit
2674 1109 2730 1147 se
2769 1108 2925 1163 posse
2963 1091 3215 1164 decipere
3266 1092 3475 1162 (Iudith
3504 1110 3608 1162 ΧΠ,
3642 1095 3719 1166 1),
3752 1102 3807 1153 et

2209 1180 2268 1236 in
2317 1196 2504 1235 mensa
2553 1181 2800 1236 scelerati
2851 1181 3084 1237 Herodis
3123 1180 3420 1236 saevierunt
3467 1183 3697 1254 maligni
3747 1184 3807 1240 in

2209 1278 2372 1340 caput
2419 1269 2646 1325 Joannis
2691 1269 2968 1342 propheta
3011 1269 3128 1341 (62)
3180 1269 3374 1341 (Marc.
3407 1288 3485 1338 v1,
3504 1272 3619 1342 28).
3653 1273 3808 1331 Unus

2210 1375 2399 1415 sensus
2455 1367 2537 1414 est
2593 1359 2829 1416 duorum
2896 1360 3289 1432 prophetarum
3345 1361 3413 1418 de
3481 1361 3799 1434 bujusmodi

2211 1448 2551 1517 hominibus,
2577 1450 2669 1523 qui
2687 1450 2754 1505 ab
2779 1450 2942 1507 initio
2965 1449 3093 1506 ﬁdei
3119 1461 3173 1507 et
3198 1461 3563 1524 repugnantes
3588 1452 3808 1510 inventi

2211 1547 2339 1594 sunt
2379 1537 2559 1594 hostes
2589 1538 2886 1595 bonorum.
2916 1538 3020 1596 Sed
3067 1539 3241 1612 aliqui
3272 1539 3498 1596 illorum
3529 1540 3808 1598 emendati

2211 1635 2339 1682 sunt
2383 1636 2437 1684 et
2481 1627 2736 1694 correcti,
2768 1628 2896 1685 licet
2941 1628 3090 1684 tarde
3125 1648 3136 1685 :
3171 1629 3395 1702 quidam
3427 1647 3560 1686 vero
3586 1630 3646 1685 in
3676 1647 3811 1704 per—

2212 1717 2413 1773 tinacia
2458 1725 2763 1785 manentes,
2815 1718 3163 1774 severitatem
3209 1719 3495 1776 sententia
3525 1737 3635 1777 non
3665 1738 3808 1779 eva-

507 1819 590 1875 vit
617 1821 780 1876 Deus.
829 1816 935 1882 Qui
970 1815 1119 1870 enim
1147 1823 1502 1887 susceperunt
1543 1815 1825 1873 Christum
1856 1818 2008 1890 quasi
2043 1819 2100 1875 in

2218 1815 2401 1865 serunt
2447 1809 2508 1864 in
2555 1816 2881 1882 perpetuum
2928 1809 3166 1877 curvati,
3219 1809 3325 1867 hoc
3364 1819 3466 1878 est,
3507 1812 3804 1880 excacati;

507 1910 624 1981 lege
667 1907 1022 1982 promissum,
1081 1905 1121 1960 ii
1176 1904 1233 1959 in
1273 1905 1387 1977 lege
1442 1913 1709 1960 steterunt
1744 1924 1755 1961 :
1792 1908 1885 1981 qui
1918 1917 2102 1966 autem

507 2013 620 2052 non
651 1996 810 2051 illum
843 2002 1185 2067 receperunt,
1225 2012 1255 2050 a
1285 1995 1399 2066 lege
1426 2001 1784 2052 recesserunt.
1819 1995 1947 2054 Ideo
1975 2015 2102 2056 cre—

506 2085 695 2143 dentes
737 2084 982 2160 reliquia
1027 2083 1310 2154 dicuntur,
1364 2084 1469 2144 hoc
1511 2091 1612 2155 est,
1672 2095 2017 2144 remanentes
2045 2089 2103 2145 in

508 2177 641 2249 lege.

580 2265 761 2336 (Vers.
792 2265 872 2337 6.)
929 2289 946 2312 ι
975 2265 1034 2321 Si
1079 2269 1260 2320 autem
1289 2261 1482 2335 gratia,
1509 2261 1624 2335 jam
1665 2279 1776 2320 non
1805 2279 1874 2318 ex
1904 2264 2103 2336 operi-

508 2354 629 2410 bus.
665 2379 682 2401 ι
747 2353 1098 2409 Manifestum
1131 2359 1212 2408 est
1267 2351 1400 2425 quia
1428 2351 1600 2423 gratia
1627 2351 1835 2408 donum
1869 2353 1967 2410 Dei
1997 2362 2102 2422 est,

513 2459 624 2499 non
680 2442 865 2499 debita
907 2459 1113 2498 merces
1171 2441 1448 2513 operibus,
1477 2441 1572 2496 sed
1601 2443 1840 2514 gratuita
1869 2443 2102 2512 ratione,

510 2531 885 2589 misericordia
906 2531 1326 2599 interveniente,
1363 2548 1636 2588 concessa.

595 2646 613 2668 ε
653 2623 917 2695 Alioquin
945 2623 1117 2694 gratia
1129 2621 1244 2694 jam
1269 2638 1378 2679 non
1409 2631 1492 2677 est
1513 2623 1705 2694 gratia.
1730 2647 1748 2670 ι
1792 2621 1997 2678 Verum
2023 2628 2105 2679 est

511 2712 639 2784 quia
668 2711 713 2768 si
747 2729 951 2768 merces
979 2721 1080 2780 est,
1124 2728 1236 2767 non
1267 2720 1348 2768 est
1379 2712 1581 2784 gratia:
1615 2711 1710 2768 sed
1741 2711 1872 2785 quia
1905 2729 2107 2769 merces

511 2819 622 2859 non
676 2812 776 2871 est,
830 2803 947 2859 sine
977 2802 1148 2859 dubio
1189 2803 1360 2874 gratia
1406 2812 1487 2858 est
1519 2821 1532 2870 ;
1567 2802 1696 2875 quia
1727 2803 1944 2858 veniam
1975 2803 2106 2860 dare

511 2892 863 2966 peccantibus
901 2909 1012 2948 non
1059 2901 1141 2949 est
1187 2892 1338 2948 aliud
1378 2885 1540 2964 quam
1582 2893 1754 2964 gratia
1787 2911 1797 2947 :
1829 2901 1884 2948 et
1914 2893 1983 2949 iis
2012 2893 2104 2966 qui

512 2999 625 3038 non
668 2982 955 3054 requirunt
1001 2980 1140 3052 (59),
1185 2981 1277 3036 sed
1326 2980 1556 3036 offertur
1593 2981 1729 3048 illis,
1761 2989 1823 3036 ut
1858 2981 2103 3038 credant.

513 3071 730 3142 Duplex
778 3087 903 3141 ergo
939 3070 1110 3141 gratia
1138 3078 1240 3138 est,
1270 3071 1401 3143 quia
1431 3070 1536 3125 hoc
1562 3070 1824 3141 competit
1853 3072 1986 3138 Deo,
2014 3070 2108 3143 qui

513 3161 756 3218 abundat
801 3160 1211 3228 misericordia;
1261 3169 1323 3218 ut
1371 3168 1424 3216 et
1465 3161 1730 3232 requirat,
1766 3177 1903 3233 quos
1943 3160 2110 3233 gratis
2147 3195 2190 3256 Ο

513 3260 685 3309 curet.

588 3341 770 3414 (Vers.
797 3339 875 3411 7.)
923 3365 941 3388 ι
969 3339 1113 3407 Quid
1142 3355 1269 3412 ergo
1286 3338 1314 3394 ?
1335 3338 1480 3411 quod
1502 3338 1779 3412 quaerebat
1795 3339 1983 3404 Israel,
2007 3338 2112 3394 hoc

513 3446 625 3486 non
666 3437 748 3487 est
787 3439 1102 3497 assecutus;
1141 3428 1336 3485 electio
1369 3438 1551 3484 autem
1585 3436 1879 3484 consecuta
1921 3428 2050 3484 est?
2078 3450 2096 3475 ι

515 3518 776 3578 Israelita
806 3520 845 3575 ii
874 3520 1119 3576 carnales
1149 3526 1297 3586 sunt,
1333 3517 1430 3590 qui
1460 3533 1528 3571 ex
1559 3516 1818 3587 operibus
1846 3517 1980 3588 legis
2011 3514 2115 3586 ju-

515 3609 740 3666 stiticari
787 3625 842 3664 se
890 3616 1162 3680 putantes,
1195 3623 1304 3662 non
1352 3614 1482 3662 sunt
1511 3605 1717 3676 adepti,
1749 3613 1810 3660 ut
1845 3605 1981 3676 justi
2020 3622 2115 3661 es-

516 3705 638 3754 sent
678 3715 774 3770 per
803 3696 961 3753 ﬁdem
996 3697 1141 3770 apud
1183 3698 1378 3752 Deum.
1417 3695 1709 3766 Propterea
1751 3710 1878 3750 cum
1927 3710 2116 3751 omnes

517 3789 596 3846 rei
642 3789 754 3844 sint
797 3804 891 3860 per
923 3789 1133 3860 legem;
1181 3785 1310 3860 quia
1363 3811 1382 3833 ι
1426 3784 1753 3841 maledictus
1797 3784 1982 3840 omnis
2021 3784 2115 3858 qui

517 3894 628 3934 non
675 3877 1036 3950 permanserit
1081 3878 1138 3932 in
1180 3875 1458 3940 omnibus,
1492 3891 1612 3948 qua
1651 3877 1855 3946 scripta
1898 3882 2029 3930 sunt
2058 3873 2116 3929 in

518 3967 662 4025 libro
695 3966 847 4039 legis,
876 3973 935 4022 ut
981 3966 1147 4023 faciat
1189 3980 1306 4020 eam
1344 3964 1524 4033 (Deut.
1558 3979 1742 4031 xxvn,
1775 3962 1891 4033 26).
1934 3987 1953 4009 ι
2008 3962 2115 4028 Qui

517 4066 696 4116 autem
740 4073 836 4130 per
875 4056 1040 4113 ﬁdem
1075 4053 1368 4128 justiﬁcari
1416 4067 1472 4108 se
1512 4052 1660 4109 credi
1684 4053 1883 4118 lerunt,
1915 4067 2114 4107 cense-

519 4151 631 4206 cuti
665 4157 794 4205 sunt
837 4147 1184 4212 electionem,
1219 4152 1280 4200 ut
1304 4143 1591 4216 justiﬁcati
1636 4143 1736 4198 ﬁlii
1768 4143 1866 4199 Dei
1901 4142 2114 4210 ﬁerent,

520 4251 790 4293 memores
817 4238 1111 4308 Scriptura
1141 4233 1416 4292 dicentis:
1465 4258 1485 4282 ς
1524 4233 1666 4301 Quia
1693 4231 1877 4304 justus
1915 4247 1985 4287 ex
2013 4230 2120 4287 ﬁde

520 4323 664 4380 vivit
691 4323 914 4394 (Habac.
948 4341 1006 4391 ιι,
1041 4324 1122 4395 lt),
1153 4349 1170 4371 ι
1219 4323 1275 4380 id
1307 4331 1408 4392 est,
1446 4339 1556 4378 non
1591 4338 1662 4377 ex
1688 4323 1804 4393 lege
1837 4321 1976 4393 (60).

595 4411 778 4484 (Veis.
811 4410 864 4477 εἴ,
891 4412 944 4479 9,
971 4411 1083 4480 10.)
1117 4436 1134 4457 ι
1156 4410 1348 4467 Cateri
1372 4428 1503 4467 vero
1524 4411 1782 4466 excacati
1804 4417 1954 4476 sunt,
1979 4407 2121 4463 sicut

521 4502 785 4574 scriptum
809 4507 922 4567 est;
955 4523 972 4547 ι
1014 4499 1119 4555 hoc
1137 4499 1445 4570 subjectum
1468 4501 1525 4554 in
1547 4501 1686 4555 Isaia
1707 4499 1906 4571 legitur
1930 4517 1940 4554 :
1980 4524 1998 4546 ι
2021 4499 2119 4554 De-

523 4592 606 4649 dit
643 4592 756 4648 illis
782 4593 928 4649 Deus
945 4589 1200 4662 spiritum
1224 4589 1687 4661 compunctionis,
1711 4589 1900 4645 oculos
1921 4597 1983 4645 ut
2006 4603 2118 4644 non

524 4683 769 4751 videant,
792 4689 844 4737 et
873 4696 1031 4737 aures
1053 4686 1114 4735 ut
1134 4695 1244 4734 non
1268 4677 1495 4734 audiant
1516 4694 1688 4751 usque
1708 4677 1765 4734 in
1787 4677 2120 4734 hodiernum

524 4772 668 4829 diem
685 4773 819 4840 (Isa.
838 4788 916 4839 vr,
934 4771 1051 4843 9).»
1083 4796 1101 4818 ι
1119 4770 1190 4826 Et
1209 4768 1383 4825 David
1408 4767 1569 4825 dicit:
1591 4768 1711 4825 Fiat
1732 4783 1915 4823 mensa
1931 4784 2120 4824 eorum

525 4862 584 4918 in
605 4862 982 4935 laqueum,90
1004 4867 1058 4916 et
1072 4859 1131 4915 in
1152 4857 1543 4931 captionem,et
1562 4857 1620 4912 in
1640 4855 2042 4925 scaudalum,et
2058 4857 2120 4926 in

600 5015 716 5096 (59)
762 5015 922 5072 Rom.
954 5012 1125 5096 .edit_.,
1169 5028 1276 5096 non
1321 5010 1476 5096 aliud
1515 5027 1676 5080 quam
1713 5009 2119 5096 gratia‘estbis,

523 5082 618 5158 qui
662 5082 768 5162 non
803 5085 1158 5162 requirunt...
1199 5084 1421 5162 Imple?
1450 5099 1571 5162 ergo
1618 5082 1796 5162 gratia
1824 5088 1916 5162 est,
1952 5087 2001 5162 et
2031 5083 2123 5135 hoc

526 5153 766 5230 competit
793 5153 925 5222 Deo,
955 5162 1015 5210 ut
1050 5155 1169 5226 quis
1197 5153 1430 5230 abundet
1451 5153 1836 5220 misericordia,
1869 5160 1916 5207 et
1944 5159 2002 5207 ut
2030 5169 2124 5230 re-

526 5223 730 5302 quirat,
779 5235 884 5286 etc.
917 5245 930 5285 :
963 5223 1075 5285 vet:
1128 5234 1310 5284 autem
1346 5225 1478 5282 edit.
1533 5242 1594 5283 ac
1639 5240 1768 5280 mss.
1812 5233 1871 5280 ut
1914 5239 2014 5279 nos
2064 5223 2122 5278 in

528 5311 704 5359 textu.

603 5373 720 5446 (60)
777 5371 939 5446 corb.
993 5368 1188 5446 codex,
1233 5367 1516 5446 utfaciat
1564 5384 1643 5423 ea.
1692 5365 1944 5446 Quamvis
1992 5365 2124 5446 etsi

528 5437 800 5501 manerent
828 5445 892 5517 (in
933 5441 1172 5517 omnibus
1222 5437 1538 5517 Scripturis,
1578 5439 1717 5509 quod
1746 5438 1840 5517 vix
1872 5437 2126 5517 possibile

529 5524 622 5585 est,
666 5534 768 5588 non
807 5515 1233 5588 justiﬁeai‘eatur
1277 5509 1421 5588 apud
1452 5511 1619 5566 Deum
1639 5528 1654 5588 _:
1693 5509 1821 5588 quia
1851 5509 2033 5588 justus
2060 5527 2125 5588 ea;

530 5580 830 5717 (adscivit:
886 5580 988 5646 Ille
1038 5584 1175 5641 enim
1227 5580 1574 5655 ad—prwsens
1619 5580 1799 5652 justus
1856 5587 1931 5636 est
1980 5581 2126 5655 apud

583 5674 718 5714 eum.

583 5674 718 5714 eum.

2213 1921 2282 1959 ne
2325 1904 2392 1960 de
2426 1913 2622 1962 catero
2649 1905 2862 1977 possint
2892 1905 3140 1962 veritatis
3169 1907 3317 1961 viam
3347 1906 3588 1979 aspicere
3622 1905 3809 1980 (quam

2216 1994 2600 2051 malevolentia
2648 1994 2921 2067 aspernati
2969 1995 3207 2064 fuerant,
3238 1995 3579 2052 declinantes
3621 1996 3690 2053 ab
3719 1997 3807 2068 ea)

2213 2093 2267 2141 et
2299 2085 2366 2140 ad
2398 2085 2590 2142 salutis
2619 2084 2850 2157 gratiam
2882 2085 3168 2158 pervenire
3200 2086 3340 2157 (63).
3373 2085 3478 2152 Qui
3507 2085 3656 2142 enim
3682 2103 3809 2142 cum

2215 2174 2596 2243 intellexisset,
2662 2175 2882 2231 credere
2956 2175 3156 2243 noluit,
3217 2174 3274 2230 id
3333 2174 3495 2231 debet
3549 2176 3812 2250 consequi

2215 2264 2362 2337 quod
2394 2267 2554 2333 vult;
2605 2280 2674 2320 ne
2721 2265 2790 2321 de
2835 2274 3032 2321 caetero
3069 2264 3242 2338 possit
3272 2264 3436 2321 ﬁdem
3464 2264 3727 2338 recipere,
3756 2275 3812 2324 et

2213 2354 2432 2410 salvari.
2491 2355 2760 2426 Exempla.
2815 2353 2986 2427 igitur
3039 2354 3432 2427 prophetarum
3483 2354 3802 2427 supradicta

2215 2443 2491 2516 duplicem
2537 2444 2823 2501 continent
2866 2460 3125 2511 sensum;
3179 2443 3398 2499 duobus
3437 2443 3586 2500 enim
3636 2443 3816 2500 modis

2216 2533 2432 2590 decreta
2459 2541 2609 2602 sunt,
2643 2543 2698 2590 et
2726 2533 2948 2606 scripta.
2983 2534 3104 2589 Duo
3151 2532 3354 2590 etenim
3395 2549 3594 2605 genera
3622 2532 3816 2590 homi-

2215 2643 2349 2682 num
2384 2624 2477 2680 hic
2505 2623 2880 2680 continentur.
2917 2623 3098 2679 Unum
3128 2630 3210 2678 est
3234 2622 3380 2696 quod
3412 2623 3814 2680 malevolentia

2216 2733 2326 2771 sua
2364 2731 2526 2772 causa
2555 2721 2862 2770 excacatur
2899 2712 2958 2768 in
2989 2712 3406 2784 sempiternum,
3436 2729 3505 2769 ne
3531 2714 3810 2780 salvetur;

2217 2813 2346 2861 sunt
2393 2803 2596 2861 etenim
2653 2802 2902 2874 pessima
2960 2801 3284 2870 voluntatis,
3340 2817 3512 2874 usque
3565 2801 3701 2858 adeo
3754 2808 3818 2857 ut

2219 2895 2588 2966 intelligentes
2630 2892 2818 2948 dicant
2860 2907 2916 2947 se
2958 2891 3170 2948 nescire
3219 2890 3364 2964 quod
3411 2891 3665 2947 audiunt.
3699 2893 3818 2946 De-

2219 2985 2384 3058 nique
2427 2983 2684 3040 dicebant
2732 2981 2799 3038 de
2829 2981 3111 3037 Salvatore
3146 2998 3157 3036 :
3206 3005 3224 3028 ε
3254 2979 3394 3047 Quid
3433 2986 3514 3034 est
3543 2978 3690 3052 quod
3718 2978 3818 3034 di-

2217 3075 2342 3131 cit?
2388 3074 2674 3131 Nescimus
2720 3071 2854 3144 quid
2901 3071 3164 3143 loquitur.
3217 3069 3359 3137 Quid
3401 3085 3523 3126 eum
3571 3068 3818 3125 auditis?

2218 3163 2564 3219 Damonium
2609 3161 2794 3227 habet,
2823 3169 2877 3217 et
2923 3160 3129 3216 insanit
3173 3159 3354 3232 (Joan.
3388 3175 3448 3227 x,
3475 3157 3594 3230 20).
3628 3183 3647 3206 ι
3689 3157 3816 3213 Alia

2219 3264 2399 3311 autem
2431 3272 2554 3326 pars
2573 3270 2693 3326 qua
2721 3268 2848 3308 vere
2878 3253 3042 3307 Israel
3075 3258 3177 3316 est,
3207 3249 3624 3307 contradicebat
3653 3247 3765 3304 illis
3794 3266 3807 3303 :

2235 3368 2252 3391 ι
2303 3345 2428 3399 Haec
2455 3342 2621 3398 verba
2658 3358 2769 3397 non
2801 3348 2930 3396 sunt
2957 3339 3292 3396 damonium
3330 3337 3606 3394 habentis.
3634 3337 3817 3393 Num-

2223 3433 2354 3506 quid
2402 3432 2735 3489 damonium
2795 3438 2971 3503 potest
3027 3447 3298 3487 caecorum
3355 3429 3545 3486 oculos
3604 3428 3816 3501 aperire

2225 3523 2388 3595 (Ibid.
2421 3522 2512 3589 21)
2537 3522 2564 3577 7
2594 3546 2611 3567 ι
2655 3523 2798 3577 Dum
2831 3519 3153 3576 invidebant
3181 3536 3310 3592 ergo
3338 3519 3634 3586 Salxatori,
3668 3518 3815 3574 nole-

2205 3608 2355 3670 bant
2400 3611 2577 3667 videri
2625 3611 2930 3684 intelligere
2981 3628 3102 3684 qua
3143 3610 3478 3675 audiebant;
3517 3617 3579 3666 ut
3619 3609 3751 3665 dum
3788 3623 3821 3663 a

2225 3699 2552 3772 legisperitis
2593 3707 2648 3755 et
2692 3699 2981 3756 Pharisais
3027 3716 3139 3756 non
3183 3697 3418 3770 intelligi
3463 3696 3702 3764 videtur,
3735 3711 3822 3751 res

2225 3790 2508 3858 absurdas,
2555 3797 2608 3846 et
2655 3806 2775 3862 qua
2824 3798 2981 3845 extra
3025 3790 3198 3862 legem
3253 3795 3452 3856 essent,
3486 3785 3635 3860 loqui
3659 3792 3824 3857 puta-

2226 3891 2377 3936 retur
2423 3898 2434 3936 :
2482 3897 2602 3952 qua
2646 3895 2731 3934 res
2769 3879 2932 3935 etiam
2983 3878 3120 3935 alios
3150 3897 3182 3935 a
3209 3879 3316 3936 ﬁde
3345 3878 3517 3951 possit
3554 3884 3820 3933 avertere.

2227 3970 2383 4028 Unde
2427 3969 2661 4025 audiunt
2708 3985 2738 4024 a
2784 3968 3111 4024 Salvatore:
3160 3993 3178 4016 ε
3208 3969 3320 4025 Vos
3368 3967 3580 4025 habetis
3612 3967 3822 4024 clavem

2227 4058 2492 4126 scientia,
2519 4065 2573 4113 et
2617 4073 2794 4130 neque
2841 4073 2940 4112 vos
2981 4056 3221 4123 intratis,
3254 4073 3432 4128 neque
3470 4057 3608 4113 alios
3638 4055 3824 4111 sinitis

2229 4148 2459 4205 introire
2510 4149 2662 4220 (Luc.
2713 4163 2795 4215 χι,
2841 4147 2959 4218 52).
3009 4170 3027 4194 ι
3087 4145 3222 4213 Quis
3269 4146 3416 4201 enim
3450 4162 3560 4202 non
3594 4144 3825 4212 levium,

2228 4239 2322 4295 sed
2371 4239 2532 4311 paulo
2583 4237 2918 4310 graviorum,
2953 4235 3392 4310 Iegisperitorum
3435 4243 3489 4291 et
3520 4235 3828 4306 pharisae—

2227 4343 2353 4382 rum
2399 4327 2695 4384 consilium
2744 4335 2797 4383 et
2847 4325 3179 4382 sententiam
3226 4341 3336 4380 non
3389 4331 3730 4394 sequeretur,
3771 4332 3827 4380 et

2230 4416 2326 4492 qui
2369 4417 2693 4474 viderentur
2741 4416 2876 4488 legis
2921 4414 3290 4472 defensores?
3336 4411 3583 4482 Denique
3623 4411 3694 4468 iis
3731 4411 3826 4484 qui

2232 4523 2358 4563 vere
2405 4507 2662 4564 Israelita
2691 4513 2841 4574 sunt,
2877 4504 3141 4559 dixerunt
3173 4521 3184 4557 :
3216 4497 3498 4571 Numquid
3525 4499 3727 4572 aliquis
3756 4515 3828 4555 ex

2231 4598 2575 4671 principibus
2619 4595 2736 4670 (64)
2781 4593 3016 4652 credidit
3058 4593 3116 4648 in
3163 4590 3372 4648 illum?
3423 4599 3485 4647 ut
3531 4589 3830 4662 indejuste

2232 4687 2550 4744 viderentur
2585 4701 2698 4742 non
2740 4682 3057 4751 credidisse,
3089 4681 3135 4737 si
3169 4681 3374 4737 multos
3403 4677 3830 4751 conspirationis

2230 4794 2341 4833 sua
2383 4776 2561 4832 socios
2608 4774 2897 4839 fecissent;
2948 4771 3076 4845 quia
3107 4769 3252 4842 quod
3282 4786 3312 4824 a
3348 4767 3537 4841 paucis
3565 4766 3831 4823 defendi-

2231 4874 2341 4933 tur,
2367 4863 2507 4920 solet
2530 4877 2642 4917 non
2671 4861 2962 4933 probatum
2996 4857 3193 4915 videri.
3227 4856 3355 4914 Ideo
3385 4854 3644 4913 excacati
3673 4859 3824 4923 sunt,

2304 5005 2587 5078 (61)7Hoc
2647 5003 2930 5073 subjectum
2989 4999 3047 5056 in
3101 5001 3256 5078 Isaia
3309 4998 3536 5078 legitur,‘
3568 4995 3824 5078 abhedit.

2230 5066 2413 5135 Ro‘m.'
2433 5066 2764 5151 jugulat_uni_
2792 5083 2910 5151 est;
2961 5073 3214 5151 quamvis
3244 5073 3300 5127 in
3340 5066 3569 5142 reliquis
3605 5066 3740 5123 edit.
3773 5075 3829 5122 et

2231 5167 2362 5206 mss.
2397 5145 2571 5205 multo
2602 5145 2854 5219 pluribus
2884 5145 3220 5219 inveniatur.

2305 5222 2422 5291 (62)
2455 5209 2618 5278 Rom.-
2645 5217 2776 5291 edit.
2823 5217 2958 5291 sola,
3017 5217 3073 5272 in
3101 5220 3256 5291 caput
3289 5211 3516 5291 Joannis
3543 5209 3826 5291 Baptista.

2306 5284 2423 5366 (63)
2472 5293 2629 5366 Rom.
2677 5289 2809 5346 edit.
2850 5284 2984 5366 sola,
3011 5284 3242 5366 gratiam
3271 5284 3606 5366 dedignantes
3629 5299 3829 5366 perae-3

2233 5354 2367 5420 nire.
2404 5354 2566 5420 'lnfra
2601 5379 2744 5433 (vero
2791 5354 2979 5417 eadem
3011 5354 3159 5433 'edit.
3211 5373 3336 5414 cum
3371 5354 3525 5433 _Gill.
3585 5361 3729 5433 post,
3773 5358 3826 5433 et

2233 5436 2459 5504 salvari,
2491 5432 2803 5506 subjunxit,
2843 5449 3004 5506 quam
3038 5430 3202 5506 sciens
3239 5426 3826 5506 p_rudensque_abnuit.

2307 5507 2421 5579 (64)
2444 5495 2610 5563 ’νοοῖ
2662 5523 2727 5560 ea:
2750 5495 3084 5578 principibus
3110 5495 3312 5577 adjecit
3350 5495 3509 5556 Romi
3541 5495 3698 5566 edit.,
3731 5499 3830 5554 aut

2326 5576 2637 5636 Pharisais.

2233 5595 2297 5634 ea:
2317 5576 2637 5635 Pharisais.
