4136 6194
317 354 406 412 157
1393 344 1758 404 COMMENT.
1799 342 1870 400 IN
1908 341 2128 400 EPIST.
2170 343 2267 398 AD
2308 341 2474 399 ROM.

3493 341 3596 400 158

309 497 372 537 ne
412 478 474 535 de
515 484 714 535 caetero
743 474 958 550 possint
985 473 1224 542 credere,
1251 480 1304 530 et
1331 471 1553 529 salvari.
1578 473 1641 528 In
1681 471 1892 527 volun-
1920 473 1969 532 Α
2001 467 2256 526 Ostendit
2285 469 2538 541 gentibus
2567 485 2676 542 quo
2713 468 2911 526 aﬁ‘ectu
2949 466 3144 540 diligat
3170 467 3387 525 Judaos
3416 486 3430 524 :
3467 485 3592 526 nam

307 577 407 626 tate
454 584 583 641 ergo
629 583 729 624 sua
773 565 947 638 adjuti
996 574 1154 624 sunt:
1223 571 1286 620 ut
1339 563 1602 636 quoniam
1654 561 1891 618 scientes

305 675 509 727 verum,
545 657 804 714 dicebant
832 671 946 712 esse
984 655 1207 722 falsum,
1239 653 1306 709 de
1343 660 1540 709 catero
1567 667 1680 706 non
1718 649 1894 705 intel-

304 749 529 822 ligerent
576 747 721 822 quod
771 755 850 803 est
897 762 1128 812 verum;
1166 752 1228 800 ut
1257 759 1450 798 verum
1489 741 1756 796 haberent
1784 739 1896 794 fal-

302 854 416 893 sum
449 837 590 908 (65),
618 836 762 910 quod
807 834 1090 891 volebant.
1121 833 1375 888 Alterum
1420 846 1590 903 genus
1616 836 1717 895 est,
1750 828 1894 901 quod

300 942 422 982 cum
459 925 705 998 justitias
751 923 888 996 legis
928 929 1192 988 sectatur,
1219 919 1494 992 justitiam
1530 917 1733 974 Christi
1782 933 1893 972 non

300 1014 490 1086 recipit
518 1032 529 1070 :
562 1031 632 1070 ex
681 1029 791 1086 quo
827 1010 943 1083 jam
991 1026 1104 1065 non
1151 1024 1248 1080 per
1291 1007 1558 1064 invidiam
1600 1006 1754 1060 mala
1787 1021 1896 1060 vo-

299 1103 522 1160 luntatis
551 1102 659 1158 hoc
689 1102 822 1174 agit,
856 1099 948 1156 sed
983 1114 1165 1154 errore
1197 1095 1505 1154 aemulando
1535 1095 1894 1153 traditionem

296 1192 541 1260 Patrum,
563 1200 839 1248 cacantur
868 1189 935 1246 ad
964 1198 1210 1260 tempus;
1241 1187 1370 1259 quia
1389 1184 1650 1241 deberent
1675 1200 1893 1256 magna-

295 1281 442 1338 libus
496 1280 703 1338 Christi
759 1277 1035 1335 addiscere
1092 1276 1241 1332 hunc
1293 1291 1406 1330 non
1463 1289 1622 1347 posse
1682 1274 1891 1341 fallere,

293 1371 458 1443 cujus
491 1381 596 1429 tam
634 1370 922 1444 magniﬁca
965 1370 1144 1424 virtus
1175 1370 1231 1422 in
1264 1366 1428 1422 rebus
1457 1365 1620 1438 gestis
1649 1371 1893 1437 apparet,

295 1467 345 1515 et
385 1459 830 1532 pradicationem
875 1459 994 1531 ejus
1033 1464 1364 1514 testamento
1420 1472 1568 1512 novo
1621 1453 1896 1527 promisso

295 1566 385 1621 per
412 1549 703 1623 prophetas
743 1566 1078 1622 comparare,
1120 1555 1174 1604 et
1220 1547 1422 1604 exinde
1454 1544 1700 1618 proﬁteri
1745 1543 1898 1600 hunc

294 1657 424 1708 esse,
459 1640 554 1714 qui
592 1639 896 1712 promissus
935 1647 1053 1706 est;
1097 1637 1434 1710 negligentes
1475 1643 1667 1692 contra
1696 1635 1894 1698 Deum,

293 1739 343 1788 et
393 1731 719 1787 hominibus
766 1729 1125 1786 assentientes
1167 1728 1384 1785 inventi
1423 1735 1572 1783 sunt.
1629 1726 1897 1795 Propter-

293 1836 352 1876 ea
400 1837 528 1892 ergo
569 1827 866 1885 cacantur,
900 1825 962 1872 ut
1004 1816 1441 1873 admiscentibus
1467 1832 1523 1871 se
1553 1814 1621 1871 ad
1650 1811 1897 1886 promis-

291 1908 506 1964 sionem
583 1923 777 1963 eorum
849 1905 966 1977 ipsa
1025 1905 1396 1972 amulatione,
1452 1904 1585 1960 dum
1645 1901 1898 1958 invident

293 1995 577 2068 gentibus,
608 2003 957 2051 revertantur
981 1993 1050 2050 ad
1080 1994 1244 2050 fidem
1275 1993 1396 2050 Dei.

367 2086 552 2158 (Vers.
607 2086 720 2156 11.)
767 2110 784 2134 σ
825 2085 964 2142 Dico
1003 2101 1132 2156 ergo
1167 2102 1179 2140 :
1212 2081 1496 2156 Numquid
1538 2080 1617 2138 sic
1645 2077 1900 2137 offende-

293 2182 448 2243 runt,
493 2181 555 2230 ut
594 2173 895 2231 caderent?
935 2173 1115 2231 Absit.
1150 2199 1168 2220 ι
1213 2173 1328 2228 Hoc
1355 2172 1513 2239 dicit,
1556 2169 1704 2243 quod
1734 2185 1898 2241 supra

295 2265 620 2334 memoravi,
653 2265 782 2338 quia
825 2281 938 2320 non
983 2265 1062 2320 sic
1107 2263 1450 2330 dididerunt,
1503 2268 1564 2317 ut
1610 2275 1895 2332 nunquam

288 2355 399 2427 jam
439 2354 747 2423 crederent,
782 2354 838 2410 id
877 2364 980 2422 est,
1029 2371 1141 2410 non
1189 2352 1266 2409 ita
1294 2359 1519 2425 pr0pter
1563 2350 1898 2424 improbita-

294 2453 399 2502 tem
433 2461 589 2501 suam
622 2441 812 2501 cacati
854 2449 1006 2511 sunt,
1042 2450 1102 2498 ut
1132 2441 1312 2499 curari
1343 2457 1455 2496 non
1483 2447 1725 2512 possent,
1755 2438 1899 2495 sicut

294 2542 345 2591 et
388 2533 677 2591 diabolum
725 2533 958 2604 legimus
1000 2531 1282 2598 cecidisse,
1315 2529 1532 2586 dicente
1579 2529 1718 2585 Isaia
1763 2545 1900 2600 pro-

294 2623 454 2695 pheta
506 2643 518 2680 :
587 2647 606 2671 ι
649 2622 936 2690 Quomodo
975 2620 1174 2678 cecidit
1217 2619 1283 2676 de
1329 2620 1468 2676 coelo
1507 2619 1730 2675 Lucifer
1759 2619 1896 2690 (Isa.

295 2729 413 2778 xxv,
448 2713 593 2783 12)?
621 2735 640 2760 ι
685 2729 871 2768 casum
917 2720 970 2768 et
1010 2711 1336 2784 apostasiam
1383 2709 1722 2782 signiﬁcans.
1774 2709 1897 2764 Non

296 2817 422 2874 ergo
451 2802 555 2858 hos
586 2802 664 2858 sic
694 2801 987 2858 offendisse
1020 2802 1179 2870 dicit,
1205 2809 1266 2856 ut
1296 2787 1574 2869 caderent,
1605 2798 1700 2855 sed
1731 2798 1899 2855 oﬂ‘en-

295 2889 466 2946 sionis
494 2908 606 2947 sua
636 2908 797 2947 causa
818 2890 886 2946 ad
915 2899 1132 2962 tempus
1161 2890 1406 2946 obtusos.

377 3006 394 3026 ι
449 2981 556 3038 Sed
613 2981 838 3038 illorum
895 2980 1098 3036 delicto
1151 2981 1298 3035 salus
1353 2979 1628 3050 gentibus,
1668 2983 1731 3031 ut
1777 2975 1904 3031 illos

293 3071 649 3126 amulentur.
700 3093 717 3114 ι
782 3069 898 3124 Hoc
951 3077 1032 3122 est
1080 3067 1227 3138 quod
1275 3066 1441 3134 dixit,
1493 3066 1622 3138 quia
1683 3072 1903 3137 propter

295 3169 587 3231 peccatum
640 3157 861 3212 illorum
925 3155 1179 3226 gentibus
1235 3155 1384 3210 salus
1437 3153 1563 3210 data
1615 3161 1713 3208 est.
1765 3151 1902 3220 Quia

306 3247 465 3302 enim
498 3245 704 3300 donum
734 3243 833 3300 Dei
857 3251 1248 3300 recusaverunt
1267 3241 1464 3310 Judaei,
1486 3242 1808 3297 translatum
1829 3247 1908 3296 est

302 3335 412 3391 hoc
456 3333 525 3389 ad
557 3342 775 3406 gentes;
833 3341 893 3388 ut
931 3332 1282 3388 amulatione
1328 3332 1428 3387 zeli
1479 3331 1691 3387 accensi
1733 3328 1907 3384 Judai

301 3431 765 3488 converterentur
798 3423 864 3478 ad
901 3421 1207 3488 Christum,
1244 3421 1361 3494 (66)
1395 3421 1630 3475 zelantes
1664 3418 1909 3492 promis-

301 3515 512 3570 sionem
542 3515 787 3569 Patrum.

372 3603 564 3676 (Vers.
603 3603 716 3672 12.)
764 3627 781 3648 ε
812 3600 968 3668 Quod
1016 3599 1062 3656 si
1106 3598 1369 3655 delictum
1419 3598 1644 3654 illorum
1695 3597 1906 3654 divitia

303 3701 426 3748 sunt
458 3693 678 3760 mundi,
731 3700 783 3748 et
814 3690 1113 3747 diminutio
1158 3706 1347 3745 eorum
1379 3689 1593 3745 divitia
1624 3688 1865 3760 gentium
1894 3705 1907 3754 ;

305 3793 508 3856 quanto
568 3783 740 3854 magis
777 3781 1094 3854 plenitudo
1152 3781 1413 3836 illorum!
1481 3805 1500 3829 ι
1571 3783 1661 3842 91
1721 3777 1909 3834 Mani-

305 3880 495 3938 festum
531 3891 616 3938 est
645 3881 773 3954 quia
803 3881 847 3936 si
878 3880 1142 3935 delictum
1179 3879 1404 3933 illorum
1437 3877 1648 3950 profuit
1677 3876 1906 3944 mundo,

308 3970 430 4026 dum
483 3971 694 4027 horum
737 3969 1026 4042 dispendio
1071 3969 1253 4040 plures
1302 3967 1467 4024 habet
1514 3966 1725 4034 bonos;
1781 3965 1910 4038 quia

307 4062 473 4118 multo
502 4062 696 4135 plures
725 4066 854 4115 sunt
887 4065 1094 4130 gentes,
1129 4073 1288 4130 quam
1322 4056 1495 4113 Judai
1527 4075 1537 4112 :
1574 4063 1627 4112 et
1652 4055 1909 4111 diminu-

306 4150 379 4206 tio
424 4166 646 4216 eorum,
673 4148 819 4222 quod
848 4155 930 4203 est
975 4147 1238 4202 damnum
1283 4145 1666 4218 promissionis
1695 4144 1908 4201 divitia

307 4242 575 4311 gentium,
615 4225 796 4310 perdid
823 4235 970 4309 quod
1003 4237 1197 4292 lucrati
1229 4245 1358 4292 sunt
1387 4236 1559 4291 vitam
1606 4243 1865 4291 aternam
1893 4252 1906 4302 ;

307 4339 505 4401 quanto
543 4327 718 4399 magis
765 4326 1052 4399 plenitudo
1101 4326 1319 4379 eoruml
1355 4325 1619 4396 Apertum
1670 4332 1752 4379 est
1781 4322 1910 4395 quia

306 4417 476 4489 magis
521 4415 682 4472 dives
714 4415 820 4471 erit
864 4413 1107 4469 mundus
1135 4411 1456 4468 hominibus
1494 4411 1674 4478 bonis,
1707 4410 1753 4466 si
1784 4418 1838 4465 et
1870 4408 1908 4463 ii

307 4507 398 4579 qui
447 4507 712 4564 excacati
760 4513 908 4571 sunt,
957 4510 1382 4569 convertantur;
1429 4517 1499 4556 ex
1539 4517 1731 4573 magna
1762 4499 1907 4554 enim

307 4602 453 4666 parte
483 4592 796 4652 salvabitur
826 4591 1088 4647 mundus.
1115 4589 1324 4647 Mundo
1345 4586 1912 4666 hominessigniﬁcat,

310 4663 446 4742 sicut
475 4686 696 4742 dictum
726 4691 806 4740 est
836 4682 903 4738 de
932 4681 1211 4738 Salvatore
1246 4697 1257 4734 :
1303 4704 1319 4726 ι
1339 4679 1482 4736 Ecce
1504 4663 1746 4733 mundus
1768 4683 1916 4732 totus

312 4775 423 4834 abit
453 4785 585 4850 post
616 4777 773 4832 illum
808 4777 988 4847 (Joan.
1022 4791 1124 4841 x11,
1157 4773 1270 4844 19).
1305 4797 1322 4819 ι

381 4879 571 4950 (Vers.
637 4879 722 4945 13,
785 4876 897 4949 14.)
961 4900 980 4923 ι
1029 4876 1201 4934 Vobis
1247 4875 1395 4931 enim
1453 4874 1578 4932 dico
1637 4871 1912 4946 gentibus,

320 4969 569 5039 quandiu
617 4966 840 5041 quidem
885 4982 983 5038 ego
1013 4982 1133 5021 sum
1175 4965 1420 5036 gentium
1467 4963 1767 5036 apostolus,
1800 4964 1917 5019 mi-

313 5056 608 5114 nisterium
643 5071 824 5112 meum
855 5053 1253 5122 honoriﬁcabo,
1277 5053 1322 5108 si
1355 5069 1464 5126 quo
1495 5051 1658 5108 modo
1688 5052 1915 5108 aemuler

307 5163 528 5205 carnem
583 5163 782 5216 meam,
813 5153 877 5202 ut
922 5145 1105 5201 salvos
1142 5143 1340 5201 faciam
1368 5142 1584 5216 aliquos
1615 5157 1686 5198 ex
1715 5139 1849 5196 illis.
1881 5164 1900 5189 ι

376 5369 494 5439 (65)
527 5367 621 5424 Sic
649 5365 888 5439 Ameria.
907 5380 1034 5422 cum
1061 5379 1193 5439 mss.
1217 5378 1249 5439 a_
1269 5363 1470 5439 quibus
1501 5377 1614 5418 non
1643 5359 1915 5439 dissident

307 5432 552 5496 Erasfet
595 5438 753 5506 Gill.,
785 5436 889 5494 nisi
938 5435 1088 5510 quod
1132 5432 1302 5510 uerbo
1345 5435 1609 5510 haberent,
1646 5432 1912 5510 subdunt,

308 5511 391 5564 sed
422 5511 628 5578 falsum
660 5528 676 5565 :
709 5504 765 5565 at
793 5504 1114 5566 Romfedit.
1149 5505 1254 5561 hoc
1290 5506 1452 5561 modo
1483 5507 1666 5578 locum
1700 5504 1915 5578 immuj

310 5575 465 5650 tavit,
517 5598 626 5637 non
671 5582 1020 5651 intelligerent
1061 5595 1264 5642 verum,
1309 5578 1452 5647 quod
1504 5576 1771 5641 haberent,
1826 5575 1914 5631 sed

310 5651 536 5720 falsum,
557 5653 698 5723 quod
723 5654 986 5708 volebant.

383 5725 502 5794 (66)
565 5719 740 5782 Corb.
822 5723 1017 5792 codex,
1083 5721 1154 5779 ad
1238 5721 1505 5778 Christum
1588 5719 1912 5794 promissum

2002 558 2374 622 ministerium
2443 576 2626 627 suum,
2679 575 2786 631 quo
2855 559 3134 631 apostolus
3189 562 3436 631 gentium
3490 564 3592 625 est,

2002 647 2365 714 honoriﬁcat;
2417 647 2463 704 si
2501 653 2722 720 propter
2771 649 3025 705 aﬁ‘ectum
3075 647 3291 721 generis
3341 648 3427 704 sui
3469 647 3596 704 data

2004 753 2166 808 opera
2208 737 2374 792 etiam
2424 736 2640 792 Judaos
2685 737 2930 810 acquirat
2973 738 3039 794 ad
3076 738 3262 795 ﬁdem.
3306 737 3596 794 Honoriﬁ-

2004 825 2216 881 centior
2255 826 2401 880 enim
2451 825 2564 892 ﬁet,
2595 825 2644 880 si
2689 833 2742 880 et
2778 826 2925 894 illos,
2955 828 3023 883 ad
3069 843 3204 899 quos
3247 844 3356 885 non
3399 828 3598 884 missus

2004 923 2107 980 est,
2153 915 2397 973 lucretur
2438 915 2507 970 ad
2560 916 2735 970 vitam
2785 932 2796 969 :
2851 916 3103 971 Patribus
3145 916 3292 972 enim
3341 917 3398 972 in
3437 916 3598 975 laude

2005 1005 2248 1060 maxima
2271 1005 2395 1071 erit,
2420 1003 2466 1059 si
2501 1004 2696 1060 fratres
2727 1004 3026 1074 invenerit,
3059 1005 3153 1078 qui
3185 1005 3475 1077 perierant.

2077 1094 2259 1166 (Vers.
2287 1094 2398 1163 15.)
2445 1116 2462 1138 ι
2493 1093 2550 1149 Si
2581 1093 2727 1148 enim
2759 1093 2984 1149 amissio
3004 1109 3195 1149 eorum
3223 1094 3599 1152 reconciliatio

2004 1190 2086 1238 est
2127 1182 2344 1250 mundi,
2378 1199 2499 1255 qua
2543 1191 2627 1238 est
2673 1183 2998 1254 assumptio,
3043 1184 3150 1239 nisi
3199 1185 3317 1240 vita
3345 1201 3415 1240 ex
3445 1200 3603 1240 mor—

2005 1275 2162 1331 tuis?
2210 1301 2228 1322 ι
2292 1275 2407 1330 Hoc
2444 1273 2603 1342 dicit,
2633 1273 2764 1346 quia
2790 1274 2836 1329 si
2868 1290 2979 1330 non
3009 1274 3361 1331 credentibus
3397 1275 3603 1332 Judais

2007 1374 2192 1438 gentes
2255 1365 2624 1421 reconciliata
2700 1372 2829 1421 sunt
2883 1367 3018 1430 Deo,
3072 1365 3139 1421 ad
3197 1368 3600 1423 incrementum

2008 1455 2202 1510 mundi
2253 1454 2399 1511 circa
2429 1453 2594 1510 ﬁdem
2626 1453 2866 1521 Christi;
2908 1471 3028 1526 qua
3063 1455 3169 1510 erit
3207 1455 3264 1510 in
3294 1454 3396 1511 hac
3424 1463 3597 1528 parte,

2006 1552 2060 1599 et
2103 1553 2308 1616 quanta
2347 1543 2635 1616 plenitudo
2679 1543 2894 1612 salutis,
2943 1543 2990 1599 si
3035 1551 3384 1598 assumantur
3426 1543 3599 1599 Judai

2007 1633 2074 1689 ad
2120 1632 2284 1689 ﬁdem
2344 1631 2579 1701 Christi,
2638 1633 2746 1689 nisi
2799 1641 2858 1688 ut
2911 1649 2981 1688 ex
3032 1632 3262 1689 mortuis
3292 1632 3603 1688 viviﬁcetur

2009 1723 2248 1780 mundus
2293 1724 2350 1779 in
2404 1723 2769 1780 hominibus?
2815 1724 2955 1791 Quia
3011 1740 3139 1796 ergo
3175 1723 3452 1796 profectus
3501 1730 3601 1790 est,

1927 1837 1972 1897 Β
2009 1813 2243 1871 dandam
2289 1814 2426 1870 dicit
2471 1830 2713 1885 operam,
2746 1821 2807 1870 ut
2846 1813 3072 1871 credant
3101 1832 3113 1880 ;
3145 1811 3406 1886 quoniam
3436 1811 3606 1868 caci-

2007 1903 2134 1960 tatis
2179 1903 2398 1959 obtusio
2445 1911 2689 1976 tempore
2735 1903 3075 1976 compensati
3106 1902 3295 1958 delicti
3335 1901 3603 1968 aufertur,

2007 2003 2069 2052 ut
2107 1996 2411 2052 voluntatis
2431 2013 2541 2052 sua
2573 1996 2842 2068 recipiant
2879 1997 3112 2053 liberum
3144 1995 3460 2062 arbitrium.

2082 2085 2263 2157 (Vers.
2318 2085 2430 2156 16.)
2497 2112 2515 2133 ι
2560 2086 2717 2153 Quod
2771 2086 2815 2141 si
2865 2085 3128 2142 delibatio
3173 2092 3359 2141 sancta
3408 2091 3508 2152 est,
3551 2090 3604 2139 et

2008 2191 2205 2231 massa.
2239 2201 2256 2222 ι
2299 2175 2651 2230 Manifestum
2680 2185 2782 2244 est,
2814 2175 2942 2249 quia
2971 2174 3118 2249 quod
3148 2175 3312 2230 unius
3339 2174 3605 2230 substan-

2009 2265 2096 2322 tia
2137 2273 2237 2333 est,
2270 2283 2441 2322 unum
2474 2275 2554 2322 est
2586 2285 2598 2322 :
2627 2283 2691 2324 ac
2730 2283 2827 2340 per
2857 2266 2962 2322 hoc
2991 2283 3103 2322 non
3138 2273 3311 2338 potest
3342 2264 3605 2322 delibatio

2007 2363 2194 2412 sancta
2222 2373 2358 2424 esse,
2391 2364 2445 2413 et
2490 2373 2667 2413 massa
2695 2356 3018 2423 immunda;
3061 2355 3326 2411 delibatio
3355 2355 3502 2410 enim
3538 2353 3605 2410 de

2007 2461 2184 2502 massa
2217 2454 2298 2502 est
2330 2448 2470 2518 (67).
2497 2447 2734 2521 Ideoque
2754 2446 2996 2504 ostendit
3026 2463 3136 2502 non
3167 2462 3322 2518 posse
3349 2445 3606 2519 indignos

2007 2535 2116 2592 dici
2152 2527 2221 2592 ad
2269 2536 2431 2593 ﬁdem
2480 2537 2600 2605 hos,
2633 2554 2872 2610 quorum
2915 2535 3028 2606 jam
3059 2544 3237 2607 patres
3268 2536 3448 2607 adepti
3479 2543 3608 2590 sunt

2008 2624 2172 2681 ﬁdem
2200 2645 2213 2692 ;
2249 2626 2378 2698 quia
2418 2625 2464 2681 si
2495 2643 2619 2698 pars
2648 2625 2963 2680 Judaorum
3005 2624 3260 2690 credidit,
3291 2640 3389 2679 cur
3419 2640 3528 2679 non
3554 2630 3608 2678 et

2009 2717 2118 2771 alia
2151 2733 2275 2787 pars
2307 2733 2464 2788 posse
2501 2716 2720 2772 credere
2749 2715 3004 2771 dicatur?

2085 2807 2268 2875 (Vers.
2331 2806 2446 2868 17.)
2519 2828 2537 2850 ε
2592 2805 2663 2860 Et
2717 2804 2760 2859 si
2812 2803 2973 2858 radix
3023 2808 3230 2870 sancta,
3275 2809 3327 2858 et
3375 2801 3532 2857 rami.
3580 2825 3596 2849 ι

2012 2893 2327 2950 lmmutatis
2368 2893 2572 2961 verbis,
2605 2893 2791 2949 eadem
2843 2891 3059 2965 repetit,
3094 2900 3154 2948 ut
3201 2906 3419 2947 sensum
3450 2906 3612 2946 com-

2012 2985 2235 3041 mendet
2265 2983 2480 3040 duobus
2511 2983 2796 3055 exemplis.
2845 3007 2863 3028 ι
2889 2983 3046 3050 Quod
3077 2982 3120 3038 si
3150 2981 3318 3055 aliqui
3351 2998 3419 3037 ex
3447 2981 3614 3037 ramis

2016 3075 2177 3131 fracti
2224 3081 2375 3141 sunt,
2423 3093 2450 3124 ›)
2507 3073 2561 3128 id
2603 3079 2708 3141 est,
2739 3073 2781 3127 si
2815 3071 2986 3144 aliqui
3021 3088 3133 3127 non
3160 3070 3513 3127 crediderunt
3542 3086 3612 3126 ex

2019 3166 2120 3232 eis,
2153 3163 2327 3220 excisi
2371 3179 2401 3217 a
2445 3161 2830 3234 promissione.
2895 3185 2913 3207 ε
2953 3161 3034 3216 Tu
3073 3167 3254 3216 autem
3298 3177 3423 3217 cum
3470 3175 3615 3215 esses

2020 3256 2270 3321 oleaster,
2322 3253 2560 3308 insertus
2597 3269 2654 3308 es
2702 3253 2758 3307 in
2815 3251 2962 3320 illos,
3015 3259 3068 3306 et
3111 3253 3293 3308 socius
3342 3251 3518 3307 factus
3555 3266 3613 3306 es

2019 3341 2224 3398 radicis
2255 3349 2314 3397 ut
2353 3339 2704 3414 pinguedinis
2735 3340 2918 3396 oliva.
2945 3366 2963 3388 ι
3016 3341 3131 3396 Hoc
3159 3339 3455 3411 signiﬁcat,
3487 3339 3616 3411 quia

2018 3449 2128 3488 non
2169 3431 2524 3487 credentibus
2569 3430 2760 3485 multis
2807 3429 3031 3497 Judais,
3065 3438 3251 3500 gentes
3282 3428 3456 3483 insitae
3488 3435 3616 3484 sunt

2018 3538 2114 3594 per
2159 3521 2323 3577 ﬁdem
2375 3521 2432 3575 in
2477 3536 2628 3592 spem
2677 3517 3096 3592 promissionis;
3147 3527 3206 3575 ut
3253 3517 3430 3573 dolori
3478 3524 3618 3574 esset

2018 3611 2221 3666 Judais
2276 3629 2287 3666 :
2339 3609 2433 3665 sed
2480 3625 2591 3664 non
2634 3607 2797 3678 juxta
2845 3608 3016 3680 legem
3065 3608 3435 3679 agricultura,
3488 3607 3618 3680 quia

2019 3699 2224 3754 bonum
2257 3699 2537 3754 surculum
2573 3697 2824 3752 inserunt
2864 3697 2920 3752 in
2952 3713 3063 3752 non
3094 3697 3293 3753 bonam
3326 3696 3614 3761 arborem;

2020 3789 2077 3844 hi
2122 3789 2271 3844 enim
2319 3805 2444 3844 cum
2493 3795 2674 3843 essent
2715 3787 2772 3842 in
2821 3786 3004 3842 radice
3047 3786 3209 3854 mala,
3256 3786 3446 3841 inserti
3491 3792 3618 3842 sunt

2021 3880 2079 3933 in
2124 3879 2327 3934 bonam
2361 3877 2633 3933 arborem.
2667 3876 2793 3933 Ideo
2823 3878 3117 3932 oleastrum
3150 3876 3287 3932 dicit
3326 3876 3616 3941 insertum,

2019 3978 2080 4024 ut
2129 3969 2372 4026 fructum
2420 3968 2675 4024 surculus
2739 3966 2940 4024 radicis
2996 3967 3206 4032 aﬁ'erat,
3263 3965 3445 4020 socius
3502 3962 3618 4032 ejus

2019 4058 2265 4114 effectus.

2093 4147 2275 4218 (Vers.
2330 4146 2442 4218 18.)
2511 4170 2528 4193 ι
2584 4146 2709 4202 Noli
2756 4144 2981 4218 gloriari
3037 4142 3304 4198 adversus
3349 4155 3551 4206 ramos,
3587 4162 3604 4186 ι

2019 4235 2127 4292 hoc
2181 4245 2284 4306 est,
2340 4237 2456 4292 noli
2515 4235 2747 4307 gaudere
2805 4236 2864 4289 in
2913 4229 3297 4286 incredulitate
3347 4229 3610 4296 illorum;

2020 4325 2277 4398 displicet
2323 4325 2473 4380 enim
2517 4327 2653 4390 Deo,
2685 4323 2732 4379 si
2779 4322 2904 4395 quis
2931 4320 3170 4376 exsultet
3198 4319 3256 4375 in
3294 4319 3451 4375 malis
3476 4320 3622 4377 alte-

2020 4417 2154 4484 rius,
2186 4419 2328 4473 sicut
2353 4415 2488 4471 dicit
2521 4413 2776 4470 Salomon
2812 4414 3000 4487 (Prov.
3030 4428 3188 4479 xxiv,
3224 4410 3453 4481 i7).Nec
3471 4410 3618 4466 enim

2023 4522 2184 4562 causa
2230 4506 2474 4579 gentium
2506 4503 2704 4577 abjecti
2735 4514 2884 4572 sunt,
2915 4511 2976 4560 ut
3005 4503 3309 4576 gaudeant;
3360 4501 3455 4559 sed
3492 4501 3621 4574 quia

2025 4613 2133 4651 non
2159 4597 2533 4665 crediderunt,
2565 4597 2908 4653 occasionem
2939 4594 3229 4661 dederunt,
3257 4600 3318 4648 ut
3346 4591 3621 4665 pradica—

2026 4694 2177 4741 retur
2197 4685 2466 4756 gentibus.

2111 4797 2129 4821 ι
2164 4773 2323 4841 Quod
2369 4773 2414 4828 si
2469 4781 2530 4828 tu
2581 4773 2850 4845 gloriaris.
2885 4788 2999 4827 non
3040 4779 3102 4827 tu
3141 4769 3380 4827 radicem
3411 4777 3616 4842 portas,

2025 4863 2120 4920 sed
2149 4862 2310 4919 radix
2342 4871 2410 4919 te.
2447 4888 2464 4910 ι
2508 4861 2568 4918 Id
2601 4871 2701 4930 est,
2733 4863 2777 4919 si
2808 4871 2862 4918 te
2887 4860 3150 4917 extuleris
3179 4875 3342 4932 super
3371 4858 3517 4927 illos,
3559 4857 3616 4912 in

2025 4971 2258 5028 quorum
2291 4953 2532 5009 insertus
2575 4969 2631 5008 es
2671 4952 2934 5021 radicem,
2965 4951 3196 5006 insultes
3223 4947 3429 5021 generi,
3461 4945 3608 5019 quod

2025 5053 2100 5114 te,
2133 5052 2194 5100 ut
2221 5061 2291 5101 ex
2320 5044 2464 5100 malo
2493 5043 2671 5100 bonus
2696 5059 2860 5110 esses,
2891 5041 3131 5115 suscepit
3167 5058 3179 5097 :
3214 5055 3316 5098 nec
3344 5035 3536 5105 stabis,
3571 5032 3615 5088 si

2025 5136 2165 5193 illud
2194 5153 2290 5210 per
2311 5136 2458 5209 quod
2482 5143 2614 5204 stas,
2635 5133 2895 5190 destruis.

2023 5359 2272 5415 Abraha.
2308 5359 2459 5427 Quod
2487 5359 2554 5427 si,
2585 5365 2693 5413 etc.

2097 5431 2212 5503 (67)
2274 5417 2553 5487 Deubatio'
2583 5429 2719 5503 enim
2759 5427 2832 5503 de
2874 5440 3053 5503 massa-
3100 5427 3192 5503 est,
3225 5420 3282 5475 in
3331 5432 3459 5472 mss.
3492 5417 3620 5490 ple-

2025 5495 2209 5575 risque
2257 5503 2518 5575 omissum
2577 5500 2704 5556 fuit.
2751 5495 3014 5571 Sequenti
3069 5500 3250 5575 autem
3289 5503 3465 5575 χει-ευ
3523 5505 3621 5563 pro

2022 5562 2250 5653 quorum
2269 5574 2388 5644 jam
2411 5581 2616 5648 patres,
2657 5588 2784 5627 mss.
2819 5562 2931 5626 non
2964 5562 3124 5636 pauci
3157 5562 3366 5630 legunt,
3395 5562 3622 5634 quorum

2012 5660 2133 5715 Jam
2156 5663 2337 5718 pares.
