4150 6194
496 348 600 408 159

1506 349 1604 405 ΑΙ)
1644 346 1880 405 OPEBA
1920 346 1976 403 S.
2018 347 2352 406 AMBROSII
2390 348 2774 408 APPENDIX.

3697 357 3798 415 160

560 453 743 546 (νει-ὲ.
779 472 894 545 19.)
943 495 961 520 ι
990 471 1143 530 Dicis
1171 472 1394 547 itaque:
1443 471 1625 530 Fracti
1652 479 1782 528 sunt
1816 472 1978 542 rami,
2021 481 2084 530 ut
2119 477 2165 536 A
2198 491 2450 532 severum
2509 478 2684 533 Deum
2744 476 2803 532 in
2860 493 2952 535 eos
3008 477 3195 546 fuisse,
3241 487 3303 536 ut
3348 477 3408 536 in
3463 490 3791 555 perpetuum

486 579 587 636 ego
615 564 846 621 inserar.
862 587 881 612 ι
916 563 1004 619 Ex
1020 579 1252 636 persona
1273 563 1495 637 gentilis
1511 561 1784 618 credentis
1803 562 2083 636 loquitur;

487 652 614 727 quia
661 653 1054 710 exsultandum
1111 660 1268 726 putat
1309 654 1366 709 in
1411 669 1540 708 casu
1578 651 1890 709 Iudaeorum
1931 654 2088 710 diﬂi-

486 742 759 812 dentium,
809 743 999 801 dicens
1034 761 1046 798 :
1080 745 1306 800 Illorum
1356 741 1670 813 reprobatio
1724 743 1903 798 locum
1956 743 2088 799 fecit

487 833 805 905 gentilibus.
838 834 943 891 Sed
973 849 1085 888 non
1114 841 1243 889 sunt
1273 831 1547 904 reprobati
1590 848 1623 886 a
1649 833 1782 900 Deo,
1811 840 1874 888 ut
1903 842 2090 904 gentes

486 923 759 982 intrarent
793 945 803 982 :
838 927 931 982 sed
961 941 1016 980 se
1046 927 1194 997 ipsos
1223 923 1485 995 reprobos
1516 924 1786 992 fecerunt,
1817 939 2088 995 spernen-

486 1022 569 1071 tes
617 1016 824 1072 donum
897 1015 1037 1079 Dei;
1103 1014 1249 1071 unde
1305 1023 1358 1069 et
1418 1013 1761 1070 occasionem
1820 1013 2089 1070 dederunt

487 1105 740 1176 gentibus
788 1104 854 1160 ad
901 1106 1156 1160 salutem.
1201 1104 1379 1171 Quam
1428 1104 1811 1159 extollentiam
1863 1104 2087 1175 reprimi

488 1195 628 1262 vult,
661 1202 723 1250 ut
763 1194 933 1266 magis
967 1192 1131 1249 saluti
1167 1192 1598 1264 congaudeatur,
1631 1209 1741 1249 non
1773 1192 2088 1264 aegritudini

483 1285 820 1352 insultetur;
872 1283 1031 1340 facile
1070 1283 1218 1340 enim
1267 1282 1541 1355 decipitur
1587 1283 1728 1356 (68),
1759 1284 1853 1357 qui
1894 1283 2090 1357 gaudet

487 1372 685 1432 alienis
714 1373 895 1430 malis.

557 1483 738 1554 (Vers.
795 1482 910 1554 20.)
960 1506 978 1530 ι
1009 1482 1177 1551 Bene,
1223 1504 1242 1530 ι
1303 1481 1359 1538 id
1407 1490 1509 1549 est,
1561 1487 1707 1537 recte
1753 1479 1915 1547 dicis,
1961 1479 2090 1551 quia

482 1573 672 1631 fractis
720 1573 886 1630 ramis
932 1574 1172 1630 insertus
1222 1589 1279 1628 es
1329 1589 1343 1628 :
1405 1594 1424 1619 ι
1466 1571 1559 1628 sed
1608 1570 1665 1625 in
1706 1569 2089 1626 incredulitate

481 1662 643 1721 fracti
699 1671 868 1731 sunt;
909 1688 930 1711 ι
990 1662 1098 1718 hoc
1156 1670 1237 1718 est
1292 1677 1403 1716 non
1451 1669 1674 1732 propter
1735 1668 1808 1728 te,
1867 1657 1960 1714 sed
1990 1674 2089 1713 suo

481 1754 654 1823 vitio;
715 1754 846 1828 quia
915 1753 1028 1809 illis
1091 1752 1493 1820 difﬁdentibus,
1555 1751 1624 1806 ad
1679 1749 2088 1806 aemulationem

2197 568 2383 624 caecati
2414 575 2594 624 essent
2623 575 2905 640 apostataa.

2271 665 2451 735 (Vers.
2483 665 2598 737 28.)
2646 689 2664 712 ε
2693 666 2796 722 Sed
2843 674 2898 723 et
2947 666 3027 723 illi
3078 667 3122 722 si
3157 681 3266 723 non
3297 670 3703 740 permanserint
3736 671 3797 730 in

2196 752 2602 822 incredulitate,
2653 755 3002 824 inserentur;
3061 765 3254 829 potens
3309 765 3391 813 est
3442 758 3590 815 enim
3648 762 3797 819 Deus

2197 845 2397 900 iterum
2447 846 2684 900 inserere
2720 847 2866 903 illos.
2897 873 2916 895 ι
2959 847 3212 904 Ostendit
3248 847 3523 919 justitiam
3553 852 3652 908 Dei
3683 870 3796 910 non

2197 936 2255 993 in
2285 935 2573 993 severitate
2605 953 2822 993 manere
2851 938 2997 994 circa
3042 938 3188 1007 illos,
3220 955 3358 1011 quos
3399 943 3698 999 excaecavit
3727 944 3798 1002 ad

2197 1034 2446 1097 tempus;
2506 1026 2636 1098 quia
2692 1042 2802 1081 non
2856 1026 2936 1083 sic
2990 1027 3116 1084 illos
3170 1028 3380 1085 excidit
3411 1030 3548 1102 (70),
3581 1041 3642 1088 ut
3671 1050 3789 1091 non

2197 1114 2368 1187 possit
2411 1115 2537 1171 illos
2587 1115 2787 1170 iterum
2839 1116 3098 1185 inserere,
3148 1117 3194 1172 si
3246 1127 3660 1190 convertantur,
3699 1125 3798 1198 qui

2198 1222 2293 1278 per
2331 1205 2651 1278 prophetam
2682 1205 2829 1264 dixit
2856 1225 2867 1263 :
2916 1232 2934 1256 ε
2963 1209 3317 1265 Revertentes
3345 1210 3413 1266 ad
3444 1228 3530 1267 me
3569 1215 3799 1286 replau-

2197 1296 2325 1353 tabo
2357 1297 2572 1368 (larem.
2605 1314 2763 1365 xxxv,
2796 1297 2852 1369 6)
2880 1317 2892 1366 ;
2926 1322 2944 1345 ι
2989 1307 3051 1354 ut
3087 1298 3193 1354 hoc
3234 1298 3468 1356 scientes
3497 1300 3796 1362 Christiani

2199 1387 2428 1459 gentiles
2472 1403 2583 1442 non
2623 1387 2892 1443 insultent
2938 1387 3161 1456 Iudaeis,
3192 1390 3328 1446 certi
3371 1393 3636 1448 reservari
3683 1393 3799 1453 illis

2199 1479 2351 1551 quasi
2384 1478 2551 1551 lapsis
2581 1478 3017 1537 misericordiam
3046 1480 3166 1537 Dei.

2267 1575 2455 1647 (Vers.
2506 1576 2622 1648 24.)
2687 1603 2705 1624 ε
2750 1577 2888 1634 Nam
2937 1579 2982 1634 si
3015 1587 3076 1636 tu
3113 1595 3182 1636 ex
3222 1579 3458 1637 naturali
3493 1581 3712 1639 excisus
3741 1599 3800 1640 es

2199 1667 2452 1735 oleastro,
2499 1674 2553 1722 et
2598 1675 2790 1724 contra
2830 1678 3081 1725 naturam
3122 1670 3360 1730 insertus
3397 1690 3455 1730 es
3492 1673 3550 1731 in
3590 1674 3794 1734 bonam

2198 1757 2403 1813 olivam
2439 1776 2451 1814 :
2485 1765 2690 1832 quanto
2740 1759 2910 1831 magis
2940 1759 3019 1829 hi,
3051 1761 3146 1834 qui
3177 1765 3478 1821 secundum
3520 1776 3798 1839 naturam,

481 1844 706 1900 illorum
760 1851 823 1900 tu
879 1851 1106 1900 vocatus
1156 1860 1215 1899 es
1265 1842 1333 1898 ad
1388 1843 1644 1931 salutem.
1704 1839 1833 1897 Ideo
1867 1839 2088 1931 gratias
2118 1847 2164 1908 Β
2196 1846 2509 1903 inserentur
2552 1863 2664 1904 suae
2709 1847 2905 1904 olivae!
2957 1873 2976 1897 ι
3026 1849 3241 1907 Olivam
3275 1852 3436 1910 ﬁdem
3467 1871 3565 1928 per
3617 1874 3785 1931 quam

481 1932 644 1990 debes
691 1948 847 2006 agere
893 1933 1040 1990 dono
1089 1932 1188 1989 Dei
1237 1948 1332 2005 per
1373 1929 1681 1998 Christum,
1717 1946 1828 1985 non
1863 1929 1974 1985 illis
2005 1929 2083 1984 in-

480 2024 685 2080 sultare
747 2040 758 2079 :
821 2023 916 2080 sed
972 2029 1026 2079 et
1081 2029 1282 2095 petere,
1342 2021 1389 2078 si
1441 2021 1646 2077 malum
1707 2019 1930 2076 illorum
1979 2018 2083 2075 tibi

480 2115 718 2173 contulit
763 2114 834 2171 ad
876 2115 1147 2183 salutem;
1200 2122 1262 2170 ut
1300 2121 1354 2170 et
1402 2113 1506 2186 ipsi
1555 2111 1779 2169 redeant
1818 2111 1888 2167 ad
1921 2111 2084 2183 origi-

486 2222 633 2263 nem.
669 2207 824 2264 Tunc
852 2205 1094 2280 placebis
1124 2207 1259 2273 Deo,
1291 2205 1387 2277 qui
1417 2203 1499 2260 tui
1525 2205 1782 2259 misertus
1812 2210 1892 2258 est
1917 2220 1930 2269 ;
1960 2200 2084 2258 ideo

486 2296 634 2353 enim
665 2305 718 2354 te
747 2297 1060 2363 advocavit,
1089 2303 1152 2352 ut
1181 2311 1276 2368 per
1303 2303 1455 2352 tuam
1483 2293 1894 2350 aemulationem
1925 2291 2082 2348 redu-

481 2396 628 2444 ceret
656 2395 710 2444 et
737 2387 864 2444 illos
893 2386 961 2443 ad
993 2385 1247 2459 gratiam.

561 2482 654 2540 92
707 2477 840 2535 «Tu
893 2484 1075 2533 autem
1135 2473 1243 2530 ﬁde
1300 2485 1430 2530 stas.
1487 2496 1505 2522 ι
1575 2471 1715 2540 Quia
1761 2469 1936 2527 Judaei
1984 2484 2084 2543 per

479 2575 845 2634 difﬁdentiam
886 2573 1022 2645 lapsi
1074 2581 1224 2639 sunt,
1270 2572 1371 2628 hos
1417 2570 1524 2627 ﬁde
1571 2569 1708 2626 dicit
1737 2577 1914 2635 stare;
1956 2569 2086 2640 quia

480 2679 607 2723 cum
656 2665 810 2738 prius
854 2662 1099 2736 perﬁdiae
1146 2677 1308 2718 causa
1343 2659 1610 2732 jacerent,
1639 2657 1911 2716 credendo
1941 2665 2085 2713 stare

479 2761 784 2828 cceperunt.
846 2777 864 2802 ι
891 2753 1016 2810 Noli
1047 2754 1221 2809 altum
1262 2767 1468 2823 sapere,
1501 2749 1595 2805 sed
1643 2749 1797 2805 time.
1831 2774 1850 2797 ι
1891 2747 1952 2804 Id
1981 2757 2078 2816 est,

480 2845 594 2902 noli
625 2843 892 2916 superbus
920 2858 1056 2911 esse,
1091 2841 1188 2898 sed
1218 2857 1370 2902 cave.
1405 2856 1471 2896 ne
1500 2847 1554 2896 et
1583 2846 1640 2895 tu
1677 2837 1938 2895 offendas.

553 2952 734 3021 (Vers.
787 2950 902 3021 2i.)
972 2973 991 2997 ι
1037 2947 1094 3004 Si
1135 2947 1283 3002 enim
1331 2949 1476 3001 Deus
1525 2945 1870 3000 naturalibus
1916 2943 2084 3001 ramis

479 3055 590 3096 non
637 3038 916 3111 pepercit;
968 3052 1038 3091 ne
1087 3036 1228 3091 forte
1276 3050 1376 3089 nec
1421 3033 1522 3088 tibi
1568 3042 1770 3106 parcat.
1804 3057 1821 3080 ι
1876 3033 2080 3088 Verum

487 3137 590 3195 est,
624 3129 754 3201 quia
803 3127 848 3184 si
905 3126 1050 3195 illos,
1095 3126 1188 3199 qui
1244 3123 1608 3197 praerogativa
1660 3125 1881 3179 Patrum
1929 3123 2081 3196 digni

2194 1934 2472 1992 Abraham
2513 1936 2850 2009 justiﬁcatus
2891 1947 2992 2008 est,
3042 1940 3377 2014 accipiamus
3428 1961 3441 2000 :
3495 1946 3795 2004 oleastrum

2194 2042 2344 2094 vero,
2377 2027 2507 2098 quia
2534 2029 2762 2098 agrestis
2799 2035 2853 2083 et
2883 2028 3225 2087 infructuosa
3254 2040 3450 2090 natura
3483 2043 3583 2103 est,
3616 2035 3798 2109 perﬁ-

2194 2113 2343 2170 diam
2379 2113 2744 2187 signiﬁcatam
2796 2116 2912 2188 (71)
2974 2135 2988 2174 :
3037 2135 3099 2175 ac
3154 2136 3250 2192 per
3306 2121 3413 2178 hoc
3476 2123 3522 2180 si
3578 2125 3639 2194 ii,
3699 2126 3795 2199 qui

2194 2220 2407 2276 semper
2465 2205 2681 2262 inimici
2740 2207 2839 2262 Dei
2896 2207 3141 2278 fuerunt,
3200 2213 3455 2269 conversi
3515 2213 3572 2271 in
3625 2215 3793 2274 ﬁdem

2194 2293 2430 2351 Abrahae
2479 2295 2670 2352 inserti
2713 2305 2862 2366 sunt,
2905 2315 2974 2354 ex
3025 2299 3184 2373 cujus
3229 2301 3440 2374 origine
3480 2319 3590 2361 non
3623 2316 3791 2377 sunt;

2194 2391 2399 2457 quanto
2444 2387 2614 2456 magis
2663 2387 2862 2457 Judaei,
2893 2389 2938 2444 si
2982 2397 3106 2462 post
3143 2388 3506 2450 diﬁidentiam
3539 2395 3791 2466 credant,

2193 2483 2430 2548 paternae
2474 2476 2738 2534 reddendi
2789 2489 2918 2535 sunt
2960 2488 3193 2549 naturae,
3237 2480 3430 2538 inserti
3474 2481 3676 2539 iterum
3729 2482 3788 2541 in

2194 2582 2346 2622 suam
2376 2567 2795 2638 promissionem
2816 2569 2826 2624 l

2267 2666 2448 2738 (Vers.
2501 2665 2590 2734 25,
2639 2665 2754 2737 26.)
2809 2689 2827 2711 ι
2856 2665 2994 2722 Nolo
3031 2664 3180 2720 enim
3219 2664 3471 2738 ignorare
3517 2682 3638 2736 vos,
3671 2665 3800 2722 fra—

2192 2765 2321 2824 tres,
2370 2755 2695 2829 mysterium
2729 2755 2866 2822 hoc;
2915 2764 2979 2812 ut
3021 2772 3133 2812 non
3172 2755 3294 2812 sitis
3338 2757 3443 2830 ipsi
3490 2755 3650 2814 vobis
3696 2774 3796 2814 sa-

2193 2847 2440 2919 pientes;
2497 2845 2625 2918 quia
2678 2845 2898 2902 obtusio
2958 2846 3208 2919 quaedam
3273 2863 3344 2902 ex
3405 2854 3560 2920 parte
3623 2848 3795 2905 Israel

2191 2935 2334 2991 facta
2390 2942 2490 3003 est,
2549 2934 2724 2990 donec
2779 2935 3066 3008 plenitudo
3120 2935 3366 3008 gentium
3423 2935 3655 2994 intraret
3695 2955 3707 2993 :
3742 2943 3801 2993 et

2191 3027 2271 3083 sic
2308 3028 2489 3083 omnis
2518 3028 2681 3083 Israel
2711 3028 2896 3084 salvus
2936 3026 3110 3084 ﬁeret.
3143 3052 3162 3074 ι
3207 3027 3326 3082 Non
3356 3034 3440 3083 est
3468 3027 3788 3096 obscurum,

2191 3118 2321 3189 quia
2367 3117 2434 3173 ad
2481 3126 2698 3188 tempus
2737 3117 3000 3174 caecitatis
3040 3116 3259 3173 obtusio
3301 3117 3426 3173 data
3466 3127 3548 3173 est
3585 3115 3798 3173 Iudaeis

481 3225 633 3274 erant
670 3217 813 3290 (69),
847 3214 1048 3288 quibus
1082 3213 1246 3270 etiam
1278 3213 1420 3269 facta
1463 3212 1814 3285 repromissio
1844 3221 1924 3268 est
1965 3215 2078 3268 Deo
2113 3217 2161 3279 Ο
2196 3209 2313 3281 (72)
2349 3209 2436 3277 iis,
2468 3208 2562 3282 qui
2611 3207 2743 3264 dum
2792 3208 2976 3264 aemuli
3019 3208 3174 3281 Legis
3203 3216 3352 3275 sunt,
3385 3223 3494 3263 non
3526 3206 3796 3264 viderunt

484 3307 542 3362 in
594 3307 738 3364 ﬁlios
786 3305 1056 3377 adoptari,
1091 3303 1492 3362 incredulitatis
1536 3319 1697 3360 causa
1744 3303 2080 3370 excaecavit;

487 3397 621 3471 quid
651 3397 738 3454 his
767 3395 813 3453 si
838 3394 1238 3464 dubitaverint,
1266 3401 1360 3450 aut
1391 3394 1435 3450 si
1468 3410 1523 3449 se
1552 3393 1875 3460 extulerint,
1900 3391 2081 3459 faciet,

480 3486 574 3560 qui
614 3487 770 3542 nulla
817 3485 1298 3543 commendatione
1341 3483 1624 3539 sublimati
1674 3492 1845 3540 sunt:
1883 3483 2083 3556 quippe

480 3593 603 3633 cum
637 3574 850 3631 nullius
879 3575 1166 3648 dignitatis
1195 3583 1396 3642 essent,
1431 3573 1684 3628 honorati
1715 3573 1893 3628 sunt?

552 3684 735 3758 (Vers.
781 3684 897 3755 22.)
944 3709 962 3731 ι
992 3683 1134 3740 Vide
1163 3699 1290 3757 ergo
1320 3684 1622 3740 bonitatem
1653 3691 1706 3740 et
1735 3691 2081 3740 severitatem

477 3775 575 3832 Dei
615 3774 718 3840 gin
765 3791 858 3832 eos
905 3775 1128 3849 quidem
1177 3777 1270 3850 qui
1310 3775 1647 3843 ceciderunt,
1679 3775 2028 3831 severitatem
2066 3791 2078 3829 :

479 3865 536 3920 in
560 3872 611 3921 te
639 3872 843 3932 autem,
869 3865 1170 3922 bonitatem
1202 3885 1215 3934 ;
1243 3866 1288 3921 si
1321 3866 1684 3939 permanseris
1713 3865 1768 3922 in
1800 3864 2079 3921 bonitate:

477 3955 724 4029 alioquin
777 3963 832 4013 et
869 3964 930 4013 tu
971 3956 1264 4013 excideris.
1296 3981 1314 4004 ι
1360 3959 1572 4013 Bonum
1619 3959 1794 4015 Deum
1826 3956 2084 4030 gentibus

477 4063 592 4106 esse
637 4055 900 4117 testatur;
945 4048 1076 4122 quia
1119 4065 1248 4105 cum
1294 4047 1445 4104 idola
1492 4055 1869 4120 sequerentur,
1929 4046 2084 4119 digni

474 4140 668 4214 utique
723 4140 934 4208 mortis,
984 4139 1252 4212 patientia
1303 4155 1402 4196 sua
1445 4137 1786 4211 exspectavit
1842 4137 1990 4205 illos,
2030 4143 2084 4192 et

474 4244 576 4286 nec
633 4228 814 4286 adhuc
866 4231 1209 4304 requirentes
1250 4246 1328 4298 se,
1379 4230 1529 4285 ultro
1574 4228 1801 4286 vocavit
1835 4227 1979 4282 illos.
2030 4234 2083 4284 et

474 4326 695 4392 peccata
744 4318 824 4375 eis
889 4321 1120 4378 remisit.
1178 4321 1383 4378 Iudaeis
1438 4328 1623 4377 autem
1682 4334 1904 4376 severus
1960 4325 2079 4385 est;

474 4409 775 4464 excaecavit
816 4408 964 4464 enim
1015 4425 1132 4477 eos,
1167 4411 1296 4482 quia
1342 4410 1548 4466 donum
1599 4409 1696 4466 Dei
1736 4414 2078 4479 spreverunt.

473 4498 586 4554 Hos
626 4504 811 4552 tamen
868 4513 1016 4554 nunc
1066 4498 1347 4570 signiﬁcat
1405 4499 1622 4555 Judzeos
1651 4540 1666 4565 ,
1715 4499 1809 4570 qui
1863 4506 2082 4570 propter

475 4585 918 4644 malevolentiam
979 4601 1133 4642 suam
1193 4586 1250 4642 in
1304 4595 1624 4659 perpetuum
1671 4587 1858 4645 θεοειῐὶ
1910 4594 2072 4663 sunt;
2107 4587 2154 4646 D

474 4675 621 4732 unde
675 4683 729 4732 et
781 4674 1044 4733 cecidisse
1113 4692 1206 4733 eos
1261 4675 1399 4734 dicit
1457 4695 1470 4732 :
1528 4677 1656 4733 illos
1709 4685 1893 4735 autem
1943 4694 2080 4750 quos

478 4781 644 4837 supra
687 4766 1039 4834 memoravit,
1070 4765 1384 4837 oﬁ'endisse,
1416 4782 1525 4823 non
1551 4774 1735 4824 tamen
1777 4766 2037 4824 cecidisse
2063 4785 2076 4834 ;

476 4857 610 4929 quia
657 4857 726 4913 ad
777 4864 998 4930 tempus
1027 4865 1258 4916 caecatos
1283 4858 1412 4916 illos
1441 4859 1719 4929 ostendit;
1751 4877 1815 4920 ac
1851 4876 1947 4934 per
1974 4858 2081 4916 hoc

499 5121 520 5138 ο
549 5088 666 5164 (68)
699 5088 868 5164 Corb.
912 5088 1109 5164 codex,
1139 5090 1402 5164 decipitur
1429 5092 1523 5163 qui
1569 5091 1794 5147 insultat
1820 5091 2073 5164 peccanti.

575 5161 667 5234 69)
700 5163 781 5234 Ita
812 5177 943 5218 mss.
979 5162 1139 5234 longe
1179 5161 1406 5234 plurimi
1433 5161 1453 5232 ξ
1480 5164 1612 5220 edit.
1648 5179 1798 5229 vero,
1821 5161 2078 5234 dignitosi

469 5240 643 5301 erant,
677 5233 745 5290 ad
781 5248 915 5305 quas
944 5233 1111 5288 etiam
1157 5233 1426 5290 accedunt
1479 5235 1734 5291 nonnulli
1794 5233 1950 5299 mss.,
1981 5233 2076 5290 ubi

472 5305 674 5377 legitur
715 5305 864 5377 digni
915 5305 1050 5359 tonsi
1088 5312 1262 5377 erant.
1315 5307 1524 5363 Rursus
1567 5314 1772 5373 autem,
1804 5305 1897 5360 ubi
1943 5306 2078 5377 lege-

469 5375 634 5433 batur
678 5378 737 5433 in
779 5375 914 5432 edit.
947 5375 1209 5433 omnibus
1247 5386 1302 5435 et
1332 5395 1462 5434 mss.
1499 5377 1849 5448 quibusdam,
1881 5375 2079 5448 Deo’in

469 5449 614 5522 ﬁlios
668 5449 929 5522 adoptati.
966 5457 1060 5505 aut
1105 5461 1166 5522 ut
1215 5448 1270 5522 in
1325 5447 1612 5522 nonnullis
1661 5449 1824 5522 paulo
1855 5447 2074 5518 melius,

467 5519 736 5594 adaptatis
762 5519 785 5586 ξ
811 5521 1018 5594 optime
1045 5520 1242 5594 reliqui
1267 5521 1416 5590 cod.,
1447 5519 1716 5594 adoptari.

543 5591 660 5664 (70)
707 5591 983 5665 Nonnulli
1029 5591 1181 5662 cod,
1206 5595 1278 5650 ad
1330 5591 1670 5665 tempus,'nec
1696 5593 1905 5664 quidem
1934 5593 2076 5650 circa

466 5664 733 5740 eos,__qui_
767 5667 960 5740 nolunt
1010 5666 1238 5735 credere,
1295 5665 1342 5722 si
1373 5664 1610 5736 credant,
1666 5666 1794 5740 quia
1848 5683 1954 5722 non
2001 5666 2076 5722 sic

467 5735 668 5794 excidit
694 5736 929 5806 Iudaeos,
960 5745 1065 5793 etc.

2194 3300 2402 3356 donum
2457 3299 2673 3355 venisse
2718 3301 3046 3372 promissum
3098 3316 3128 3354 a
3171 3301 3302 3368 Deo,
3333 3299 3481 3372 quod
3516 3299 3792 3372 pradica-

2193 3389 2355 3445 batur
2404 3406 2435 3445 a
2477 3388 2715 3447 Christo.
2755 3388 2882 3445 Zelo
2924 3390 3071 3445 enim
3107 3388 3365 3446 excaecati
3396 3398 3548 3456 sunt,
3579 3398 3790 3462 putan-

2193 3486 2275 3533 tes
2337 3479 2509 3550 legem
2587 3478 2855 3534 factorum
2937 3495 3220 3552 nunquam
3286 3477 3483 3534 debere
3540 3493 3789 3547 cessare;

2195 3569 2340 3625 unde
2371 3571 2656 3626 sabbatum
2687 3570 3026 3627 zelabantur.
3061 3571 3177 3640 Qua
3207 3570 3510 3627 oﬁ'ensione
3541 3587 3611 3627 ex
3637 3580 3792 3643 parte

2194 3661 2374 3716 obtusi
2415 3669 2567 3728 sunt,
2609 3669 2670 3716 ut
2713 3679 2812 3734 pro
2852 3661 3233 3718 incredulitate
3263 3677 3360 3718 sua
3387 3655 3788 3730 cruciarentur,

2194 3747 2445 3805 videntes
2495 3757 2682 3822 gentes
2731 3750 2975 3823 proﬁteri
3023 3767 3148 3807 cum
3208 3750 3406 3822 gaudio
3463 3759 3792 3809 consecutos

2193 3853 2250 3893 se
2292 3838 2768 3910 repromissionem
2817 3839 3054 3896 Abrahae
3088 3858 3100 3896 :
3136 3839 3294 3912 c0pia
3339 3847 3521 3896 tamen
3552 3839 3793 3900 admissa

2195 3928 2459 4000 gentium.
2493 3930 2892 4002 abstergeretur
2921 3931 3096 4003 caligo
3130 3929 3198 3986 ab
3244 3930 3419 3987 oculis
3459 3931 3657 3986 mentis
3684 3947 3790 3986 eo—

2194 4035 2339 4087 rum,
2380 4026 2441 4075 ut
2477 4019 2686 4087 possint
2724 4018 2980 4086 credere;
3021 4028 3080 4074 ut
3110 4018 3367 4091 spiritum
3398 4019 3791 4092 compunctio—

2193 4113 2279 4168 nis
2330 4113 2630 4186 prohibens
2671 4130 2702 4168 a
2758 4112 3018 4170 cordibus
3059 4129 3270 4182 eorum,
3303 4112 3398 4186 qui
3447 4114 3526 4170 eis
3566 4120 3787 4186 praestat

2192 4203 2516 4271 cacitatem,
2540 4203 2730 4261 reddat
2756 4203 2835 4260 eis
2864 4202 3155 4260 arbitrium
3186 4202 3422 4260 liberum
3444 4203 3783 4272 voluntatis;

2191 4296 2325 4367 quia
2388 4312 2498 4352 non
2568 4295 2635 4354 de
2719 4295 3110 4354 malevolentia
3185 4303 3302 4354 erat
3391 4296 3786 4365 incredulitas,

2191 4386 2286 4442 sed
2351 4385 2418 4442 de
2472 4403 2674 4456 errore,
2741 4386 3185 4456 emendarentur,
3251 4395 3314 4443 ut
3375 4393 3562 4460 postea
3610 4388 3787 4444 salva-

2190 4484 2399 4534 rentur.

2275 4610 2293 4634 ι
2345 4585 2500 4644 Sicut
2539 4586 2807 4659 scriptum
2838 4592 2938 4642 est.
2970 4609 2988 4633 ι
3033 4585 3104 4643 Ut
3131 4585 3388 4659 probaret
3422 4584 3632 4643 donum
3669 4585 3787 4646 illis

2181 4685 2524 4734 reservatum
2576 4691 2607 4730 a
2649 4678 2782 4744 Deo,
2833 4676 3150 4748 exemplum
3197 4677 3350 4733 Isaiaa
3398 4675 3677 4749 prophetat
3722 4677 3784 4733 in

2188 4765 2449 4837 subjectis
2499 4766 2661 4837 ponit
2703 4781 2716 4820 :
2766 4773 2828 4821 ut
2879 4765 2982 4824 hac
3030 4767 3202 4840 gratia
3245 4784 3351 4842 qua
3399 4766 3616 4823 liberati
3652 4775 3787 4824 sunt

2187 4856 2363 4914 Judaei
2420 4853 2722 4924 credentes,
2768 4862 2822 4912 et
2881 4871 2983 4913 nos
3037 4855 3259 4914 liberari
3310 4873 3468 4931 posse
3517 4855 3779 4925 doceret;

2261 5092 2378 5164 (71)
2434 5092 2613 5165 Eras._
2650 5098 2704 5165 et
2747 5107 2862 5165 seq.
2925 5089 3099 5165 edit.,
3149 5090 3364 5148 olivam.
3414 5091 3573 5148 Rom.
3614 5092 3786 5165 oleam

2185 5163 2432 5236 ﬁdem...
2504 5163 2839 5236 accipimus;
2891 5164 3115 5219 oleaster
3197 5179 3435 5236 ανον...
3499 5163 3787 5235 perﬁdiam

2186 5233 2482 5306 signiﬁcat;
2512 5233 2736 5291 Am’erb.
2768 5242 2948 5290 autem
2977 5243 3032 5290 et
3051 5251 3179 5290 mss.
3215 5233 3512 5306 lectionem
3537 5233 3782 5306 uestram

2187 5304 2554 5374 constituunt,
2595 5305 2702 5362 nisi
2751 5306 2897 5379 quod
2951 5306 3205 5379 nonnulli
3250 5305 3475 5379 habent,
3511 5312 3559 5361 et
3586 5304 3784 5376 infru-

2185 5385 2394 5434 ctuosus
2440 5385 2639 5433 natura
2680 5376 2784 5446 est,
2804 5377 3059 5434 nonnulli
3100 5383 3147 5431 et
3185 5376 3530 5447 infructuosa
3569 5383 3784 5433 natura

2184 5459 2290 5514 est;
2336 5459 2389 5506 et
2443 5450 2708 5523 continuo
2760 5458 2881 5522 post
2937 5449 3162 5505 Amerb.
3220 5465 3346 5506 cum
3396 5450 3586 5523 paucis
3621 5466 3781 5518 mss.,

2177 5523 2466 5595 perﬁdiam
2495 5522 2774 5593 signiﬁcat.

2257 5595 2373 5667 (72)
2408 5594 2498 5650 Sic
2525 5595 2776 5664 Amerb.,
2805 5595 2960 5650 Eras.
2993 5611 3056 5652 ac
3085 5597 3268 5667 plures
3298 5612 3454 5663 mss.,
3485 5593 3617 5667 Gill.
3646 5608 3782 5667 vero

2183 5663 2414 5798 etﬁdiit.
2443 5667 2622 5748 .Bom.
2674 5684 2802 5726 cum
2849 5682 2979 5724 mss.
3023 5663 3374 5743 quibusdam,
3403 5665 3606 5724 obtusio
3631 5663 3782 5737 facta

2181 5755 2232 5796 es
2312 5755 2346 5793 τι
2387 5755 2499 5795 (είς.
