4136 6194
312 240 405 327 l6t

1407 265 1770 330 COMMENT.
1814 265 1887 331 ΙΝ
1925 263 2146 330 ΕΡ18Τ.
2187 273 2285 330 ΑΙ)
2321 270 2494 334 ROM.

3513 281 3616 344 162

305 393 425 466 quia
481 409 593 451 non
657 405 773 454 erat
841 396 1146 468 exinanita,
1222 397 1318 456 sed
1369 415 1584 473 semper
1627 399 1895 459 abundat.
1928 414 1979 474 Α
2015 399 2286 472 jactarent
2331 403 2655 458 insultantes
2703 401 2931 472 Iudaeis,
2980 402 3075 477 qui
3116 419 3228 460 non
3268 406 3616 464 crediderant

306 484 445 539 Dicit
470 500 630 557 ergo:

373 572 549 644 (Vers.
593 576 709 649 27.)
779 602 799 626 ε
846 577 1045 636 Veniet
1100 594 1169 635 ex
1224 578 1380 648 Sion,
1427 580 1522 654 qui
1565 581 1785 653 eripiat,
1841 589 1895 637 et

302 672 502 723 avertat
548 667 884 739 impietatem
930 670 999 728 ab
1053 670 1264 728 Iacob:
1318 680 1372 728 et
1415 671 1524 728 hoc
1567 672 1683 727 illis
1735 689 1767 727 a
1812 689 1898 728 me

300 759 708 827 testamentum,
753 775 876 815 cum
921 760 1204 818 abstulero
1251 769 1474 833 peccata
1521 777 1710 817 eorum
1763 762 1898 833 (Isa.

300 858 408 912 1.1x,
475 845 590 916 28).
622 871 640 894 ι
701 849 960 923 Exempli
1008 849 1176 922 hujus
1234 852 1378 906 ratio
1432 866 1648 922 semper
1697 858 1899 920 manet,

299 934 542 1007 quandiu
600 945 749 1006 sunt,
810 940 906 1012 qui
963 940 1210 997 credant.
1270 940 1375 997 Hic
1429 941 1575 997 enim
1634 941 1900 996 Dominus

299 1023 468 1092 Iesus,
513 1027 608 1099 qui
643 1027 711 1084 de
755 1029 913 1086 caelis
950 1038 1218 1086 venturus
1251 1030 1550 1103 promissus
1595 1038 1676 1085 est
1723 1030 1789 1085 ad
1822 1031 1902 1087 li-

298 1110 636 1172 berationem
669 1116 899 1174 humani
949 1119 1180 1191 generis,
1234 1119 1348 1190 ipse
1393 1118 1638 1192 quotidie
1668 1121 1902 1177 remittit

299 1212 520 1276 peccata
559 1207 840 1264 conversis
870 1207 937 1264 ad
967 1225 1046 1277 se,
1089 1225 1192 1265 nec
1218 1209 1402 1266 statim
1453 1225 1564 1266 non
1591 1209 1902 1268 ‘credentes

301 1293 654 1364 condemnat,
699 1297 792 1354 sed
823 1306 1121 1371 exspectat,
1145 1299 1321 1356 sciens
1355 1315 1512 1372 posse
1541 1300 1803 1372 proﬁcere
1832 1301 1901 1357 ad

299 1381 639 1452 agnitionem
670 1384 790 1441 Dei.

368 1470 550 1542 (Vers.
582 1472 698 1544 28.)
740 1497 760 1520 ι
789 1472 1103 1532 Secundum
1145 1477 1511 1550 Evangelium
1542 1477 1762 1551 quidem
1795 1477 1898 1534 ini.

298 1556 426 1616 mici
476 1571 698 1635 propter
743 1580 861 1621 vos.
904 1591 923 1614 ι
987 1565 1164 1624 Causa
1210 1567 1618 1626 incredulitatis
1647 1575 1744 1633 93
1781 1569 1904 1626 ini-

298 1656 426 1714 mici
456 1666 585 1715 sunt
618 1661 932 1736 Evangelii,
969 1673 1033 1722 ut
1076 1681 1230 1722 error
1272 1675 1328 1723 et
1366 1667 1632 1725 delictum
1673 1669 1899 1726 illorum

300 1747 568 1846 gentibus
601 1752 842 1824 aperiret
886 1753 1031 1809 viam
1081 1763 1225 1846 ante
1260 1763 1480 1829 tempus
1535 1758 1779 1815 intrandi
1833 1758 1970 1846 adB

297 1836 486 1907 fidem,
526 1841 672 1897 sicut
715 1859 880 1914 supra
928 1845 1268 1915 memoravi;
1326 1847 1480 1919 prius
1509 1849 1657 1904 enim
1696 1849 1901 1923 ubique

296 1929 561 1986 omnibus
599 1931 804 1988 Judmis
854 1933 1262 2005 praedicandum
1311 1947 1447 2008 erat,
1496 1947 1633 1997 tunc
1678 1940 1899 1998 demum

302 2027 358 2074 et
387 2021 642 2092 gentibus
671 2024 954 2095 oportebat
1003 2027 1150 2084 credi
1181 2029 1412 2086 verbum
1451 2015 1572 2086 Dei.
1625 2031 1730 2088 Sed
1774 2032 1903 2104 quia

295 2123 410 2164 non
441 2110 816 2179 crediderunt,
846 2114 1090 2173 ablatum
1135 2118 1206 2174 ab
1241 2119 1318 2175 eis
1349 2135 1575 2192 regnum
1607 2120 1793 2177 datum
1823 2131 1904 2178 est

297 2200 572 2273 gentibus.
629 2203 817 2278 Itaque
845 2222 957 2263 non
1006 2209 1387 2268 insultandum
1440 2212 1528 2268 his
1577 2222 1901 2285 praemonet,

299 2305 537 2362 quorum
570 2292 834 2352 delictum
865 2297 1073 2369 profuit
1101 2301 1389 2373 gentibus;
1424 2302 1502 2358 ibi
1533 2303 1680 2359 enim
1715 2304 1902 2360 insul-

297 2383 528 2440 tandum
558 2395 658 2455 est,
705 2386 862 2460 cujus
895 2399 1179 2462 peccatum
1223 2394 1403 2450 obfuit
1432 2395 1731 2468 aliquibus.
1780 2397 1903 2453 Non

299 2475 449 2531 enim
483 2474 540 2531 in
571 2475 803 2548 perfidia
830 2478 1055 2536 illorum
1093 2483 1477 2553 gratulandum
1509 2495 1614 2551 est,
1666 2485 1763 2542 sed
1793 2486 1903 2542 do-

300 2563 556 2633 landum,
599 2566 645 2621 si
693 2567 912 2624 tardant
942 2571 1231 2641 converti;
1273 2581 1335 2629 ut
1365 2575 1641 2646 quomodo
1683 2583 1904 2647 peccato

301 2654 529 2713 illorum
553 2659 810 2732 gravissm
839 2668 967 2716 sunt
997 2669 1204 2734 gentes,
1235 2665 1364 2738 quia
1388 2667 1609 2723 salvataa
1638 2675 1795 2734 sunt;
1825 2667 1906 2725 sic

303 2747 669 2804 conversione
702 2763 891 2805 eorum
926 2751 1199 2821 laetentur,
1251 2754 1496 2826 ipsorum
1544 2756 1694 2812 enim
1739 2772 1906 2813 occa-

303 2833 464 2894 sione
488 2836 586 2893 Dei
618 2837 846 2910 gratiam
879 2839 1046 2896 citius
1076 2854 1454 2915 perceperunt.

386 2950 406 2974 ε
449 2926 766 2984 Secundum
821 2929 1149 2986 electionem
1204 2941 1385 2989 autem
1445 2933 1634 2991 dilecti
1687 2941 1910 3006 propter

297 3012 512 3072 Patres.
544 3041 562 3063 ι
619 3016 886 3084 Quamvis
926 3019 1168 3089 graviter
1196 3023 1547 3092 peccaverint
1591 3021 1765 3078 Judaei
1812 3037 1909 3078 re-

298 3105 588 3179 probando
617 3105 825 3162 donum
876 3109 995 3176 Dei,
1042 3117 1096 3164 et
1128 3108 1284 3182 digni
1312 3109 1423 3166 sint
1470 3120 1682 3179 morte;
1731 3119 1910 3169 tamen

295 3196 436 3268 quia
491 3193 595 3250 filii
651 3203 780 3250 sunt
830 3196 1126 3267 bonorum,
1176 3215 1411 3272 quorum
1459 3204 1820 3274 praerogativa
1855 3212 1909 3259 et

297 3285 506 3340 merito
563 3283 804 3356 plurima
843 3301 876 3340 a
929 3288 1043 3342 Deo
1086 3287 1354 3347 beneﬁcia
1406 3300 1784 3364 perceperunt,
1829 3310 1908 3350 re-

296 3375 471 3450 gressi
528 3375 597 3432 ad
653 3375 818 3432 fidem
868 3378 1244 3451 suscipientur
1305 3399 1431 3438 cum
1495 3384 1720 3451 laetitia;
1779 3384 1909 3458 quia

295 3464 528 3522 dilectio
592 3465 653 3522 in
718 3466 808 3524 his
865 3468 967 3525 Dei
1029 3472 1404 3532 exsuscitatur
1467 3476 1735 3535 memoria
1795 3477 1906 3532 Pa-

296 3563 446 3613 trum
457 3599 471 3614 .

369 3649 556 3723 (Vere.
586 3650 702 3725 29.)
745 3675 764 3701 ι
794 3651 924 3709 Sine
967 3653 1294 3726 paenitentia
1337 3655 1485 3713 enim
1514 3665 1644 3714 sunt
1677 3657 1822 3714 dona
1853 3665 1907 3714 et

299 3745 522 3801 vocatio
551 3745 672 3802 Dei.
703 3769 723 3794 ι
758 3746 967 3803 Verum
995 3755 1096 3817 est,
1127 3747 1256 3821 quia
1286 3748 1458 3822 gratia
1485 3750 1585 3806 Dei
1614 3749 1671 3806 in
1703 3750 1908 3824 baptis-

300 3844 442 3892 mate
477 3851 589 3892 non
616 3837 814 3911 quaerit
844 3837 1134 3910 gemitum,
1184 3846 1279 3895 aut
1305 3841 1610 3912 planctum,
1645 3848 1741 3897 aut
1769 3858 1906 3913 opus

300 3925 558 4000 aliquod;
608 3927 718 3984 nisi
760 3928 943 3984 solum
971 3945 1041 3985 ex
1069 3928 1234 3986 corde
1261 3930 1680 4002 professionem.
1723 3933 1910 4005 Neque

301 4016 449 4073 enim
527 4015 658 4090 quia
721 4018 962 4090 graviter
1023 4017 1369 4094 deliquerant
1425 4037 1537 4078 non
1591 4019 1911 4093 recipiendo

303 4104 638 4177 promissum
681 4106 803 4176 Dei,
851 4115 906 4164 et
953 4109 1084 4180 quia
1129 4125 1249 4182 quas
1295 4110 1537 4183 graviter
1591 4120 1909 4186 peccantur,

303 4209 409 4252 non
445 4194 560 4251 nisi
601 4194 734 4253 fletu
761 4203 816 4253 et
862 4197 1073 4270 gemitu
1121 4198 1190 4254 ad
1220 4202 1438 4257 veniam
1479 4201 1793 4274 pertinent;
1843 4218 1912 4258 ne

304 4282 423 4341 ideo
463 4283 592 4341 illos
641 4301 751 4341 non
796 4303 953 4358 posse
1001 4285 1116 4360 jam
1174 4289 1418 4362 accipere
1475 4289 1912 4348 misericordiam

305 4383 585 4444 putarent,
629 4376 760 4448 quia
787 4374 974 4432 dolere
1005 4377 1132 4433 illos
1175 4393 1287 4434 non
1321 4378 1621 4448 videbant;
1671 4380 1914 4437 ostendit

306 4461 412 4522 hoc
443 4463 588 4523 inter
614 4466 918 4540 primordia
944 4467 1074 4524 ﬁdei
1104 4483 1216 4524 non
1246 4468 1454 4541 requiri
1478 4486 1491 4536 ;
1525 4468 1733 4526 donum
1762 4470 1909 4526 enim

305 4553 404 4611 Dei
433 4557 606 4627 gratis
633 4556 803 4614 donat
832 4567 1064 4630 peccata
1083 4559 1140 4614 in
1169 4557 1470 4630 baptismo.

377 4645 566 4717 (Vers.
614 4646 706 4714 30,
753 4647 869 4719 3t.)
938 4672 957 4695 ι
991 4648 1146 4705 Sicut
1191 4647 1341 4703 enim
1384 4657 1437 4704 et
1470 4663 1568 4704 vos
1617 4647 1914 4720 aliquando

307 4748 413 4792 non
483 4733 796 4793 credidistis
846 4738 980 4806 Deo,
1032 4753 1182 4795 nunc
1235 4748 1418 4795 autem
1478 4737 1912 4795 misericordiam

307 4827 593 4881 consecuti
633 4824 762 4881 estis
791 4834 1012 4898 propter
1054 4827 1278 4884 illorum
1321 4827 1720 4896 diﬂidentiam;
1757 4828 1834 4884 ita
1860 4835 1915 4884 et

308 4913 400 4971 isti
446 4931 601 4972 nunc
643 4932 755 4971 non
799 4915 1154 4973 crediderunt
1202 4917 1260 4972 in
1307 4925 1490 4973 vestra
1539 4917 1912 4987 miseratione,

312 5012 375 5061 ut
401 5013 462 5064 et
491 5005 596 5079 ipsi
626 5005 1060 5063 misericordiam
1094 5018 1523 5082 consequantur.
1560 5033 1579 5056 ι
1640 5008 1914 5066 Incredu-

311 5095 526 5156 litatem
567 5097 813 5172 gentium
856 5105 1142 5169 memorat,
1185 5108 1247 5157 ut
1288 5099 1408 5173 ipso
1455 5097 1654 5156 rubore
1700 5115 1814 5156 non
1860 5115 1917 5156 se

386 5320 507 5398 (73)
548 5325 708 5383 Rom.
759 5325 917 5395 edit.,
964 5331 1024 5380 ut
1067 5323 1272 5396 perfusi
1317 5325 1600 5381 rubore...
1650 5324 1750 5398 sed,
1785 5323 1919 5398 oble-

315 5397 519 5453 ctarent
568 5399 709 5466 illos,
777 5405 837 5452 ut
888 5403 1224 5470 agnoscerent
1246 5398 1596 5470 promissum
1652 5397 1771 5454 Dei.
1830 5397 1919 5470 8e-

317 5477 576 5542 quentem
608 5486 740 5525 vero
772 5468 950 5526 locum
980 5468 1102 5542 cod.
1137 5469 1300 5526 Corb.
1329 5469 1405 5523 ita
1431 5470 1742 5525 contrahit:
1780 5469 1920 5542 Quia

317 5540 467 5615 enini
488 5558 597 5609 vos,
629 5542 824 5613 inquit,
866 5548 1034 5615 gentes
1061 5540 1274 5612 fuistis;
1306 5557 1444 5596 nunc
1482 5547 1657 5596 autem
1700 5541 1922 5597 miseri-

316 5612 578 5682 cordiam,
608 5612 712 5671 etc.

392 5684 511 5756 (74)
551 5685 653 5745 Ms.
707 5684 897 5756 Corb.,
957 5690 1020 5741 ut
1065 5701 1165 5758 per
1215 5684 1493 5746 indictum.
1550 5686 1672 5745 Non
1731 5685 1924 5744 multis

1941 4523 1991 4582 D

2002 489 2098 546 sed
2153 490 2490 546 oblectarent
2542 492 2666 547 illos
2729 508 3021 564 agnoscere
3099 494 3437 566 promissum
3492 497 3612 553 Dei.

2007 579 2124 650 (73)
2158 578 2298 646 Quia
2340 580 2488 635 enim
2537 597 2654 648 vos,
2703 581 2906 656 inquit,
2963 591 3176 655 gentes,
3219 601 3343 640 cum
3391 584 3479 641 his
3507 587 3615 641 elo-

2007 668 2136 739 quia
2183 667 2283 724 Dei
2341 668 2547 725 credita
2592 670 2727 738 sint,
2777 679 3150 745 repugnantes
3204 673 3421 742 fuistis;
3467 689 3616 732 nunc

2008 766 2188 814 autem
2224 759 2661 816 misericordiam
2692 763 3003 833 accepistis,
3041 779 3152 820 non
3182 771 3366 820 vestro
3395 764 3616 834 merito,

2007 847 2104 903 sed
2144 848 2212 905 ad
2242 849 2442 904 horum
2483 850 2878 922 opprobrium;
2928 868 3090 924 quare
3130 869 3242 908 non
3306 854 3478 926 magis
3523 853 3616 911 isti

2007 938 2262 994 conversi
2289 939 2566 1010 accipiant
2599 940 3060 1009 misericordiam,
3103 943 3195 1013 qui
3226 943 3382 1014 prius
3412 960 3470 998 in
3501 944 3617 1016 lege

2007 1029 2106 1085 Dei
2166 1030 2477 1086 conversati
2530 1038 2698 1098 sunt,
2758 1039 2814 1086 et
2869 1031 3072 1103 quibus
3129 1032 3272 1087 facta
3326 1033 3617 1104 promissio

2008 1128 2090 1174 est
2111 1119 2138 1174 ‘I

2081 1207 2265 1279 (Vers.
2299 1207 2415 1280 32.)
2477 1233 2495 1256 ε
2525 1208 2815 1266 Conclusit
2845 1209 2994 1264 enim
3037 1210 3186 1265 Deus
3217 1211 3408 1266 omnia
3438 1211 3494 1266 in
3525 1208 3620 1266 in-

2008 1297 2355 1367 credulitate,
2398 1307 2459 1354 ut
2485 1298 2739 1354 omnium
2776 1299 3121 1354 misereatur.
3156 1323 3174 1345 -
3219 1298 3422 1355 Gentes
3453 1316 3621 1372 porro

2008 1387 2077 1456 ab
2107 1387 2349 1461 antiquis
2395 1388 2736 1460 temporibus
2780 1388 2837 1443 in
2884 1389 3165 1460 impietate
3211 1397 3266 1446 et
3309 1389 3620 1462 ignorantia

2011 1477 2392 1545 versabantur,
2434 1485 2495 1532 ut
2523 1486 2650 1550 pote
2682 1477 2802 1533 sine
2845 1479 2998 1534 Deo:
3044 1486 3265 1550 propter
3295 1477 3442 1552 quod
3491 1495 3618 1536 ma-

2009 1567 2267 1622 nifestata
2297 1567 2386 1622 lex
2417 1567 2475 1622 in
2517 1567 2718 1623 litteris
2776 1575 2880 1636 est,
2929 1583 3036 1640 qua
3081 1578 3301 1640 possent
3353 1569 3618 1624 infrenari

2009 1656 2338 1730 praecipites.
2385 1657 2458 1713 Et
2483 1657 2745 1729 quoniam
2799 1658 3045 1713 versutia
3087 1658 3366 1714 adversari
3416 1674 3622 1716 cumu-

2011 1747 2112 1803 lari
2170 1754 2392 1819 peccata
2442 1757 2752 1820 coeperunt,
2810 1756 2873 1803 ut
2930 1764 3025 1820 per
3085 1748 3442 1805 interdictum
3503 1747 3618 1821 (74)

2013 1838 2186 1910 magis
2241 1856 2366 1896 reus
2409 1838 2577 1896 homo
2625 1840 3088 1906 constitueretur;
3143 1840 3293 1896 Deus
3331 1839 3622 1895 clementia

2009 1931 2280 1989 bonitatis
2307 1950 2420 1989 sua
2451 1950 2562 1990 sem
2575 1951 2669 2006 per
2697 1933 2914 1990 homini
2949 1948 3270 2006 procurans,
3301 1941 3361 1988 ut
3391 1940 3445 1988 et
3473 1933 3620 2006 quod

2012 2021 2131 2077 sine
2177 2021 2292 2094 lege
2343 2030 2626 2095 peccatum
2659 2033 2795 2093 erat,
2843 2031 2898 2079 et
2947 2023 3005 2078 in
3037 2022 3153 2096 lege
3201 2031 3384 2095 posset
3413 2021 3617 2089 deleri;

2022 2111 2130 2169 hoc
2177 2113 2422 2170 decrevit
2475 2124 2538 2171 ut
2589 2116 2759 2172 solam
2809 2115 2972 2170 ﬁdem
3015 2121 3263 2188 poneret,
3316 2129 3412 2187 per
3453 2129 3618 2187 quam

2013 2204 2266 2259 omnium
2317 2214 2538 2277 peccata
2583 2205 2982 2262 abolerentur:
3035 2213 3096 2260 ut
3139 2205 3267 2277 quia
3297 2205 3451 2259 nulla
3492 2215 3614 2276 spes

2013 2309 2109 2366 per
2138 2295 2311 2367 legem
2344 2295 2602 2352 omnibus
2634 2295 2957 2352 hominibus
2987 2302 3125 2363 erat,
3164 2295 3261 2352 Dei
3293 2294 3617 2350 misericor-

2013 2383 2104 2440 dia
2139 2387 2503 2442 salvarentur.
2554 2387 2669 2443 Hoc
2716 2395 2797 2442 est
2844 2387 3030 2443 omnia
3073 2385 3407 2444 conclusisse
3449 2385 3508 2441 in
3540 2384 3623 2440 in-

2014 2475 2361 2544 credulitate,
2413 2486 2475 2533 ut
2520 2484 2653 2531 tunc
2706 2477 2985 2533 decretum
3038 2476 3246 2532 donum
3285 2492 3315 2531 a
3370 2477 3484 2533 Deo
3533 2491 3621 2530 ve-

2015 2564 2183 2633 niret,
2241 2566 2463 2638 quando
2529 2581 2722 2621 omnes
2770 2565 3081 2622 diﬂidentia
3145 2565 3490 2632 laborarent;
3560 2575 3623 2622 ut

2017 2655 2195 2727 gratia
2251 2654 2500 2710 muneris
2551 2663 2692 2710 esset
2747 2653 3075 2724 gratissima.
3122 2653 3310 2725 Itaque
3350 2668 3514 2709 nemo
3567 2669 3622 2708 se

2012 2744 2216 2818 jactet;
2281 2744 2544 2799 miserum
2577 2751 2658 2799 est
2685 2742 2834 2798 enim
2873 2741 3172 2814 superbum
3209 2758 3324 2799 esse
3354 2758 3504 2812 eum,
3534 2742 3624 2797 cui

2021 2834 2271 2907 ignotum
2302 2841 2404 2890 est.

2095 2924 2278 2996 (Vers.
2311 2923 2428 2995 33.)
2474 2946 2493 2970 ι
2523 2921 2568 2979 Ο
2598 2921 2833 2978 altitudo
2876 2920 3204 2977 divitiarum
3257 2915 3542 2992 sapientiae
3573 2923 3626 2975 et

2021 3014 2264 3072 scientiae
2292 3015 2391 3070 Dei
2420 3015 2430 3068 l
2465 3013 2636 3081 Quam
2671 3011 3056 3068 inscrutabilia
3083 3017 3213 3066 sunt
3236 3006 3452 3081 judicia
3479 3007 3620 3080 ejus,

2020 3115 2073 3162 et
2125 3103 2538 3177 investigabiles
2585 3103 2689 3159 viai
2747 3103 2953 3175 ipsiusl
2998 3126 3015 3149 ι
3077 3101 3373 3157 Excelsum
3416 3104 3471 3156 et
3517 3099 3617 3154 im-

2018 3213 2270 3253 mensum
2302 3198 2474 3252 Deum
2505 3195 2563 3249 in
2592 3193 2809 3250 divitiis
2836 3191 3118 3265 sapientiae
3148 3200 3202 3248 et
3229 3188 3474 3247 scientiae
3505 3206 3616 3247 suae

2015 3303 2141 3343 cum
2178 3285 2329 3341 omni
2381 3283 2542 3340 laude
2595 3284 2890 3355 gratiarum
2943 3281 3178 3338 actionis
3219 3288 3489 3347 testatur;
3542 3286 3624 3335 est

2015 3376 2163 3432 enim
2191 3374 2486 3432 consilium
2518 3381 2572 3430 et
2595 3371 2872 3444 judicium
2905 3368 3618 3442 ejusincomprehensibile.

2014 3467 2149 3524 Nam
2181 3465 2358 3523 sciens
2409 3465 2478 3520 ab
2522 3463 2686 3519 initio
2733 3461 3178 3519 conversationes
3224 3469 3278 3517 et
3317 3476 3482 3532 opera
3511 3458 3623 3516 ho—

2016 3559 2229 3614 minum
2255 3577 2268 3626 ;
2327 3558 2456 3631 quia
2485 3573 2662 3630 neque
2689 3556 2805 3612 sola
2832 3554 3122 3611 severitate
3160 3553 3391 3627 justitiae
3422 3552 3621 3608 salvari

2016 3651 2190 3722 possit
2245 3649 2538 3705 hominum
2595 3663 2785 3721 genus,
2845 3661 3022 3719 neque
3070 3645 3187 3702 sola
3242 3643 3624 3701 misericordia
3665 3651 3670 3654 '

2018 3741 2084 3797 ad
2132 3737 2442 3814 profectum
2495 3738 2819 3794 meritorum
2861 3738 2980 3809 (75)
3024 3735 3333 3810 pervenire,
3377 3751 3624 3808 unoquo-

2019 3847 2122 3904 que
2184 3839 2428 3902 tempore
2483 3827 2729 3883 decrevit
2784 3825 2919 3899 quid
2977 3833 3116 3882 esset
3170 3823 3620 3898 praedicandum;

2020 3930 2148 3978 ante
2176 3929 2364 3977 tamen
2399 3917 2725 3991 permittens
2750 3931 3202 3990 unumquemque
3231 3930 3330 3971 suo
3373 3913 3621 3986 judicio;

2020 4009 2152 4084 quia
2214 4015 2415 4065 natura
2464 4008 2582 4081 ipsa
2635 4006 2793 4076 duce,
2855 4005 3207 4078 cognoscitur
3258 4001 3496 4074 justitia.
3556 4000 3627 4056 Et

2020 4101 2151 4174 quia
2179 4098 2478 4157 auctoritas
2518 4097 2788 4155 naturalis
2829 4093 3062 4166 iustitiae
3112 4093 3467 4162 obtorpuerat
3497 4105 3624 4146 con-

2020 4191 2309 4247 suetudine
2355 4187 2734 4262 delinquendi,
2782 4185 2909 4242 data
2936 4192 3018 4241 est
3048 4184 3179 4250 lex;
3229 4186 3292 4236 ut
3321 4178 3624 4236 humanum

2021 4299 2191 4355 genus
2251 4291 2460 4338 terrore
2519 4277 2884 4334 manifestata:
2940 4272 3077 4346 legis
3129 4271 3457 4328 frenaretur.
3520 4269 3627 4327 Sed

2022 4371 2153 4444 quia
2205 4385 2316 4426 non
2375 4383 2433 4423 se
2487 4365 2830 4433 cohibentes,
2888 4363 2968 4418 rei
3018 4361 3349 4419 tenebantur
3402 4378 3434 4417 a
3488 4361 3623 4433 lege,

2021 4461 2319 4534 praedicata
2364 4454 2743 4516 misericordia
2771 4462 2874 4524 est,
2935 4469 3055 4527 quas
3099 4452 3169 4508 ad
3209 4467 3266 4507 se
3309 4450 3627 4524 confugien-

2021 4559 2104 4607 tes
2133 4552 2390 4620 salvaret,
2439 4549 2744 4605 refutantes
2786 4556 2966 4604 autem
3010 4551 3238 4602 cascaret
3268 4542 3339 4599 ad
3385 4547 3622 4616 tempus,

2024 4643 2091 4700 ad
2146 4643 2570 4716 promissionem
2643 4655 2835 4696 eorum
2891 4644 3077 4711 gentes
3153 4633 3431 4703 invitans,
3507 4648 3628 4706 quae

2026 4733 2179 4807 prius
2203 4731 2480 4804 justitiam
2529 4731 2628 4787 Dei
2671 4747 2767 4802 per
2795 4730 3023 4800 Moysen
3053 4726 3236 4782 datam
3267 4724 3420 4797 sequi
3453 4725 3629 4780 uolua

2024 4829 2223 4888 erunt;
2284 4828 2347 4876 ut
2392 4820 2590 4874 horum
2644 4816 2810 4874 saluti
2853 4817 2986 4872 dum
3043 4815 3320 4884 invident,
3371 4820 3469 4877 94
3510 4813 3630 4887 ipso

2024 4923 2140 4979 zelo
2204 4921 2274 4977 ad
2330 4919 2532 4978 radicis
2585 4917 2887 4976 Salvatoris
2939 4916 3207 4990 originem
3267 4931 3323 4971 se
3370 4914 3628 4970 reformao

2024 5021 2148 5070 rent
2175 5013 2458 5085 promissas
2490 5012 2549 5068 in
2581 5010 2716 5085 lege.
2763 5009 2892 5066 Haec
2923 5015 3005 5066 est
3043 5007 3271 5064 altitudo
3313 5005 3631 5063 divitiarum

2025 5107 2299 5182 sapientia:
2343 5112 2391 5164 et
2435 5106 2660 5166 εσίεηίὶω
2715 5103 2836 5172 Dei,
2889 5101 2986 5176 qui
3035 5107 3146 5158 tam
3206 5099 3426 5158 Judaeos
3466 5109 3628 5172 quam

2028 5331 2210 5379 autem
2241 5319 2545 5392 interjectis
2588 5317 2672 5392 sic
2695 5317 2896 5392 legitur
2924 5314 2983 5372 in
3014 5317 3174 5392 Rom.
3197 5313 3378 5392 edit.,
3429 5305 3630 5364 homini

2029 5397 2250 5450 salutem
2287 5385 2606 5465 pro-curans,
2640 5385 2867 5445 demisit
2895 5389 3119 5465 utquod
3161 5387 3272 5465 siue
3312 5385 3415 5465 lege
3439 5395 3632 5465 pecca—

2031 5449 2140 5523 tum
2166 5449 2312 5548 erat;
2363 5471 2413 5520 et
2439 5464 2549 5519 sine
2592 5449 2694 5536 iege
2734 5466 2909 5536 posset
2951 5449 3135 5527 deleri,
3181 5463 3227 5510 et
3266 5449 3436 5506 solam
3479 5449 3634 5524 ﬁdem

2023 5544 2224 5612 posuit,
2257 5544 2361 5593 etc.

2104 5612 2219 5683 (75)
2262 5608 2424 5668 Corb.
2475 5624 2538 5667 ac
2583 5607 2798 5666 Thuan.
2844 5603 3039 5672 codex,
3084 5597 3158 5655 ad
3195 5591 3483 5668 perfectum
3527 5613 3628 5652 me-

2032 5683 2214 5739 ritum.
