4150 6194
557 256 658 315 163

1558 257 1654 318 ΑΙ)
1696 259 1927 320 ΟΡΕΡιΑ
1963 254 2018 319 S.
2060 251 2394 322 AMBROSII
2430 255 2809 323 APPENDIX.

3759 265 3862 330 Ilii

552 395 739 459 gentes
793 381 1098 445 multifaria
1163 387 1512 460 providentia
1575 388 1872 462 acquisivit
1920 389 1988 446 ad
2044 397 2145 447 vl-
2173 394 2221 453 A
2251 393 2349 448 Dei
2377 393 2503 449 illos
2529 393 2854 450 adhortatur
2884 394 3001 468 (78)
3050 408 3146 468 per
3180 411 3346 469 quam
3386 397 3633 454 salvatur
3665 398 3862 456 huma-

552 485 682 533 tam.

628 566 808 639 (Vers.
847 565 935 635 34,
977 566 1093 640 35.)
1163 593 1181 617 σ
1220 569 1354 637 Quis
1409 568 1556 625 enim
1614 569 1873 640 cognovit
1928 586 2146 626 sensum

551 656 825 712 Domini?
862 665 956 712 aut
987 659 1110 730 quis
1138 659 1487 716 consiliarius
1544 658 1627 712 illi
1675 659 1834 716 fuit?
1889 669 1982 716 aut
2025 661 2148 733 quis

550 743 702 816 prior
747 743 901 800 dedit
929 746 1034 814 illi,
1075 753 1130 801 et
1172 746 1510 802 retribuetur
1537 746 1589 800 ei
1634 747 1771 818 (Isa.
1805 765 1898 817 XL,
1939 749 2076 821 I3)?
2113 774 2131 798 ι

551 833 667 889 Hoc
723 834 780 890 in
838 836 980 891 Isaia
1033 837 1296 908 scriptum
1353 837 1608 894 habelur.
1664 839 2016 896 Manifestum
2067 850 2148 898 est

550 927 728 981 solum
772 928 946 982 Deum
988 941 1102 981 esse
1147 926 1242 997 qui
1291 929 1509 984 noverit
1558 930 1743 984 omnia
1794 931 2044 998 consilia,
2093 938 2146 986 et

550 1011 698 1069 hunc
739 1030 908 1069 unum
960 1029 1076 1068 esse
1107 1015 1201 1087 qui
1244 1015 1454 1070 nullius
1505 1025 1695 1088 egeat;
1747 1019 1876 1089 quia
1916 1019 1982 1074 ab
2027 1019 2146 1090 ipso

548 1109 675 1156 sunt
705 1102 918 1168 omnia;
979 1119 1042 1159 ac
1094 1118 1191 1174 per
1243 1101 1349 1159 hoc
1408 1104 1706 1160 consilium
1750 1105 1868 1176 ejus
1914 1123 1946 1161 a
1991 1107 2145 1164 nullo

547 1194 652 1245 nec
702 1189 1213 1262 comprehenditur,
1264 1208 1366 1248 nec
1411 1192 1671 1256 metitur;
1733 1196 1863 1266 quia
1907 1193 1963 1250 in
1996 1196 2147 1251 inl‘e-

545 1280 692 1335 riora
746 1279 1044 1350 superioris
1098 1279 1215 1352 (76)
1275 1297 1495 1337 sensum
1548 1283 1688 1339 scire
1735 1300 1846 1339 non
1895 1294 2141 1357 possunt.

545 1368 793 1439 Denique
835 1367 1037 1424 Judaais
1078 1369 1431 1425 credentibus
1480 1370 1823 1443 impossibile
1853 1374 2146 1430 videbatur

546 1457 840 1514 consilium
890 1473 1004 1512 esse
1057 1466 1110 1513 et
1167 1458 1509 1515 voluntatem
1568 1461 1666 1516 Dei
1715 1460 1783 1516 ad
1813 1461 2143 1534 redemptio-

546 1561 673 1601 nem
716 1546 960 1616 gentium
997 1563 1008 1600 :
1056 1545 1228 1601 simili
1257 1547 1421 1603 modo
1451 1557 1504 1604 et
1546 1549 1801 1620 gentibus
1829 1551 2062 1606 arduum
2091 1559 2145 1608 et

544 1633 893 1690 incredulum
925 1634 1217 1691 videbatur
1243 1636 1481 1705 Iudaeos,
1511 1638 1606 1710 qui
1628 1655 1739 1695 non
1770 1639 2142 1712 crediderunt,

543 1741 700 1796 posse
727 1723 1000 1792 converti,
1045 1732 1139 1780 aut
1169 1725 1455 1784 credentes
1493 1729 1719 1802 suscipi,
1770 1738 1831 1786 ut
1869 1731 2143 1788 salvaren-

542 1822 652 1870 tur.
686 1815 834 1870 Inter
876 1821 1071 1869 caetera
1114 1814 1218 1871 hoc
1263 1824 1346 1871 est
1391 1819 1688 1874 consilium
1729 1820 1849 1890 Dei,
1885 1823 2031 1894 quod
2064 1824 2143 1878 la-

544 1904 673 1971 tuit,
706 1919 806 1959 nec
835 1904 1017 1975 potuit
1047 1905 1463 1977 comprehendi.

620 1992 803 2064 (Vers.
835 1993 951 2064 36.)
1019 2019 1036 2040 ι
1068 1993 1340 2061 Quoniam
1388 2013 1458 2052 ex
1509 1997 1648 2069 ipso,
1707 2006 1761 2055 et
1805 2016 1901 2072 per
1943 2002 2145 2088 ipsum,

545 2090 599 2139 et
631 2082 688 2136 in
734 2081 852 2153 ipso
897 2091 1028 2138 sunt
1064 2086 1287 2153 omnia;
1332 2087 1434 2158 ipsi
1469 2088 1661 2159 gloria.
1697 2114 1716 2137 ι
1773 2091 1891 2158 Qua
1938 2081 2148 2149 ratione

543 2187 738 2228 sensus
793 2179 847 2226 et
889 2172 1183 2228 consilium
1243 2175 1341 2229 Dei
1401 2176 1724 2249 investigari
1778 2195 1888 2235 non
1946 2189 2145 2252 potest,

542 2258 845 2316 declaravit
878 2278 889 2316 :
954 2285 971 2308 ι
1008 2262 1096 2317 Ex
1127 2263 1244 2334 ipso
1275 2264 1448 2334 enim,
1495 2265 1700 2339 inquit,
1732 2275 1787 2324 et
1815 2286 1912 2342 per
1941 2271 2143 2342 ipsum,

543 2356 596 2404 et
634 2349 691 2404 in
737 2351 854 2421 ipso
900 2359 1029 2406 sunt
1082 2353 1303 2419 omnia;
1366 2353 1472 2425 ipsi
1518 2355 1710 2427 gloria.
1759 2382 1777 2406 ι
1837 2359 1952 2415 Hoc
1997 2360 2145 2416 dicto

541 2439 755 2510 aperuit
809 2456 1052 2508 sensum,
1114 2439 1207 2513 qui
1258 2445 1507 2498 occultus
1557 2455 1673 2501 erat
1723 2447 1964 2515 mundo;
2017 2450 2146 2522 quia

546 2528 692 2583 enim
754 2531 1005 2585 omnium
1062 2540 1277 2587 creator
1330 2541 1410 2588 est
1461 2535 1606 2590 Deus
1665 2535 1821 2606 (fecit
1875 2539 2022 2593 enim
2083 2556 2145 2596 ea

545 2632 666 2688 quae
713 2634 825 2672 non
878 2627 1054 2687 erant,
1087 2627 1148 2674 ut
1177 2622 1402 2690 essent),
1455 2623 1578 2678 ideo
1609 2639 1677 2678 ex
1711 2625 1828 2696 ipso
1872 2637 1999 2684 sunt
2030 2646 2142 2685 om-

546 2708 655 2762 nia.
711 2707 782 2762 Et
827 2710 1088 2781 quoniam
1125 2709 1194 2766 ab
1245 2710 1365 2783 ipso
1413 2723 1561 2783 sunt,
1607 2730 1702 2786 per
1743 2716 1946 2772 Filium
2000 2717 2139 2790 ejus,

541 2794 635 2867 qui
670 2794 915 2867 ejusdem
957 2799 1148 2871 utique
1198 2800 1520 2856 substantiae
1551 2810 1653 2872 est,
1691 2820 1806 2860 esse
1833 2816 2138 2877 coeperunt,

539 2884 697 2957 cujus
727 2902 866 2957 opus
894 2887 1070 2943 Patris
1095 2895 1179 2943 est
1208 2906 1367 2961 opus.
1417 2892 1560 2958 Quia
1587 2909 1715 2965 ergo
1743 2893 1857 2965 ipse
1886 2903 2143 2967 operatur

540 2988 636 3044 per
677 2974 904 3042 Filium,
965 2991 1061 3045 per
1102 2975 1282 3048 ipsum
1332 2985 1463 3033 sunt
1513 2983 1719 3036 omnia.
1780 2983 1849 3037 Et
1881 2984 2140 3056 quoniam

542 3076 663 3133 quas
696 3071 825 3119 sunt
863 3079 934 3118 ex
963 3065 1099 3130 Deo,
1151 3081 1247 3136 per
1275 3068 1450 3122 Deum
1498 3078 1648 3137 sunt,
1699 3078 1822 3141 post
1864 3080 2052 3127 renata
2082 3074 2139 3128 in

538 3151 748 3222 Spiritu
794 3161 984 3210 sancto
1031 3163 1187 3223 sunt,
1235 3158 1292 3211 in
1346 3158 1466 3229 ipso
1513 3170 1644 3215 sunt
1673 3162 1882 3230 omnia,
1931 3164 2060 3236 quia
2088 3175 2142 3221 et

538 3241 780 3314 Spiritus
809 3253 1029 3300 sanctus
1058 3245 1125 3300 de
1153 3247 1266 3301 Deo
1301 3255 1381 3303 est
1410 3248 1600 3317 Patre;
1634 3249 1780 3306 unde
1810 3259 1863 3306 et
1888 3253 1991 3309 scit
2020 3271 2138 3326 quae

539 3331 598 3386 in
626 3332 741 3387 Deo
789 3341 938 3389 sunt.
991 3334 1107 3406 Ego
1152 3342 1206 3390 et
1251 3335 1308 3391 in
1355 3336 1566 3408 Spiritu
1611 3347 1799 3396 sancto
1837 3341 1996 3397 Pater
2022 3353 2133 3413 est;

535 3423 666 3496 quia
693 3424 841 3496 quod
871 3435 938 3480 de
967 3426 1127 3483 Patre
1177 3435 1258 3483 est
1287 3429 1423 3498 Deo,
1469 3445 1580 3485 non
1612 3439 1789 3502 potest
1819 3432 1968 3489 aliud
1999 3450 2136 3505 esse,

535 3516 698 3584 quam
730 3521 811 3569 est
845 3515 994 3569 Deus
1022 3516 1199 3573 Pater.

604 3601 685 3657 Ac
715 3616 812 3672 per
862 3601 967 3658 hoc
1026 3627 1044 3650 ι
1091 3605 1195 3676 ipsi
1239 3607 1438 3677 gloria,
1488 3607 1618 3680 quia
1661 3625 1730 3665 ex
1767 3610 1908 3683 ipso,
1959 3621 2013 3669 et
2042 3632 2138 3688 per

535 3688 740 3762 ipsum,
773 3699 827 3745 et
855 3692 912 3746 in
947 3691 1066 3764 ipso
1097 3702 1228 3749 sunt
1257 3698 1462 3753 omnia.
1496 3722 1514 3745 ι
1552 3699 1737 3774 Itaque
1759 3717 1877 3774 quae
1898 3719 1965 3759 ex
1996 3705 2132 3776 ipso,

534 3784 588 3833 et
616 3794 712 3850 per
739 3779 943 3850 ipsum,
985 3790 1038 3837 et
1069 3782 1127 3836 in
1158 3782 1279 3856 ipso
1324 3795 1386 3842 ut
1414 3797 1617 3857 essent,
1670 3791 1786 3862 (77)
1819 3806 1932 3848 esse
1963 3809 2136 3866 coepe-

534 3875 686 3938 mnt,
719 3885 941 3926 sensum
972 3877 1028 3927 et
1059 3873 1356 3930 consilium
1400 3874 1518 3948 ejus
1547 3879 1688 3935 scire
1727 3896 1839 3936 non
1885 3895 2132 3956 possunt.

532 3958 654 4030 Ipse
681 3966 868 4015 autem
917 3960 1021 4017 scit
1050 3963 1261 4033 omnia,
1307 3965 1437 4038 quia
1478 3966 1536 4021 in
1579 3967 1698 4039 ipso
1743 3979 1874 4026 sunt
1914 3984 2130 4033 cuncta.

532 4051 796 4113 Patefecit
826 4060 1151 4130 mysterium
1187 4059 1311 4130 Dei,
1359 4062 1506 4134 quod
1555 4066 1810 4137 superius
1847 4067 1991 4124 dixit
2021 4085 2134 4125 non

532 4142 600 4199 ab
627 4145 706 4202 eis
736 4146 982 4218 ignorari
1010 4147 1228 4206 debere.

1127 4305 1355 4364 CAPUT
1396 4307 1522 4367 XII.

607 4435 786 4508 (Vers.
829 4439 966 4511 1-3.)
1027 4465 1045 4488 ε
1095 4442 1334 4500 Obsecro
1373 4445 1558 4518 itaque
1602 4462 1719 4514 vos,
1772 4446 1987 4518 fratres,
2037 4466 2132 4522 per

532 4526 969 4584 misericordiam
1028 4533 1152 4599 Dei,
1211 4541 1274 4589 ut
1319 4535 1624 4592 exhibeatis
1677 4554 1906 4610 corpora
1951 4549 2132 4598 vestra

532 4615 766 4672 hostiam
799 4619 1007 4685 vivam,
1055 4630 1321 4692 sanctam,
1373 4624 1485 4679 Deo
1515 4626 1842 4698 placentem,
1886 4630 2128 4687 rationa-

531 4704 644 4761 bile
669 4706 991 4780 obsequium
1023 4719 1289 4769 vestrum.
1334 4714 1406 4769 Et
1434 4715 1607 4772 nolite
1635 4718 1969 4776 conformari
1999 4720 2131 4777 huic

530 4797 733 4853 saculo
767 4817 778 4854 :
811 4801 908 4856 sed
938 4802 1316 4864 reformamini
1349 4805 1407 4861 in
1437 4809 1682 4866 novitate
1711 4827 1900 4868 sensus
1925 4812 2124 4880 vestri;

529 4894 592 4942 ut
637 4888 876 4958 probetis
918 4908 1037 4964 quae
1082 4894 1154 4951 sit
1183 4897 1440 4952 voluntas
1469 4898 1592 4968 Dei,
1628 4901 1774 4972 quod
1805 4902 2032 4970 bonum,
2075 4909 2129 4958 et

529 4976 816 5049 placitum,
871 4990 925 5037 et
973 4983 1275 5053 perfectum
1316 4994 1417 5043 est.
1449 5012 1468 5036 ι
1540 4989 1642 5044 Per
1693 4991 2126 5050 misericordiam

603 5119 721 5205 (76)
761 5122 911 5206 Edit.
938 5141 1151 5212 omnes,
1192 5145 1254 5187 ac
1294 5129 1459 5212 pauci
1503 5150 1656 5212 mss.,
1692 5135 1820 5206 quia
1852 5135 2125 5212 iii/feriare

527 5197 856 5278 superioris;
898 5202 1176 5278 nonnulli,
1213 5197 1341 5272 quia
1369 5197 1653 5274 inferiores
1680 5197 1993 5278 superioris,
2027 5210 2122 5266 alii

529 5269 705 5324 multo
732 5269 936 5340 plures,
967 5279 1030 5326 ut
1064 5271 1121 5327 in
1151 5269 1438 5331 contextu.

601 5341 718 5422 (77)
758 5341 914 5422 Hom.
945 5342 1102 5412 edit.,
1144 5346 1330 5417 Itaque
1358 5348 1487 5418 quia
1514 5365 1579 5404 ex
1606 5349 1811 5422 ipso...
1859 5353 2037 5408 omnia
2065 5359 2126 5409 ut

526 5418 711 5478 essent,
743 5419 847 5468 etc.

600 5483 718 5564 (78)
752 5484 1148 5564 Thuan._cod.,
1182 5487 1312 5544 Gill.
1345 5498 1398 5546 et
1430 5491 1563 5548 edit.
1599 5493 1780 5562 Rom.,
1813 5502 1936 5551 orat
1962 5493 2120 5563 illos;

526 5553 728 5641 ultima
751 5573 884 5641 vero
910 5559 1043 5641 sola,
1080 5553 1513 5641 posttractatum
1554 5572 1729 5621 autem
1767 5553 1895 5639 legis
1921 5575 1969 5622 et
1997 5553 2122 5641 ﬁdei

525 5625 780 5684 credente:
813 5630 884 5685 ad
922 5625 1132 5698 bonan},
1176 5640 1281 5691 etc.
1330 5635 1480 5694 Edit.
1521 5642 1705 5696 autem
1733 5625 1843 5697 vet".
1886 5648 1938 5697 et
1985 5625 2116 5700 mss.

893 6077 1176 6159 1"\

2259 500 2391 539 num
2423 501 2612 556 genus.
2661 486 2790 541 Post
2833 493 3120 542 tractatum
3155 486 3302 541 enim
3348 487 3484 559 legis
3523 496 3578 544 et
3607 488 3738 546 ﬁdei
3769 508 3859 564 po-

2258 573 2373 645 puli
2420 581 2670 628 naturam
2710 573 2927 630 Judaici
2967 582 3020 629 et
3068 574 3290 646 gentilis
3331 591 3394 631 ac
3437 575 3636 634 bonam
3685 579 3856 634 vitam

2257 663 2521 735 agendam
2554 663 2832 730 hortatur;
2881 681 2982 736 per
3021 664 3164 722 hanc
3204 665 3352 722 enim
3383 682 3506 738 spes
3547 667 3677 724 ﬁdei
3708 669 3862 725 obti—

2257 760 2439 808 netur.
2482 751 2855 810 Commonitio
2885 763 2967 812 est
2995 771 3122 828 ergo
3154 755 3288 824 hac,
3339 763 3402 812 ut
3449 773 3716 815 memores
3745 761 3858 816 sint

2257 846 2386 917 quia
2445 841 2882 900 misericordiam
2932 852 3297 915 acceperunt;
3348 853 3402 901 et
3443 845 3676 917 vigilent
3717 848 3865 905 circa

2257 934 2581 1006 obsequium
2628 938 2768 1010 ejus,
2818 955 2850 995 a
2878 956 2987 1012 quo
3022 940 3136 996 illis
3167 939 3294 996 data
3322 948 3425 1009 est,
3476 958 3572 1014 per
3600 958 3762 1015 quem
3795 960 3861 1001 ex

2255 1022 2445 1096 impiis
2498 1027 2668 1098 gratis
2718 1027 3012 1099 justiﬁcati
3067 1038 3216 1097 sunt,
3275 1031 3515 1086 scientes
3565 1031 3711 1090 hanc
3747 1049 3862 1090 esse

2260 1114 2498 1172 hostiam
2557 1118 2765 1188 vivam,
2823 1128 3091 1189 sanctam,
3152 1127 3205 1176 et
3262 1121 3375 1176 Deo
3448 1121 3862 1207 acceptabilem,

2254 1204 2300 1259 si
2344 1221 2573 1278 corpora
2616 1216 2802 1264 nostra
2859 1209 3294 1266 incontaminata
3349 1225 3653 1277 servemus,
3684 1204 3862 1268 dissi-l

2255 1295 2415 1352 miles
2478 1313 2511 1352 a
2575 1300 2950 1369 saecularibus,
3018 1300 3114 1374 qui
3170 1301 3550 1374 voluptatibus
3615 1303 3858 1368 student,

2270 1408 2288 1430 ι
2319 1385 2446 1441 Haec
2465 1393 2548 1443 est
2567 1389 2824 1445 voluntas
2854 1390 2975 1458 Dei,
3007 1389 3372 1448 sanctiﬁcatio
3393 1399 3573 1448 vestra
3603 1393 3660 1463 (Ι
3684 1394 3858 1449 Thess.

2255 1490 2332 1541 Iv,
2364 1474 2444 1546 3).
2477 1499 2496 1523 ι
2556 1478 2692 1533 Nam
2732 1495 2960 1550 corpora
3009 1479 3257 1551 subjecta
3300 1481 3534 1553 peccatis
3582 1497 3694 1537 non
3735 1482 3865 1538 viva

2255 1560 2547 1633 habentur,
2582 1565 2676 1622 sed
2707 1576 2924 1625 mortua
2950 1587 2963 1637 ;
3013 1570 3116 1626 sub
3144 1571 3526 1644 desperatione
3560 1572 3708 1628 enim
3741 1589 3865 1645 pro-

2255 1654 2435 1712 missae
2467 1657 2611 1719 vitae
2663 1666 2812 1714 sunt.
2859 1660 2946 1716 Ad
2987 1660 3092 1716 hoc
3125 1663 3275 1717 enim
3308 1664 3545 1735 peccatis
3573 1663 3723 1720 dono
3762 1663 3861 1720 Dei

2178 1761 2223 1822 Β
2254 1744 2554 1815 abluimur,
2612 1757 2675 1804 ut
2721 1747 2788 1804 de
2835 1757 3031 1806 caatero
3079 1751 3344 1808 mundam
3394 1753 3567 1810 vitam
3613 1761 3859 1825 agentes,

2259 1833 2358 1890 Dei
2389 1852 2629 1892 amorem
2681 1838 2738 1893 in
2768 1855 2869 1896 nos
2915 1857 3297 1913 provocemus,
3345 1858 3456 1898 non
3499 1843 3722 1898 irritum
3769 1843 3864 1898 fa-

2260 1925 2465 1982 cientes
2507 1943 2645 1999 opus
2688 1929 2874 2000 gratiae
2922 1929 3062 2002 ejus.
3113 1932 3251 1988 Nam
3295 1932 3441 2004 apud
3484 1940 3696 1988 veteres
3738 1931 3859 1988 ideo

2259 2016 2444 2073 oblata
2473 2018 2828 2075 occidebatur
2852 2020 3056 2089 hostia,
3083 2032 3146 2079 ut
3171 2022 3426 2081 homines
3456 2024 3665 2097 peccati
3697 2040 3859 2080 causa

2259 2107 2424 2162 morti
2466 2107 2746 2180 subjectos
2789 2111 3146 2183 signiﬁcaret.
3183 2114 3343 2170 Nunc
3381 2123 3563 2171 autem
3609 2114 3739 2188 quia
3767 2131 3861 2187 per

2257 2194 2465 2252 donum
2512 2199 2611 2254 Dei
2656 2199 2934 2272 puriﬁcati
2985 2211 3116 2259 sunt
3172 2203 3451 2272 homines,
3505 2211 3560 2260 et
3606 2220 3638 2260 a
3685 2213 3860 2260 morte

2256 2286 2497 2342 secunda
2545 2289 2786 2358 liberati,
2844 2291 3030 2347 vivam
3089 2291 3326 2349 hostiam
3387 2293 3588 2349 debent
3636 2293 3856 2363 offerre,

2255 2382 2317 2428 ut
2344 2374 2563 2448 signum
2595 2378 2668 2434 sit
2701 2379 2830 2434 vitae
2873 2390 3108 2437 aeternae.
3157 2383 3279 2438 Non
3321 2381 3491 2449 enim,
3530 2381 3676 2437 sicut
3704 2390 3856 2450 tunc,

2255 2483 2485 2539 corpora
2534 2486 2632 2541 pro
2687 2472 3012 2544 corporibus
3062 2473 3446 2542 immolantur,
3501 2491 3650 2530 nunc
3704 2491 3857 2543 vero,

2254 2572 2365 2613 non
2421 2575 2671 2632 corpora,
2728 2561 2822 2617 sed
2884 2563 3022 2619 vitia
3079 2565 3196 2636 (79)
3247 2565 3492 2637 corporis
3540 2565 3859 2637 perimenda

2252 2655 2401 2702 sunt.
2455 2648 2525 2704 Ut
2581 2658 2763 2707 autem
2821 2651 3072 2726 obsequii
3127 2655 3302 2710 nostri
3359 2655 3611 2711 eﬂ‘ectum
3653 2655 3854 2711 habere

2253 2737 2547 2807 possimus,
2604 2749 2819 2796 servata
2853 2740 3091 2813 justitia,
3141 2745 3406 2817 pudorem
3445 2745 3852 2811 custodiamus;

2263 2828 2406 2884 nihil
2439 2831 2586 2886 enim
2635 2833 2854 2904 proﬁcit
2893 2835 3089 2907 pudor,
3142 2853 3242 2894 nec
3285 2838 3632 2894 rationabilis
3675 2844 3854 2910 potest

2251 2917 2450 2988 videri,
2507 2921 2752 2993 neglecta
2792 2922 3030 2994 justitia.
3085 2926 3200 2982 Hoc
3226 2927 3330 2982 erit
3358 2928 3695 2984 conformem
3729 2926 3852 2981 ﬁeri

2252 3008 2648 3082 spiritualium,
2681 3023 3004 3070 renovatum
3037 3014 3096 3070 in
3123 3015 3322 3087 spiritu
3349 3034 3412 3074 ac
3437 3016 3546 3072 ﬁde
3572 3015 3675 3071 hoc
3702 3015 3850 3070 scire

2251 3099 2396 3171 quod
2438 3100 2648 3172 placeat
2695 3104 2829 3173 Deo,
2875 3120 2976 3160 nec
3022 3104 3173 3160 aliud
3219 3105 3426 3162 bonum
3457 3115 3510 3163 et
3540 3106 3847 3178 perfectum

2250 3203 2365 3244 esse
2373 3231 2384 3244 .

2336 3304 2353 3326 ‹
2390 3279 2526 3336 Dico
2567 3281 2715 3338 enim
2761 3299 2858 3355 per
2913 3286 3165 3358 gratiam,
3214 3303 3334 3360 quas
3381 3287 3507 3343 data
3561 3292 3644 3343 est
3681 3284 3848 3353 mihi,

2249 3370 2506 3426 omnibus
2529 3372 2624 3444 qui
2653 3383 2784 3430 sunt
2812 3375 2956 3432 inter
2985 3394 3105 3448 vos,
3154 3394 3263 3434 non
3299 3379 3423 3452 plus
3466 3393 3653 3451 sapere
3683 3391 3850 3450 quam

2248 3467 2470 3530 oportet
2525 3477 2745 3533 sapere,
2809 3464 2904 3520 sed
2967 3482 3155 3538 sapere
3214 3466 3283 3523 ad
3339 3467 3690 3524 sobrietatem
3714 3509 3731 3536 ,
3793 3473 3851 3520 et

2247 3545 2548 3620 unicuique
2579 3549 2724 3606 sicut
2747 3550 2946 3612 divisit
2973 3555 3120 3611 Deus
3153 3571 3463 3611 mensuram
3499 3555 3649 3612 ﬁdei.
3681 3581 3699 3604 ι
3751 3559 3850 3616 95

2246 3643 2448 3714 Aperte
2497 3645 2741 3702 ostendit
2775 3646 2883 3704 hoc
2933 3648 3130 3706 debere
3177 3667 3279 3708 nos
3322 3667 3530 3724 sapere,
3580 3651 3726 3725 quod
3757 3651 3848 3724 ju-

2246 3731 2410 3788 stitia
2439 3734 2705 3792 terminos
2734 3753 2845 3792 non
2885 3737 3215 3810 egrediatur,
3261 3749 3322 3796 ut
3362 3756 3474 3796 non
3521 3741 3683 3797 nobis
3712 3741 3849 3798 solis

2246 3821 2382 3878 utile
2428 3824 2522 3893 sit,
2575 3824 2669 3881 sed
2718 3835 2773 3882 et
2820 3827 2960 3882 nulli
3006 3827 3170 3885 obsit.
3227 3829 3355 3886 Haec
3397 3838 3479 3886 est
3525 3830 3671 3886 enim
3719 3847 3845 3903 pru-

2245 3909 2452 3981 dentia,
2510 3913 2767 3985 prodesse
2820 3916 2993 3989 magis
3049 3917 3350 3991 aliquibus,
3409 3936 3572 3992 quam
3631 3919 3843 3989 obesse,

2243 4009 2299 4058 et
2343 4011 2664 4061 contentum
2712 4022 2828 4063 esse
2870 4006 3068 4064 debere
3113 4017 3282 4074 sorte,
3331 4026 3440 4082 qua
3491 4025 3708 4066 mensus
3760 4021 3844 4068 est

2242 4098 2407 4165 Deus,
2453 4107 2506 4154 et
2536 4099 2733 4155 merito
2762 4100 2890 4156 ﬁdei
2925 4101 3042 4174 (80)
3093 4102 3554 4176 uniuscujusque;
3603 4118 3705 4160 nec
3733 4103 3842 4159 sibi

2243 4187 2563 4258 defendere,
2588 4189 2734 4262 quod
2764 4207 2875 4247 non
2907 4191 3012 4248 sibi
3043 4209 3362 4250 concessum
3393 4193 3570 4260 videt;
3604 4192 3710 4249 hoc
3739 4201 3840 4261 est,

2242 4293 2354 4333 non
2385 4278 2511 4350 plus
2552 4295 2760 4351 sapere,
2810 4281 2940 4353 quia
2971 4281 3069 4336 uni
3097 4289 3276 4338 totum
3320 4281 3547 4338 concedi
3595 4297 3708 4337 non
3743 4297 3841 4353 po-

2240 4375 2365 4424 test.
2417 4369 2530 4424 Nec
2574 4370 2722 4425 enim
2769 4370 2814 4426 si
2846 4371 2970 4444 quis
3009 4371 3167 4429 bonas
3210 4373 3338 4428 vitae
3379 4381 3479 4439 est,
3531 4387 3601 4426 ex
3639 4387 3706 4428 eo
3733 4371 3840 4427 sibi

2241 4457 2407 4514 etiam
2452 4457 2716 4516 doctrinae
2762 4460 3110 4532 prudentiam
3156 4460 3318 4517 debet
3360 4459 3687 4527 defendere;
3746 4470 3841 4517 aut

2241 4549 2371 4620 quia
2402 4550 2654 4620 peritiam
2703 4550 2867 4607 habet
2909 4551 3062 4623 legis,
3103 4552 3392 4607 levitarum
3441 4549 3547 4606 sibi
3578 4549 3842 4623 obsequia

2239 4638 2527 4697 vindicare
2556 4639 2794 4696 debebit.
2843 4640 3104 4698 Hortatur
3133 4657 3278 4714 ergo,
3317 4648 3370 4696 et
3399 4640 3557 4696 docet
3597 4655 3695 4711 per
3722 4656 3838 4712 gra-

2238 4726 2375 4783 tiam
2422 4728 2530 4782 sibi
2579 4728 2784 4784 datam.
2846 4729 2972 4786 Hmc
3031 4730 3204 4803 gratia
3259 4729 3453 4801 peritia
3509 4727 3840 4799 intelligitur

2239 4815 2546 4870 Dominicae
2575 4815 2906 4888 disciplinis,
2939 4833 3036 4890 per
3063 4835 3227 4892 quam
3257 4817 3562 4873 humilitati
3596 4824 3651 4872 et
3674 4815 3838 4888 justi-

2240 4903 2331 4958 tiae
2361 4903 2693 4959 studendum
2725 4905 2912 4962 tradit.

2313 4993 2495 5065 (Vers.
2526 4992 2581 5063 4,
2613 4994 2694 5066 5.)
2742 5020 2760 5042 ι
2789 4994 2944 5052 Sicut
2983 4995 3132 5052 enim
3170 4997 3228 5052 in
3263 5013 3374 5052 uno
3402 5011 3629 5068 corpore
3661 4995 3837 5053 multa

2235 5139 2339 5197 hoc
2369 5140 2486 5198 solo
2528 5140 2734 5198 distant
2777 5139 2924 5214 quod
2960 5156 3058 5213 pro
3096 5147 3349 5198 naturam
3380 5140 3632 5208 Amerb.,
3674 5140 3831 5196 Eras.

2233 5221 2286 5268 et
2307 5214 2540 5318 qqi‘dagn
2571 5231 2699 5270 mss.
2722 5215 2920 5318 ‘llegunt
2949 5221 3180 5318 natura;
3225 5285 3333 5318 ,ΒΜ
3363 5284 3588 5318 mm,”

2275 5283 2423 5366 __(79)
2453 5286 2623 5366 Rom.
2675 5283 2832 5354 edit.,
2872 5302 2976 5357 pro
3022 5285 3333 5358 corporibus
3363 5284 3712 5352 immolanda,
3747 5283 3838 5338 sed

2231 5359 2769 5502 υήῖἕξὶῗῐξίθῐκθᾶίι.
2820 5437 2873 5485 et
2915 5446 3044 5502 mss.
3094 5445 3292 5502 magno
3344 5445 3595 5497 numero,
3645 5426 3834 5502 merito

2229 5505 2276 5554 et
2303 5500 2482 5574 ﬁdei_;__
2511 5499 2708 5574 melius
2750 5503 2906 5558 Rom.
2951 5501 3108 5572 edit.,
3145 5499 3333 5558 m'erita
3368 5502 3529 5574 ﬁdei;
3573 5501 3660 5558 vel
3697 5514 3830 5555 mss.

2229 5572 2506 5640 nonnulli,
2541 5580 2602 5628 ut
2627 5573 2684 5629 in
2715 5581 2891 5631 textu.
