  <div class='ocr_page' id='page_1' title='image "/cluster/home/n/w/nwhite01/storage/ocr_20150623/17/hvd.32044096580436/088.png"; bbox 0 0 4112 6178; ppageno 0'>
   <div class='ocr_carea' id='block_1_1' title="bbox 291 280 388 342">
    <p class='ocr_par' dir='ltr' id='par_1_1' title="bbox 291 280 388 342">
     <span class='ocr_line' id='line_1_1' title="bbox 291 280 388 342; baseline 0 0"><span class='ocrx_word' id='word_1_1' title='bbox 291 280 388 342; x_wconf 69' lang='grc' dir='ltr'><strong>ίϐὔ</strong></span> 
     </span>
    </p>
   </div>
   <div class='ocr_carea' id='block_1_2' title="bbox 1383 274 2458 345">
    <p class='ocr_par' dir='ltr' id='par_1_2' title="bbox 1383 274 2458 345">
     <span class='ocr_line' id='line_1_2' title="bbox 1383 274 2458 345; baseline -0.003 -4"><span class='ocrx_word' id='word_1_2' title='bbox 1383 274 1747 345; x_wconf 75' lang='lat' dir='ltr'><strong>COMMENT.</strong></span> <span class='ocrx_word' id='word_1_3' title='bbox 1789 275 1860 339; x_wconf 85' lang='lat' dir='ltr'><strong>IN</strong></span> <span class='ocrx_word' id='word_1_4' title='bbox 1900 277 2116 338; x_wconf 84' lang='lat' dir='ltr'><strong>EPIST.</strong></span> <span class='ocrx_word' id='word_1_5' title='bbox 2161 281 2254 338; x_wconf 80' lang='lat' dir='ltr'><strong>AD</strong></span> <span class='ocrx_word' id='word_1_6' title='bbox 2292 279 2458 339; x_wconf 86' lang='lat' dir='ltr'><strong>ROM.</strong></span> 
     </span>
    </p>
   </div>
   <div class='ocr_carea' id='block_1_3' title="bbox 3483 286 3584 347">
    <p class='ocr_par' dir='ltr' id='par_1_3' title="bbox 3483 286 3584 347">
     <span class='ocr_line' id='line_1_3' title="bbox 3483 286 3584 347; baseline 0.01 -1"><span class='ocrx_word' id='word_1_7' title='bbox 3483 286 3584 347; x_wconf 83' lang='grc'>166</span> 
     </span>
    </p>
   </div>
   <div class='ocr_carea' id='block_1_4' title="bbox 287 409 3584 484">
    <p class='ocr_par' dir='ltr' id='par_1_4' title="bbox 287 409 3584 484">
     <span class='ocr_line' id='line_1_4' title="bbox 287 409 3584 484; baseline 0.001 -18"><span class='ocrx_word' id='word_1_8' title='bbox 287 411 523 468; x_wconf 89' lang='lat' dir='ltr'><strong>membra</strong></span> <span class='ocrx_word' id='word_1_9' title='bbox 551 409 838 481; x_wconf 84' lang='lat' dir='ltr'><strong>habemus,</strong></span> <span class='ocrx_word' id='word_1_10' title='bbox 867 411 1055 468; x_wconf 86' lang='lat' dir='ltr'><strong>omnia</strong></span> <span class='ocrx_word' id='word_1_11' title='bbox 1083 418 1263 468; x_wconf 84' lang='lat' dir='ltr'><strong>autem</strong></span> <span class='ocrx_word' id='word_1_12' title='bbox 1292 412 1538 468; x_wconf 88' lang='lat' dir='ltr'><strong>membra</strong></span> <span class='ocrx_word' id='word_1_13' title='bbox 1558 429 1668 468; x_wconf 91' lang='lat' dir='ltr'><strong>non</strong></span> <span class='ocrx_word' id='word_1_14' title='bbox 1685 413 1874 469; x_wconf 88' lang='lat' dir='ltr'><strong>eadem</strong></span> <span class='ocrx_word' id='word_1_15' title='bbox 1907 415 1955 472; x_wconf 87' lang='lat' dir='ltr'><strong>A</strong></span> <span class='ocrx_word' id='word_1_16' title='bbox 1988 418 2047 466; x_wconf 90' lang='lat' dir='ltr'><strong>ut</strong></span> <span class='ocrx_word' id='word_1_17' title='bbox 2079 411 2264 482; x_wconf 78' lang='lat' dir='ltr'><strong>praesit</strong></span> <span class='ocrx_word' id='word_1_18' title='bbox 2289 410 2568 476; x_wconf 81' lang='lat' dir='ltr'><strong>fratribus,</strong></span> <span class='ocrx_word' id='word_1_19' title='bbox 2591 411 2841 483; x_wconf 83' lang='lat' dir='ltr'><strong>suscipit,</strong></span> <span class='ocrx_word' id='word_1_20' title='bbox 2867 411 3029 484; x_wconf 81' lang='lat' dir='ltr'><strong>juxta</strong></span> <span class='ocrx_word' id='word_1_21' title='bbox 3060 410 3222 468; x_wconf 89' lang='lat' dir='ltr'><strong>ﬁdem</strong></span> <span class='ocrx_word' id='word_1_22' title='bbox 3253 427 3406 470; x_wconf 87' lang='lat' dir='ltr'><strong>suam</strong></span> <span class='ocrx_word' id='word_1_23' title='bbox 3437 417 3584 472; x_wconf 86' lang='lat' dir='ltr'><strong>acci-</strong></span> 
     </span>
    </p>
   </div>
   <div class='ocr_carea' id='block_1_5' title="bbox 287 499 1876 575">
    <p class='ocr_par' dir='ltr' id='par_1_5' title="bbox 287 499 1876 575">
     <span class='ocr_line' id='line_1_5' title="bbox 287 499 1876 575; baseline 0 -19"><span class='ocrx_word' id='word_1_24' title='bbox 287 499 482 557; x_wconf 89' lang='lat' dir='ltr'><strong>habent</strong></span> <span class='ocrx_word' id='word_1_25' title='bbox 535 501 749 564; x_wconf 83' lang='lat' dir='ltr'><strong>oﬂicia:</strong></span> <span class='ocrx_word' id='word_1_26' title='bbox 813 503 888 560; x_wconf 89' lang='lat' dir='ltr'><strong>ita</strong></span> <span class='ocrx_word' id='word_1_27' title='bbox 931 504 1091 558; x_wconf 90' lang='lat' dir='ltr'><strong>multi</strong></span> <span class='ocrx_word' id='word_1_28' title='bbox 1137 519 1306 558; x_wconf 91' lang='lat' dir='ltr'><strong>unum</strong></span> <span class='ocrx_word' id='word_1_29' title='bbox 1348 520 1544 575; x_wconf 89' lang='lat' dir='ltr'><strong>corpus</strong></span> <span class='ocrx_word' id='word_1_30' title='bbox 1586 520 1775 559; x_wconf 91' lang='lat' dir='ltr'><strong>sumus</strong></span> <span class='ocrx_word' id='word_1_31' title='bbox 1819 501 1876 556; x_wconf 92' lang='lat' dir='ltr'><strong>in</strong></span> 
     </span>
    </p>
   </div>
   <div class='ocr_carea' id='block_1_6' title="bbox 285 585 1865 662">
    <p class='ocr_par' dir='ltr' id='par_1_6' title="bbox 285 585 1865 662">
     <span class='ocr_line' id='line_1_6' title="bbox 285 585 1865 662; baseline 0.001 -16"><span class='ocrx_word' id='word_1_32' title='bbox 285 587 525 655; x_wconf 76' lang='lat' dir='ltr'><strong>Christo,</strong></span> <span class='ocrx_word' id='word_1_33' title='bbox 582 585 790 662; x_wconf 85' lang='lat' dir='ltr'><strong>singuli</strong></span> <span class='ocrx_word' id='word_1_34' title='bbox 848 600 1027 648; x_wconf 89' lang='lat' dir='ltr'><strong>autem</strong></span> <span class='ocrx_word' id='word_1_35' title='bbox 1074 593 1211 649; x_wconf 81' lang='lat' dir='ltr'><strong>alter</strong></span> <span class='ocrx_word' id='word_1_36' title='bbox 1262 593 1489 649; x_wconf 76' lang='lat' dir='ltr'><strong>alterius</strong></span> <span class='ocrx_word' id='word_1_37' title='bbox 1529 592 1790 648; x_wconf 89' lang='lat' dir='ltr'><strong>membra.</strong></span> <span class='ocrx_word' id='word_1_38' title='bbox 1846 616 1865 640; x_wconf 72' lang='grc' dir='ltr'><strong>ι</strong></span> 
     </span>
    </p>
   </div>
   <div class='ocr_carea' id='block_1_7' title="bbox 281 675 1880 754">
    <p class='ocr_par' dir='ltr' id='par_1_7' title="bbox 281 675 1880 754">
     <span class='ocr_line' id='line_1_7' title="bbox 281 675 1880 754; baseline 0.001 -22"><span class='ocrx_word' id='word_1_39' title='bbox 281 675 550 751; x_wconf 83' lang='lat' dir='ltr'><strong>Exemplo</strong></span> <span class='ocrx_word' id='word_1_40' title='bbox 579 677 1010 751; x_wconf 78' lang='lat' dir='ltr'><strong>corporis&#39;docet</strong></span> <span class='ocrx_word' id='word_1_41' title='bbox 1037 699 1148 738; x_wconf 92' lang='lat' dir='ltr'><strong>non</strong></span> <span class='ocrx_word' id='word_1_42' title='bbox 1180 697 1334 754; x_wconf 87' lang='lat' dir='ltr'><strong>posse</strong></span> <span class='ocrx_word' id='word_1_43' title='bbox 1365 698 1465 736; x_wconf 91' lang='lat' dir='ltr'><strong>nos</strong></span> <span class='ocrx_word' id='word_1_44' title='bbox 1496 680 1742 750; x_wconf 72' lang='lat' dir='ltr'><strong>singulos</strong></span> <span class='ocrx_word' id='word_1_45' title='bbox 1767 697 1880 734; x_wconf 87' lang='lat' dir='ltr'><strong>om-</strong></span> 
     </span>
    </p>
   </div>
   <div class='ocr_carea' id='block_1_8' title="bbox 281 769 1884 844">
    <p class='ocr_par' dir='ltr' id='par_1_8' title="bbox 281 769 1884 844">
     <span class='ocr_line' id='line_1_8' title="bbox 281 769 1884 844; baseline 0 -19"><span class='ocrx_word' id='word_1_46' title='bbox 281 769 390 838; x_wconf 85' lang='lat' dir='ltr'><strong>nia,</strong></span> <span class='ocrx_word' id='word_1_47' title='bbox 419 771 550 844; x_wconf 88' lang='lat' dir='ltr'><strong>quia</strong></span> <span class='ocrx_word' id='word_1_48' title='bbox 579 788 771 828; x_wconf 88' lang='lat' dir='ltr'><strong>sumus</strong></span> <span class='ocrx_word' id='word_1_49' title='bbox 799 771 1040 830; x_wconf 91' lang='lat' dir='ltr'><strong>invicem</strong></span> <span class='ocrx_word' id='word_1_50' title='bbox 1074 773 1342 841; x_wconf 88' lang='lat' dir='ltr'><strong>membra,</strong></span> <span class='ocrx_word' id='word_1_51' title='bbox 1382 781 1445 828; x_wconf 93' lang='lat' dir='ltr'><strong>ut</strong></span> <span class='ocrx_word' id='word_1_52' title='bbox 1483 772 1621 826; x_wconf 81' lang='lat' dir='ltr'><strong>alter</strong></span> <span class='ocrx_word' id='word_1_53' title='bbox 1659 770 1884 826; x_wconf 86' lang='lat' dir='ltr'><strong>alterius</strong></span> 
     </span>
    </p>
   </div>
   <div class='ocr_carea' id='block_1_9' title="bbox 283 856 1882 935">
    <p class='ocr_par' dir='ltr' id='par_1_9' title="bbox 283 856 1882 935">
     <span class='ocr_line' id='line_1_9' title="bbox 283 856 1882 935; baseline 0.001 -22"><span class='ocrx_word' id='word_1_54' title='bbox 283 856 399 930; x_wconf 88' lang='grc'>(81)</span> <span class='ocrx_word' id='word_1_55' title='bbox 433 876 543 916; x_wconf 92' lang='lat' dir='ltr'><strong>non</strong></span> <span class='ocrx_word' id='word_1_56' title='bbox 575 871 726 934; x_wconf 82' lang='lat' dir='ltr'><strong>egeat</strong></span> <span class='ocrx_word' id='word_1_57' title='bbox 756 881 768 917; x_wconf 93' lang='lat'><em>:</em></span> <span class='ocrx_word' id='word_1_58' title='bbox 801 878 864 919; x_wconf 90' lang='lat' dir='ltr'><strong>ac</strong></span> <span class='ocrx_word' id='word_1_59' title='bbox 895 878 990 935; x_wconf 92' lang='lat' dir='ltr'><strong>per</strong></span> <span class='ocrx_word' id='word_1_60' title='bbox 1033 863 1141 918; x_wconf 92' lang='lat' dir='ltr'><strong>hoc</strong></span> <span class='ocrx_word' id='word_1_61' title='bbox 1189 878 1378 919; x_wconf 90' lang='lat' dir='ltr'><strong>curam</strong></span> <span class='ocrx_word' id='word_1_62' title='bbox 1426 860 1600 916; x_wconf 86' lang='lat' dir='ltr'><strong>nostri</strong></span> <span class='ocrx_word' id='word_1_63' title='bbox 1646 859 1882 915; x_wconf 84' lang='lat' dir='ltr'><strong>invicem</strong></span> 
     </span>
    </p>
   </div>
   <div class='ocr_carea' id='block_1_10' title="bbox 280 950 1885 1022">
    <p class='ocr_par' dir='ltr' id='par_1_10' title="bbox 280 950 1885 1022">
     <span class='ocr_line' id='line_1_10' title="bbox 280 950 1885 1022; baseline -0.001 -17"><span class='ocrx_word' id='word_1_64' title='bbox 280 962 381 1005; x_wconf 89' lang='lat' dir='ltr'><strong>nos</strong></span> <span class='ocrx_word' id='word_1_65' title='bbox 409 965 562 1022; x_wconf 85' lang='lat' dir='ltr'><strong>agere</strong></span> <span class='ocrx_word' id='word_1_66' title='bbox 589 950 806 1019; x_wconf 87' lang='lat' dir='ltr'><strong>debere,</strong></span> <span class='ocrx_word' id='word_1_67' title='bbox 856 968 958 1008; x_wconf 90' lang='lat' dir='ltr'><strong>nec</strong></span> <span class='ocrx_word' id='word_1_68' title='bbox 1005 953 1242 1008; x_wconf 89' lang='lat' dir='ltr'><strong>alterum</strong></span> <span class='ocrx_word' id='word_1_69' title='bbox 1285 950 1380 1006; x_wconf 88' lang='lat' dir='ltr'><strong>alii</strong></span> <span class='ocrx_word' id='word_1_70' title='bbox 1429 951 1722 1018; x_wconf 86' lang='lat' dir='ltr'><strong>obsistere:</strong></span> <span class='ocrx_word' id='word_1_71' title='bbox 1756 951 1885 1022; x_wconf 85' lang='lat' dir='ltr'><strong>quia</strong></span> 
     </span>
    </p>
   </div>
   <div class='ocr_carea' id='block_1_11' title="bbox 281 1036 1882 1113">
    <p class='ocr_par' dir='ltr' id='par_1_11' title="bbox 281 1036 1882 1113">
     <span class='ocr_line' id='line_1_11' title="bbox 281 1036 1882 1113; baseline 0 -21"><span class='ocrx_word' id='word_1_72' title='bbox 281 1036 519 1095; x_wconf 87' lang='lat' dir='ltr'><strong>invicem</strong></span> <span class='ocrx_word' id='word_1_73' title='bbox 549 1040 750 1096; x_wconf 81' lang='lat' dir='ltr'><strong>oﬁiciis</strong></span> <span class='ocrx_word' id='word_1_74' title='bbox 779 1041 987 1097; x_wconf 88' lang='lat' dir='ltr'><strong>nostris</strong></span> <span class='ocrx_word' id='word_1_75' title='bbox 1014 1057 1152 1113; x_wconf 92' lang='lat' dir='ltr'><strong>opus</strong></span> <span class='ocrx_word' id='word_1_76' title='bbox 1183 1039 1464 1096; x_wconf 89' lang='lat' dir='ltr'><strong>habemus.</strong></span> <span class='ocrx_word' id='word_1_77' title='bbox 1510 1040 1623 1094; x_wconf 89' lang='lat' dir='ltr'><strong>Hoc</strong></span> <span class='ocrx_word' id='word_1_78' title='bbox 1650 1039 1756 1094; x_wconf 92' lang='lat' dir='ltr'><strong>erit</strong></span> <span class='ocrx_word' id='word_1_79' title='bbox 1785 1038 1882 1093; x_wconf 88' lang='lat' dir='ltr'><strong>di—</strong></span> 
     </span>
    </p>
   </div>
   <div class='ocr_carea' id='block_1_12' title="bbox 279 1125 1881 1207">
    <p class='ocr_par' dir='ltr' id='par_1_12' title="bbox 279 1125 1881 1207">
     <span class='ocr_line' id='line_1_12' title="bbox 279 1125 1881 1207; baseline -0.001 -24"><span class='ocrx_word' id='word_1_80' title='bbox 279 1125 449 1200; x_wconf 90' lang='lat' dir='ltr'><strong>ligere</strong></span> <span class='ocrx_word' id='word_1_81' title='bbox 479 1127 789 1198; x_wconf 85' lang='lat' dir='ltr'><strong>Christum,</strong></span> <span class='ocrx_word' id='word_1_82' title='bbox 823 1130 870 1186; x_wconf 90' lang='lat' dir='ltr'><strong>si</strong></span> <span class='ocrx_word' id='word_1_83' title='bbox 901 1130 1138 1207; x_wconf 79' lang='lat' dir='ltr'><strong>invicem</strong></span> <span class='ocrx_word' id='word_1_84' title='bbox 1158 1146 1214 1186; x_wconf 91' lang='lat' dir='ltr'><strong>se</strong></span> <span class='ocrx_word' id='word_1_85' title='bbox 1233 1128 1474 1185; x_wconf 89' lang='lat' dir='ltr'><strong>membra</strong></span> <span class='ocrx_word' id='word_1_86' title='bbox 1497 1128 1881 1184; x_wconf 68' lang='lat' dir='ltr'><strong>exhortentur.</strong></span> 
     </span>
    </p>
   </div>
   <div class='ocr_carea' id='block_1_13' title="bbox 280 1217 1885 1292">
    <p class='ocr_par' dir='ltr' id='par_1_13' title="bbox 280 1217 1885 1292">
     <span class='ocr_line' id='line_1_13' title="bbox 280 1217 1885 1292; baseline 0.002 -20"><span class='ocrx_word' id='word_1_87' title='bbox 280 1226 342 1273; x_wconf 88' lang='lat' dir='ltr'><strong>ut</strong></span> <span class='ocrx_word' id='word_1_88' title='bbox 368 1217 644 1291; x_wconf 86' lang='lat' dir='ltr'><strong>impleant</strong></span> <span class='ocrx_word' id='word_1_89' title='bbox 671 1218 919 1289; x_wconf 89' lang='lat' dir='ltr'><strong>modum,</strong></span> <span class='ocrx_word' id='word_1_90' title='bbox 960 1235 1068 1292; x_wconf 89' lang='lat' dir='ltr'><strong>quo</strong></span> <span class='ocrx_word' id='word_1_91' title='bbox 1093 1236 1289 1291; x_wconf 91' lang='lat' dir='ltr'><strong>corpus</strong></span> <span class='ocrx_word' id='word_1_92' title='bbox 1320 1219 1377 1274; x_wconf 89' lang='lat' dir='ltr'><strong>in</strong></span> <span class='ocrx_word' id='word_1_93' title='bbox 1404 1217 1622 1275; x_wconf 89' lang='lat' dir='ltr'><strong>Christo</strong></span> <span class='ocrx_word' id='word_1_94' title='bbox 1663 1217 1885 1289; x_wconf 89' lang='lat' dir='ltr'><strong>perfec-</strong></span> 
     </span>
    </p>
   </div>
   <div class='ocr_carea' id='block_1_14' title="bbox 279 1308 526 1364">
    <p class='ocr_par' dir='ltr' id='par_1_14' title="bbox 279 1308 526 1364">
     <span class='ocr_line' id='line_1_14' title="bbox 279 1308 526 1364; baseline 0 0"><span class='ocrx_word' id='word_1_95' title='bbox 279 1315 404 1364; x_wconf 89' lang='lat' dir='ltr'><strong>tum</strong></span> <span class='ocrx_word' id='word_1_96' title='bbox 435 1308 526 1364; x_wconf 89' lang='lat' dir='ltr'><strong>sit.</strong></span> 
     </span>
    </p>
   </div>
   <div class='ocr_carea' id='block_1_15' title="bbox 357 1395 1884 1470">
    <p class='ocr_par' dir='ltr' id='par_1_15' title="bbox 357 1395 1884 1470">
     <span class='ocr_line' id='line_1_15' title="bbox 357 1395 1884 1470; baseline -0.003 -16"><span class='ocrx_word' id='word_1_97' title='bbox 357 1397 540 1470; x_wconf 85' lang='lat' dir='ltr'><strong>(Vers.</strong></span> <span class='ocrx_word' id='word_1_98' title='bbox 566 1399 644 1470; x_wconf 89' lang='lat'><strong>6.)</strong></span> <span class='ocrx_word' id='word_1_99' title='bbox 664 1423 682 1446; x_wconf 76' lang='grc' dir='ltr'><strong>ι</strong></span> <span class='ocrx_word' id='word_1_100' title='bbox 705 1398 980 1455; x_wconf 88' lang='lat' dir='ltr'><strong>Habentes</strong></span> <span class='ocrx_word' id='word_1_101' title='bbox 1005 1406 1186 1455; x_wconf 90' lang='lat' dir='ltr'><strong>autem</strong></span> <span class='ocrx_word' id='word_1_102' title='bbox 1223 1396 1549 1454; x_wconf 87' lang='lat' dir='ltr'><strong>donationes</strong></span> <span class='ocrx_word' id='word_1_103' title='bbox 1576 1396 1676 1452; x_wconf 90' lang='lat' dir='ltr'><strong>Dei</strong></span> <span class='ocrx_word' id='word_1_104' title='bbox 1706 1395 1884 1452; x_wconf 87' lang='lat' dir='ltr'><strong>diver-</strong></span> 
     </span>
    </p>
   </div>
   <div class='ocr_carea' id='block_1_16' title="bbox 279 1487 1871 1562">
    <p class='ocr_par' dir='ltr' id='par_1_16' title="bbox 279 1487 1871 1562">
     <span class='ocr_line' id='line_1_16' title="bbox 279 1487 1871 1562; baseline -0.002 -18"><span class='ocrx_word' id='word_1_105' title='bbox 279 1501 365 1544; x_wconf 84' lang='lat' dir='ltr'><strong>sas</strong></span> <span class='ocrx_word' id='word_1_106' title='bbox 391 1488 693 1545; x_wconf 91' lang='lat' dir='ltr'><strong>secundum</strong></span> <span class='ocrx_word' id='word_1_107' title='bbox 734 1490 987 1562; x_wconf 85' lang='lat' dir='ltr'><strong>gratiam,</strong></span> <span class='ocrx_word' id='word_1_108' title='bbox 1028 1506 1148 1562; x_wconf 58' lang='lat' dir='ltr'><strong>quas</strong></span> <span class='ocrx_word' id='word_1_109' title='bbox 1177 1488 1303 1545; x_wconf 88' lang='lat' dir='ltr'><strong>data</strong></span> <span class='ocrx_word' id='word_1_110' title='bbox 1349 1495 1429 1544; x_wconf 91' lang='lat' dir='ltr'><strong>est</strong></span> <span class='ocrx_word' id='word_1_111' title='bbox 1463 1487 1626 1543; x_wconf 89' lang='lat' dir='ltr'><strong>nobis</strong></span> <span class='ocrx_word' id='word_1_112' title='bbox 1675 1487 1814 1558; x_wconf 82' lang='lat'><strong>(82).</strong></span> <span class='ocrx_word' id='word_1_113' title='bbox 1854 1512 1871 1535; x_wconf 78' lang='grc' dir='ltr'><strong>ι</strong></span> 
     </span>
    </p>
   </div>
   <div class='ocr_carea' id='block_1_17' title="bbox 279 1575 1886 1652">
    <p class='ocr_par' dir='ltr' id='par_1_17' title="bbox 279 1575 1886 1652">
     <span class='ocr_line' id='line_1_17' title="bbox 279 1575 1886 1652; baseline -0.002 -17"><span class='ocrx_word' id='word_1_114' title='bbox 279 1578 440 1635; x_wconf 81' lang='lat' dir='ltr'><strong>Nunc</strong></span> <span class='ocrx_word' id='word_1_115' title='bbox 475 1588 655 1637; x_wconf 90' lang='lat' dir='ltr'><strong>autem</strong></span> <span class='ocrx_word' id='word_1_116' title='bbox 690 1579 807 1652; x_wconf 88' lang='lat' dir='ltr'><strong>ipsa</strong></span> <span class='ocrx_word' id='word_1_117' title='bbox 858 1580 1039 1636; x_wconf 82' lang='lat' dir='ltr'><strong>ofﬁcia</strong></span> <span class='ocrx_word' id='word_1_118' title='bbox 1076 1579 1335 1652; x_wconf 86' lang='lat' dir='ltr'><strong>deputata</strong></span> <span class='ocrx_word' id='word_1_119' title='bbox 1381 1577 1644 1636; x_wconf 88' lang='lat' dir='ltr'><strong>membris</strong></span> <span class='ocrx_word' id='word_1_120' title='bbox 1691 1575 1886 1633; x_wconf 92' lang='lat' dir='ltr'><strong>merito</strong></span> 
     </span>
    </p>
   </div>
   <div class='ocr_carea' id='block_1_18' title="bbox 279 1664 1887 1739">
    <p class='ocr_par' dir='ltr' id='par_1_18' title="bbox 279 1664 1887 1739">
     <span class='ocr_line' id='line_1_18' title="bbox 279 1664 1887 1739; baseline -0.002 -17"><span class='ocrx_word' id='word_1_121' title='bbox 279 1665 410 1723; x_wconf 88' lang='lat' dir='ltr'><strong>ﬁdei</strong></span> <span class='ocrx_word' id='word_1_122' title='bbox 438 1678 745 1738; x_wconf 86' lang='lat' dir='ltr'><strong>enumerat,</strong></span> <span class='ocrx_word' id='word_1_123' title='bbox 777 1679 839 1727; x_wconf 93' lang='lat' dir='ltr'><strong>ut</strong></span> <span class='ocrx_word' id='word_1_124' title='bbox 863 1685 990 1727; x_wconf 91' lang='lat' dir='ltr'><strong>cum</strong></span> <span class='ocrx_word' id='word_1_125' title='bbox 1021 1669 1226 1725; x_wconf 90' lang='lat' dir='ltr'><strong>viderit</strong></span> <span class='ocrx_word' id='word_1_126' title='bbox 1258 1668 1565 1724; x_wconf 90' lang='lat' dir='ltr'><strong>membrum</strong></span> <span class='ocrx_word' id='word_1_127' title='bbox 1595 1665 1742 1739; x_wconf 91' lang='lat' dir='ltr'><strong>quod</strong></span> <span class='ocrx_word' id='word_1_128' title='bbox 1780 1664 1887 1720; x_wconf 91' lang='lat' dir='ltr'><strong>sibi</strong></span> 
     </span>
    </p>
   </div>
   <div class='ocr_carea' id='block_1_19' title="bbox 279 1751 1885 1831">
    <p class='ocr_par' dir='ltr' id='par_1_19' title="bbox 279 1751 1885 1831">
     <span class='ocr_line' id='line_1_19' title="bbox 279 1751 1885 1831; baseline -0.002 -19"><span class='ocrx_word' id='word_1_129' title='bbox 279 1754 606 1830; x_wconf 88' lang='lat' dir='ltr'><strong>deputatum</strong></span> <span class='ocrx_word' id='word_1_130' title='bbox 637 1760 881 1816; x_wconf 82' lang='lat' dir='ltr'><strong>ofﬁcium</strong></span> <span class='ocrx_word' id='word_1_131' title='bbox 915 1768 1014 1828; x_wconf 89' lang='lat' dir='ltr'><strong>est,</strong></span> <span class='ocrx_word' id='word_1_132' title='bbox 1064 1776 1176 1816; x_wconf 90' lang='lat' dir='ltr'><strong>non</strong></span> <span class='ocrx_word' id='word_1_133' title='bbox 1221 1766 1524 1831; x_wconf 87' lang='lat' dir='ltr'><strong>perstrepat</strong></span> <span class='ocrx_word' id='word_1_134' title='bbox 1569 1757 1746 1824; x_wconf 87' lang='lat' dir='ltr'><strong>alteri,</strong></span> <span class='ocrx_word' id='word_1_135' title='bbox 1795 1751 1885 1812; x_wconf 91' lang='lat' dir='ltr'><strong>cui</strong></span> 
     </span>
    </p>
   </div>
   <div class='ocr_carea' id='block_1_20' title="bbox 281 1846 1888 1922">
    <p class='ocr_par' dir='ltr' id='par_1_20' title="bbox 281 1846 1888 1922">
     <span class='ocr_line' id='line_1_20' title="bbox 281 1846 1888 1922; baseline -0.001 -20"><span class='ocrx_word' id='word_1_136' title='bbox 281 1846 490 1904; x_wconf 89' lang='lat' dir='ltr'><strong>viderit</strong></span> <span class='ocrx_word' id='word_1_137' title='bbox 517 1848 674 1904; x_wconf 91' lang='lat' dir='ltr'><strong>aliud</strong></span> <span class='ocrx_word' id='word_1_138' title='bbox 705 1849 998 1916; x_wconf 91' lang='lat' dir='ltr'><strong>traditum,</strong></span> <span class='ocrx_word' id='word_1_139' title='bbox 1029 1849 1123 1904; x_wconf 91' lang='lat' dir='ltr'><strong>sed</strong></span> <span class='ocrx_word' id='word_1_140' title='bbox 1151 1847 1492 1922; x_wconf 90' lang='lat' dir='ltr'><strong>congaudeat</strong></span> <span class='ocrx_word' id='word_1_141' title='bbox 1523 1847 1664 1919; x_wconf 85' lang='grc'>(83),</span> <span class='ocrx_word' id='word_1_142' title='bbox 1686 1853 1747 1901; x_wconf 89' lang='grc' dir='ltr'><strong>ιιι</strong></span> <span class='ocrx_word' id='word_1_143' title='bbox 1771 1862 1888 1902; x_wconf 90' lang='lat' dir='ltr'><strong>cor-</strong></span> 
     </span>
    </p>
   </div>
   <div class='ocr_carea' id='block_1_21' title="bbox 280 1938 1144 2010">
    <p class='ocr_par' dir='ltr' id='par_1_21' title="bbox 280 1938 1144 2010">
     <span class='ocr_line' id='line_1_21' title="bbox 280 1938 1144 2010; baseline 0.003 -19"><span class='ocrx_word' id='word_1_144' title='bbox 280 1951 388 2009; x_wconf 88' lang='lat' dir='ltr'><strong>pus</strong></span> <span class='ocrx_word' id='word_1_145' title='bbox 426 1938 690 1995; x_wconf 64' lang='lat' dir='ltr'><strong>Ecclesiae</strong></span> <span class='ocrx_word' id='word_1_146' title='bbox 719 1940 792 1994; x_wconf 88' lang='lat' dir='ltr'><strong>sit</strong></span> <span class='ocrx_word' id='word_1_147' title='bbox 821 1938 1144 2010; x_wconf 88' lang='lat' dir='ltr'><strong>perfectum.</strong></span> 
     </span>
    </p>
   </div>
   <div class='ocr_carea' id='block_1_22' title="bbox 372 2023 1876 2102">
    <p class='ocr_par' dir='ltr' id='par_1_22' title="bbox 372 2023 1876 2102">
     <span class='ocr_line' id='line_1_22' title="bbox 372 2023 1876 2102; baseline -0.004 -18"><span class='ocrx_word' id='word_1_148' title='bbox 372 2051 392 2076; x_wconf 77' lang='grc' dir='ltr'><strong>ι</strong></span> <span class='ocrx_word' id='word_1_149' title='bbox 423 2027 551 2086; x_wconf 83' lang='lat' dir='ltr'><strong>Sive</strong></span> <span class='ocrx_word' id='word_1_150' title='bbox 595 2029 940 2102; x_wconf 87' lang='lat' dir='ltr'><strong>prophetiam</strong></span> <span class='ocrx_word' id='word_1_151' title='bbox 993 2028 1296 2086; x_wconf 90' lang='lat' dir='ltr'><strong>secundum</strong></span> <span class='ocrx_word' id='word_1_152' title='bbox 1350 2027 1620 2082; x_wconf 91' lang='lat' dir='ltr'><strong>rationem</strong></span> <span class='ocrx_word' id='word_1_153' title='bbox 1668 2023 1815 2080; x_wconf 91' lang='lat' dir='ltr'><strong>ﬁdei.</strong></span> <span class='ocrx_word' id='word_1_154' title='bbox 1859 2050 1876 2072; x_wconf 76' lang='grc' dir='ltr'><strong>ι</strong></span> 
     </span>
    </p>
   </div>
   <div class='ocr_carea' id='block_1_23' title="bbox 281 2112 1892 2191">
    <p class='ocr_par' dir='ltr' id='par_1_23' title="bbox 281 2112 1892 2191">
     <span class='ocr_line' id='line_1_23' title="bbox 281 2112 1892 2191; baseline -0.004 -19"><span class='ocrx_word' id='word_1_155' title='bbox 281 2117 331 2172; x_wconf 84' lang='grc' dir='ltr'>Α</span> <span class='ocrx_word' id='word_1_156' title='bbox 362 2117 656 2189; x_wconf 86' lang='lat' dir='ltr'><strong>prophetia</strong></span> <span class='ocrx_word' id='word_1_157' title='bbox 681 2117 902 2189; x_wconf 90' lang='lat' dir='ltr'><strong>incipit,</strong></span> <span class='ocrx_word' id='word_1_158' title='bbox 929 2133 1051 2191; x_wconf 62' lang='lat' dir='ltr'><strong>quae</strong></span> <span class='ocrx_word' id='word_1_159' title='bbox 1081 2117 1260 2190; x_wconf 88' lang='lat' dir='ltr'><strong>prima</strong></span> <span class='ocrx_word' id='word_1_160' title='bbox 1298 2115 1549 2188; x_wconf 89' lang='lat' dir='ltr'><strong>probatio</strong></span> <span class='ocrx_word' id='word_1_161' title='bbox 1595 2123 1676 2170; x_wconf 91' lang='lat' dir='ltr'><strong>est</strong></span> <span class='ocrx_word' id='word_1_162' title='bbox 1714 2112 1892 2168; x_wconf 90' lang='lat' dir='ltr'><strong>ratio-</strong></span> 
     </span>
    </p>
   </div>
   <div class='ocr_carea' id='block_1_24' title="bbox 281 2203 1888 2278">
    <p class='ocr_par' dir='ltr' id='par_1_24' title="bbox 281 2203 1888 2278">
     <span class='ocr_line' id='line_1_24' title="bbox 281 2203 1888 2278; baseline -0.002 -17"><span class='ocrx_word' id='word_1_163' title='bbox 281 2204 526 2262; x_wconf 89' lang='lat' dir='ltr'><strong>nabilem</strong></span> <span class='ocrx_word' id='word_1_164' title='bbox 583 2223 699 2264; x_wconf 89' lang='lat' dir='ltr'><strong>esse</strong></span> <span class='ocrx_word' id='word_1_165' title='bbox 749 2207 915 2264; x_wconf 88' lang='lat' dir='ltr'><strong>ﬁdem</strong></span> <span class='ocrx_word' id='word_1_166' title='bbox 964 2215 1230 2264; x_wconf 88' lang='lat' dir='ltr'><strong>nostram.</strong></span> <span class='ocrx_word' id='word_1_167' title='bbox 1291 2205 1538 2278; x_wconf 90' lang='lat' dir='ltr'><strong>Denique</strong></span> <span class='ocrx_word' id='word_1_168' title='bbox 1585 2203 1888 2270; x_wconf 88' lang='lat' dir='ltr'><strong>credentes,</strong></span> 
     </span>
    </p>
   </div>
   <div class='ocr_carea' id='block_1_25' title="bbox 282 2294 1890 2372">
    <p class='ocr_par' dir='ltr' id='par_1_25' title="bbox 282 2294 1890 2372">
     <span class='ocr_line' id='line_1_25' title="bbox 282 2294 1890 2372; baseline -0.004 -19"><span class='ocrx_word' id='word_1_169' title='bbox 282 2305 507 2371; x_wconf 84' lang='lat' dir='ltr'><strong>accepto</strong></span> <span class='ocrx_word' id='word_1_170' title='bbox 561 2298 769 2371; x_wconf 88' lang='lat' dir='ltr'><strong>Spiritu</strong></span> <span class='ocrx_word' id='word_1_171' title='bbox 805 2298 1224 2372; x_wconf 84' lang='lat' dir='ltr'><strong>prophetabant.</strong></span> <span class='ocrx_word' id='word_1_172' title='bbox 1271 2297 1399 2352; x_wconf 67' lang='lat' dir='ltr'><strong>Haec</strong></span> <span class='ocrx_word' id='word_1_173' title='bbox 1445 2313 1572 2368; x_wconf 89' lang='lat' dir='ltr'><strong>ergo</strong></span> <span class='ocrx_word' id='word_1_174' title='bbox 1601 2294 1763 2350; x_wconf 88' lang='lat' dir='ltr'><strong>datur</strong></span> <span class='ocrx_word' id='word_1_175' title='bbox 1791 2310 1890 2364; x_wconf 90' lang='lat' dir='ltr'><strong>pro</strong></span> 
     </span>
    </p>
   </div>
   <div class='ocr_carea' id='block_1_26' title="bbox 284 2384 1888 2462">
    <p class='ocr_par' dir='ltr' id='par_1_26' title="bbox 284 2384 1888 2462">
     <span class='ocr_line' id='line_1_26' title="bbox 284 2384 1888 2462; baseline -0.004 -18"><span class='ocrx_word' id='word_1_176' title='bbox 284 2388 453 2444; x_wconf 88' lang='lat' dir='ltr'><strong>modo</strong></span> <span class='ocrx_word' id='word_1_177' title='bbox 497 2389 838 2461; x_wconf 88' lang='lat' dir='ltr'><strong>accipientis,</strong></span> <span class='ocrx_word' id='word_1_178' title='bbox 891 2390 996 2448; x_wconf 90' lang='lat' dir='ltr'><strong>hoc</strong></span> <span class='ocrx_word' id='word_1_179' title='bbox 1025 2399 1125 2458; x_wconf 91' lang='lat' dir='ltr'><strong>est,</strong></span> <span class='ocrx_word' id='word_1_180' title='bbox 1170 2397 1438 2462; x_wconf 89' lang='lat' dir='ltr'><strong>quantum</strong></span> <span class='ocrx_word' id='word_1_181' title='bbox 1485 2403 1649 2443; x_wconf 90' lang='lat' dir='ltr'><strong>causa</strong></span> <span class='ocrx_word' id='word_1_182' title='bbox 1693 2384 1888 2456; x_wconf 81' lang='lat' dir='ltr'><strong>exigit,</strong></span> 
     </span>
    </p>
   </div>
   <div class='ocr_carea' id='block_1_27' title="bbox 283 2479 908 2552">
    <p class='ocr_par' dir='ltr' id='par_1_27' title="bbox 283 2479 908 2552">
     <span class='ocr_line' id='line_1_27' title="bbox 283 2479 908 2552; baseline 0.002 -18"><span class='ocrx_word' id='word_1_183' title='bbox 283 2487 510 2551; x_wconf 89' lang='lat' dir='ltr'><strong>propter</strong></span> <span class='ocrx_word' id='word_1_184' title='bbox 535 2495 699 2552; x_wconf 88' lang='lat' dir='ltr'><strong>quam</strong></span> <span class='ocrx_word' id='word_1_185' title='bbox 727 2479 908 2535; x_wconf 92' lang='lat' dir='ltr'><strong>datur.</strong></span> 
     </span>
    </p>
   </div>
   <div class='ocr_carea' id='block_1_28' title="bbox 356 2564 1877 2641">
    <p class='ocr_par' dir='ltr' id='par_1_28' title="bbox 356 2564 1877 2641">
     <span class='ocr_line' id='line_1_28' title="bbox 356 2564 1877 2641; baseline -0.005 -15"><span class='ocrx_word' id='word_1_186' title='bbox 356 2569 544 2638; x_wconf 82' lang='lat' dir='ltr'><strong>(Vers.</strong></span> <span class='ocrx_word' id='word_1_187' title='bbox 577 2569 654 2641; x_wconf 88' lang='grc'><strong>7.)</strong></span> <span class='ocrx_word' id='word_1_188' title='bbox 701 2593 718 2617; x_wconf 73' lang='grc' dir='ltr'><strong>ε</strong></span> <span class='ocrx_word' id='word_1_189' title='bbox 758 2570 886 2626; x_wconf 90' lang='lat' dir='ltr'><strong>Sive</strong></span> <span class='ocrx_word' id='word_1_190' title='bbox 925 2569 1293 2626; x_wconf 85' lang='lat' dir='ltr'><strong>ministerium</strong></span> <span class='ocrx_word' id='word_1_191' title='bbox 1339 2568 1397 2623; x_wconf 91' lang='lat' dir='ltr'><strong>in</strong></span> <span class='ocrx_word' id='word_1_192' title='bbox 1446 2564 1832 2622; x_wconf 90' lang='lat' dir='ltr'><strong>ministrando.</strong></span> <span class='ocrx_word' id='word_1_193' title='bbox 1861 2589 1877 2613; x_wconf 76' lang='grc' dir='ltr'><strong>ι</strong></span> 
     </span>
    </p>
   </div>
   <div class='ocr_carea' id='block_1_29' title="bbox 284 2655 1889 2732">
    <p class='ocr_par' dir='ltr' id='par_1_29' title="bbox 284 2655 1889 2732">
     <span class='ocr_line' id='line_1_29' title="bbox 284 2655 1889 2732; baseline -0.002 -19"><span class='ocrx_word' id='word_1_194' title='bbox 284 2655 369 2713; x_wconf 81' lang='lat' dir='ltr'><strong>Ad</strong></span> <span class='ocrx_word' id='word_1_195' title='bbox 400 2659 729 2732; x_wconf 84' lang='lat' dir='ltr'><strong>obsequium</strong></span> <span class='ocrx_word' id='word_1_196' title='bbox 763 2659 1125 2716; x_wconf 84' lang='lat' dir='ltr'><strong>fraternitatis</strong></span> <span class='ocrx_word' id='word_1_197' title='bbox 1157 2657 1272 2730; x_wconf 79' lang='grc'>(84)</span> <span class='ocrx_word' id='word_1_198' title='bbox 1308 2657 1658 2730; x_wconf 67' lang='lat' dir='ltr'><strong>praebendum</strong></span> <span class='ocrx_word' id='word_1_199' title='bbox 1689 2656 1746 2710; x_wconf 93' lang='lat' dir='ltr'><strong>in</strong></span> <span class='ocrx_word' id='word_1_200' title='bbox 1774 2662 1889 2709; x_wconf 83' lang='lat' dir='ltr'><strong>tan-</strong></span> 
     </span>
    </p>
   </div>
   <div class='ocr_carea' id='block_1_30' title="bbox 283 2747 1892 2824">
    <p class='ocr_par' dir='ltr' id='par_1_30' title="bbox 283 2747 1892 2824">
     <span class='ocr_line' id='line_1_30' title="bbox 283 2747 1892 2824; baseline -0.002 -20"><span class='ocrx_word' id='word_1_201' title='bbox 283 2753 403 2805; x_wconf 88' lang='lat' dir='ltr'><strong>tum</strong></span> <span class='ocrx_word' id='word_1_202' title='bbox 456 2749 709 2807; x_wconf 89' lang='lat' dir='ltr'><strong>minister</strong></span> <span class='ocrx_word' id='word_1_203' title='bbox 759 2750 1028 2820; x_wconf 87' lang='lat' dir='ltr'><strong>ﬁrmatur,</strong></span> <span class='ocrx_word' id='word_1_204' title='bbox 1079 2760 1343 2824; x_wconf 88' lang='lat' dir='ltr'><strong>quantum</strong></span> <span class='ocrx_word' id='word_1_205' title='bbox 1382 2749 1558 2806; x_wconf 89' lang='lat' dir='ltr'><strong>credit</strong></span> <span class='ocrx_word' id='word_1_206' title='bbox 1599 2747 1794 2804; x_wconf 88' lang='lat' dir='ltr'><strong>debere</strong></span> <span class='ocrx_word' id='word_1_207' title='bbox 1835 2761 1892 2802; x_wconf 91' lang='lat' dir='ltr'><strong>se</strong></span> 
     </span>
    </p>
   </div>
   <div class='ocr_carea' id='block_1_31' title="bbox 285 2836 1892 2914">
    <p class='ocr_par' dir='ltr' id='par_1_31' title="bbox 285 2836 1892 2914">
     <span class='ocr_line' id='line_1_31' title="bbox 285 2836 1892 2914; baseline -0.004 -17"><span class='ocrx_word' id='word_1_208' title='bbox 285 2839 516 2914; x_wconf 88' lang='lat' dir='ltr'><strong>obsequi</strong></span> <span class='ocrx_word' id='word_1_209' title='bbox 542 2859 556 2906; x_wconf 90' lang='lat'><strong>;</strong></span> <span class='ocrx_word' id='word_1_210' title='bbox 593 2857 662 2896; x_wconf 91' lang='lat' dir='ltr'><strong>ne</strong></span> <span class='ocrx_word' id='word_1_211' title='bbox 685 2842 832 2897; x_wconf 92' lang='lat' dir='ltr'><strong>ultra</strong></span> <span class='ocrx_word' id='word_1_212' title='bbox 861 2841 1023 2897; x_wconf 91' lang='lat' dir='ltr'><strong>ﬁdem</strong></span> <span class='ocrx_word' id='word_1_213' title='bbox 1057 2841 1312 2896; x_wconf 89' lang='lat' dir='ltr'><strong>laborans</strong></span> <span class='ocrx_word' id='word_1_214' title='bbox 1349 2839 1405 2894; x_wconf 92' lang='lat' dir='ltr'><strong>in</strong></span> <span class='ocrx_word' id='word_1_215' title='bbox 1435 2839 1722 2911; x_wconf 89' lang='lat' dir='ltr'><strong>obsequio,</strong></span> <span class='ocrx_word' id='word_1_216' title='bbox 1753 2836 1892 2892; x_wconf 88' lang='lat' dir='ltr'><strong>fati-</strong></span> 
     </span>
    </p>
   </div>
   <div class='ocr_carea' id='block_1_32' title="bbox 285 2929 1892 3004">
    <p class='ocr_par' dir='ltr' id='par_1_32' title="bbox 285 2929 1892 3004">
     <span class='ocr_line' id='line_1_32' title="bbox 285 2929 1892 3004; baseline -0.002 -18"><span class='ocrx_word' id='word_1_217' title='bbox 285 2939 447 3003; x_wconf 86' lang='lat' dir='ltr'><strong>getur</strong></span> <span class='ocrx_word' id='word_1_218' title='bbox 475 2930 787 3000; x_wconf 89' lang='lat' dir='ltr'><strong>incassum;</strong></span> <span class='ocrx_word' id='word_1_219' title='bbox 829 2931 958 3004; x_wconf 90' lang='lat' dir='ltr'><strong>quia</strong></span> <span class='ocrx_word' id='word_1_220' title='bbox 1002 2929 1108 2986; x_wconf 88' lang='lat' dir='ltr'><strong>hoc</strong></span> <span class='ocrx_word' id='word_1_221' title='bbox 1142 2930 1393 3002; x_wconf 85' lang='lat' dir='ltr'><strong>sequitur</strong></span> <span class='ocrx_word' id='word_1_222' title='bbox 1421 2943 1892 3000; x_wconf 88' lang='lat' dir='ltr'><strong>unumquemque,</strong></span> 
     </span>
    </p>
   </div>
   <div class='ocr_carea' id='block_1_33' title="bbox 286 3018 1015 3093">
    <p class='ocr_par' dir='ltr' id='par_1_33' title="bbox 286 3018 1015 3093">
     <span class='ocr_line' id='line_1_33' title="bbox 286 3018 1015 3093; baseline 0 -18"><span class='ocrx_word' id='word_1_223' title='bbox 286 3018 436 3093; x_wconf 89' lang='lat' dir='ltr'><strong>quod</strong></span> <span class='ocrx_word' id='word_1_224' title='bbox 467 3029 698 3076; x_wconf 87' lang='lat' dir='ltr'><strong>conatur</strong></span> <span class='ocrx_word' id='word_1_225' title='bbox 725 3036 793 3075; x_wconf 86' lang='lat' dir='ltr'><strong>ex</strong></span> <span class='ocrx_word' id='word_1_226' title='bbox 831 3020 1015 3076; x_wconf 90' lang='lat' dir='ltr'><strong>corde.</strong></span> 
     </span>
    </p>
   </div>
   <div class='ocr_carea' id='block_1_34' title="bbox 373 3105 1968 3206">
    <p class='ocr_par' dir='ltr' id='par_1_34' title="bbox 373 3105 1968 3206">
     <span class='ocr_line' id='line_1_34' title="bbox 373 3105 1968 3206; baseline -0.002 -42"><span class='ocrx_word' id='word_1_227' title='bbox 373 3132 393 3156; x_wconf 81' lang='grc'>‹</span> <span class='ocrx_word' id='word_1_228' title='bbox 427 3108 557 3164; x_wconf 89' lang='lat' dir='ltr'><strong>Sive</strong></span> <span class='ocrx_word' id='word_1_229' title='bbox 581 3109 678 3182; x_wconf 92' lang='lat' dir='ltr'><strong>qui</strong></span> <span class='ocrx_word' id='word_1_230' title='bbox 709 3108 866 3164; x_wconf 88' lang='lat' dir='ltr'><strong>docet</strong></span> <span class='ocrx_word' id='word_1_231' title='bbox 897 3109 952 3163; x_wconf 91' lang='lat' dir='ltr'><strong>in</strong></span> <span class='ocrx_word' id='word_1_232' title='bbox 980 3107 1254 3164; x_wconf 88' lang='lat' dir='ltr'><strong>doctrina.</strong></span> <span class='ocrx_word' id='word_1_233' title='bbox 1288 3133 1307 3155; x_wconf 79' lang='grc' dir='ltr'><strong>ι</strong></span> <span class='ocrx_word' id='word_1_234' title='bbox 1347 3106 1616 3162; x_wconf 90' lang='lat' dir='ltr'><strong>Similiter</strong></span> <span class='ocrx_word' id='word_1_235' title='bbox 1643 3105 1778 3162; x_wconf 91' lang='lat' dir='ltr'><strong>dicit</strong></span> <span class='ocrx_word' id='word_1_236' title='bbox 1804 3105 1892 3161; x_wconf 87' lang='lat' dir='ltr'><strong>ad-</strong></span> <span class='ocrx_word' id='word_1_237' title='bbox 1925 3147 1968 3206; x_wconf 64' lang='grc' dir='ltr'>Ο</span> 
     </span>
    </p>
   </div>
   <div class='ocr_carea' id='block_1_35' title="bbox 281 3194 1895 3271">
    <p class='ocr_par' dir='ltr' id='par_1_35' title="bbox 281 3194 1895 3271">
     <span class='ocr_line' id='line_1_35' title="bbox 281 3194 1895 3271; baseline -0.002 -18"><span class='ocrx_word' id='word_1_238' title='bbox 281 3197 480 3271; x_wconf 89' lang='lat' dir='ltr'><strong>juvari</strong></span> <span class='ocrx_word' id='word_1_239' title='bbox 518 3197 799 3253; x_wconf 89' lang='lat' dir='ltr'><strong>doctorem</strong></span> <span class='ocrx_word' id='word_1_240' title='bbox 827 3197 886 3252; x_wconf 88' lang='lat' dir='ltr'><strong>in</strong></span> <span class='ocrx_word' id='word_1_241' title='bbox 923 3197 1207 3263; x_wconf 86' lang='lat' dir='ltr'><strong>doctrina;</strong></span> <span class='ocrx_word' id='word_1_242' title='bbox 1255 3205 1319 3252; x_wconf 91' lang='lat' dir='ltr'><strong>ut</strong></span> <span class='ocrx_word' id='word_1_243' title='bbox 1356 3195 1413 3251; x_wconf 92' lang='lat' dir='ltr'><strong>in</strong></span> <span class='ocrx_word' id='word_1_244' title='bbox 1452 3203 1716 3268; x_wconf 89' lang='lat' dir='ltr'><strong>quantum</strong></span> <span class='ocrx_word' id='word_1_245' title='bbox 1762 3194 1895 3251; x_wconf 89' lang='lat' dir='ltr'><strong>ﬁdes</strong></span> 
     </span>
    </p>
   </div>
   <div class='ocr_carea' id='block_1_36' title="bbox 287 3285 1894 3359">
    <p class='ocr_par' dir='ltr' id='par_1_36' title="bbox 287 3285 1894 3359">
     <span class='ocr_line' id='line_1_36' title="bbox 287 3285 1894 3359; baseline -0.001 -16"><span class='ocrx_word' id='word_1_246' title='bbox 287 3287 418 3359; x_wconf 89' lang='lat' dir='ltr'><strong>ejus</strong></span> <span class='ocrx_word' id='word_1_247' title='bbox 447 3295 533 3343; x_wconf 91' lang='lat' dir='ltr'><strong>est</strong></span> <span class='ocrx_word' id='word_1_248' title='bbox 558 3286 625 3343; x_wconf 90' lang='lat' dir='ltr'><strong>ad</strong></span> <span class='ocrx_word' id='word_1_249' title='bbox 653 3286 984 3356; x_wconf 89' lang='lat' dir='ltr'><strong>docendum,</strong></span> <span class='ocrx_word' id='word_1_250' title='bbox 1025 3287 1082 3341; x_wconf 93' lang='lat' dir='ltr'><strong>in</strong></span> <span class='ocrx_word' id='word_1_251' title='bbox 1113 3294 1328 3344; x_wconf 88' lang='lat' dir='ltr'><strong>tantum</strong></span> <span class='ocrx_word' id='word_1_252' title='bbox 1363 3285 1662 3358; x_wconf 90' lang='lat' dir='ltr'><strong>inspiretur</strong></span> <span class='ocrx_word' id='word_1_253' title='bbox 1693 3285 1762 3342; x_wconf 90' lang='lat' dir='ltr'><strong>ad</strong></span> <span class='ocrx_word' id='word_1_254' title='bbox 1791 3293 1894 3341; x_wconf 88' lang='lat' dir='ltr'><strong>tra-</strong></span> 
     </span>
    </p>
   </div>
   <div class='ocr_carea' id='block_1_37' title="bbox 288 3376 1239 3450">
    <p class='ocr_par' dir='ltr' id='par_1_37' title="bbox 288 3376 1239 3450">
     <span class='ocr_line' id='line_1_37' title="bbox 288 3376 1239 3450; baseline -0.006 -13"><span class='ocrx_word' id='word_1_255' title='bbox 288 3377 536 3437; x_wconf 88' lang='lat' dir='ltr'><strong>dendam</strong></span> <span class='ocrx_word' id='word_1_256' title='bbox 565 3377 915 3450; x_wconf 90' lang='lat' dir='ltr'><strong>disciplinam</strong></span> <span class='ocrx_word' id='word_1_257' title='bbox 943 3376 1239 3433; x_wconf 63' lang='lat' dir='ltr'><strong>caelestem.</strong></span> 
     </span>
    </p>
   </div>
   <div class='ocr_carea' id='block_1_38' title="bbox 365 3471 1881 3547">
    <p class='ocr_par' dir='ltr' id='par_1_38' title="bbox 365 3471 1881 3547">
     <span class='ocr_line' id='line_1_38' title="bbox 365 3471 1881 3547; baseline -0.002 -16"><span class='ocrx_word' id='word_1_258' title='bbox 365 3473 555 3547; x_wconf 85' lang='lat' dir='ltr'><strong>(Vers.</strong></span> <span class='ocrx_word' id='word_1_259' title='bbox 589 3473 671 3544; x_wconf 92' lang='grc'><strong>8.)</strong></span> <span class='ocrx_word' id='word_1_260' title='bbox 708 3498 726 3521; x_wconf 78' lang='grc' dir='ltr'><strong>ι</strong></span> <span class='ocrx_word' id='word_1_261' title='bbox 757 3471 884 3529; x_wconf 90' lang='lat' dir='ltr'><strong>Sive</strong></span> <span class='ocrx_word' id='word_1_262' title='bbox 909 3473 1003 3546; x_wconf 89' lang='lat' dir='ltr'><strong>qui</strong></span> <span class='ocrx_word' id='word_1_263' title='bbox 1033 3473 1359 3530; x_wconf 85' lang='lat' dir='ltr'><strong>exhortatur</strong></span> <span class='ocrx_word' id='word_1_264' title='bbox 1387 3473 1444 3528; x_wconf 91' lang='lat' dir='ltr'><strong>in</strong></span> <span class='ocrx_word' id='word_1_265' title='bbox 1474 3472 1837 3529; x_wconf 82' lang='lat' dir='ltr'><strong>exhortando.</strong></span> <span class='ocrx_word' id='word_1_266' title='bbox 1864 3499 1881 3520; x_wconf 76' lang='grc' dir='ltr'><strong>ι</strong></span> 
     </span>
    </p>
   </div>
   <div class='ocr_carea' id='block_1_39' title="bbox 290 3561 1892 3636">
    <p class='ocr_par' dir='ltr' id='par_1_39' title="bbox 290 3561 1892 3636">
     <span class='ocr_line' id='line_1_39' title="bbox 290 3561 1892 3636; baseline -0.002 -14"><span class='ocrx_word' id='word_1_267' title='bbox 290 3563 362 3622; x_wconf 85' lang='lat' dir='ltr'><strong>Et</strong></span> <span class='ocrx_word' id='word_1_268' title='bbox 391 3561 550 3620; x_wconf 89' lang='lat' dir='ltr'><strong>hunc</strong></span> <span class='ocrx_word' id='word_1_269' title='bbox 587 3563 780 3619; x_wconf 90' lang='lat' dir='ltr'><strong>eodem</strong></span> <span class='ocrx_word' id='word_1_270' title='bbox 813 3563 977 3620; x_wconf 92' lang='lat' dir='ltr'><strong>modo</strong></span> <span class='ocrx_word' id='word_1_271' title='bbox 998 3563 1056 3618; x_wconf 92' lang='lat' dir='ltr'><strong>in</strong></span> <span class='ocrx_word' id='word_1_272' title='bbox 1085 3579 1150 3620; x_wconf 93' lang='lat' dir='ltr'><strong>eo</strong></span> <span class='ocrx_word' id='word_1_273' title='bbox 1180 3564 1320 3636; x_wconf 91' lang='lat' dir='ltr'><strong>ipso,</strong></span> <span class='ocrx_word' id='word_1_274' title='bbox 1345 3564 1402 3618; x_wconf 91' lang='lat' dir='ltr'><strong>in</strong></span> <span class='ocrx_word' id='word_1_275' title='bbox 1425 3579 1532 3636; x_wconf 95' lang='lat' dir='ltr'><strong>quo</strong></span> <span class='ocrx_word' id='word_1_276' title='bbox 1555 3561 1732 3617; x_wconf 89' lang='lat' dir='ltr'><strong>tendit</strong></span> <span class='ocrx_word' id='word_1_277' title='bbox 1753 3561 1892 3634; x_wconf 81' lang='lat'><strong>(85),</strong></span> 
     </span>
    </p>
   </div>
   <div class='ocr_carea' id='block_1_40' title="bbox 291 3649 1894 3726">
    <p class='ocr_par' dir='ltr' id='par_1_40' title="bbox 291 3649 1894 3726">
     <span class='ocr_line' id='line_1_40' title="bbox 291 3649 1894 3726; baseline -0.001 -18"><span class='ocrx_word' id='word_1_278' title='bbox 291 3652 511 3709; x_wconf 74' lang='lat' dir='ltr'><strong>auxilio</strong></span> <span class='ocrx_word' id='word_1_279' title='bbox 539 3651 778 3724; x_wconf 89' lang='lat' dir='ltr'><strong>Spiritus</strong></span> <span class='ocrx_word' id='word_1_280' title='bbox 808 3652 1122 3726; x_wconf 60' lang='lat' dir='ltr'><strong>praeparari,</strong></span> <span class='ocrx_word' id='word_1_281' title='bbox 1164 3659 1228 3708; x_wconf 89' lang='lat' dir='ltr'><strong>ut</strong></span> <span class='ocrx_word' id='word_1_282' title='bbox 1256 3651 1452 3708; x_wconf 90' lang='lat' dir='ltr'><strong>habeat</strong></span> <span class='ocrx_word' id='word_1_283' title='bbox 1481 3651 1728 3724; x_wconf 89' lang='lat' dir='ltr'><strong>gratiam,</strong></span> <span class='ocrx_word' id='word_1_284' title='bbox 1763 3649 1894 3707; x_wconf 90' lang='lat' dir='ltr'><strong>dum</strong></span> 
     </span>
    </p>
   </div>
   <div class='ocr_carea' id='block_1_41' title="bbox 291 3739 1897 3814">
    <p class='ocr_par' dir='ltr' id='par_1_41' title="bbox 291 3739 1897 3814">
     <span class='ocr_line' id='line_1_41' title="bbox 291 3739 1897 3814; baseline -0.002 -16"><span class='ocrx_word' id='word_1_285' title='bbox 291 3748 578 3814; x_wconf 85' lang='lat' dir='ltr'><strong>provocat.</strong></span> <span class='ocrx_word' id='word_1_286' title='bbox 610 3741 855 3798; x_wconf 87' lang='lat' dir='ltr'><strong>Lacessit</strong></span> <span class='ocrx_word' id='word_1_287' title='bbox 881 3742 1030 3798; x_wconf 88' lang='lat' dir='ltr'><strong>enim</strong></span> <span class='ocrx_word' id='word_1_288' title='bbox 1065 3741 1260 3797; x_wconf 86' lang='lat' dir='ltr'><strong>fratres</strong></span> <span class='ocrx_word' id='word_1_289' title='bbox 1301 3740 1370 3797; x_wconf 91' lang='lat' dir='ltr'><strong>ad</strong></span> <span class='ocrx_word' id='word_1_290' title='bbox 1407 3739 1638 3806; x_wconf 88' lang='lat' dir='ltr'><strong>bonum,</strong></span> <span class='ocrx_word' id='word_1_291' title='bbox 1677 3749 1770 3796; x_wconf 91' lang='lat' dir='ltr'><strong>aut</strong></span> <span class='ocrx_word' id='word_1_292' title='bbox 1801 3740 1897 3796; x_wconf 88' lang='lat' dir='ltr'><strong>in-</strong></span> 
     </span>
    </p>
   </div>
   <div class='ocr_carea' id='block_1_42' title="bbox 292 3829 862 3888">
    <p class='ocr_par' dir='ltr' id='par_1_42' title="bbox 292 3829 862 3888">
     <span class='ocr_line' id='line_1_42' title="bbox 292 3829 862 3888; baseline -0.002 0"><span class='ocrx_word' id='word_1_293' title='bbox 292 3829 550 3888; x_wconf 86' lang='lat' dir='ltr'><strong>credulos</strong></span> <span class='ocrx_word' id='word_1_294' title='bbox 580 3829 647 3886; x_wconf 89' lang='lat' dir='ltr'><strong>ad</strong></span> <span class='ocrx_word' id='word_1_295' title='bbox 675 3829 862 3887; x_wconf 90' lang='lat' dir='ltr'><strong>ﬁdem.</strong></span> 
     </span>
    </p>
   </div>
   <div class='ocr_carea' id='block_1_43' title="bbox 374 3926 1897 4001">
    <p class='ocr_par' dir='ltr' id='par_1_43' title="bbox 374 3926 1897 4001">
     <span class='ocr_line' id='line_1_43' title="bbox 374 3926 1897 4001; baseline 0.001 -18"><span class='ocrx_word' id='word_1_296' title='bbox 374 3954 390 3976; x_wconf 80' lang='grc' dir='ltr'><strong>ι</strong></span> <span class='ocrx_word' id='word_1_297' title='bbox 440 3927 552 3996; x_wconf 90' lang='lat' dir='ltr'><strong>Qui</strong></span> <span class='ocrx_word' id='word_1_298' title='bbox 583 3928 816 4001; x_wconf 88' lang='lat' dir='ltr'><strong>largitur</strong></span> <span class='ocrx_word' id='word_1_299' title='bbox 850 3928 908 3983; x_wconf 92' lang='lat' dir='ltr'><strong>in</strong></span> <span class='ocrx_word' id='word_1_300' title='bbox 939 3926 1312 4000; x_wconf 84' lang='lat' dir='ltr'><strong>simplicitate.</strong></span> <span class='ocrx_word' id='word_1_301' title='bbox 1361 3953 1380 3978; x_wconf 71' lang='grc' dir='ltr'><strong>ι</strong></span> <span class='ocrx_word' id='word_1_302' title='bbox 1438 3927 1580 3984; x_wconf 89' lang='lat' dir='ltr'><strong>Huic</strong></span> <span class='ocrx_word' id='word_1_303' title='bbox 1609 3926 1764 3996; x_wconf 90' lang='lat' dir='ltr'><strong>dicit,</strong></span> <span class='ocrx_word' id='word_1_304' title='bbox 1802 3929 1897 4001; x_wconf 90' lang='lat' dir='ltr'><strong>qui</strong></span> 
     </span>
    </p>
   </div>
   <div class='ocr_carea' id='block_1_44' title="bbox 296 4015 1898 4090">
    <p class='ocr_par' dir='ltr' id='par_1_44' title="bbox 296 4015 1898 4090">
     <span class='ocr_line' id='line_1_44' title="bbox 296 4015 1898 4090; baseline 0.001 -17"><span class='ocrx_word' id='word_1_305' title='bbox 296 4015 440 4075; x_wconf 88' lang='lat' dir='ltr'><strong>bono</strong></span> <span class='ocrx_word' id='word_1_306' title='bbox 474 4017 663 4073; x_wconf 92' lang='lat' dir='ltr'><strong>animo</strong></span> <span class='ocrx_word' id='word_1_307' title='bbox 693 4016 891 4073; x_wconf 92' lang='lat' dir='ltr'><strong>tribuit</strong></span> <span class='ocrx_word' id='word_1_308' title='bbox 911 4017 1120 4074; x_wconf 84' lang='lat' dir='ltr'><strong>auxilia</strong></span> <span class='ocrx_word' id='word_1_309' title='bbox 1149 4033 1363 4090; x_wconf 90' lang='lat' dir='ltr'><strong>semper</strong></span> <span class='ocrx_word' id='word_1_310' title='bbox 1391 4016 1758 4090; x_wconf 87' lang='lat' dir='ltr'><strong>suppeditare,</strong></span> <span class='ocrx_word' id='word_1_311' title='bbox 1776 4034 1898 4089; x_wconf 88' lang='lat' dir='ltr'><strong>pro-</strong></span> 
     </span>
    </p>
   </div>
   <div class='ocr_carea' id='block_1_45' title="bbox 296 4107 1896 4181">
    <p class='ocr_par' dir='ltr' id='par_1_45' title="bbox 296 4107 1896 4181">
     <span class='ocr_line' id='line_1_45' title="bbox 296 4107 1896 4181; baseline 0.001 -16"><span class='ocrx_word' id='word_1_312' title='bbox 296 4115 525 4165; x_wconf 86' lang='lat' dir='ltr'><strong>curante</strong></span> <span class='ocrx_word' id='word_1_313' title='bbox 554 4107 786 4181; x_wconf 90' lang='lat' dir='ltr'><strong>Spiritu,</strong></span> <span class='ocrx_word' id='word_1_314' title='bbox 817 4117 879 4166; x_wconf 92' lang='lat' dir='ltr'><strong>ut</strong></span> <span class='ocrx_word' id='word_1_315' title='bbox 909 4125 1021 4165; x_wconf 90' lang='lat' dir='ltr'><strong>non</strong></span> <span class='ocrx_word' id='word_1_316' title='bbox 1054 4107 1196 4165; x_wconf 90' lang='lat' dir='ltr'><strong>desit</strong></span> <span class='ocrx_word' id='word_1_317' title='bbox 1241 4109 1508 4165; x_wconf 90' lang='lat' dir='ltr'><strong>tribuenti</strong></span> <span class='ocrx_word' id='word_1_318' title='bbox 1550 4108 1896 4181; x_wconf 90' lang='lat' dir='ltr'><strong>simpliciter,</strong></span> 
     </span>
    </p>
   </div>
   <div class='ocr_carea' id='block_1_46' title="bbox 299 4195 1898 4272">
    <p class='ocr_par' dir='ltr' id='par_1_46' title="bbox 299 4195 1898 4272">
     <span class='ocr_line' id='line_1_46' title="bbox 299 4195 1898 4272; baseline 0.001 -20"><span class='ocrx_word' id='word_1_319' title='bbox 299 4195 518 4255; x_wconf 84' lang='lat' dir='ltr'><strong>dicente</strong></span> <span class='ocrx_word' id='word_1_320' title='bbox 549 4197 873 4255; x_wconf 81' lang='lat' dir='ltr'><strong>Salomone:</strong></span> <span class='ocrx_word' id='word_1_321' title='bbox 922 4222 940 4246; x_wconf 78' lang='grc' dir='ltr'><strong>ι</strong></span> <span class='ocrx_word' id='word_1_322' title='bbox 991 4197 1096 4266; x_wconf 88' lang='lat' dir='ltr'><strong>Qui</strong></span> <span class='ocrx_word' id='word_1_323' title='bbox 1140 4199 1340 4256; x_wconf 90' lang='lat' dir='ltr'><strong>tribuit</strong></span> <span class='ocrx_word' id='word_1_324' title='bbox 1389 4198 1737 4272; x_wconf 88' lang='lat' dir='ltr'><strong>pauperibus,</strong></span> <span class='ocrx_word' id='word_1_325' title='bbox 1788 4215 1898 4254; x_wconf 89' lang='lat' dir='ltr'><strong>non</strong></span> 
     </span>
    </p>
   </div>
   <div class='ocr_carea' id='block_1_47' title="bbox 298 4287 1898 4363">
    <p class='ocr_par' dir='ltr' id='par_1_47' title="bbox 298 4287 1898 4363">
     <span class='ocr_line' id='line_1_47' title="bbox 298 4287 1898 4363; baseline 0.001 -21"><span class='ocrx_word' id='word_1_326' title='bbox 298 4287 571 4362; x_wconf 80' lang='lat' dir='ltr'><strong>indigebit</strong></span> <span class='ocrx_word' id='word_1_327' title='bbox 601 4291 787 4363; x_wconf 80' lang='lat' dir='ltr'><strong>(Prov.</strong></span> <span class='ocrx_word' id='word_1_328' title='bbox 811 4306 1016 4356; x_wconf 82' lang='lat' dir='ltr'><strong>xxvm,</strong></span> <span class='ocrx_word' id='word_1_329' title='bbox 1042 4289 1158 4360; x_wconf 79' lang='lat'><strong>27).</strong></span> <span class='ocrx_word' id='word_1_330' title='bbox 1179 4314 1198 4338; x_wconf 75' lang='grc' dir='ltr'><strong>ι</strong></span> <span class='ocrx_word' id='word_1_331' title='bbox 1231 4290 1335 4346; x_wconf 87' lang='lat' dir='ltr'><strong>Hic</strong></span> <span class='ocrx_word' id='word_1_332' title='bbox 1363 4305 1490 4361; x_wconf 89' lang='lat' dir='ltr'><strong>ergo</strong></span> <span class='ocrx_word' id='word_1_333' title='bbox 1530 4289 1727 4346; x_wconf 87' lang='lat' dir='ltr'><strong>tribuit</strong></span> <span class='ocrx_word' id='word_1_334' title='bbox 1772 4289 1898 4344; x_wconf 86' lang='lat' dir='ltr'><strong>sim-</strong></span> 
     </span>
    </p>
   </div>
   <div class='ocr_carea' id='block_1_48' title="bbox 300 4377 1902 4452">
    <p class='ocr_par' dir='ltr' id='par_1_48' title="bbox 300 4377 1902 4452">
     <span class='ocr_line' id='line_1_48' title="bbox 300 4377 1902 4452; baseline 0 -20"><span class='ocrx_word' id='word_1_335' title='bbox 300 4377 542 4448; x_wconf 88' lang='lat' dir='ltr'><strong>pliciter,</strong></span> <span class='ocrx_word' id='word_1_336' title='bbox 573 4379 666 4452; x_wconf 92' lang='lat' dir='ltr'><strong>qui</strong></span> <span class='ocrx_word' id='word_1_337' title='bbox 701 4395 813 4435; x_wconf 92' lang='lat' dir='ltr'><strong>non</strong></span> <span class='ocrx_word' id='word_1_338' title='bbox 847 4379 904 4434; x_wconf 91' lang='lat' dir='ltr'><strong>in</strong></span> <span class='ocrx_word' id='word_1_339' title='bbox 933 4378 1285 4434; x_wconf 90' lang='lat' dir='ltr'><strong>simulatione</strong></span> <span class='ocrx_word' id='word_1_340' title='bbox 1316 4377 1420 4433; x_wconf 91' lang='lat' dir='ltr'><strong>hoc</strong></span> <span class='ocrx_word' id='word_1_341' title='bbox 1449 4379 1580 4449; x_wconf 86' lang='lat' dir='ltr'><strong>agit,</strong></span> <span class='ocrx_word' id='word_1_342' title='bbox 1612 4385 1671 4433; x_wconf 90' lang='lat' dir='ltr'><strong>ut</strong></span> <span class='ocrx_word' id='word_1_343' title='bbox 1702 4379 1820 4434; x_wconf 89' lang='lat' dir='ltr'><strong>laus</strong></span> <span class='ocrx_word' id='word_1_344' title='bbox 1849 4377 1902 4434; x_wconf 87' lang='lat' dir='ltr'><strong>ei</strong></span> 
     </span>
    </p>
   </div>
   <div class='ocr_carea' id='block_1_49' title="bbox 301 4465 1900 4540">
    <p class='ocr_par' dir='ltr' id='par_1_49' title="bbox 301 4465 1900 4540">
     <span class='ocr_line' id='line_1_49' title="bbox 301 4465 1900 4540; baseline -0.001 -17"><span class='ocrx_word' id='word_1_345' title='bbox 301 4465 368 4522; x_wconf 81' lang='lat' dir='ltr'><strong>ab</strong></span> <span class='ocrx_word' id='word_1_346' title='bbox 391 4467 715 4526; x_wconf 90' lang='lat' dir='ltr'><strong>hominibus</strong></span> <span class='ocrx_word' id='word_1_347' title='bbox 742 4470 924 4539; x_wconf 90' lang='lat' dir='ltr'><strong>detur,</strong></span> <span class='ocrx_word' id='word_1_348' title='bbox 956 4467 1052 4526; x_wconf 90' lang='lat' dir='ltr'><strong>sed</strong></span> <span class='ocrx_word' id='word_1_349' title='bbox 1081 4477 1142 4526; x_wconf 89' lang='lat' dir='ltr'><strong>ut</strong></span> <span class='ocrx_word' id='word_1_350' title='bbox 1167 4484 1199 4524; x_wconf 86' lang='lat' dir='ltr'><strong>a</strong></span> <span class='ocrx_word' id='word_1_351' title='bbox 1227 4469 1341 4524; x_wconf 94' lang='lat' dir='ltr'><strong>Deo</strong></span> <span class='ocrx_word' id='word_1_352' title='bbox 1371 4483 1470 4540; x_wconf 92' lang='lat' dir='ltr'><strong>pro</strong></span> <span class='ocrx_word' id='word_1_353' title='bbox 1496 4467 1601 4524; x_wconf 89' lang='lat' dir='ltr'><strong>hoc</strong></span> <span class='ocrx_word' id='word_1_354' title='bbox 1639 4467 1758 4540; x_wconf 93' lang='lat' dir='ltr'><strong>ipso</strong></span> <span class='ocrx_word' id='word_1_355' title='bbox 1791 4482 1900 4523; x_wconf 85' lang='lat' dir='ltr'><strong>me-</strong></span> 
     </span>
    </p>
   </div>
   <div class='ocr_carea' id='block_1_50' title="bbox 300 4546 1920 4632">
    <p class='ocr_par' dir='ltr' id='par_1_50' title="bbox 300 4546 1920 4632">
     <span class='ocr_line' id='line_1_50' title="bbox 300 4546 1920 4632; baseline 0.007 -20"><span class='ocrx_word' id='word_1_356' title='bbox 300 4557 473 4614; x_wconf 85' lang='lat' dir='ltr'><strong>ritum</strong></span> <span class='ocrx_word' id='word_1_357' title='bbox 503 4569 888 4632; x_wconf 87' lang='lat' dir='ltr'><strong>consequatur.</strong></span> <span class='ocrx_word' id='word_1_358' title='bbox 1909 4546 1920 4553; x_wconf 58' lang='grc'><strong>’</strong></span> 
     </span>
    </p>
   </div>
   <div class='ocr_carea' id='block_1_51' title="bbox 381 4647 1903 4724">
    <p class='ocr_par' dir='ltr' id='par_1_51' title="bbox 381 4647 1903 4724">
     <span class='ocr_line' id='line_1_51' title="bbox 381 4647 1903 4724; baseline -0.001 -18"><span class='ocrx_word' id='word_1_359' title='bbox 381 4673 400 4698; x_wconf 79' lang='grc' dir='ltr'><strong>ι</strong></span> <span class='ocrx_word' id='word_1_360' title='bbox 428 4647 542 4717; x_wconf 87' lang='lat' dir='ltr'><strong>Qui</strong></span> <span class='ocrx_word' id='word_1_361' title='bbox 568 4662 763 4724; x_wconf 76' lang='lat' dir='ltr'><strong>praeest</strong></span> <span class='ocrx_word' id='word_1_362' title='bbox 792 4652 848 4708; x_wconf 91' lang='lat' dir='ltr'><strong>in</strong></span> <span class='ocrx_word' id='word_1_363' title='bbox 881 4649 1275 4709; x_wconf 89' lang='lat' dir='ltr'><strong>sollicitudine.</strong></span> <span class='ocrx_word' id='word_1_364' title='bbox 1319 4674 1338 4700; x_wconf 78' lang='grc' dir='ltr'><strong>ι</strong></span> <span class='ocrx_word' id='word_1_365' title='bbox 1383 4649 1526 4706; x_wconf 82' lang='grc' dir='ltr'>Ειιω</span> <span class='ocrx_word' id='word_1_366' title='bbox 1575 4647 1669 4722; x_wconf 89' lang='lat' dir='ltr'><strong>qui</strong></span> <span class='ocrx_word' id='word_1_367' title='bbox 1717 4662 1903 4706; x_wconf 91' lang='lat' dir='ltr'><strong>curam</strong></span> 
     </span>
    </p>
   </div>
   <div class='ocr_carea' id='block_1_52' title="bbox 396 4863 1694 4934">
    <p class='ocr_par' dir='ltr' id='par_1_52' title="bbox 396 4863 1694 4934">
     <span class='ocr_line' id='line_1_52' title="bbox 396 4863 1694 4934; baseline -0.002 -12"><span class='ocrx_word' id='word_1_368' title='bbox 396 4863 494 4934; x_wconf 89' lang='grc'><strong>81)</strong></span> <span class='ocrx_word' id='word_1_369' title='bbox 529 4864 686 4921; x_wconf 89' lang='lat' dir='ltr'><strong>Rom.</strong></span> <span class='ocrx_word' id='word_1_370' title='bbox 719 4863 851 4921; x_wconf 87' lang='lat' dir='ltr'><strong>edit.</strong></span> <span class='ocrx_word' id='word_1_371' title='bbox 880 4864 1016 4934; x_wconf 90' lang='lat' dir='ltr'><strong>sola,</strong></span> <span class='ocrx_word' id='word_1_372' title='bbox 1047 4879 1110 4920; x_wconf 86' lang='lat' dir='ltr'><strong>ne</strong></span> <span class='ocrx_word' id='word_1_373' title='bbox 1137 4865 1274 4921; x_wconf 83' lang='lat' dir='ltr'><strong>alter</strong></span> <span class='ocrx_word' id='word_1_374' title='bbox 1311 4864 1558 4934; x_wconf 82' lang='lat' dir='ltr'><strong>alterius,</strong></span> <span class='ocrx_word' id='word_1_375' title='bbox 1589 4871 1694 4920; x_wconf 92' lang='lat' dir='ltr'><strong>etc.</strong></span> 
     </span>
    </p>
   </div>
   <div class='ocr_carea' id='block_1_53' title="bbox 397 4937 1904 5010">
    <p class='ocr_par' dir='ltr' id='par_1_53' title="bbox 397 4937 1904 5010">
     <span class='ocr_line' id='line_1_53' title="bbox 397 4937 1904 5010; baseline -0.001 -18"><span class='ocrx_word' id='word_1_376' title='bbox 397 4937 655 5010; x_wconf 14' lang='lat' dir='ltr'><strong>82)74Mss.</strong></span> <span class='ocrx_word' id='word_1_377' title='bbox 687 4937 897 5010; x_wconf 86' lang='lat' dir='ltr'><strong>aliquot</strong></span> <span class='ocrx_word' id='word_1_378' title='bbox 926 4939 1048 4993; x_wconf 90' lang='lat' dir='ltr'><strong>voci</strong></span> <span class='ocrx_word' id='word_1_379' title='bbox 1093 4939 1240 4993; x_wconf 84' lang='lat' dir='ltr'><strong>nobis</strong></span> <span class='ocrx_word' id='word_1_380' title='bbox 1289 4937 1520 5006; x_wconf 87' lang='lat' dir='ltr'><strong>addunt,</strong></span> <span class='ocrx_word' id='word_1_381' title='bbox 1569 4937 1904 5006; x_wconf 77' lang='lat' dir='ltr'><strong>differentes;</strong></span> 
     </span>
    </p>
   </div>
   <div class='ocr_carea' id='block_1_54' title="bbox 305 5007 748 5077">
    <p class='ocr_par' dir='ltr' id='par_1_54' title="bbox 305 5007 748 5077">
     <span class='ocr_line' id='line_1_54' title="bbox 305 5007 748 5077; baseline 0.005 -15"><span class='ocrx_word' id='word_1_382' title='bbox 305 5007 395 5062; x_wconf 82' lang='lat' dir='ltr'><strong>alii</strong></span> <span class='ocrx_word' id='word_1_383' title='bbox 425 5008 748 5077; x_wconf 69' lang='lat' dir='ltr'><strong>differentia.</strong></span> 
     </span>
    </p>
   </div>
   <div class='ocr_carea' id='block_1_55' title="bbox 375 5078 1906 5150">
    <p class='ocr_par' dir='ltr' id='par_1_55' title="bbox 375 5078 1906 5150">
     <span class='ocr_line' id='line_1_55' title="bbox 375 5078 1906 5150; baseline 0.001 -16"><span class='ocrx_word' id='word_1_384' title='bbox 375 5078 496 5149; x_wconf 88' lang='lat'><strong>(83)</strong></span> <span class='ocrx_word' id='word_1_385' title='bbox 535 5079 656 5150; x_wconf 82' lang='lat' dir='ltr'><strong>Vet.</strong></span> <span class='ocrx_word' id='word_1_386' title='bbox 705 5078 838 5135; x_wconf 89' lang='lat' dir='ltr'><strong>edit.</strong></span> <span class='ocrx_word' id='word_1_387' title='bbox 883 5095 946 5134; x_wconf 92' lang='lat' dir='ltr'><strong>ac</strong></span> <span class='ocrx_word' id='word_1_388' title='bbox 984 5080 1141 5150; x_wconf 89' lang='lat' dir='ltr'><strong>pauci</strong></span> <span class='ocrx_word' id='word_1_389' title='bbox 1187 5097 1340 5148; x_wconf 89' lang='lat' dir='ltr'><strong>mss.,</strong></span> <span class='ocrx_word' id='word_1_390' title='bbox 1395 5080 1482 5135; x_wconf 84' lang='lat' dir='ltr'><strong>sed</strong></span> <span class='ocrx_word' id='word_1_391' title='bbox 1527 5085 1787 5149; x_wconf 86' lang='lat' dir='ltr'><strong>congerat.</strong></span> <span class='ocrx_word' id='word_1_392' title='bbox 1835 5080 1906 5137; x_wconf 89' lang='lat' dir='ltr'><strong>Et</strong></span> 
     </span>
    </p>
   </div>
   <div class='ocr_carea' id='block_1_56' title="bbox 305 5149 1902 5222">
    <p class='ocr_par' dir='ltr' id='par_1_56' title="bbox 305 5149 1902 5222">
     <span class='ocr_line' id='line_1_56' title="bbox 305 5149 1902 5222; baseline 0.001 -17"><span class='ocrx_word' id='word_1_393' title='bbox 305 5149 553 5222; x_wconf 81' lang='lat' dir='ltr'><strong>sequenti</strong></span> <span class='ocrx_word' id='word_1_394' title='bbox 585 5159 740 5206; x_wconf 82' lang='lat' dir='ltr'><strong>textu</strong></span> <span class='ocrx_word' id='word_1_395' title='bbox 770 5149 1003 5205; x_wconf 62' lang='lat' dir='ltr'><strong>Amerbf</strong></span> <span class='ocrx_word' id='word_1_396' title='bbox 1026 5160 1079 5205; x_wconf 92' lang='lat' dir='ltr'><strong>et</strong></span> <span class='ocrx_word' id='word_1_397' title='bbox 1107 5152 1259 5206; x_wconf 84' lang='lat' dir='ltr'><strong>Eras.</strong></span> <span class='ocrx_word' id='word_1_398' title='bbox 1283 5169 1407 5208; x_wconf 90' lang='lat' dir='ltr'><strong>cum</strong></span> <span class='ocrx_word' id='word_1_399' title='bbox 1439 5151 1561 5207; x_wconf 90' lang='lat' dir='ltr'><strong>cod.</strong></span> <span class='ocrx_word' id='word_1_400' title='bbox 1600 5150 1902 5220; x_wconf 88' lang='lat' dir='ltr'><strong>nonnullis,</strong></span> 
     </span>
    </p>
   </div>
   <div class='ocr_carea' id='block_1_57' title="bbox 311 5222 1762 5292">
    <p class='ocr_par' dir='ltr' id='par_1_57' title="bbox 311 5222 1762 5292">
     <span class='ocr_line' id='line_1_57' title="bbox 311 5222 1762 5292; baseline 0.001 -16"><span class='ocrx_word' id='word_1_401' title='bbox 311 5224 594 5276; x_wconf 74' lang='lat' dir='ltr'><strong>secundum</strong></span> <span class='ocrx_word' id='word_1_402' title='bbox 624 5223 976 5292; x_wconf 83' lang='lat' dir='ltr'><strong>operationem</strong></span> <span class='ocrx_word' id='word_1_403' title='bbox 996 5222 1136 5292; x_wconf 82' lang='lat' dir='ltr'><strong>fidei.</strong></span> <span class='ocrx_word' id='word_1_404' title='bbox 1160 5225 1422 5279; x_wconf 70' lang='lat' dir='ltr'><strong>Neutrum</strong></span> <span class='ocrx_word' id='word_1_405' title='bbox 1454 5223 1762 5280; x_wconf 88' lang='lat' dir='ltr'><strong>commode.</strong></span> 
     </span>
    </p>
   </div>
   <div class='ocr_carea' id='block_1_58' title="bbox 377 5293 1636 5367">
    <p class='ocr_par' dir='ltr' id='par_1_58' title="bbox 377 5293 1636 5367">
     <span class='ocr_line' id='line_1_58' title="bbox 377 5293 1636 5367; baseline 0.002 -19"><span class='ocrx_word' id='word_1_406' title='bbox 377 5293 497 5367; x_wconf 73' lang='grc'>(84)</span> <span class='ocrx_word' id='word_1_407' title='bbox 525 5294 656 5367; x_wconf 71' lang='lat' dir='ltr'><strong>Mss.</strong></span> <span class='ocrx_word' id='word_1_408' title='bbox 690 5293 922 5367; x_wconf 84' lang='lat' dir='ltr'><strong>aliquot,</strong></span> <span class='ocrx_word' id='word_1_409' title='bbox 952 5295 1023 5367; x_wconf 76' lang='lat' dir='ltr'><strong>ad</strong></span> <span class='ocrx_word' id='word_1_410' title='bbox 1048 5293 1344 5362; x_wconf 75' lang='lat' dir='ltr'><strong>obsequium</strong></span> <span class='ocrx_word' id='word_1_411' title='bbox 1372 5295 1636 5367; x_wconf 70' lang='lat' dir='ltr'><strong>Ecclesiae.</strong></span> 
     </span>
    </p>
   </div>
   <div class='ocr_carea' id='block_1_59' title="bbox 317 5364 1906 5444">
    <p class='ocr_par' dir='ltr' id='par_1_59' title="bbox 317 5364 1906 5444">
     <span class='ocr_line' id='line_1_59' title="bbox 317 5364 1906 5444; baseline -0.002 -23"><span class='ocrx_word' id='word_1_412' title='bbox 317 5433 328 5444; x_wconf 29' lang='lat' dir='ltr'><strong>O</strong></span> <span class='ocrx_word' id='word_1_413' title='bbox 377 5366 500 5437; x_wconf 78' lang='grc'>(85)</span> <span class='ocrx_word' id='word_1_414' title='bbox 521 5364 965 5444; x_wconf 73' lang='lat' dir='ltr'><strong>Nonnullimss.,</strong></span> <span class='ocrx_word' id='word_1_415' title='bbox 984 5365 1041 5444; x_wconf 69' lang='lat' dir='ltr'><strong>in</strong></span> <span class='ocrx_word' id='word_1_416' title='bbox 1063 5381 1164 5444; x_wconf 73' lang='lat' dir='ltr'><strong>quo</strong></span> <span class='ocrx_word' id='word_1_417' title='bbox 1191 5367 1453 5444; x_wconf 55' lang='lat' dir='ltr'><strong>ostendit,</strong></span> <span class='ocrx_word' id='word_1_418' title='bbox 1473 5366 1578 5444; x_wconf 31' lang='lat' dir='ltr'><strong>alii.</strong></span> <span class='ocrx_word' id='word_1_419' title='bbox 1592 5382 1702 5420; x_wconf 92' lang='lat' dir='ltr'><strong>non</strong></span> <span class='ocrx_word' id='word_1_420' title='bbox 1723 5364 1906 5444; x_wconf 89' lang='lat' dir='ltr'><strong>pauci,</strong></span> 
     </span>
    </p>
   </div>
   <div class='ocr_carea' id='block_1_60' title="bbox 308 5437 1910 5560">
    <p class='ocr_par' dir='ltr' id='par_1_60' title="bbox 308 5437 1910 5560">
     <span class='ocr_line' id='line_1_60' title="bbox 308 5437 1910 5560; baseline 0 -71"><span class='ocrx_word' id='word_1_421' title='bbox 308 5437 490 5560; x_wconf 45' lang='lat' dir='ltr'><strong>antqua</strong></span> <span class='ocrx_word' id='word_1_422' title='bbox 519 5453 574 5492; x_wconf 85' lang='lat' dir='ltr'><strong>se</strong></span> <span class='ocrx_word' id='word_1_423' title='bbox 602 5438 807 5502; x_wconf 83' lang='lat' dir='ltr'><strong>tendit;</strong></span> <span class='ocrx_word' id='word_1_424' title='bbox 832 5437 1036 5505; x_wconf 59' lang='lat' dir='ltr'><strong>caeteri,</strong></span> <span class='ocrx_word' id='word_1_425' title='bbox 1068 5443 1121 5492; x_wconf 90' lang='lat' dir='ltr'><strong>et</strong></span> <span class='ocrx_word' id='word_1_426' title='bbox 1151 5451 1340 5492; x_wconf 88' lang='lat' dir='ltr'><strong>omnes</strong></span> <span class='ocrx_word' id='word_1_427' title='bbox 1370 5437 1525 5505; x_wconf 91' lang='lat' dir='ltr'><strong>edit.,</strong></span> <span class='ocrx_word' id='word_1_428' title='bbox 1557 5438 1614 5493; x_wconf 77' lang='lat' dir='ltr'><strong>in</strong></span> <span class='ocrx_word' id='word_1_429' title='bbox 1651 5453 1754 5508; x_wconf 85' lang='lat' dir='ltr'><strong>quo</strong></span> <span class='ocrx_word' id='word_1_430' title='bbox 1787 5443 1910 5490; x_wconf 89' lang='lat' dir='ltr'><strong>ten-</strong></span> 
     </span>
     <span class='ocr_line' id='line_1_61' title="bbox 346 5525 405 5560; baseline 0 0"><span class='ocrx_word' id='word_1_431' title='bbox 346 5525 364 5560; x_wconf 77' lang='grc' dir='ltr'><strong>ι</strong></span> <span class='ocrx_word' id='word_1_432' title='bbox 393 5551 405 5560; x_wconf 93' lang='grc'><strong>.</strong></span> 
     </span>
    </p>
   </div>
   <div class='ocr_carea' id='block_1_61' title="bbox 346 5508 405 5563">
    <p class='ocr_par' dir='ltr' id='par_1_61' title="bbox 346 5508 405 5563">
     <span class='ocr_line' id='line_1_62' title="bbox 346 5508 405 5563; baseline 0.051 -3"><span class='ocrx_word' id='word_1_433' title='bbox 346 5508 405 5563; x_wconf 72' lang='grc' dir='ltr'><strong>ει.</strong></span> 
     </span>
    </p>
   </div>
   <div class='ocr_carea' id='block_1_62' title="bbox 381 5578 1911 5708">
    <p class='ocr_par' dir='ltr' id='par_1_62' title="bbox 381 5578 1911 5708">
     <span class='ocr_line' id='line_1_63' title="bbox 381 5578 1911 5708; baseline -0.001 -71"><span class='ocrx_word' id='word_1_434' title='bbox 381 5579 500 5708; x_wconf 48' lang='grc' dir='ltr'>(ἐξ)</span> <span class='ocrx_word' id='word_1_435' title='bbox 531 5579 800 5662; x_wconf 75' lang='lat' dir='ltr'><strong>Nonnulli</strong></span> <span class='ocrx_word' id='word_1_436' title='bbox 832 5597 987 5662; x_wconf 80' lang='lat' dir='ltr'><strong>mss.,</strong></span> <span class='ocrx_word' id='word_1_437' title='bbox 1016 5580 1124 5662; x_wconf 39' lang='lat' dir='ltr'><strong>sub.</strong></span> <span class='ocrx_word' id='word_1_438' title='bbox 1156 5595 1263 5634; x_wconf 87' lang='lat' dir='ltr'><strong>uno</strong></span> <span class='ocrx_word' id='word_1_439' title='bbox 1300 5579 1437 5635; x_wconf 77' lang='lat' dir='ltr'><strong>enim</strong></span> <span class='ocrx_word' id='word_1_440' title='bbox 1471 5579 1721 5640; x_wconf 76' lang='lat' dir='ltr'><strong>vocabulo</strong></span> <span class='ocrx_word' id='word_1_441' title='bbox 1758 5578 1911 5636; x_wconf 76' lang='lat' dir='ltr'><strong>mul-</strong></span> 
     </span>
     <span class='ocr_line' id='line_1_64' title="bbox 381 5651 1412 5708; baseline 0 0"><span class='ocrx_word' id='word_1_442' title='bbox 381 5670 385 5697; x_wconf 73' lang='grc'><strong>›</strong></span> <span class='ocrx_word' id='word_1_443' title='bbox 501 5660 574 5708; x_wconf 76' lang='lat' dir='ltr'><strong>est</strong></span> <span class='ocrx_word' id='word_1_444' title='bbox 601 5654 964 5708; x_wconf 73' lang='lat' dir='ltr'><strong>mtetttaentta.</strong></span> <span class='ocrx_word' id='word_1_445' title='bbox 993 5652 1219 5708; x_wconf 79' lang='lat' dir='ltr'><strong>Minime</strong></span> <span class='ocrx_word' id='word_1_446' title='bbox 1249 5651 1412 5708; x_wconf 86' lang='lat' dir='ltr'><strong>male.</strong></span> 
     </span>
    </p>
   </div>
   <div class='ocr_carea' id='block_1_63' title="bbox 315 5650 1412 5726">
    <p class='ocr_par' dir='ltr' id='par_1_63' title="bbox 315 5650 1412 5726">
     <span class='ocr_line' id='line_1_65' title="bbox 315 5650 1412 5726; baseline 0.004 -22"><span class='ocrx_word' id='word_1_447' title='bbox 315 5650 484 5722; x_wconf 65' lang='grc' dir='ltr'>ιεριη</span> <span class='ocrx_word' id='word_1_448' title='bbox 501 5660 574 5708; x_wconf 79' lang='lat' dir='ltr'><strong>est</strong></span> <span class='ocrx_word' id='word_1_449' title='bbox 601 5653 964 5726; x_wconf 72' lang='lat' dir='ltr'><strong>intelligentia.</strong></span> <span class='ocrx_word' id='word_1_450' title='bbox 993 5651 1219 5711; x_wconf 84' lang='lat' dir='ltr'><strong>Minime</strong></span> <span class='ocrx_word' id='word_1_451' title='bbox 1249 5651 1412 5709; x_wconf 88' lang='lat' dir='ltr'><strong>male.</strong></span> 
     </span>
    </p>
   </div>
   <div class='ocr_carea' id='block_1_64' title="bbox 1990 502 3584 579">
    <p class='ocr_par' dir='ltr' id='par_1_64' title="bbox 1990 502 3584 579">
     <span class='ocr_line' id='line_1_66' title="bbox 1990 502 3584 579; baseline 0.004 -20"><span class='ocrx_word' id='word_1_452' title='bbox 1990 520 2116 576; x_wconf 91' lang='lat' dir='ltr'><strong>pere</strong></span> <span class='ocrx_word' id='word_1_453' title='bbox 2167 502 2509 574; x_wconf 80' lang='lat' dir='ltr'><strong>vigilantiam</strong></span> <span class='ocrx_word' id='word_1_454' title='bbox 2562 512 2617 559; x_wconf 91' lang='lat' dir='ltr'><strong>et</strong></span> <span class='ocrx_word' id='word_1_455' title='bbox 2668 505 3070 574; x_wconf 88' lang='lat' dir='ltr'><strong>auctoritatem,</strong></span> <span class='ocrx_word' id='word_1_456' title='bbox 3129 514 3190 562; x_wconf 92' lang='lat' dir='ltr'><strong>ut</strong></span> <span class='ocrx_word' id='word_1_457' title='bbox 3225 507 3474 579; x_wconf 88' lang='lat' dir='ltr'><strong>proﬁciat</strong></span> <span class='ocrx_word' id='word_1_458' title='bbox 3527 509 3584 565; x_wconf 92' lang='lat' dir='ltr'><strong>in</strong></span> 
     </span>
    </p>
   </div>
   <div class='ocr_carea' id='block_1_65' title="bbox 1991 593 3585 671">
    <p class='ocr_par' dir='ltr' id='par_1_65' title="bbox 1991 593 3585 671">
     <span class='ocr_line' id='line_1_67' title="bbox 1991 593 3585 671; baseline 0.004 -21"><span class='ocrx_word' id='word_1_459' title='bbox 1991 612 2100 668; x_wconf 92' lang='lat' dir='ltr'><strong>quo</strong></span> <span class='ocrx_word' id='word_1_460' title='bbox 2153 593 2426 650; x_wconf 86' lang='lat' dir='ltr'><strong>sollicitus</strong></span> <span class='ocrx_word' id='word_1_461' title='bbox 2455 602 2553 662; x_wconf 90' lang='lat' dir='ltr'><strong>est,</strong></span> <span class='ocrx_word' id='word_1_462' title='bbox 2591 594 2794 651; x_wconf 86' lang='lat' dir='ltr'><strong>habens</strong></span> <span class='ocrx_word' id='word_1_463' title='bbox 2829 595 2887 652; x_wconf 91' lang='lat' dir='ltr'><strong>in</strong></span> <span class='ocrx_word' id='word_1_464' title='bbox 2935 595 3045 652; x_wconf 92' lang='lat' dir='ltr'><strong>illis</strong></span> <span class='ocrx_word' id='word_1_465' title='bbox 3086 596 3351 667; x_wconf 86' lang='lat' dir='ltr'><strong>fructum,</strong></span> <span class='ocrx_word' id='word_1_466' title='bbox 3384 598 3585 671; x_wconf 90' lang='lat' dir='ltr'><strong>quibus</strong></span> 
     </span>
    </p>
   </div>
   <div class='ocr_carea' id='block_1_66' title="bbox 1992 692 2206 758">
    <p class='ocr_par' dir='ltr' id='par_1_66' title="bbox 1992 692 2206 758">
     <span class='ocr_line' id='line_1_68' title="bbox 1992 692 2206 758; baseline -0.005 -18"><span class='ocrx_word' id='word_1_467' title='bbox 1992 692 2206 758; x_wconf 72' lang='lat' dir='ltr'><strong>praeest.</strong></span> 
     </span>
    </p>
   </div>
   <div class='ocr_carea' id='block_1_67' title="bbox 2077 773 3588 851">
    <p class='ocr_par' dir='ltr' id='par_1_67' title="bbox 2077 773 3588 851">
     <span class='ocr_line' id='line_1_69' title="bbox 2077 773 3588 851; baseline 0.005 -24"><span class='ocrx_word' id='word_1_468' title='bbox 2077 797 2096 821; x_wconf 75' lang='grc' dir='ltr'><strong>ι</strong></span> <span class='ocrx_word' id='word_1_469' title='bbox 2127 774 2229 840; x_wconf 88' lang='lat' dir='ltr'><strong>Qui</strong></span> <span class='ocrx_word' id='word_1_470' title='bbox 2266 773 2556 829; x_wconf 91' lang='lat' dir='ltr'><strong>miseretur</strong></span> <span class='ocrx_word' id='word_1_471' title='bbox 2586 773 2641 830; x_wconf 92' lang='lat' dir='ltr'><strong>in</strong></span> <span class='ocrx_word' id='word_1_472' title='bbox 2671 773 2964 833; x_wconf 87' lang='lat' dir='ltr'><strong>hilaritate.</strong></span> <span class='ocrx_word' id='word_1_473' title='bbox 2999 804 3016 825; x_wconf 80' lang='grc' dir='ltr'><strong>ι</strong></span> <span class='ocrx_word' id='word_1_474' title='bbox 3059 777 3217 834; x_wconf 85' lang='lat' dir='ltr'><strong>Hunc</strong></span> <span class='ocrx_word' id='word_1_475' title='bbox 3249 795 3464 851; x_wconf 88' lang='lat' dir='ltr'><strong>quoque</strong></span> <span class='ocrx_word' id='word_1_476' title='bbox 3491 795 3588 834; x_wconf 91' lang='lat' dir='ltr'><strong>se-</strong></span> 
     </span>
    </p>
   </div>
   <div class='ocr_carea' id='block_1_68' title="bbox 1994 863 3588 938">
    <p class='ocr_par' dir='ltr' id='par_1_68' title="bbox 1994 863 3588 938">
     <span class='ocr_line' id='line_1_70' title="bbox 1994 863 3588 938; baseline 0.004 -20"><span class='ocrx_word' id='word_1_477' title='bbox 1994 863 2235 918; x_wconf 92' lang='lat' dir='ltr'><strong>cundum</strong></span> <span class='ocrx_word' id='word_1_478' title='bbox 2269 881 2487 919; x_wconf 89' lang='lat' dir='ltr'><strong>sensum</strong></span> <span class='ocrx_word' id='word_1_479' title='bbox 2521 882 2704 932; x_wconf 82' lang='lat' dir='ltr'><strong>suum,</strong></span> <span class='ocrx_word' id='word_1_480' title='bbox 2742 866 2836 938; x_wconf 91' lang='lat' dir='ltr'><strong>qui</strong></span> <span class='ocrx_word' id='word_1_481' title='bbox 2884 867 3008 921; x_wconf 68' lang='lat' dir='ltr'><strong>laeto</strong></span> <span class='ocrx_word' id='word_1_482' title='bbox 3045 867 3228 922; x_wconf 90' lang='lat' dir='ltr'><strong>animo</strong></span> <span class='ocrx_word' id='word_1_483' title='bbox 3268 868 3588 924; x_wconf 89' lang='lat' dir='ltr'><strong>misericor-</strong></span> 
     </span>
    </p>
   </div>
   <div class='ocr_carea' id='block_1_69' title="bbox 1995 951 3586 1026">
    <p class='ocr_par' dir='ltr' id='par_1_69' title="bbox 1995 951 3586 1026">
     <span class='ocr_line' id='line_1_71' title="bbox 1995 951 3586 1026; baseline 0.003 -19"><span class='ocrx_word' id='word_1_484' title='bbox 1995 951 2141 1008; x_wconf 88' lang='lat' dir='ltr'><strong>diam</strong></span> <span class='ocrx_word' id='word_1_485' title='bbox 2175 952 2324 1019; x_wconf 85' lang='lat' dir='ltr'><strong>facit,</strong></span> <span class='ocrx_word' id='word_1_486' title='bbox 2367 969 2478 1007; x_wconf 90' lang='lat' dir='ltr'><strong>non</strong></span> <span class='ocrx_word' id='word_1_487' title='bbox 2510 954 2664 1024; x_wconf 89' lang='lat' dir='ltr'><strong>quasi</strong></span> <span class='ocrx_word' id='word_1_488' title='bbox 2692 955 2900 1010; x_wconf 90' lang='lat' dir='ltr'><strong>nolenti</strong></span> <span class='ocrx_word' id='word_1_489' title='bbox 2933 962 3336 1026; x_wconf 81' lang='lat' dir='ltr'><strong>extorqueatur,</strong></span> <span class='ocrx_word' id='word_1_490' title='bbox 3368 956 3586 1012; x_wconf 88' lang='lat' dir='ltr'><strong>fundari</strong></span> 
     </span>
    </p>
   </div>
   <div class='ocr_carea' id='block_1_70' title="bbox 1995 1041 3586 1108">
    <p class='ocr_par' dir='ltr' id='par_1_70' title="bbox 1995 1041 3586 1108">
     <span class='ocr_line' id='line_1_72' title="bbox 1995 1041 3586 1108; baseline 0.003 -12"><span class='ocrx_word' id='word_1_491' title='bbox 1995 1050 2048 1096; x_wconf 90' lang='lat' dir='ltr'><strong>et</strong></span> <span class='ocrx_word' id='word_1_492' title='bbox 2077 1041 2320 1096; x_wconf 89' lang='lat' dir='ltr'><strong>roborari</strong></span> <span class='ocrx_word' id='word_1_493' title='bbox 2351 1058 2381 1096; x_wconf 89' lang='lat' dir='ltr'><strong>a</strong></span> <span class='ocrx_word' id='word_1_494' title='bbox 2410 1043 2543 1108; x_wconf 91' lang='lat' dir='ltr'><strong>Deo,</strong></span> <span class='ocrx_word' id='word_1_495' title='bbox 2576 1049 2637 1096; x_wconf 92' lang='lat' dir='ltr'><strong>ut</strong></span> <span class='ocrx_word' id='word_1_496' title='bbox 2666 1042 2723 1097; x_wconf 92' lang='lat' dir='ltr'><strong>in</strong></span> <span class='ocrx_word' id='word_1_497' title='bbox 2755 1042 2857 1097; x_wconf 92' lang='lat' dir='ltr'><strong>hac</strong></span> <span class='ocrx_word' id='word_1_498' title='bbox 2889 1060 2944 1097; x_wconf 90' lang='lat' dir='ltr'><strong>re</strong></span> <span class='ocrx_word' id='word_1_499' title='bbox 2974 1044 3181 1098; x_wconf 91' lang='lat' dir='ltr'><strong>nullam</strong></span> <span class='ocrx_word' id='word_1_500' title='bbox 3216 1045 3586 1101; x_wconf 89' lang='lat' dir='ltr'><strong>inﬁrmitatem</strong></span> 
     </span>
    </p>
   </div>
   <div class='ocr_carea' id='block_1_71' title="bbox 1993 1129 3591 1201">
    <p class='ocr_par' dir='ltr' id='par_1_71' title="bbox 1993 1129 3591 1201">
     <span class='ocr_line' id='line_1_73' title="bbox 1993 1129 3591 1201; baseline 0.005 -18"><span class='ocrx_word' id='word_1_501' title='bbox 1993 1130 2252 1201; x_wconf 84' lang='lat' dir='ltr'><strong>patiatur,</strong></span> <span class='ocrx_word' id='word_1_502' title='bbox 2284 1130 2463 1186; x_wconf 88' lang='lat' dir='ltr'><strong>sciens</strong></span> <span class='ocrx_word' id='word_1_503' title='bbox 2500 1129 2709 1186; x_wconf 89' lang='lat' dir='ltr'><strong>dictum</strong></span> <span class='ocrx_word' id='word_1_504' title='bbox 2737 1147 2767 1185; x_wconf 90' lang='lat' dir='ltr'><strong>a</strong></span> <span class='ocrx_word' id='word_1_505' title='bbox 2797 1131 3125 1188; x_wconf 91' lang='lat' dir='ltr'><strong>Salomone:</strong></span> <span class='ocrx_word' id='word_1_506' title='bbox 3178 1158 3196 1179; x_wconf 81' lang='grc' dir='ltr'><strong>ι</strong></span> <span class='ocrx_word' id='word_1_507' title='bbox 3242 1133 3381 1188; x_wconf 90' lang='lat' dir='ltr'><strong>Dum</strong></span> <span class='ocrx_word' id='word_1_508' title='bbox 3427 1134 3591 1191; x_wconf 87' lang='lat' dir='ltr'><strong>habes</strong></span> 
     </span>
    </p>
   </div>
   <div class='ocr_carea' id='block_1_72' title="bbox 1993 1219 3593 1291">
    <p class='ocr_par' dir='ltr' id='par_1_72' title="bbox 1993 1219 3593 1291">
     <span class='ocr_line' id='line_1_74' title="bbox 1993 1219 3593 1291; baseline 0.002 -15"><span class='ocrx_word' id='word_1_509' title='bbox 1993 1221 2357 1288; x_wconf 89' lang='lat' dir='ltr'><strong>occasionem,</strong></span> <span class='ocrx_word' id='word_1_510' title='bbox 2389 1219 2614 1276; x_wconf 86' lang='lat' dir='ltr'><strong>benefac</strong></span> <span class='ocrx_word' id='word_1_511' title='bbox 2651 1223 2838 1291; x_wconf 85' lang='lat' dir='ltr'><strong>(Prov.</strong></span> <span class='ocrx_word' id='word_1_512' title='bbox 2865 1239 2948 1286; x_wconf 80' lang='grc' dir='ltr'>ιιι,</span> <span class='ocrx_word' id='word_1_513' title='bbox 2972 1222 3233 1291; x_wconf 72' lang='grc' dir='ltr'>27).»88ά</span> <span class='ocrx_word' id='word_1_514' title='bbox 3266 1223 3370 1280; x_wconf 89' lang='lat' dir='ltr'><strong>hoc</strong></span> <span class='ocrx_word' id='word_1_515' title='bbox 3392 1224 3593 1280; x_wconf 84' lang='lat' dir='ltr'><strong>multi-</strong></span> 
     </span>
    </p>
   </div>
   <div class='ocr_carea' id='block_1_73' title="bbox 1995 1310 3592 1382">
    <p class='ocr_par' dir='ltr' id='par_1_73' title="bbox 1995 1310 3592 1382">
     <span class='ocr_line' id='line_1_75' title="bbox 1995 1310 3592 1382; baseline 0.003 -18"><span class='ocrx_word' id='word_1_516' title='bbox 1995 1310 2130 1365; x_wconf 90' lang='lat' dir='ltr'><strong>farie</strong></span> <span class='ocrx_word' id='word_1_517' title='bbox 2153 1310 2570 1381; x_wconf 88' lang='lat' dir='ltr'><strong>intelligendum</strong></span> <span class='ocrx_word' id='word_1_518' title='bbox 2596 1318 2678 1367; x_wconf 90' lang='lat' dir='ltr'><strong>est</strong></span> <span class='ocrx_word' id='word_1_519' title='bbox 2709 1330 2722 1377; x_wconf 89' lang='lat'><strong>;</strong></span> <span class='ocrx_word' id='word_1_520' title='bbox 2758 1310 3048 1382; x_wconf 73' lang='lat' dir='ltr'><strong>multipiex</strong></span> <span class='ocrx_word' id='word_1_521' title='bbox 3074 1320 3154 1366; x_wconf 93' lang='lat' dir='ltr'><strong>est</strong></span> <span class='ocrx_word' id='word_1_522' title='bbox 3183 1311 3331 1366; x_wconf 90' lang='lat' dir='ltr'><strong>enim</strong></span> <span class='ocrx_word' id='word_1_523' title='bbox 3365 1313 3592 1368; x_wconf 89' lang='lat' dir='ltr'><strong>miseri-</strong></span> 
     </span>
    </p>
   </div>
   <div class='ocr_carea' id='block_1_74' title="bbox 1996 1399 3588 1473">
    <p class='ocr_par' dir='ltr' id='par_1_74' title="bbox 1996 1399 3588 1473">
     <span class='ocr_line' id='line_1_76' title="bbox 1996 1399 3588 1473; baseline 0 -16"><span class='ocrx_word' id='word_1_524' title='bbox 1996 1399 2183 1457; x_wconf 85' lang='lat' dir='ltr'><strong>cordia</strong></span> <span class='ocrx_word' id='word_1_525' title='bbox 2215 1400 2331 1471; x_wconf 86' lang='lat'><strong>(86)</strong></span> <span class='ocrx_word' id='word_1_526' title='bbox 2364 1400 2466 1456; x_wconf 89' lang='lat' dir='ltr'><strong>sub</strong></span> <span class='ocrx_word' id='word_1_527' title='bbox 2497 1417 2607 1456; x_wconf 91' lang='lat' dir='ltr'><strong>uno</strong></span> <span class='ocrx_word' id='word_1_528' title='bbox 2637 1400 2924 1456; x_wconf 90' lang='lat' dir='ltr'><strong>vocabulo.</strong></span> <span class='ocrx_word' id='word_1_529' title='bbox 2967 1401 3103 1456; x_wconf 86' lang='lat' dir='ltr'><strong>Nam</strong></span> <span class='ocrx_word' id='word_1_530' title='bbox 3134 1401 3176 1455; x_wconf 91' lang='lat' dir='ltr'><strong>si</strong></span> <span class='ocrx_word' id='word_1_531' title='bbox 3217 1417 3378 1473; x_wconf 90' lang='lat' dir='ltr'><strong>supra</strong></span> <span class='ocrx_word' id='word_1_532' title='bbox 3407 1401 3588 1458; x_wconf 80' lang='lat' dir='ltr'><strong>dixit:</strong></span> 
     </span>
    </p>
   </div>
   <div class='ocr_carea' id='block_1_75' title="bbox 2011 1486 3592 1561">
    <p class='ocr_par' dir='ltr' id='par_1_75' title="bbox 2011 1486 3592 1561">
     <span class='ocr_line' id='line_1_77' title="bbox 2011 1486 3592 1561; baseline 0.003 -20"><span class='ocrx_word' id='word_1_533' title='bbox 2011 1509 2029 1534; x_wconf 79' lang='grc' dir='ltr'><strong>ι</strong></span> <span class='ocrx_word' id='word_1_534' title='bbox 2061 1486 2165 1554; x_wconf 91' lang='lat' dir='ltr'><strong>Qui</strong></span> <span class='ocrx_word' id='word_1_535' title='bbox 2196 1488 2426 1559; x_wconf 90' lang='lat' dir='ltr'><strong>largitur</strong></span> <span class='ocrx_word' id='word_1_536' title='bbox 2455 1489 2512 1543; x_wconf 92' lang='lat' dir='ltr'><strong>in</strong></span> <span class='ocrx_word' id='word_1_537' title='bbox 2542 1489 2932 1560; x_wconf 86' lang='lat' dir='ltr'><strong>simplicitate;</strong></span> <span class='ocrx_word' id='word_1_538' title='bbox 2963 1514 2979 1535; x_wconf 77' lang='grc' dir='ltr'><strong>ι</strong></span> <span class='ocrx_word' id='word_1_539' title='bbox 3024 1489 3156 1561; x_wconf 89' lang='lat' dir='ltr'><strong>quid</strong></span> <span class='ocrx_word' id='word_1_540' title='bbox 3186 1497 3300 1544; x_wconf 89' lang='lat' dir='ltr'><strong>erat</strong></span> <span class='ocrx_word' id='word_1_541' title='bbox 3330 1507 3467 1561; x_wconf 90' lang='lat' dir='ltr'><strong>opus</strong></span> <span class='ocrx_word' id='word_1_542' title='bbox 3495 1490 3592 1546; x_wconf 83' lang='lat' dir='ltr'><strong>ite-</strong></span> 
     </span>
    </p>
   </div>
   <div class='ocr_carea' id='block_1_76' title="bbox 1998 1575 3594 1649">
    <p class='ocr_par' dir='ltr' id='par_1_76' title="bbox 1998 1575 3594 1649">
     <span class='ocr_line' id='line_1_78' title="bbox 1998 1575 3594 1649; baseline 0.001 -17"><span class='ocrx_word' id='word_1_543' title='bbox 1998 1591 2140 1641; x_wconf 87' lang='lat' dir='ltr'><strong>rare,</strong></span> <span class='ocrx_word' id='word_1_544' title='bbox 2164 1575 2272 1631; x_wconf 92' lang='lat' dir='ltr'><strong>nisi</strong></span> <span class='ocrx_word' id='word_1_545' title='bbox 2305 1578 2437 1649; x_wconf 89' lang='lat' dir='ltr'><strong>quia</strong></span> <span class='ocrx_word' id='word_1_546' title='bbox 2469 1577 2571 1633; x_wconf 92' lang='lat' dir='ltr'><strong>sub</strong></span> <span class='ocrx_word' id='word_1_547' title='bbox 2601 1595 2712 1634; x_wconf 93' lang='lat' dir='ltr'><strong>uno</strong></span> <span class='ocrx_word' id='word_1_548' title='bbox 2745 1577 3137 1634; x_wconf 83' lang='lat' dir='ltr'><strong>misericordiae</strong></span> <span class='ocrx_word' id='word_1_549' title='bbox 3169 1579 3390 1634; x_wconf 89' lang='lat' dir='ltr'><strong>nomine</strong></span> <span class='ocrx_word' id='word_1_550' title='bbox 3423 1579 3594 1634; x_wconf 90' lang='lat' dir='ltr'><strong>multa</strong></span> 
     </span>
    </p>
   </div>
   <div class='ocr_carea' id='block_1_77' title="bbox 1997 1664 3595 1740">
    <p class='ocr_par' dir='ltr' id='par_1_77' title="bbox 1997 1664 3595 1740">
     <span class='ocr_line' id='line_1_79' title="bbox 1997 1664 3595 1740; baseline 0.002 -20"><span class='ocrx_word' id='word_1_551' title='bbox 1997 1664 2141 1721; x_wconf 89' lang='lat' dir='ltr'><strong>bona</strong></span> <span class='ocrx_word' id='word_1_552' title='bbox 2167 1683 2330 1739; x_wconf 88' lang='lat' dir='ltr'><strong>opera</strong></span> <span class='ocrx_word' id='word_1_553' title='bbox 2358 1667 2734 1740; x_wconf 80' lang='lat' dir='ltr'><strong>signiﬁcavit?</strong></span> <span class='ocrx_word' id='word_1_554' title='bbox 2773 1667 3132 1724; x_wconf 78' lang='lat' dir='ltr'><strong>Peccantibus</strong></span> <span class='ocrx_word' id='word_1_555' title='bbox 3178 1667 3379 1722; x_wconf 90' lang='lat' dir='ltr'><strong>etenim</strong></span> <span class='ocrx_word' id='word_1_556' title='bbox 3431 1669 3595 1740; x_wconf 86' lang='lat' dir='ltr'><strong>igno—</strong></span> 
     </span>
    </p>
   </div>
   <div class='ocr_carea' id='block_1_78' title="bbox 1921 1758 3597 1844">
    <p class='ocr_par' dir='ltr' id='par_1_78' title="bbox 1921 1758 3597 1844">
     <span class='ocr_line' id='line_1_80' title="bbox 1921 1758 3597 1844; baseline -0.001 -30"><span class='ocrx_word' id='word_1_557' title='bbox 1921 1784 1966 1844; x_wconf 77' lang='grc' dir='ltr'>Β</span> <span class='ocrx_word' id='word_1_558' title='bbox 2000 1773 2150 1814; x_wconf 85' lang='lat' dir='ltr'><strong>scere</strong></span> <span class='ocrx_word' id='word_1_559' title='bbox 2180 1759 2558 1815; x_wconf 87' lang='lat' dir='ltr'><strong>misericordia</strong></span> <span class='ocrx_word' id='word_1_560' title='bbox 2586 1767 2665 1815; x_wconf 90' lang='lat' dir='ltr'><strong>est</strong></span> <span class='ocrx_word' id='word_1_561' title='bbox 2691 1777 2702 1815; x_wconf 87' lang='lat'>:</span> <span class='ocrx_word' id='word_1_562' title='bbox 2749 1765 2803 1815; x_wconf 91' lang='lat' dir='ltr'><strong>et</strong></span> <span class='ocrx_word' id='word_1_563' title='bbox 2841 1758 2896 1813; x_wconf 91' lang='lat' dir='ltr'><strong>in</strong></span> <span class='ocrx_word' id='word_1_564' title='bbox 2928 1758 3248 1814; x_wconf 87' lang='lat' dir='ltr'><strong>necessitate</strong></span> <span class='ocrx_word' id='word_1_565' title='bbox 3277 1759 3463 1830; x_wconf 87' lang='lat' dir='ltr'><strong>aliqua</strong></span> <span class='ocrx_word' id='word_1_566' title='bbox 3492 1775 3597 1830; x_wconf 85' lang='lat' dir='ltr'><strong>po-</strong></span> 
     </span>
    </p>
   </div>
   <div class='ocr_carea' id='block_1_79' title="bbox 2000 1846 3598 1922">
    <p class='ocr_par' dir='ltr' id='par_1_79' title="bbox 2000 1846 3598 1922">
     <span class='ocr_line' id='line_1_81' title="bbox 2000 1846 3598 1922; baseline -0.002 -18"><span class='ocrx_word' id='word_1_567' title='bbox 2000 1849 2106 1905; x_wconf 92' lang='lat' dir='ltr'><strong>sito</strong></span> <span class='ocrx_word' id='word_1_568' title='bbox 2135 1850 2222 1905; x_wconf 85' lang='lat' dir='ltr'><strong>vel</strong></span> <span class='ocrx_word' id='word_1_569' title='bbox 2276 1866 2534 1922; x_wconf 89' lang='lat' dir='ltr'><strong>oppresso</strong></span> <span class='ocrx_word' id='word_1_570' title='bbox 2573 1866 2731 1922; x_wconf 84' lang='lat' dir='ltr'><strong>Opem</strong></span> <span class='ocrx_word' id='word_1_571' title='bbox 2777 1849 2918 1905; x_wconf 87' lang='lat' dir='ltr'><strong>ferre</strong></span> <span class='ocrx_word' id='word_1_572' title='bbox 2967 1846 3345 1903; x_wconf 89' lang='lat' dir='ltr'><strong>misericordia</strong></span> <span class='ocrx_word' id='word_1_573' title='bbox 3393 1854 3505 1912; x_wconf 89' lang='lat' dir='ltr'><strong>est;</strong></span> <span class='ocrx_word' id='word_1_574' title='bbox 3544 1853 3598 1901; x_wconf 91' lang='lat' dir='ltr'><strong>et</strong></span> 
     </span>
    </p>
   </div>
   <div class='ocr_carea' id='block_1_80' title="bbox 2001 1937 3598 2010">
    <p class='ocr_par' dir='ltr' id='par_1_80' title="bbox 2001 1937 3598 2010">
     <span class='ocr_line' id='line_1_82' title="bbox 2001 1937 3598 2010; baseline -0.002 -17"><span class='ocrx_word' id='word_1_575' title='bbox 2001 1937 2208 1994; x_wconf 89' lang='lat' dir='ltr'><strong>nudum</strong></span> <span class='ocrx_word' id='word_1_576' title='bbox 2242 1939 2464 2007; x_wconf 89' lang='lat' dir='ltr'><strong>vestire,</strong></span> <span class='ocrx_word' id='word_1_577' title='bbox 2493 1947 2546 1996; x_wconf 92' lang='lat' dir='ltr'><strong>et</strong></span> <span class='ocrx_word' id='word_1_578' title='bbox 2575 1938 2837 1995; x_wconf 90' lang='lat' dir='ltr'><strong>esurienti</strong></span> <span class='ocrx_word' id='word_1_579' title='bbox 2871 1953 3063 2010; x_wconf 86' lang='lat' dir='ltr'><strong>panem</strong></span> <span class='ocrx_word' id='word_1_580' title='bbox 3087 1937 3354 2009; x_wconf 84' lang='lat' dir='ltr'><strong>frangere,</strong></span> <span class='ocrx_word' id='word_1_581' title='bbox 3385 1943 3438 1991; x_wconf 89' lang='lat' dir='ltr'><strong>et</strong></span> <span class='ocrx_word' id='word_1_582' title='bbox 3464 1951 3598 2007; x_wconf 88' lang='lat' dir='ltr'><strong>par-</strong></span> 
     </span>
    </p>
   </div>
   <div class='ocr_carea' id='block_1_81' title="bbox 2003 2026 3598 2101">
    <p class='ocr_par' dir='ltr' id='par_1_81' title="bbox 2003 2026 3598 2101">
     <span class='ocr_line' id='line_1_83' title="bbox 2003 2026 3598 2101; baseline -0.003 -17"><span class='ocrx_word' id='word_1_583' title='bbox 2003 2031 2194 2084; x_wconf 88' lang='lat' dir='ltr'><strong>vulum</strong></span> <span class='ocrx_word' id='word_1_584' title='bbox 2227 2030 2538 2101; x_wconf 83' lang='lat' dir='ltr'><strong>expositum</strong></span> <span class='ocrx_word' id='word_1_585' title='bbox 2579 2029 2858 2101; x_wconf 89' lang='lat' dir='ltr'><strong>colligere,</strong></span> <span class='ocrx_word' id='word_1_586' title='bbox 2899 2035 2954 2082; x_wconf 92' lang='lat' dir='ltr'><strong>et</strong></span> <span class='ocrx_word' id='word_1_587' title='bbox 2990 2027 3222 2084; x_wconf 84' lang='lat' dir='ltr'><strong>cadaver</strong></span> <span class='ocrx_word' id='word_1_588' title='bbox 3267 2026 3500 2098; x_wconf 90' lang='lat' dir='ltr'><strong>operire,</strong></span> <span class='ocrx_word' id='word_1_589' title='bbox 3544 2032 3598 2080; x_wconf 91' lang='lat' dir='ltr'><strong>et</strong></span> 
     </span>
    </p>
   </div>
   <div class='ocr_carea' id='block_1_82' title="bbox 2002 2115 3598 2191">
    <p class='ocr_par' dir='ltr' id='par_1_82' title="bbox 2002 2115 3598 2191">
     <span class='ocr_line' id='line_1_84' title="bbox 2002 2115 3598 2191; baseline -0.001 -19"><span class='ocrx_word' id='word_1_590' title='bbox 2002 2118 2110 2173; x_wconf 88' lang='lat' dir='ltr'><strong>alia</strong></span> <span class='ocrx_word' id='word_1_591' title='bbox 2163 2119 2376 2191; x_wconf 88' lang='lat' dir='ltr'><strong>operari</strong></span> <span class='ocrx_word' id='word_1_592' title='bbox 2437 2120 2554 2191; x_wconf 89' lang='lat'><strong>(87)</strong></span> <span class='ocrx_word' id='word_1_593' title='bbox 2614 2117 2991 2174; x_wconf 88' lang='lat' dir='ltr'><strong>misericordia</strong></span> <span class='ocrx_word' id='word_1_594' title='bbox 3045 2127 3145 2173; x_wconf 91' lang='lat' dir='ltr'><strong>est.</strong></span> <span class='ocrx_word' id='word_1_595' title='bbox 3206 2115 3333 2172; x_wconf 91' lang='lat' dir='ltr'><strong>Ideo</strong></span> <span class='ocrx_word' id='word_1_596' title='bbox 3383 2116 3428 2172; x_wconf 92' lang='lat' dir='ltr'><strong>si</strong></span> <span class='ocrx_word' id='word_1_597' title='bbox 3481 2115 3598 2171; x_wconf 63' lang='lat' dir='ltr'><strong>haec</strong></span> 
     </span>
    </p>
   </div>
   <div class='ocr_carea' id='block_1_83' title="bbox 2001 2211 3598 2290">
    <p class='ocr_par' dir='ltr' id='par_1_83' title="bbox 2001 2211 3598 2290">
     <span class='ocr_line' id='line_1_85' title="bbox 2001 2211 3598 2290; baseline -0.003 -17"><span class='ocrx_word' id='word_1_598' title='bbox 2001 2217 2256 2290; x_wconf 88' lang='lat' dir='ltr'><strong>impigre,</strong></span> <span class='ocrx_word' id='word_1_599' title='bbox 2294 2225 2347 2273; x_wconf 91' lang='lat' dir='ltr'><strong>et</strong></span> <span class='ocrx_word' id='word_1_600' title='bbox 2385 2217 2502 2273; x_wconf 90' lang='lat' dir='ltr'><strong>sine</strong></span> <span class='ocrx_word' id='word_1_601' title='bbox 2534 2217 2698 2273; x_wconf 70' lang='lat' dir='ltr'><strong>taedio</strong></span> <span class='ocrx_word' id='word_1_602' title='bbox 2729 2217 2896 2272; x_wconf 83' lang='lat' dir='ltr'><strong>fuerit</strong></span> <span class='ocrx_word' id='word_1_603' title='bbox 2930 2224 3205 2290; x_wconf 89' lang='lat' dir='ltr'><strong>operatus,</strong></span> <span class='ocrx_word' id='word_1_604' title='bbox 3252 2213 3473 2270; x_wconf 89' lang='lat' dir='ltr'><strong>habebit</strong></span> <span class='ocrx_word' id='word_1_605' title='bbox 3504 2211 3598 2269; x_wconf 86' lang='lat'><strong>98</strong></span> 
     </span>
    </p>
   </div>
   <div class='ocr_carea' id='block_1_84' title="bbox 2001 2304 3594 2381">
    <p class='ocr_par' dir='ltr' id='par_1_84' title="bbox 2001 2304 3594 2381">
     <span class='ocr_line' id='line_1_86' title="bbox 2001 2304 3594 2381; baseline -0.002 -17"><span class='ocrx_word' id='word_1_606' title='bbox 2001 2306 2170 2381; x_wconf 86' lang='lat' dir='ltr'><strong>hujus</strong></span> <span class='ocrx_word' id='word_1_607' title='bbox 2208 2308 2386 2380; x_wconf 88' lang='lat' dir='ltr'><strong>operis</strong></span> <span class='ocrx_word' id='word_1_608' title='bbox 2416 2317 2468 2364; x_wconf 90' lang='lat' dir='ltr'><strong>et</strong></span> <span class='ocrx_word' id='word_1_609' title='bbox 2495 2309 2552 2364; x_wconf 90' lang='lat' dir='ltr'><strong>in</strong></span> <span class='ocrx_word' id='word_1_610' title='bbox 2585 2309 2840 2381; x_wconf 63' lang='lat' dir='ltr'><strong>praesenti</strong></span> <span class='ocrx_word' id='word_1_611' title='bbox 2873 2315 2926 2362; x_wconf 90' lang='lat' dir='ltr'><strong>et</strong></span> <span class='ocrx_word' id='word_1_612' title='bbox 2955 2307 3009 2361; x_wconf 93' lang='lat' dir='ltr'><strong>in</strong></span> <span class='ocrx_word' id='word_1_613' title='bbox 3044 2305 3233 2361; x_wconf 88' lang='lat' dir='ltr'><strong>futuro</strong></span> <span class='ocrx_word' id='word_1_614' title='bbox 3270 2304 3594 2361; x_wconf 88' lang='lat' dir='ltr'><strong>mercedem.</strong></span> 
     </span>
    </p>
   </div>
   <div class='ocr_carea' id='block_1_85' title="bbox 2000 2396 3597 2470">
    <p class='ocr_par' dir='ltr' id='par_1_85' title="bbox 2000 2396 3597 2470">
     <span class='ocr_line' id='line_1_87' title="bbox 2000 2396 3597 2470; baseline -0.003 -17"><span class='ocrx_word' id='word_1_615' title='bbox 2000 2397 2194 2454; x_wconf 90' lang='lat' dir='ltr'><strong>Omnis</strong></span> <span class='ocrx_word' id='word_1_616' title='bbox 2251 2414 2378 2470; x_wconf 88' lang='lat' dir='ltr'><strong>ergo</strong></span> <span class='ocrx_word' id='word_1_617' title='bbox 2433 2397 2811 2454; x_wconf 90' lang='lat' dir='ltr'><strong>misericordia</strong></span> <span class='ocrx_word' id='word_1_618' title='bbox 2868 2405 2921 2452; x_wconf 93' lang='lat' dir='ltr'><strong>et</strong></span> <span class='ocrx_word' id='word_1_619' title='bbox 2967 2396 3316 2466; x_wconf 90' lang='lat' dir='ltr'><strong>simpliciter,</strong></span> <span class='ocrx_word' id='word_1_620' title='bbox 3373 2403 3426 2450; x_wconf 90' lang='lat' dir='ltr'><strong>et</strong></span> <span class='ocrx_word' id='word_1_621' title='bbox 3473 2411 3597 2452; x_wconf 89' lang='lat' dir='ltr'><strong>cum</strong></span> 
     </span>
    </p>
   </div>
   <div class='ocr_carea' id='block_1_86' title="bbox 2002 2485 3600 2560">
    <p class='ocr_par' dir='ltr' id='par_1_86' title="bbox 2002 2485 3600 2560">
     <span class='ocr_line' id='line_1_88' title="bbox 2002 2485 3600 2560; baseline -0.001 -18"><span class='ocrx_word' id='word_1_622' title='bbox 2002 2488 2199 2560; x_wconf 87' lang='lat' dir='ltr'><strong>gaudio</strong></span> <span class='ocrx_word' id='word_1_623' title='bbox 2257 2487 2372 2543; x_wconf 90' lang='lat' dir='ltr'><strong>ﬁeri</strong></span> <span class='ocrx_word' id='word_1_624' title='bbox 2427 2489 2626 2555; x_wconf 88' lang='lat' dir='ltr'><strong>debet;</strong></span> <span class='ocrx_word' id='word_1_625' title='bbox 2674 2496 2734 2543; x_wconf 89' lang='lat' dir='ltr'><strong>ut</strong></span> <span class='ocrx_word' id='word_1_626' title='bbox 2771 2487 3098 2560; x_wconf 86' lang='lat' dir='ltr'><strong>simplicitas</strong></span> <span class='ocrx_word' id='word_1_627' title='bbox 3124 2485 3381 2542; x_wconf 84' lang='lat' dir='ltr'><strong>excludat</strong></span> <span class='ocrx_word' id='word_1_628' title='bbox 3412 2485 3600 2557; x_wconf 85' lang='lat' dir='ltr'><strong>hypo-</strong></span> 
     </span>
    </p>
   </div>
   <div class='ocr_carea' id='block_1_87' title="bbox 2001 2575 3603 2649">
    <p class='ocr_par' dir='ltr' id='par_1_87' title="bbox 2001 2575 3603 2649">
     <span class='ocr_line' id='line_1_89' title="bbox 2001 2575 3603 2649; baseline -0.002 -15"><span class='ocrx_word' id='word_1_629' title='bbox 2001 2577 2208 2645; x_wconf 91' lang='lat' dir='ltr'><strong>crisim,</strong></span> <span class='ocrx_word' id='word_1_630' title='bbox 2243 2578 2504 2649; x_wconf 88' lang='lat' dir='ltr'><strong>gaudium</strong></span> <span class='ocrx_word' id='word_1_631' title='bbox 2541 2594 2673 2633; x_wconf 89' lang='lat' dir='ltr'><strong>vero</strong></span> <span class='ocrx_word' id='word_1_632' title='bbox 2712 2577 2913 2633; x_wconf 88' lang='lat' dir='ltr'><strong>fretum</strong></span> <span class='ocrx_word' id='word_1_633' title='bbox 2965 2577 3162 2632; x_wconf 68' lang='lat' dir='ltr'><strong>futuras</strong></span> <span class='ocrx_word' id='word_1_634' title='bbox 3211 2575 3327 2648; x_wconf 89' lang='lat' dir='ltr'><strong>spei</strong></span> <span class='ocrx_word' id='word_1_635' title='bbox 3371 2582 3603 2630; x_wconf 88' lang='lat' dir='ltr'><strong>testatur</strong></span> 
     </span>
    </p>
   </div>
   <div class='ocr_carea' id='block_1_88' title="bbox 2002 2682 2256 2722">
    <p class='ocr_par' dir='ltr' id='par_1_88' title="bbox 2002 2682 2256 2722">
     <span class='ocr_line' id='line_1_90' title="bbox 2002 2682 2256 2722; baseline 0 0"><span class='ocrx_word' id='word_1_636' title='bbox 2002 2682 2256 2722; x_wconf 80' lang='lat' dir='ltr'><strong>examen.</strong></span> 
     </span>
    </p>
   </div>
   <div class='ocr_carea' id='block_1_89' title="bbox 2078 2752 3605 2828">
    <p class='ocr_par' dir='ltr' id='par_1_89' title="bbox 2078 2752 3605 2828">
     <span class='ocr_line' id='line_1_91' title="bbox 2078 2752 3605 2828; baseline -0.002 -17"><span class='ocrx_word' id='word_1_637' title='bbox 2078 2755 2260 2828; x_wconf 85' lang='lat' dir='ltr'><strong>(Vers.</strong></span> <span class='ocrx_word' id='word_1_638' title='bbox 2309 2755 2391 2826; x_wconf 90' lang='lat'><strong>9.)</strong></span> <span class='ocrx_word' id='word_1_639' title='bbox 2453 2778 2470 2802; x_wconf 78' lang='grc' dir='ltr'><strong>ι</strong></span> <span class='ocrx_word' id='word_1_640' title='bbox 2519 2754 2755 2810; x_wconf 90' lang='lat' dir='ltr'><strong>Dilectio</strong></span> <span class='ocrx_word' id='word_1_641' title='bbox 2798 2754 2916 2809; x_wconf 91' lang='lat' dir='ltr'><strong>sine</strong></span> <span class='ocrx_word' id='word_1_642' title='bbox 2961 2753 3334 2808; x_wconf 89' lang='lat' dir='ltr'><strong>simulatione.</strong></span> <span class='ocrx_word' id='word_1_643' title='bbox 3388 2779 3406 2801; x_wconf 74' lang='grc' dir='ltr'><strong>ι</strong></span> <span class='ocrx_word' id='word_1_644' title='bbox 3466 2752 3605 2808; x_wconf 86' lang='lat' dir='ltr'><strong>lluic</strong></span> 
     </span>
    </p>
   </div>
   <div class='ocr_carea' id='block_1_90' title="bbox 2007 2840 3604 2914">
    <p class='ocr_par' dir='ltr' id='par_1_90' title="bbox 2007 2840 3604 2914">
     <span class='ocr_line' id='line_1_92' title="bbox 2007 2840 3604 2914; baseline -0.001 -17"><span class='ocrx_word' id='word_1_645' title='bbox 2007 2843 2200 2910; x_wconf 90' lang='lat' dir='ltr'><strong>menti,</strong></span> <span class='ocrx_word' id='word_1_646' title='bbox 2232 2859 2352 2914; x_wconf 76' lang='lat' dir='ltr'><strong>quae</strong></span> <span class='ocrx_word' id='word_1_647' title='bbox 2384 2841 2490 2898; x_wconf 87' lang='lat' dir='ltr'><strong>hoc</strong></span> <span class='ocrx_word' id='word_1_648' title='bbox 2520 2841 2818 2899; x_wconf 90' lang='lat' dir='ltr'><strong>meditatur</strong></span> <span class='ocrx_word' id='word_1_649' title='bbox 2850 2842 2990 2914; x_wconf 91' lang='grc'>(88),</span> <span class='ocrx_word' id='word_1_650' title='bbox 3021 2848 3084 2896; x_wconf 85' lang='grc' dir='ltr'><strong>ιιι</strong></span> <span class='ocrx_word' id='word_1_651' title='bbox 3112 2840 3236 2896; x_wconf 93' lang='lat' dir='ltr'><strong>ideo</strong></span> <span class='ocrx_word' id='word_1_652' title='bbox 3265 2840 3455 2912; x_wconf 90' lang='lat' dir='ltr'><strong>diligat</strong></span> <span class='ocrx_word' id='word_1_653' title='bbox 3483 2841 3604 2896; x_wconf 85' lang='lat' dir='ltr'><strong>fra-</strong></span> 
     </span>
    </p>
   </div>
   <div class='ocr_carea' id='block_1_91' title="bbox 2004 2930 3602 3004">
    <p class='ocr_par' dir='ltr' id='par_1_91' title="bbox 2004 2930 3602 3004">
     <span class='ocr_line' id='line_1_93' title="bbox 2004 2930 3602 3004; baseline -0.003 -15"><span class='ocrx_word' id='word_1_654' title='bbox 2004 2941 2164 3000; x_wconf 86' lang='lat' dir='ltr'><strong>trem,</strong></span> <span class='ocrx_word' id='word_1_655' title='bbox 2197 2931 2326 3004; x_wconf 87' lang='lat' dir='ltr'><strong>quia</strong></span> <span class='ocrx_word' id='word_1_656' title='bbox 2355 2931 2458 2987; x_wconf 90' lang='lat' dir='ltr'><strong>scit</strong></span> <span class='ocrx_word' id='word_1_657' title='bbox 2489 2931 2593 2988; x_wconf 90' lang='lat' dir='ltr'><strong>hoc</strong></span> <span class='ocrx_word' id='word_1_658' title='bbox 2623 2932 2832 3003; x_wconf 91' lang='lat' dir='ltr'><strong>placere</strong></span> <span class='ocrx_word' id='word_1_659' title='bbox 2871 2931 3081 2986; x_wconf 90' lang='lat' dir='ltr'><strong>auctori</strong></span> <span class='ocrx_word' id='word_1_660' title='bbox 3125 2933 3257 2998; x_wconf 91' lang='lat' dir='ltr'><strong>Deo,</strong></span> <span class='ocrx_word' id='word_1_661' title='bbox 3304 2938 3364 2985; x_wconf 93' lang='lat' dir='ltr'><strong>ut</strong></span> <span class='ocrx_word' id='word_1_662' title='bbox 3406 2946 3515 2986; x_wconf 91' lang='lat' dir='ltr'><strong>non</strong></span> <span class='ocrx_word' id='word_1_663' title='bbox 3547 2930 3602 2985; x_wconf 91' lang='lat' dir='ltr'><strong>in</strong></span> 
     </span>
    </p>
   </div>
   <div class='ocr_carea' id='block_1_92' title="bbox 2005 3018 3604 3095">
    <p class='ocr_par' dir='ltr' id='par_1_92' title="bbox 2005 3018 3604 3095">
     <span class='ocr_line' id='line_1_94' title="bbox 2005 3018 3604 3095; baseline -0.002 -18"><span class='ocrx_word' id='word_1_664' title='bbox 2005 3021 2321 3078; x_wconf 88' lang='lat' dir='ltr'><strong>adulatione</strong></span> <span class='ocrx_word' id='word_1_665' title='bbox 2351 3022 2636 3095; x_wconf 66' lang='lat' dir='ltr'><strong>praesentis</strong></span> <span class='ocrx_word' id='word_1_666' title='bbox 2667 3022 2794 3077; x_wconf 69' lang='lat' dir='ltr'><strong>vitae</strong></span> <span class='ocrx_word' id='word_1_667' title='bbox 2824 3020 2928 3076; x_wconf 91' lang='lat' dir='ltr'><strong>hoc</strong></span> <span class='ocrx_word' id='word_1_668' title='bbox 2957 3028 3097 3092; x_wconf 89' lang='lat' dir='ltr'><strong>agat,</strong></span> <span class='ocrx_word' id='word_1_669' title='bbox 3131 3019 3390 3075; x_wconf 88' lang='lat' dir='ltr'><strong>subvenit</strong></span> <span class='ocrx_word' id='word_1_670' title='bbox 3418 3018 3604 3092; x_wconf 86' lang='lat' dir='ltr'><strong>Spiri—</strong></span> 
     </span>
    </p>
   </div>
   <div class='ocr_carea' id='block_1_93' title="bbox 2005 3108 3604 3184">
    <p class='ocr_par' dir='ltr' id='par_1_93' title="bbox 2005 3108 3604 3184">
     <span class='ocr_line' id='line_1_95' title="bbox 2005 3108 3604 3184; baseline -0.001 -18"><span class='ocrx_word' id='word_1_671' title='bbox 2005 3118 2111 3178; x_wconf 91' lang='lat' dir='ltr'><strong>tus,</strong></span> <span class='ocrx_word' id='word_1_672' title='bbox 2159 3119 2219 3166; x_wconf 90' lang='lat' dir='ltr'><strong>ut</strong></span> <span class='ocrx_word' id='word_1_673' title='bbox 2259 3112 2389 3184; x_wconf 88' lang='lat' dir='ltr'><strong>quia</strong></span> <span class='ocrx_word' id='word_1_674' title='bbox 2433 3112 2538 3168; x_wconf 94' lang='lat' dir='ltr'><strong>hoc</strong></span> <span class='ocrx_word' id='word_1_675' title='bbox 2587 3111 2787 3166; x_wconf 89' lang='lat' dir='ltr'><strong>devota</strong></span> <span class='ocrx_word' id='word_1_676' title='bbox 2843 3119 3023 3166; x_wconf 92' lang='lat' dir='ltr'><strong>mente</strong></span> <span class='ocrx_word' id='word_1_677' title='bbox 3079 3110 3293 3182; x_wconf 67' lang='lat' dir='ltr'><strong>quaerit,</strong></span> <span class='ocrx_word' id='word_1_678' title='bbox 3327 3108 3604 3181; x_wconf 90' lang='lat' dir='ltr'><strong>obsequiis</strong></span> 
     </span>
    </p>
   </div>
   <div class='ocr_carea' id='block_1_94' title="bbox 2003 3198 3598 3273">
    <p class='ocr_par' dir='ltr' id='par_1_94' title="bbox 2003 3198 3598 3273">
     <span class='ocr_line' id='line_1_96' title="bbox 2003 3198 3598 3273; baseline -0.001 -18"><span class='ocrx_word' id='word_1_679' title='bbox 2003 3201 2175 3273; x_wconf 90' lang='lat' dir='ltr'><strong>possit</strong></span> <span class='ocrx_word' id='word_1_680' title='bbox 2201 3201 2449 3273; x_wconf 90' lang='lat' dir='ltr'><strong>implere.</strong></span> <span class='ocrx_word' id='word_1_681' title='bbox 2496 3200 2747 3256; x_wconf 85' lang='lat' dir='ltr'><strong>Audiunt</strong></span> <span class='ocrx_word' id='word_1_682' title='bbox 2790 3200 2936 3254; x_wconf 90' lang='lat' dir='ltr'><strong>enim</strong></span> <span class='ocrx_word' id='word_1_683' title='bbox 2981 3199 3191 3255; x_wconf 90' lang='lat' dir='ltr'><strong>dictum</strong></span> <span class='ocrx_word' id='word_1_684' title='bbox 3242 3216 3272 3254; x_wconf 88' lang='lat' dir='ltr'><strong>a</strong></span> <span class='ocrx_word' id='word_1_685' title='bbox 3318 3198 3598 3254; x_wconf 91' lang='lat' dir='ltr'><strong>Domino:</strong></span> 
     </span>
    </p>
   </div>
   <div class='ocr_carea' id='block_1_95' title="bbox 2018 3287 3596 3362">
    <p class='ocr_par' dir='ltr' id='par_1_95' title="bbox 2018 3287 3596 3362">
     <span class='ocr_line' id='line_1_97' title="bbox 2018 3287 3596 3362; baseline -0.002 -18"><span class='ocrx_word' id='word_1_686' title='bbox 2018 3314 2036 3336; x_wconf 77' lang='grc' dir='ltr'><strong>ι</strong></span> <span class='ocrx_word' id='word_1_687' title='bbox 2067 3291 2398 3362; x_wconf 62' lang='lat' dir='ltr'><strong>Praeceptum</strong></span> <span class='ocrx_word' id='word_1_688' title='bbox 2432 3307 2638 3346; x_wconf 89' lang='lat' dir='ltr'><strong>novum</strong></span> <span class='ocrx_word' id='word_1_689' title='bbox 2670 3289 2741 3346; x_wconf 91' lang='lat' dir='ltr'><strong>do</strong></span> <span class='ocrx_word' id='word_1_690' title='bbox 2773 3289 2950 3358; x_wconf 90' lang='lat' dir='ltr'><strong>vobis,</strong></span> <span class='ocrx_word' id='word_1_691' title='bbox 2983 3296 3043 3345; x_wconf 92' lang='lat' dir='ltr'><strong>ut</strong></span> <span class='ocrx_word' id='word_1_692' title='bbox 3075 3289 3317 3362; x_wconf 80' lang='lat' dir='ltr'><strong>diligatis</strong></span> <span class='ocrx_word' id='word_1_693' title='bbox 3355 3287 3596 3344; x_wconf 90' lang='lat' dir='ltr'><strong>invicem</strong></span> 
     </span>
    </p>
   </div>
   <div class='ocr_carea' id='block_1_96' title="bbox 2005 3379 2538 3453">
    <p class='ocr_par' dir='ltr' id='par_1_96' title="bbox 2005 3379 2538 3453">
     <span class='ocr_line' id='line_1_98' title="bbox 2005 3379 2538 3453; baseline 0 -17"><span class='ocrx_word' id='word_1_694' title='bbox 2005 3379 2184 3453; x_wconf 87' lang='lat' dir='ltr'><strong>(Joan.</strong></span> <span class='ocrx_word' id='word_1_695' title='bbox 2216 3397 2338 3447; x_wconf 85' lang='lat' dir='ltr'><strong>xm,</strong></span> <span class='ocrx_word' id='word_1_696' title='bbox 2370 3380 2483 3450; x_wconf 61' lang='lat' dir='ltr'><strong>3&#39;s).</strong></span> <span class='ocrx_word' id='word_1_697' title='bbox 2520 3407 2538 3429; x_wconf 76' lang='grc' dir='ltr'><strong>ι</strong></span> 
     </span>
    </p>
   </div>
   <div class='ocr_carea' id='block_1_97' title="bbox 2079 3466 3606 3543">
    <p class='ocr_par' dir='ltr' id='par_1_97' title="bbox 2079 3466 3606 3543">
     <span class='ocr_line' id='line_1_99' title="bbox 2079 3466 3606 3543; baseline -0.003 -17"><span class='ocrx_word' id='word_1_698' title='bbox 2079 3469 2261 3543; x_wconf 89' lang='lat' dir='ltr'><strong>(Vers.</strong></span> <span class='ocrx_word' id='word_1_699' title='bbox 2313 3470 2547 3543; x_wconf 87' lang='grc'>10,11.)</span> <span class='ocrx_word' id='word_1_700' title='bbox 2605 3495 2622 3517; x_wconf 77' lang='grc' dir='ltr'><strong>ι</strong></span> <span class='ocrx_word' id='word_1_701' title='bbox 2672 3469 2933 3526; x_wconf 89' lang='lat' dir='ltr'><strong>Odientes</strong></span> <span class='ocrx_word' id='word_1_702' title='bbox 2985 3467 3213 3536; x_wconf 90' lang='lat' dir='ltr'><strong>malum,</strong></span> <span class='ocrx_word' id='word_1_703' title='bbox 3267 3466 3606 3523; x_wconf 86' lang='lat' dir='ltr'><strong>adhaerentes</strong></span> 
     </span>
    </p>
   </div>
   <div class='ocr_carea' id='block_1_98' title="bbox 2003 3557 3605 3631">
    <p class='ocr_par' dir='ltr' id='par_1_98' title="bbox 2003 3557 3605 3631">
     <span class='ocr_line' id='line_1_100' title="bbox 2003 3557 3605 3631; baseline -0.002 -15"><span class='ocrx_word' id='word_1_704' title='bbox 2003 3559 2169 3629; x_wconf 90' lang='lat' dir='ltr'><strong>bono,</strong></span> <span class='ocrx_word' id='word_1_705' title='bbox 2203 3560 2565 3616; x_wconf 85' lang='lat' dir='ltr'><strong>fraternitatis</strong></span> <span class='ocrx_word' id='word_1_706' title='bbox 2591 3577 2776 3618; x_wconf 91' lang='lat' dir='ltr'><strong>amore</strong></span> <span class='ocrx_word' id='word_1_707' title='bbox 2812 3559 3050 3615; x_wconf 91' lang='lat' dir='ltr'><strong>invicem</strong></span> <span class='ocrx_word' id='word_1_708' title='bbox 3100 3558 3345 3631; x_wconf 86' lang='lat' dir='ltr'><strong>benigni,</strong></span> <span class='ocrx_word' id='word_1_709' title='bbox 3397 3557 3605 3614; x_wconf 85' lang='lat' dir='ltr'><strong>honore</strong></span> 
     </span>
    </p>
   </div>
   <div class='ocr_carea' id='block_1_99' title="bbox 2008 3647 3607 3722">
    <p class='ocr_par' dir='ltr' id='par_1_99' title="bbox 2008 3647 3607 3722">
     <span class='ocr_line' id='line_1_101' title="bbox 2008 3647 3607 3722; baseline -0.002 -17"><span class='ocrx_word' id='word_1_710' title='bbox 2008 3657 2205 3706; x_wconf 90' lang='lat' dir='ltr'><strong>mutuo</strong></span> <span class='ocrx_word' id='word_1_711' title='bbox 2248 3650 2663 3722; x_wconf 64' lang='lat' dir='ltr'><strong>praevenientes.</strong></span> <span class='ocrx_word' id='word_1_712' title='bbox 2699 3676 2717 3698; x_wconf 75' lang='grc' dir='ltr'><strong>ι</strong></span> <span class='ocrx_word' id='word_1_713' title='bbox 2777 3650 2898 3706; x_wconf 79' lang='lat' dir='ltr'><strong>Non</strong></span> <span class='ocrx_word' id='word_1_714' title='bbox 2948 3664 3205 3720; x_wconf 86' lang='lat' dir='ltr'><strong>magnum</strong></span> <span class='ocrx_word' id='word_1_715' title='bbox 3237 3648 3374 3703; x_wconf 91' lang='lat' dir='ltr'><strong>dicit</strong></span> <span class='ocrx_word' id='word_1_716' title='bbox 3401 3647 3607 3704; x_wconf 84' lang='lat' dir='ltr'><strong>evitare</strong></span> 
     </span>
    </p>
   </div>
   <div class='ocr_carea' id='block_1_100' title="bbox 2008 3737 3606 3808">
    <p class='ocr_par' dir='ltr' id='par_1_100' title="bbox 2008 3737 3606 3808">
     <span class='ocr_line' id='line_1_102' title="bbox 2008 3737 3606 3808; baseline -0.003 -14"><span class='ocrx_word' id='word_1_717' title='bbox 2008 3740 2236 3808; x_wconf 89' lang='lat' dir='ltr'><strong>malum,</strong></span> <span class='ocrx_word' id='word_1_718' title='bbox 2266 3741 2372 3796; x_wconf 89' lang='lat' dir='ltr'><strong>nisi</strong></span> <span class='ocrx_word' id='word_1_719' title='bbox 2406 3739 2751 3796; x_wconf 63' lang='lat' dir='ltr'><strong>adhaereatur</strong></span> <span class='ocrx_word' id='word_1_720' title='bbox 2770 3740 2947 3805; x_wconf 89' lang='lat' dir='ltr'><strong>bono;</strong></span> <span class='ocrx_word' id='word_1_721' title='bbox 2985 3738 3124 3794; x_wconf 92' lang='lat' dir='ltr'><strong>illud</strong></span> <span class='ocrx_word' id='word_1_722' title='bbox 3151 3739 3298 3793; x_wconf 92' lang='lat' dir='ltr'><strong>enim</strong></span> <span class='ocrx_word' id='word_1_723' title='bbox 3321 3738 3388 3794; x_wconf 89' lang='lat' dir='ltr'><strong>de</strong></span> <span class='ocrx_word' id='word_1_724' title='bbox 3410 3737 3606 3792; x_wconf 89' lang='lat' dir='ltr'><strong>timore</strong></span> 
     </span>
    </p>
   </div>
   <div class='ocr_carea' id='block_1_101' title="bbox 2008 3828 3610 3902">
    <p class='ocr_par' dir='ltr' id='par_1_101' title="bbox 2008 3828 3610 3902">
     <span class='ocr_line' id='line_1_103' title="bbox 2008 3828 3610 3902; baseline -0.004 -14"><span class='ocrx_word' id='word_1_725' title='bbox 2008 3832 2091 3901; x_wconf 89' lang='lat' dir='ltr'><strong>ﬁt,</strong></span> <span class='ocrx_word' id='word_1_726' title='bbox 2126 3832 2274 3888; x_wconf 91' lang='lat' dir='ltr'><strong>istud</strong></span> <span class='ocrx_word' id='word_1_727' title='bbox 2303 3832 2370 3888; x_wconf 89' lang='lat' dir='ltr'><strong>de</strong></span> <span class='ocrx_word' id='word_1_728' title='bbox 2394 3848 2578 3887; x_wconf 88' lang='lat' dir='ltr'><strong>amore</strong></span> <span class='ocrx_word' id='word_1_729' title='bbox 2605 3850 2614 3887; x_wconf 92' lang='lat'>:</span> <span class='ocrx_word' id='word_1_730' title='bbox 2649 3847 2750 3886; x_wconf 91' lang='lat' dir='ltr'><strong>nec</strong></span> <span class='ocrx_word' id='word_1_731' title='bbox 2778 3830 3077 3902; x_wconf 89' lang='lat' dir='ltr'><strong>benignum</strong></span> <span class='ocrx_word' id='word_1_732' title='bbox 3109 3845 3244 3897; x_wconf 88' lang='lat' dir='ltr'><strong>esse,</strong></span> <span class='ocrx_word' id='word_1_733' title='bbox 3275 3844 3375 3884; x_wconf 92' lang='lat' dir='ltr'><strong>nec</strong></span> <span class='ocrx_word' id='word_1_734' title='bbox 3403 3828 3610 3883; x_wconf 86' lang='lat' dir='ltr'><strong>frater—</strong></span> 
     </span>
    </p>
   </div>
   <div class='ocr_carea' id='block_1_102' title="bbox 2008 3916 3610 3994">
    <p class='ocr_par' dir='ltr' id='par_1_102' title="bbox 2008 3916 3610 3994">
     <span class='ocr_line' id='line_1_104' title="bbox 2008 3916 3610 3994; baseline -0.004 -18"><span class='ocrx_word' id='word_1_735' title='bbox 2008 3921 2198 3978; x_wconf 89' lang='lat' dir='ltr'><strong>nitatis</strong></span> <span class='ocrx_word' id='word_1_736' title='bbox 2227 3938 2466 3977; x_wconf 87' lang='lat' dir='ltr'><strong>amorem</strong></span> <span class='ocrx_word' id='word_1_737' title='bbox 2502 3921 2618 3994; x_wconf 90' lang='lat'><strong>(89)</strong></span> <span class='ocrx_word' id='word_1_738' title='bbox 2652 3930 2835 3977; x_wconf 91' lang='lat' dir='ltr'><strong>tenere</strong></span> <span class='ocrx_word' id='word_1_739' title='bbox 2876 3919 3102 3989; x_wconf 90' lang='lat' dir='ltr'><strong>dicitur,</strong></span> <span class='ocrx_word' id='word_1_740' title='bbox 3149 3918 3196 3976; x_wconf 91' lang='lat' dir='ltr'><strong>si</strong></span> <span class='ocrx_word' id='word_1_741' title='bbox 3243 3933 3356 3974; x_wconf 92' lang='lat' dir='ltr'><strong>non</strong></span> <span class='ocrx_word' id='word_1_742' title='bbox 3403 3916 3610 3971; x_wconf 89' lang='lat' dir='ltr'><strong>mutuis</strong></span> 
     </span>
    </p>
   </div>
   <div class='ocr_carea' id='block_1_103' title="bbox 2007 4010 2786 4085">
    <p class='ocr_par' dir='ltr' id='par_1_103' title="bbox 2007 4010 2786 4085">
     <span class='ocr_line' id='line_1_105' title="bbox 2007 4010 2786 4085; baseline 0.001 -19"><span class='ocrx_word' id='word_1_743' title='bbox 2007 4026 2064 4066; x_wconf 84' lang='lat' dir='ltr'><strong>se</strong></span> <span class='ocrx_word' id='word_1_744' title='bbox 2094 4010 2371 4085; x_wconf 89' lang='lat' dir='ltr'><strong>obsequiis</strong></span> <span class='ocrx_word' id='word_1_745' title='bbox 2401 4011 2786 4083; x_wconf 72' lang='lat' dir='ltr'><strong>praevenerint.</strong></span> 
     </span>
    </p>
   </div>
   <div class='ocr_carea' id='block_1_104' title="bbox 2095 4089 3610 4172">
    <p class='ocr_par' dir='ltr' id='par_1_104' title="bbox 2095 4089 3610 4172">
     <span class='ocr_line' id='line_1_106' title="bbox 2095 4089 3610 4172; baseline -0.007 -18"><span class='ocrx_word' id='word_1_746' title='bbox 2095 4098 2522 4156; x_wconf 68' lang='lat' dir='ltr'><strong>«Sollicitudine</strong></span> <span class='ocrx_word' id='word_1_747' title='bbox 2572 4117 2684 4156; x_wconf 91' lang='lat' dir='ltr'><strong>non</strong></span> <span class='ocrx_word' id='word_1_748' title='bbox 2730 4097 2891 4172; x_wconf 82' lang='lat' dir='ltr'><strong>pigri.</strong></span> <span class='ocrx_word' id='word_1_749' title='bbox 2926 4120 2944 4144; x_wconf 69' lang='grc' dir='ltr'><strong>ι</strong></span> <span class='ocrx_word' id='word_1_750' title='bbox 2995 4097 3110 4152; x_wconf 87' lang='lat' dir='ltr'><strong>Hoc</strong></span> <span class='ocrx_word' id='word_1_751' title='bbox 3156 4101 3238 4148; x_wconf 91' lang='lat' dir='ltr'><strong>est</strong></span> <span class='ocrx_word' id='word_1_752' title='bbox 3287 4089 3435 4164; x_wconf 88' lang='lat' dir='ltr'><strong>quod</strong></span> <span class='ocrx_word' id='word_1_753' title='bbox 3474 4089 3610 4145; x_wconf 90' lang='lat' dir='ltr'><strong>dicit</strong></span> 
     </span>
    </p>
   </div>
   <div class='ocr_carea' id='block_1_105' title="bbox 2009 4179 3611 4262">
    <p class='ocr_par' dir='ltr' id='par_1_105' title="bbox 2009 4179 3611 4262">
     <span class='ocr_line' id='line_1_107' title="bbox 2009 4179 3611 4262; baseline -0.007 -18"><span class='ocrx_word' id='word_1_754' title='bbox 2009 4189 2275 4262; x_wconf 89' lang='lat' dir='ltr'><strong>propheta</strong></span> <span class='ocrx_word' id='word_1_755' title='bbox 2302 4189 2808 4258; x_wconf 85' lang='lat' dir='ltr'><strong>Jeremias(Jerem.</strong></span> <span class='ocrx_word' id='word_1_756' title='bbox 2845 4202 3040 4252; x_wconf 74' lang='lat' dir='ltr'><strong>mnu,</strong></span> <span class='ocrx_word' id='word_1_757' title='bbox 3094 4182 3206 4253; x_wconf 84' lang='grc'>10),</span> <span class='ocrx_word' id='word_1_758' title='bbox 3255 4179 3383 4253; x_wconf 88' lang='lat' dir='ltr'><strong>quia.</strong></span> <span class='ocrx_word' id='word_1_759' title='bbox 3431 4179 3611 4234; x_wconf 85' lang='lat' dir='ltr'><strong>male—</strong></span> 
     </span>
    </p>
   </div>
   <div class='ocr_carea' id='block_1_106' title="bbox 2008 4268 3612 4352">
    <p class='ocr_par' dir='ltr' id='par_1_106' title="bbox 2008 4268 3612 4352">
     <span class='ocr_line' id='line_1_108' title="bbox 2008 4268 3612 4352; baseline -0.007 -18"><span class='ocrx_word' id='word_1_760' title='bbox 2008 4278 2188 4335; x_wconf 90' lang='lat' dir='ltr'><strong>dictus</strong></span> <span class='ocrx_word' id='word_1_761' title='bbox 2235 4278 2331 4352; x_wconf 92' lang='lat' dir='ltr'><strong>qui</strong></span> <span class='ocrx_word' id='word_1_762' title='bbox 2379 4279 2512 4334; x_wconf 88' lang='lat' dir='ltr'><strong>facit</strong></span> <span class='ocrx_word' id='word_1_763' title='bbox 2560 4294 2725 4348; x_wconf 89' lang='lat' dir='ltr'><strong>opera</strong></span> <span class='ocrx_word' id='word_1_764' title='bbox 2771 4273 2996 4330; x_wconf 91' lang='lat' dir='ltr'><strong>Domini</strong></span> <span class='ocrx_word' id='word_1_765' title='bbox 3049 4269 3404 4343; x_wconf 84' lang='lat' dir='ltr'><strong>negligenter.</strong></span> <span class='ocrx_word' id='word_1_766' title='bbox 3453 4268 3612 4340; x_wconf 86' lang='lat' dir='ltr'><strong>Piger</strong></span> 
     </span>
    </p>
   </div>
   <div class='ocr_carea' id='block_1_107' title="bbox 2008 4357 3610 4432">
    <p class='ocr_par' dir='ltr' id='par_1_107' title="bbox 2008 4357 3610 4432">
     <span class='ocr_line' id='line_1_109' title="bbox 2008 4357 3610 4432; baseline -0.006 -9"><span class='ocrx_word' id='word_1_767' title='bbox 2008 4369 2155 4423; x_wconf 90' lang='lat' dir='ltr'><strong>enim</strong></span> <span class='ocrx_word' id='word_1_768' title='bbox 2207 4367 2264 4422; x_wconf 91' lang='lat' dir='ltr'><strong>in</strong></span> <span class='ocrx_word' id='word_1_769' title='bbox 2307 4365 2728 4423; x_wconf 88' lang='lat' dir='ltr'><strong>conversatione</strong></span> <span class='ocrx_word' id='word_1_770' title='bbox 2771 4362 2965 4419; x_wconf 89' lang='lat' dir='ltr'><strong>divina</strong></span> <span class='ocrx_word' id='word_1_771' title='bbox 3011 4363 3130 4419; x_wconf 90' lang='lat' dir='ltr'><strong>sine</strong></span> <span class='ocrx_word' id='word_1_772' title='bbox 3170 4375 3265 4432; x_wconf 90' lang='lat' dir='ltr'><strong>spe</strong></span> <span class='ocrx_word' id='word_1_773' title='bbox 3312 4365 3428 4427; x_wconf 90' lang='lat' dir='ltr'><strong>est;</strong></span> <span class='ocrx_word' id='word_1_774' title='bbox 3487 4357 3610 4414; x_wconf 90' lang='lat' dir='ltr'><strong>ideo</strong></span> 
     </span>
    </p>
   </div>
   <div class='ocr_carea' id='block_1_108' title="bbox 2012 4458 2282 4531">
    <p class='ocr_par' dir='ltr' id='par_1_108' title="bbox 2012 4458 2282 4531">
     <span class='ocr_line' id='line_1_110' title="bbox 2012 4458 2282 4531; baseline -0.007 -15"><span class='ocrx_word' id='word_1_775' title='bbox 2012 4458 2244 4531; x_wconf 88' lang='lat' dir='ltr'><strong>subjecit</strong></span> <span class='ocrx_word' id='word_1_776' title='bbox 2269 4476 2282 4514; x_wconf 89' lang='lat'>:</span> 
     </span>
    </p>
   </div>
   <div class='ocr_carea' id='block_1_109' title="bbox 2097 4540 3612 4624">
    <p class='ocr_par' dir='ltr' id='par_1_109' title="bbox 2097 4540 3612 4624">
     <span class='ocr_line' id='line_1_111' title="bbox 2097 4540 3612 4624; baseline -0.009 -15"><span class='ocrx_word' id='word_1_777' title='bbox 2097 4576 2116 4600; x_wconf 79' lang='grc' dir='ltr'><strong>ι</strong></span> <span class='ocrx_word' id='word_1_778' title='bbox 2145 4551 2352 4624; x_wconf 88' lang='lat' dir='ltr'><strong>Spiritu</strong></span> <span class='ocrx_word' id='word_1_779' title='bbox 2383 4551 2672 4607; x_wconf 87' lang='lat' dir='ltr'><strong>ferventes.</strong></span> <span class='ocrx_word' id='word_1_780' title='bbox 2705 4574 2722 4598; x_wconf 78' lang='grc' dir='ltr'><strong>ι</strong></span> <span class='ocrx_word' id='word_1_781' title='bbox 2763 4548 2878 4604; x_wconf 87' lang='lat' dir='ltr'><strong>Hoc</strong></span> <span class='ocrx_word' id='word_1_782' title='bbox 2905 4554 3006 4615; x_wconf 88' lang='lat' dir='ltr'><strong>est,</strong></span> <span class='ocrx_word' id='word_1_783' title='bbox 3040 4554 3101 4602; x_wconf 92' lang='lat' dir='ltr'><strong>ut</strong></span> <span class='ocrx_word' id='word_1_784' title='bbox 3129 4544 3187 4600; x_wconf 91' lang='lat' dir='ltr'><strong>in</strong></span> <span class='ocrx_word' id='word_1_785' title='bbox 3220 4541 3486 4599; x_wconf 83' lang='lat' dir='ltr'><strong>exercitio</strong></span> <span class='ocrx_word' id='word_1_786' title='bbox 3513 4540 3612 4597; x_wconf 92' lang='lat' dir='ltr'><strong>di-</strong></span> 
     </span>
    </p>
   </div>
   <div class='ocr_carea' id='block_1_110' title="bbox 2015 4631 3614 4715">
    <p class='ocr_par' dir='ltr' id='par_1_110' title="bbox 2015 4631 3614 4715">
     <span class='ocr_line' id='line_1_112' title="bbox 2015 4631 3614 4715; baseline -0.008 -17"><span class='ocrx_word' id='word_1_787' title='bbox 2015 4641 2131 4698; x_wconf 86' lang='lat' dir='ltr'><strong>vini</strong></span> <span class='ocrx_word' id='word_1_788' title='bbox 2180 4642 2359 4715; x_wconf 90' lang='lat' dir='ltr'><strong>operis</strong></span> <span class='ocrx_word' id='word_1_789' title='bbox 2408 4648 2502 4698; x_wconf 88' lang='lat' dir='ltr'><strong>aut</strong></span> <span class='ocrx_word' id='word_1_790' title='bbox 2557 4641 2691 4714; x_wconf 87' lang='lat' dir='ltr'><strong>legis</strong></span> <span class='ocrx_word' id='word_1_791' title='bbox 2718 4655 2831 4696; x_wconf 92' lang='lat' dir='ltr'><strong>non</strong></span> <span class='ocrx_word' id='word_1_792' title='bbox 2858 4638 2930 4694; x_wconf 82' lang='lat' dir='ltr'><strong>sit</strong></span> <span class='ocrx_word' id='word_1_793' title='bbox 2969 4635 3206 4710; x_wconf 87' lang='lat' dir='ltr'><strong>tepidus,</strong></span> <span class='ocrx_word' id='word_1_794' title='bbox 3237 4633 3382 4691; x_wconf 87' lang='lat' dir='ltr'><strong>sicut</strong></span> <span class='ocrx_word' id='word_1_795' title='bbox 3407 4631 3614 4689; x_wconf 91' lang='lat' dir='ltr'><strong>dicitur</strong></span> 
     </span>
    </p>
   </div>
   <div class='ocr_carea' id='block_1_111' title="bbox 2087 4848 3616 4931">
    <p class='ocr_par' dir='ltr' id='par_1_111' title="bbox 2087 4848 3616 4931">
     <span class='ocr_line' id='line_1_113' title="bbox 2087 4848 3616 4931; baseline -0.006 -17"><span class='ocrx_word' id='word_1_796' title='bbox 2087 4856 2203 4931; x_wconf 90' lang='grc'>(87)</span> <span class='ocrx_word' id='word_1_797' title='bbox 2236 4858 2394 4914; x_wconf 93' lang='lat' dir='ltr'><strong>Rom.</strong></span> <span class='ocrx_word' id='word_1_798' title='bbox 2437 4855 2592 4924; x_wconf 86' lang='lat' dir='ltr'><strong>edit.,</strong></span> <span class='ocrx_word' id='word_1_799' title='bbox 2639 4858 2687 4912; x_wconf 88' lang='lat' dir='ltr'><strong>et</strong></span> <span class='ocrx_word' id='word_1_800' title='bbox 2734 4851 2866 4910; x_wconf 84' lang='lat' dir='ltr'><strong>talia</strong></span> <span class='ocrx_word' id='word_1_801' title='bbox 2908 4852 3143 4925; x_wconf 81' lang='lat' dir='ltr'><strong>aperari.</strong></span> <span class='ocrx_word' id='word_1_802' title='bbox 3187 4850 3345 4908; x_wconf 83' lang='lat' dir='ltr'><strong>Haud</strong></span> <span class='ocrx_word' id='word_1_803' title='bbox 3392 4848 3616 4907; x_wconf 83' lang='lat' dir='ltr'><strong>incom-</strong></span> 
     </span>
    </p>
   </div>
   <div class='ocr_carea' id='block_1_112' title="bbox 2013 4931 3617 5074">
    <p class='ocr_par' dir='ltr' id='par_1_112' title="bbox 2013 4931 3617 5074">
     <span class='ocr_line' id='line_1_114' title="bbox 2013 4931 3617 5074; baseline 0.032 -7"><span class='ocrx_word' id='word_1_804' title='bbox 2013 4931 2204 5073; x_wconf 55' lang='lat' dir='ltr'><strong>Imiggl</strong></span> <span class='ocrx_word' id='word_1_805' title='bbox 2240 5001 2362 5058; x_wconf 88' lang='lat' dir='ltr'><strong>Vet.</strong></span> <span class='ocrx_word' id='word_1_806' title='bbox 2392 4999 2524 5056; x_wconf 90' lang='lat' dir='ltr'><strong>edit.</strong></span> <span class='ocrx_word' id='word_1_807' title='bbox 2553 4998 3096 5074; x_wconf 65' lang='lat' dir='ltr'><strong>et_mss-_n0m!“&quot;i2.</strong></span> <span class='ocrx_word' id='word_1_808' title='bbox 3123 4995 3258 5051; x_wconf 62' lang='lat' dir='ltr'><strong>Huic</strong></span> <span class='ocrx_word' id='word_1_809' title='bbox 3282 4994 3492 5058; x_wconf 47' lang='lat' dir='ltr'><strong>merito,</strong></span> <span class='ocrx_word' id='word_1_810' title='bbox 3513 4994 3617 5074; x_wconf 59' lang='lat' dir='ltr'><strong>“qui</strong></span> 
     </span>
    </p>
   </div>
   <div class='ocr_carea' id='block_1_113' title="bbox 2013 5068 3611 5130">
    <p class='ocr_par' dir='ltr' id='par_1_113' title="bbox 2013 5068 3611 5130">
     <span class='ocr_line' id='line_1_115' title="bbox 2013 5068 3611 5130; baseline -0.008 -1"><span class='ocrx_word' id='word_1_811' title='bbox 2013 5068 2337 5130; x_wconf 76' lang='lat' dir='ltr'><strong>meditatur:</strong></span> <span class='ocrx_word' id='word_1_812' title='bbox 2370 5074 2527 5129; x_wconf 90' lang='lat' dir='ltr'><strong>Rom.</strong></span> <span class='ocrx_word' id='word_1_813' title='bbox 2560 5071 2692 5128; x_wconf 90' lang='lat' dir='ltr'><strong>edit.</strong></span> <span class='ocrx_word' id='word_1_814' title='bbox 2728 5071 2859 5126; x_wconf 89' lang='lat' dir='ltr'><strong>hinc</strong></span> <span class='ocrx_word' id='word_1_815' title='bbox 2895 5068 3126 5124; x_wconf 89' lang='lat' dir='ltr'><strong>abstulit</strong></span> <span class='ocrx_word' id='word_1_816' title='bbox 3169 5083 3356 5122; x_wconf 91' lang='lat' dir='ltr'><strong>vocem</strong></span> <span class='ocrx_word' id='word_1_817' title='bbox 3389 5068 3611 5120; x_wconf 88' lang='lat' dir='ltr'><strong>merito:</strong></span> 
     </span>
    </p>
   </div>
   <div class='ocr_carea' id='block_1_114' title="bbox 2015 5134 3612 5227">
    <p class='ocr_par' dir='ltr' id='par_1_114' title="bbox 2015 5134 3612 5227">
     <span class='ocr_line' id='line_1_116' title="bbox 2015 5134 3612 5227; baseline -0.007 -27"><span class='ocrx_word' id='word_1_818' title='bbox 2015 5162 2279 5227; x_wconf 35' lang='lat' dir='ltr'><strong>nos_ve.ro</strong></span> <span class='ocrx_word' id='word_1_819' title='bbox 2312 5145 2494 5199; x_wconf 86' lang='lat' dir='ltr'><strong>locum</strong></span> <span class='ocrx_word' id='word_1_820' title='bbox 2521 5159 2590 5198; x_wconf 83' lang='lat' dir='ltr'><strong>ex</strong></span> <span class='ocrx_word' id='word_1_821' title='bbox 2619 5143 2872 5214; x_wconf 90' lang='lat' dir='ltr'><strong>pluribus</strong></span> <span class='ocrx_word' id='word_1_822' title='bbox 2919 5139 3436 5214; x_wconf 82' lang='lat' dir='ltr'><strong>prohatioribusque</strong></span> <span class='ocrx_word' id='word_1_823' title='bbox 3487 5134 3612 5192; x_wconf 91' lang='lat' dir='ltr'><strong>cod.</strong></span> 
     </span>
    </p>
   </div>
   <div class='ocr_carea' id='block_1_115' title="bbox 2015 5225 3614 5414">
    <p class='ocr_par' dir='ltr' id='par_1_115' title="bbox 2015 5225 3614 5414">
     <span class='ocr_line' id='line_1_117' title="bbox 2015 5225 3614 5414; baseline -0.009 -68"><span class='ocrx_word' id='word_1_824' title='bbox 2015 5225 2530 5414; x_wconf 35' lang='grc' dir='ltr'><strong>ιἪὶὲἒὶιξιῗέιῗὸιθοοιιιιι</strong></span> <span class='ocrx_word' id='word_1_825' title='bbox 2563 5284 2857 5340; x_wconf 90' lang='lat' dir='ltr'><strong>emendant</strong></span> <span class='ocrx_word' id='word_1_826' title='bbox 2885 5284 3008 5340; x_wconf 90' lang='lat' dir='ltr'><strong>cod.</strong></span> <span class='ocrx_word' id='word_1_827' title='bbox 3038 5284 3207 5351; x_wconf 90' lang='lat' dir='ltr'><strong>Prat.,</strong></span> <span class='ocrx_word' id='word_1_828' title='bbox 3237 5281 3415 5343; x_wconf 90' lang='lat' dir='ltr'><strong>Gem.,</strong></span> <span class='ocrx_word' id='word_1_829' title='bbox 3445 5273 3614 5332; x_wconf 87' lang='lat' dir='ltr'><strong>Mich.</strong></span> 
     </span>
     <span class='ocr_line' id='line_1_118' title="bbox 2016 5355 3614 5414; baseline -0.009 0"><span class='ocrx_word' id='word_1_830' title='bbox 2016 5368 2071 5414; x_wconf 89' lang='lat' dir='ltr'><strong>et</strong></span> <span class='ocrx_word' id='word_1_831' title='bbox 2105 5362 2179 5414; x_wconf 83' lang='lat' dir='ltr'><strong>Va</strong></span> <span class='ocrx_word' id='word_1_832' title='bbox 2209 5361 2242 5414; x_wconf 91' lang='lat' dir='ltr'><strong>l.</strong></span> <span class='ocrx_word' id='word_1_833' title='bbox 2277 5375 2402 5414; x_wconf 93' lang='lat' dir='ltr'><strong>cum</strong></span> <span class='ocrx_word' id='word_1_834' title='bbox 2435 5359 2588 5414; x_wconf 81' lang='lat' dir='ltr'><strong>prius</strong></span> <span class='ocrx_word' id='word_1_835' title='bbox 2617 5356 2910 5412; x_wconf 81' lang='lat' dir='ltr'><strong>haberetur</strong></span> <span class='ocrx_word' id='word_1_836' title='bbox 2945 5357 3000 5410; x_wconf 91' lang='lat' dir='ltr'><strong>in</strong></span> <span class='ocrx_word' id='word_1_837' title='bbox 3042 5355 3176 5410; x_wconf 89' lang='lat' dir='ltr'><strong>edit.</strong></span> <span class='ocrx_word' id='word_1_838' title='bbox 3223 5368 3286 5406; x_wconf 85' lang='lat' dir='ltr'><strong>ac</strong></span> <span class='ocrx_word' id='word_1_839' title='bbox 3332 5364 3484 5409; x_wconf 89' lang='lat' dir='ltr'><strong>mss.,</strong></span> <span class='ocrx_word' id='word_1_840' title='bbox 3526 5362 3614 5400; x_wconf 84' lang='lat' dir='ltr'><strong>nec</strong></span> 
     </span>
    </p>
   </div>
   <div class='ocr_carea' id='block_1_116' title="bbox 2016 5355 3618 5430">
    <p class='ocr_par' dir='ltr' id='par_1_116' title="bbox 2016 5355 3618 5430">
     <span class='ocr_line' id='line_1_119' title="bbox 2016 5355 3618 5430; baseline -0.009 -15"><span class='ocrx_word' id='word_1_841' title='bbox 2016 5368 2071 5415; x_wconf 89' lang='lat' dir='ltr'><strong>et</strong></span> <span class='ocrx_word' id='word_1_842' title='bbox 2100 5355 2242 5415; x_wconf 42' lang='lat' dir='ltr'><strong>&#39;Vall.</strong></span> <span class='ocrx_word' id='word_1_843' title='bbox 2277 5375 2402 5416; x_wconf 94' lang='lat' dir='ltr'><strong>cum</strong></span> <span class='ocrx_word' id='word_1_844' title='bbox 2434 5359 2588 5430; x_wconf 88' lang='lat' dir='ltr'><strong>prius</strong></span> <span class='ocrx_word' id='word_1_845' title='bbox 2617 5356 2910 5430; x_wconf 81' lang='lat' dir='ltr'><strong>haberetur</strong></span> <span class='ocrx_word' id='word_1_846' title='bbox 2945 5357 3000 5410; x_wconf 91' lang='lat' dir='ltr'><strong>in</strong></span> <span class='ocrx_word' id='word_1_847' title='bbox 3042 5355 3192 5430; x_wconf 87' lang='lat' dir='ltr'><strong>edit._</strong></span> <span class='ocrx_word' id='word_1_848' title='bbox 3223 5368 3286 5406; x_wconf 85' lang='lat' dir='ltr'><strong>ac</strong></span> <span class='ocrx_word' id='word_1_849' title='bbox 3332 5364 3504 5430; x_wconf 39' lang='lat' dir='ltr'><strong>mss.,.</strong></span> <span class='ocrx_word' id='word_1_850' title='bbox 3526 5362 3618 5426; x_wconf 68' lang='lat' dir='ltr'><strong>nec</strong></span> 
     </span>
    </p>
   </div>
   <div class='ocr_carea' id='block_1_117' title="bbox 2019 5416 3618 5502">
    <p class='ocr_par' dir='ltr' id='par_1_117' title="bbox 2019 5416 3618 5502">
     <span class='ocr_line' id='line_1_120' title="bbox 2019 5416 3618 5502; baseline -0.008 -17"><span class='ocrx_word' id='word_1_851' title='bbox 2019 5431 2295 5502; x_wconf 77' lang='lat' dir='ltr'><strong>benignum</strong></span> <span class='ocrx_word' id='word_1_852' title='bbox 2324 5416 2811 5502; x_wconf 49' lang='lat' dir='ltr'><strong>esse.fratemitatts</strong></span> <span class='ocrx_word' id='word_1_853' title='bbox 2845 5430 3113 5492; x_wconf 86' lang='lat' dir='ltr'><strong>honorem,</strong></span> <span class='ocrx_word' id='word_1_854' title='bbox 3145 5424 3192 5477; x_wconf 80' lang='lat' dir='ltr'><strong>si</strong></span> <span class='ocrx_word' id='word_1_855' title='bbox 3219 5416 3528 5502; x_wconf 28' lang='lat' dir='ltr'><strong>nongGill.</strong></span> <span class='ocrx_word' id='word_1_856' title='bbox 3559 5416 3618 5472; x_wconf 88' lang='lat' dir='ltr'><strong>in</strong></span> 
     </span>
    </p>
   </div>
   <div class='ocr_carea' id='block_1_118' title="bbox 2019 5488 3618 5575">
    <p class='ocr_par' dir='ltr' id='par_1_118' title="bbox 2019 5488 3618 5575">
     <span class='ocr_line' id='line_1_121' title="bbox 2019 5488 3618 5575; baseline -0.008 -18"><span class='ocrx_word' id='word_1_857' title='bbox 2019 5488 2190 5575; x_wconf 70' lang='lat' dir='ltr'><strong>marg.</strong></span> <span class='ocrx_word' id='word_1_858' title='bbox 2223 5511 2277 5575; x_wconf 88' lang='lat' dir='ltr'><strong>et</strong></span> <span class='ocrx_word' id='word_1_859' title='bbox 2307 5488 2464 5560; x_wconf 57' lang='lat' dir='ltr'><strong>Rom:</strong></span> <span class='ocrx_word' id='word_1_860' title='bbox 2497 5501 2630 5558; x_wconf 91' lang='lat' dir='ltr'><strong>edit.</strong></span> <span class='ocrx_word' id='word_1_861' title='bbox 2664 5502 2721 5555; x_wconf 91' lang='lat' dir='ltr'><strong>in</strong></span> <span class='ocrx_word' id='word_1_862' title='bbox 2767 5515 2917 5572; x_wconf 87' lang='lat' dir='ltr'><strong>corp.</strong></span> <span class='ocrx_word' id='word_1_863' title='bbox 2972 5488 3108 5554; x_wconf 76' lang='lat' dir='ltr'><strong>curn</strong></span> <span class='ocrx_word' id='word_1_864' title='bbox 3132 5509 3244 5550; x_wconf 88' lang='lat' dir='ltr'><strong>uno</strong></span> <span class='ocrx_word' id='word_1_865' title='bbox 3295 5495 3390 5544; x_wconf 84' lang='lat' dir='ltr'><strong>aut</strong></span> <span class='ocrx_word' id='word_1_866' title='bbox 3445 5488 3618 5544; x_wconf 86' lang='lat' dir='ltr'><strong>altero</strong></span> 
     </span>
    </p>
   </div>
   <div class='ocr_carea' id='block_1_119' title="bbox 2020 5574 2835 5645">
    <p class='ocr_par' dir='ltr' id='par_1_119' title="bbox 2020 5574 2835 5645">
     <span class='ocr_line' id='line_1_122' title="bbox 2020 5574 2835 5645; baseline -0.005 -15"><span class='ocrx_word' id='word_1_867' title='bbox 2020 5574 2171 5643; x_wconf 80' lang='lat' dir='ltr'><strong>mss.,</strong></span> <span class='ocrx_word' id='word_1_868' title='bbox 2197 5574 2556 5645; x_wconf 77' lang='lat' dir='ltr'><strong>fraternitatis</strong></span> <span class='ocrx_word' id='word_1_869' title='bbox 2583 5588 2835 5630; x_wconf 88' lang='lat' dir='ltr'><strong>amorem.</strong></span> 
     </span>
    </p>
   </div>
  </div>
