4150 6194
529 250 632 318 167

1540 247 1637 312 AD
1677 246 1913 313 OPERA
1952 243 2008 310 S.
2049 245 2385 312 AMBROSII
2421 246 2804 324 APPENDIX.

3737 243 3839 307 168

531 389 590 444 in
617 385 950 459 Apocalypsi
975 383 1201 442 Joannis
1227 403 1237 440 :
1286 407 1304 431 ι
1335 383 1609 452 Quoniam
1642 381 1858 454 tepidus
1901 397 1978 448 es,
2027 380 2125 436 in-
2154 382 2204 440 A
2231 378 2450 435 incitati
2495 379 2650 451 prius
2679 377 2842 435 facile
2888 374 3216 432 maledicere
3245 373 3460 442 velint;
3504 372 3600 431 sed
3629 384 3692 432 ut
3713 392 3838 434 ma-

529 476 670 551 quit,
701 492 952 533 evomam
981 483 1034 531 te
1063 493 1133 532 ex
1164 491 1256 531 ore
1285 491 1407 530 meo
1441 474 1628 546 (Apoc.
1660 489 1748 537 tu,
1782 472 1870 543 16)
1893 490 1906 538 ;
1933 498 1950 521 ι
1993 488 2125 545 quo-

527 567 740 624 tidiana
769 567 917 622 enim
956 565 1243 622 meditatio
1275 565 1426 621 tollit
1453 578 1727 635 soporem,
1759 570 1813 617 et
1846 561 1923 620 cit
1973 561 2125 632 vigio

530 659 754 714 lantem.
785 659 963 730 Opera
991 674 1122 713 vero
1153 656 1376 713 Domini
1417 663 1564 722 sunt,
1607 671 1727 726 quae
1760 654 1983 710 mandat
2009 653 2126 709 ﬁeri

529 763 630 820 pro
660 747 901 805 utilitate
931 746 1211 812 Ecclesiae,
1248 745 1304 801 id
1342 753 1442 813 est,
1478 744 1731 799 fratrum.

615 863 633 885 ι
663 837 918 910 Tempori
947 838 1270 894 servientes.
1313 861 1330 882 ι
1383 836 1444 890 In
1479 835 1668 890 Graeco
1696 832 1902 890 dicitur
1932 833 2131 890 habere

529 929 644 988 sic:
693 955 710 977 ι
741 932 854 986 Deo
884 929 1211 995 servientes;
1245 953 1262 975 ι
1305 924 1453 999 quod
1484 942 1586 982 nec
1616 926 1737 982 loco
1766 924 1869 996 ipsi
1902 941 2132 997 compe-

530 1018 618 1077 tit.
673 1017 814 1085 Quid
861 1017 1006 1072 enim
1057 1033 1194 1089 opus
1239 1025 1355 1072 erat
1406 1031 1678 1071 summam
1736 1014 1879 1071 hanc
1931 1031 2132 1086 ponere

528 1109 698 1165 totius
721 1108 1054 1176 devotionis,
1087 1125 1211 1166 cum
1244 1107 1465 1180 quando
1484 1107 1700 1179 singula
1717 1105 1981 1175 membra,
2012 1123 2131 1178 quae

529 1197 595 1255 ad
623 1198 885 1271 obsequia
915 1207 969 1255 et
997 1197 1225 1254 servitia
1249 1196 1347 1253 Dei
1379 1195 1682 1269 pertinent,
1715 1197 2031 1254 memoret?
2070 1199 2132 1254 In

530 1290 790 1346 omnibus
829 1288 975 1343 enim
1009 1288 1076 1343 iis
1106 1304 1226 1360 quae
1270 1295 1574 1356 enumerat,
1626 1287 1847 1358 plenum
1895 1285 2132 1342 Domino

529 1376 815 1434 servitium
847 1376 1161 1433 exhibetur.
1206 1378 1339 1433 Nam
1374 1377 1584 1434 servire
1614 1376 1846 1456 tempori
1874 1375 2007 1449 quid
2039 1375 2130 1443 sit,

531 1467 664 1524 alibi
693 1466 881 1537 solvit,
914 1483 1040 1524 cum
1066 1468 1234 1524 dicit:
1284 1493 1302 1516 ι
1340 1468 1690 1526 Redimentes
1721 1457 1954 1538 tempus,
1986 1483 2135 1540 quo-

531 1556 682 1614 niam
735 1557 852 1614 dies
907 1557 1038 1614 mali
1083 1566 1257 1626 sunt;
1317 1567 1379 1614 ut
1433 1557 1620 1615 sciatis
1670 1556 2133 1630 quemadmodum

531 1646 832 1720 unicuique
861 1647 1234 1720 respondeatis
1266 1649 1492 1720 (Ephes.
1527 1664 1583 1715 v,
1619 1649 1732 1720 16).
1781 1672 1801 1695 ι
1859 1647 2132 1716 Quoniam

532 1745 716 1795 autem
745 1737 998 1795 dixerat:
1048 1764 1067 1786 ι
1105 1738 1318 1811 Spiritu
1356 1738 1663 1806 ferventes;
1710 1764 1730 1786 ι

529 1828 858 1900 acciperent,
887 1836 949 1884 ut
976 1829 1179 1901 passim
1208 1836 1262 1885 et
1289 1829 1604 1902 importune
1643 1827 1811 1885 verba
1849 1828 2134 1901 religionis

531 1919 841 1992 ingererent
871 1927 1115 1992 tempore
1143 1919 1392 1988 inimico,
1428 1936 1526 1992 per
1549 1919 1696 1993 quod
1725 1919 1864 1976 forte
1895 1919 2134 1975 scanda-

533 2010 647 2066 lum
677 2011 1002 2078 excitarent,
1033 2010 1219 2066 statim
1247 2010 1482 2082 subjecit
1511 2029 1522 2065 :
1568 2034 1586 2057 ι
1609 2010 1865 2082 Tempori
1893 2009 2134 2066 servien-

535 2106 636 2168 tes,
666 2125 684 2148 ι
730 2109 791 2156 ut
830 2100 1074 2157 modeste
1103 2108 1156 2156 et
1184 2117 1309 2157 cum
1340 2101 1624 2156 honestate
1653 2099 1797 2170 aptis
1825 2107 1879 2154 et
1908 2098 2046 2156 locis
2083 2106 2137 2154 et

531 2191 800 2263 personis,
835 2197 886 2244 et
915 2197 1042 2262 apto
1069 2199 1312 2262 tempore
1342 2189 1627 2262 religionis
1655 2189 2135 2262 ﬁdemloqueren-

533 2289 642 2336 tur.
685 2279 824 2335 Sunt
851 2280 998 2335 enim
1031 2279 1256 2353 quidam
1287 2279 1452 2336 etiam
1495 2279 1554 2334 in
1598 2278 1703 2336 hoc
1742 2287 1984 2350 tempore
2029 2294 2138 2351 quo

534 2387 640 2444 pax
670 2380 772 2439 est,
803 2373 897 2446 qui
933 2372 1013 2429 sic
1044 2372 1370 2444 perhorrent
1396 2371 1565 2427 verba
1591 2370 1715 2438 Dei,
1753 2379 1816 2426 ut
1853 2370 2138 2426 audientes

533 2477 660 2518 cum
697 2479 890 2534 magna
921 2463 1000 2517 ira
1039 2460 1427 2536 blaSphement
1462 2461 1606 2516 viam
1639 2460 1865 2518 Christi.
1918 2461 2054 2516 Nam
2086 2465 2138 2514 et

534 2551 649 2624 ipse
696 2552 929 2608 servivit
969 2552 1226 2623 tempori,
1275 2550 1496 2624 quando
1545 2549 1692 2622 quod
1741 2549 1921 2606 noluit
1975 2550 2134 2616 fecit;

535 2641 747 2699 invitus
775 2642 922 2698 enim
953 2642 1302 2700 circumcidit
1331 2641 1702 2712 Timotheum,
1732 2650 1785 2698 et
1815 2659 1935 2699 raso
1956 2641 2136 2714 capite

531 2732 855 2804 purificatus
884 2733 1187 2790 secundum
1235 2735 1409 2806 legem
1440 2733 1688 2791 ascendit
1735 2733 2025 2806 templum,
2075 2739 2138 2787 ut

532 2824 845 2882 Iudaeorum
878 2825 1086 2898 sopiret
1115 2825 1409 2881 insaniam.

607 2916 790 2988 (Vers.
829 2916 943 2986 12.)
989 2941 1008 2962 ‹
1039 2915 1142 2987 Spe
1169 2915 1484 2986 gaudentes.
1540 2941 1558 2965 ι
1617 2915 1912 2987 Postquam
1950 2913 2135 2970 dixit:

546 3029 565 3053 «ι
597 3006 851 3077 Tempori
885 3005 1209 3072 servientes,
1234 3031 1252 3054 ι
1293 3004 1525 3076 adjecit:
1564 3028 1582 3051 ι
1613 3004 1716 3076 Spe
1746 3003 2075 3075 gaudentes;
2107 3029 2124 3051 ι

534 3102 596 3152 ut
623 3095 670 3151 si
700 3095 842 3151 forte
883 3103 1103 3168 propter
1147 3094 1497 3167 iniquitatem
1544 3094 1808 3165 temporis
1837 3109 1948 3148 non
1979 3093 2140 3148 liceat
2167 3112 2210 3173 ο

534 3183 601 3240 de
621 3183 730 3240 ﬁde
754 3183 972 3255 publice
993 3183 1165 3257 loqui,
1200 3183 1291 3239 sed
1323 3199 1437 3240 esse
1468 3182 1526 3238 in
1558 3192 1730 3252 metu,
1759 3199 1854 3256 spe
1882 3183 2131 3256 gaudeat;

534 3273 663 3346 quia
691 3274 808 3330 haec
835 3273 1064 3330 tristitia
1092 3274 1236 3346 parit
1267 3272 1537 3330 laetitiam.

618 3387 636 3409 ι
667 3363 730 3419 In
763 3362 1121 3419 tribulatione
1172 3362 1463 3435 patientes.
1508 3387 1527 3410 ι
1577 3361 1694 3419 Hoc
1735 3368 1818 3417 est
1861 3378 1955 3433 spe
1994 3377 2136 3435 gau-

533 3453 683 3523 dere,
716 3454 773 3510 in
803 3455 1158 3511 tribulatione
1181 3455 1477 3527 patientem
1499 3469 1614 3510 esse
1638 3473 1651 3522 ;
1685 3453 1751 3509 de
1767 3452 1964 3526 gaudio
1986 3453 2134 3509 enim

535 3545 652 3615 spei
679 3544 879 3599 tolerat
913 3544 1350 3612 tribulationem,
1379 3543 1559 3600 sciens
1578 3543 1756 3600 multo
1775 3541 1984 3615 imjora
1997 3559 2130 3612 esse,

539 3647 660 3704 quae
690 3647 790 3702 pro
820 3631 906 3687 his
937 3633 1205 3704 promissa
1225 3641 1373 3689 sunt.

619 3744 637 3768 ι
665 3721 916 3778 Orationi
943 3719 1265 3777 instantes.»
1298 3721 1615 3778 Necessaria
1641 3730 1722 3779 est
1750 3721 1912 3780 valde
1932 3722 2112 3780 oratio

532 3812 664 3886 quia
692 3822 755 3870 ut
791 3813 1078 3870 tribulatio
1103 3812 1278 3886 possit
1305 3813 1548 3884 tolerari,
1580 3813 1835 3888 precibus
1864 3814 2135 3872 insisten-

533 3901 664 3960 dum
697 3910 800 3960 est.

605 3993 789 4066 (Vers.
823 3993 936 4067 13.)
979 4018 997 4042 ι
1035 3994 1660 4052 Memoriissanctorum
1708 3996 2135 4054 communican-

529 4091 629 4140 tes.
664 4110 684 4134 »
721 4084 1077 4143 Manifestum
1102 4093 1184 4142 est
1215 4085 1346 4159 quia
1374 4086 1471 4158 qui
1499 4103 1687 4159 preces
1713 4103 1839 4144 suas
1875 4086 2133 4145 exaudiri

531 4179 673 4246 vult,
702 4177 934 4234 aemulus
965 4176 1128 4234 debet
1156 4193 1272 4234 esse
1301 4178 1429 4234 vitae
1459 4184 1772 4234 sanctorum
1797 4196 1811 4246 ;
1849 4194 1977 4235 cum
2008 4176 2129 4233 imi-

530 4272 682 4323 tatur
709 4267 876 4334 enim,
901 4267 1308 4337 communicat;
1341 4276 1404 4324 ut
1434 4267 1541 4325 hoc
1576 4267 1622 4324 si
1667 4283 1964 4324 memorem
2011 4285 2126 4327 esse

530 4364 587 4413 et
615 4356 1170 4427 communicatorem,
1214 4358 1424 4415 imitari
1471 4367 1624 4415 actus
1671 4358 1895 4414 illorum
1933 4375 1945 4414 :
2007 4368 2060 4416 et
2086 4360 2133 4415 si

2237 469 2342 541 gis,
2374 469 2522 526 victa
2552 467 2860 535 iracundia,
2907 464 3262 533 benedicant,
3294 471 3348 520 et
3377 464 3530 522 laudi
3561 464 3635 522 sit
3661 465 3840 525 disci-

2240 557 2395 629 plina
2423 559 2718 615 Dominica
2749 556 2889 629 (90).

2319 653 2414 709 97
2445 649 2627 719 (Vers.
2659 647 2774 719 15.)
2823 672 2842 695 ι
2871 645 3118 704 Gaudere
3143 659 3272 703 cum
3293 644 3685 716 gaudentibus,
3711 645 3838 704 ﬂere

2239 761 2365 801 cum
2399 745 2682 802 ﬂentibus.
2715 769 2733 791 ι
2802 745 2918 800 Hoc
2965 751 3065 812 est,
3129 742 3277 816 quod
3329 741 3440 798 alio
3495 743 3618 799 loco
3648 743 3835 800 dicit:

2254 859 2272 882 ιι
2302 834 2359 890 Si
2389 834 2522 908 quid
2555 835 2762 907 patitur
2813 851 2985 890 unum
3034 833 3366 901 membrum,
3425 832 3842 906 compatiuntur

2240 923 2427 978 omnia
2473 923 2753 990 membra;
2804 930 2858 978 et
2903 922 2950 978 si
3012 923 3229 978 laetatur
3267 937 3440 978 unum
3506 923 3838 993 membrum,

2240 1012 2590 1085 congaudent
2619 1012 2805 1068 omnia
2843 1010 3088 1067 membra
3119 1013 3177 1084 (I
3207 1012 3331 1068 Cor.
3365 1029 3467 1078 xu,
3497 1011 3614 1080 26).
3646 1037 3664 1059 ι
3702 1013 3841 1070 Cum

2240 1105 2388 1159 enim
2421 1105 2544 1176 quis
2570 1103 2720 1160 ﬁdeli
2771 1103 2969 1160 solatio
3025 1110 3106 1160 est
3159 1103 3216 1159 in
3273 1102 3620 1171 necessitate,
3673 1103 3840 1176 erigit

2240 1193 2489 1249 animum
2531 1192 2670 1266 ejus,
2692 1200 2746 1250 et
2772 1191 2917 1265 apud
2944 1195 3122 1249 Deum
3143 1191 3251 1248 sibi
3279 1194 3514 1249 collocat
3544 1193 3837 1258 meritum;

2242 1284 2373 1356 quia
2405 1282 2711 1340 membrum
2745 1283 2929 1355 diligit
2959 1283 3205 1354 corporis
3245 1283 3448 1340 Christi
3486 1301 3497 1338 :
3549 1291 3604 1339 et
3631 1283 3676 1340 si
3714 1299 3840 1340 cum

2243 1372 2458 1430 infideli
2487 1372 2800 1440 condoleat,
2851 1381 3112 1445 provocat
3143 1372 3314 1445 magis
3360 1373 3521 1430 illum
3552 1371 3621 1429 ad
3650 1373 3843 1446 profe—

2243 1469 2394 1518 ctum
2428 1462 2544 1533 (91)
2577 1461 2885 1533 disciplinae
2913 1457 3240 1517 Deminicze.

2319 1550 2501 1622 (Vers.
2534 1549 2648 1622 16.)
2686 1575 2705 1598 ε
2734 1549 2978 1622 Idipsum
3025 1550 3264 1607 invicem
3294 1551 3614 1608 sentientes.
3658 1578 3677 1600 ι
3721 1553 3838 1611 Hoc

2245 1649 2345 1708 est,
2376 1640 2524 1714 quod
2594 1640 2807 1697 dictum
2855 1650 2959 1710 est,
3019 1641 3259 1713 compati
3307 1640 3506 1698 debere
3554 1643 3611 1699 in
3651 1642 3841 1701 fratris

1787 1755 1855 1794 ne
1903 1737 2008 1794 hoc
2053 1737 2134 1793 sic
2167 1748 2212 1807 Β
2245 1731 2624 1799 tribulatione,
2655 1730 2799 1787 sicut
2828 1739 2883 1787 et
2915 1730 2972 1786 in
3004 1731 3114 1786 alia
3142 1729 3280 1786 dicit
3309 1731 3540 1802 epistola
3572 1748 3585 1787 :
3633 1758 3652 1780 ι
3682 1731 3842 1789 Con-

2241 1818 2489 1876 siderans
2517 1829 2570 1877 te
2618 1821 2822 1892 ipsum,
2858 1836 2929 1877 ne
2972 1828 3025 1875 et
3055 1826 3115 1876 tu
3163 1819 3388 1876 teneris.
3421 1821 3578 1878 Alter
3615 1821 3843 1879 alterius

2244 1934 2412 1975 onera
2439 1917 2704 1974 sustinete
2738 1919 2948 1989 (Galat.
2982 1936 3062 1986 v1,
3095 1920 3145 1986 1,
3178 1917 3261 1990 2).
3293 1944 3311 1967 ι

2330 2031 2350 2055 ‹
2371 2008 2493 2064 Non
2522 2009 2631 2063 alta
2659 2008 2950 2079 sapientes.
2977 2034 2994 2056 ι
3037 2008 3165 2064 Alta
3215 2024 3402 2080 sapere
3429 2009 3685 2081 superbia
3715 2020 3796 2068 est
3827 2029 3840 2080 ;

2246 2115 2374 2154 nam
2402 2106 2456 2153 et
2493 2097 2748 2154 diabolus
2799 2115 2926 2155 cum
2981 2099 3092 2154 alta
3138 2099 3342 2171 sapuit,
3372 2100 3724 2171 apostatavit.
3764 2101 3845 2158 Ne

2246 2198 2413 2254 elatio
2445 2198 2518 2254 sit
2544 2197 2600 2253 in
2639 2197 2848 2267 animo,
2879 2206 2936 2254 et
2978 2213 3314 2270 praesumens
3341 2198 3482 2254 forte
3517 2198 3583 2254 de
3613 2200 3846 2256 incolu-

2248 2287 2440 2344 mitate
2468 2296 2622 2344 actus
2651 2287 2760 2356 sui,
2790 2304 2901 2343 non
2931 2287 3222 2344 condoleat
3260 2287 3415 2344 fratri
3461 2305 3581 2357 suo,
3621 2290 3717 2346 sed
3747 2305 3846 2346 ex-

2247 2377 2470 2449 probret
2521 2377 2676 2450 quasi
2733 2377 3024 2449 peccatori,
3095 2376 3212 2433 haec
3263 2375 3520 2450 superbia
3575 2388 3676 2448 est,
3721 2397 3842 2453 qua:

2247 2484 2372 2524 cum
2406 2483 2461 2523 se
2493 2467 2784 2540 praeponit,
2817 2466 3067 2522 offendit.
3101 2465 3258 2534 Quod
3290 2476 3343 2522 et
3373 2467 3642 2524 Dominus
3670 2468 3841 2526 deno-

2246 2564 2345 2624 tat,
2379 2556 2568 2612 dicens
2603 2574 2614 2612 :
2663 2582 2680 2603 ε
2711 2554 2864 2626 Ejice
2903 2555 3112 2612 trabem
3162 2555 3314 2626 prius
3345 2554 3412 2610 de
3443 2556 3606 2612 oculo
3633 2565 3753 2625 tuo,
3785 2568 3843 2614 et

2248 2655 2383 2703 tunc
2410 2645 2626 2702 videbis
2657 2644 2854 2718 ejicere
2908 2645 3173 2701 festucam
3231 2643 3298 2700 de
3327 2645 3490 2700 oculo
3547 2645 3734 2701 fratris
3763 2647 3846 2701 tui

2252 2736 2403 2808 (Luc.
2432 2753 2513 2804 v1,
2550 2735 2667 2807 42).
2702 2761 2720 2785 ›
2782 2737 2904 2808 Ipsa
2930 2735 3080 2791 enim
3127 2734 3292 2791 elatio
3339 2742 3624 2807 peccatum
3654 2743 3756 2802 est,
3785 2751 3850 2792 ac

2248 2826 2295 2882 si
2327 2842 2436 2881 non
2465 2824 2537 2881 sit
2583 2831 2854 2897 peccator,
2905 2823 3052 2897 quod
3099 2822 3440 2896 impossibile
3467 2833 3569 2892 est,
3621 2823 3683 2880 ﬁt
3713 2841 3854 2898 pec-

2251 2925 2421 2984 cator,
2447 2916 2579 2972 dum
2611 2915 2879 2988 superbit.
2915 2915 3162 2987 Denique
3190 2914 3327 2971 dicit
3351 2914 3610 2972 Salomon
3639 2935 3651 2972 :
3697 2939 3716 2963 ι
3747 2915 3851 2972 Su-

2251 3005 2433 3077 perbis
2464 3007 2609 3061 Deus
2649 3005 2855 3061 resistit
2886 3006 3073 3076 (Prov.
3107 3021 3190 3072 Ill,
3228 3004 3344 3075 34).
3376 3029 3394 3052 ι

2336 3119 2355 3142 ι
2383 3092 2487 3148 Sed
2521 3089 2830 3150 humilibus
2852 3094 3320 3150 consentientes.»
3358 3093 3475 3150 Hoc
3499 3101 3579 3151 est
3628 3103 3693 3151 ut
3725 3093 3842 3151 de—

2249 3184 2426 3256 posita
2459 3185 2735 3258 superbia,
2780 3184 3014 3260 alienam
3067 3201 3286 3241 causam
3344 3201 3498 3240 suam
3541 3183 3729 3253 faciat,
3788 3194 3846 3243 et

2245 3291 2401 3330 suam
2434 3275 2589 3347 quasi
2614 3275 2884 3341 alienam;
2909 3273 3191 3336 utbabeat
3217 3275 3443 3347 gratiam
3474 3274 3619 3348 apud
3640 3277 3838 3344 Deum,

2245 3365 2374 3438 quia
2417 3390 2436 3413 ι
2457 3365 2553 3439 qui
2605 3381 2661 3422 se
2687 3366 3036 3434 exaltaverit,
3065 3364 3459 3421 humiliabitur
3493 3366 3646 3438 (Luc.
3696 3382 3820 3435 xxv,

2248 3457 2361 3530 11).
2393 3482 2412 3506 .

2331 3572 2350 3596 ι
2376 3547 2559 3604 Nolite
2604 3563 2721 3605 esse
2768 3546 3064 3621 prudentes
3105 3546 3250 3620 apud
3287 3547 3650 3619 vosmetipsos
3703 3549 3842 3622 (Ira.

2244 3655 2303 3707 ν,
2334 3637 2449 3710 21).
2477 3662 2496 3686 ι
2541 3638 2656 3694 Hoc
2687 3637 2748 3694 in
2779 3639 2918 3694 Isaia
2950 3637 3218 3710 propheta
3257 3638 3526 3710 scriptum
3551 3646 3652 3707 est,
3685 3638 3840 3712 quod

2247 3725 2338 3784 hic
2365 3727 2522 3801 quasi
2551 3727 2836 3800 proprium
2867 3726 3056 3800 ponit;
3088 3735 3152 3784 ut
3165 3725 3385 3799 justitia
3411 3729 3726 3785 communis
3753 3727 3848 3783 ha.

2243 3813 2459 3886 beatur,
2494 3832 2607 3872 non
2659 3823 2723 3873 ut
2749 3815 2854 3872 sibi
2901 3816 3026 3890 quis
3049 3815 3250 3889 justus.
3278 3816 3373 3886 sit,
3419 3816 3636 3874 caeteris
3659 3825 3843 3873 autem

2247 3904 2506 3978 injustas.

2320 3997 2500 4070 (Vers.
2536 3997 2649 4069 17.)
2695 4021 2714 4046 ι
2758 3995 2976 4055 Nemini
3030 3997 3238 4054 malum
3286 4012 3386 4070 pro
3439 3997 3586 4053 malo
3612 3995 3844 4055 redden-

2243 4103 2345 4153 tes.
2377 4120 2396 4144 ι
2438 4095 2554 4151 Hoc
2573 4101 2675 4164 est,
2714 4094 2860 4167 quod
2893 4095 3164 4152 Dominus
3191 4094 3331 4151 dicit
3363 4113 3375 4151 :
3439 4118 3457 4143 ι
3503 4093 3624 4152 Nisi
3653 4093 3844 4150 abun-

2246 4185 2462 4242 daverit
2480 4182 2699 4256 justitia
2729 4191 2910 4241 vestra
2931 4185 3221 4258 plusquam
3250 4184 3566 4242 Scribarum
3595 4192 3655 4240 et
3684 4182 3842 4240 Pha-

2246 4275 2553 4342 risaeorum,
2588 4291 2698 4331 non
2727 4274 3008 4331 intrabitis
3054 4273 3114 4330 in
3143 4290 3372 4347 regnum
3402 4273 3501 4330 Dei
3535 4273 3751 4345 (Matth.
3781 4290 3838 4342 v,

2245 4365 2360 4437 20).
2390 4390 2408 4412 ι
2452 4363 2766 4421 Mandatum
2801 4365 2948 4420 enim
2981 4365 3040 4419 in
3069 4363 3186 4437 lege
3214 4372 3366 4420 erat:
3413 4391 3430 4411 ι
3459 4361 3669 4435 Diliges
3700 4377 3840 4435 pro-

530 4444 844 4517 sumptibus
873 4446 1143 4518 indigent,
1187 4445 1708 4504 communicandum
1746 4453 1825 4503 est
1855 4447 1955 4516 eis,
1985 4448 2128 4506 sicut
2157 4495 2205 4555 Β
2243 4455 2459 4512 ximum
2482 4464 2659 4524 tuum,
2677 4464 2731 4512 et
2751 4453 2880 4511 odio
2907 4453 3133 4510 habebis
3152 4453 3441 4510 inimicum
3465 4461 3624 4510 tuum
3643 4452 3834 4522 (Levii.

529 4537 668 4597 dicit
694 4539 803 4596 alio
829 4542 978 4598 loco:
1036 4568 1054 4589 ι
1083 4544 1160 4598 De
1203 4542 1451 4598 collectis
1495 4551 1676 4597 autem
1713 4557 1835 4613 quae
1879 4541 2021 4599 fiunt
2065 4543 2120 4599 in

530 4634 750 4687 sanctos
783 4629 840 4701 (Ι
868 4629 996 4686 Cor.
1026 4646 1143 4698 xvr,
1179 4629 1234 4701 1)
1261 4648 1274 4697 ;
1307 4653 1327 4677 ι
1365 4637 1420 4685 et
1439 4629 1508 4686 ad
1538 4629 1790 4689 Galatas:
1840 4657 1859 4680 ι
1890 4633 1959 4690 Ut
1979 4649 2124 4706 pau-

437 4763 442 4766 .
529 4734 721 4792 perum
753 4734 1022 4775 memores
1049 4735 1290 4774 essemus
1319 4720 1526 4790 (Galat.
1559 4736 1619 4787 II,
1654 4721 1766 4792 10).
1799 4745 1818 4770 ι

604 4808 787 4878 (Vers.
823 4807 936 4880 14.)
975 4833 992 4855 ι
1023 4808 1463 4880 Hospitalitatem
1491 4816 1824 4867 sectantes.»
1868 4811 2123 4868 Imitator

528 4905 582 4953 et
604 4905 817 4952 amator
844 4904 1158 4953 sanctorum
1190 4897 1617 4970 hospitalitatem
1661 4908 1899 4958 sectatur
1925 4917 2122 4958 exem-

528 4987 635 5061 plis
661 4987 836 5043 sancti
869 4986 1126 5056 Abrahae,
1160 4995 1215 5043 et
1245 4989 1346 5045 Lot
1373 4988 1479 5044 viri
1503 4987 1664 5060 justi.

612 5103 632 5126 ι
659 5075 975 5132 Benedicite
1005 5077 1457 5151 persequentibus
1513 5096 1634 5145 vos,
1682 5079 2010 5149 benedicite,
2067 5088 2121 5137 et

529 5167 704 5226 nolite
734 5165 1079 5224 maledicere.
1112 5193 1130 5216 ι
1175 5167 1244 5224 Ut
1278 5167 1623 5225 Christianos
1673 5185 1768 5241 per
1797 5170 1983 5226 omnia
2011 5186 2121 5226 no-

528 5271 628 5316 vos
655 5257 841 5326 faciat,
870 5256 1033 5312 etiam
1065 5255 1134 5312 ab
1163 5255 1267 5314 bac
1307 5257 1434 5315 illos
1481 5258 1878 5314 consuetudine
1909 5260 2121 5316 auferre

529 5350 669 5421 vult,
702 5365 822 5424 quae
871 5347 1131 5406 omnibus
1167 5349 1480 5406 communis
1517 5359 1617 5419 est,
1658 5366 1727 5406 ne
1761 5351 1901 5407 irato
1936 5352 2122 5409 animo

593 5497 719 5580 (99)
752 5495 878 5556 Mss.
911 5496 1144 5570 aliquot,
1173 5501 1224 5551 et
1258 5494 1545 5552 laudabilis
1589 5496 1661 5552 sit
1689 5496 1971 5570 disciplina
2001 5498 2121 5553 Do-

527 5583 909 5712 Μῑῗδῖῗᾟοῐη.
955 5641 1090 5702 edit.
1139 5657 1264 5701 cum
1294 5640 1483 5715 paucis
1515 5655 1668 5712 mss.,
1700 5641 1855 5700 illum
1882 5641 1953 5699 ad
1980 5642 2120 5715 απε-

2236 4560 2356 4612 xrx,
2391 4545 2502 4616 18).
2531 4569 2548 4592 ι
2593 4546 2736 4612 Haec,
2769 4553 3039 4618 quantum
3075 4543 3312 4610 videtur,
3339 4541 3561 4614 justitia
3589 4549 3706 4598 est:
3739 4539 3837 4597 sed

2231 4640 2295 4689 ut
2320 4633 2564 4690 abundet
2614 4633 2833 4706 justitia
2890 4631 3356 4699 Christianorum,
3414 4631 3684 4688 docentur
3711 4646 3824 4687 non

2232 4720 2457 4777 reddere
2499 4722 2699 4777 malum
2730 4737 2827 4794 pro
2867 4721 3052 4778 malo:
3104 4728 3164 4776 ut
3199 4720 3425 4793 perfecti
3457 4721 3589 4788 sint,
3645 4727 3699 4775 et
3725 4736 3827 4792 pro

2232 4810 2338 4868 hoc
2367 4827 2573 4868 merces
2601 4810 2715 4866 illis
2742 4809 3005 4866 reddatur
3025 4809 3081 4864 in
3095 4808 3310 4881 judicio
3340 4809 3460 4866 Dei.
3493 4807 3828 4882 Supergredi

2230 4901 2379 4957 enim
2407 4899 2628 4956 videtur
2658 4900 2830 4972 ipsam
2880 4899 3179 4971 justitiam,
3211 4916 3338 4956 cum
3395 4897 3543 4972 quod
3595 4897 3739 4967 licet,
3772 4905 3836 4954 ut

2229 4989 2426 5044 melior
2491 4989 2583 5058 sit,
2641 5006 2753 5045 non
2792 4988 2926 5046 facit
2981 4988 3218 5045 caelestis
3267 4987 3498 5060 justitia:
3558 4988 3832 5047 imitator.

2226 5078 2419 5136 Mundi
2449 5095 2578 5152 ergo
2604 5077 2824 5150 justitia
2852 5094 2883 5133 a
2909 5080 3023 5134 Deo
3062 5078 3145 5134 illi
3177 5093 3432 5134 concessa
3457 5076 3831 5135 innocentem

2230 5167 2362 5224 facit
2393 5167 2510 5241 (92)
2548 5186 2560 5223 :
2592 5165 2826 5224 caelestis
2883 5173 3065 5224 autem
3118 5165 3442 5241 perfectum,
3475 5175 3537 5224 ut
3569 5165 3831 5224 meritum

2230 5257 2429 5315 habeat
2457 5257 2602 5330 apud
2628 5259 2824 5316 Deum.

2315 5374 2333 5397 ι
2361 5348 2720 5406 Providentes
2745 5348 2890 5407 bona
2937 5365 3050 5406 non
3098 5356 3310 5406 tantum
3341 5365 3529 5408 coram
3560 5348 3700 5415 Deo,
3731 5344 3832 5404 sed

2228 5504 2404 5562 ctum;
2436 5497 2657 5565 quidam
2689 5515 2819 5555 mss.
2853 5497 2924 5553 ad
2953 5494 3205 5565 e/fectum,
3248 5500 3355 5551 etc.

2301 5570 2418 5642 (92)
2451 5563 2613 5644 Rom.
2645 5570 2780 5628 edit.
2818 5563 3143 5644 etquidem
3183 5583 3340 5637 mea,
3369 5567 3458 5627 illi
3487 5581 3729 5631 concessa
3754 5563 3830 5623 ad

2229 5641 2426 5716 tempus
2457 5643 2772 5702 innocentem
2800 5641 2952 5713 facit}
