4112 6178
289 265 382 330 169

283 483 416 541 bona
452 485 636 544 futura
672 497 797 547 ante
841 495 1028 551 oculos
1074 495 1310 566 habere;
1373 510 1435 558 ut
1485 520 1548 560 ea
1581 515 1859 578 gerantur,

281 592 391 648 quze
421 580 652 649 possint,
703 591 986 656 postquam
1019 586 1160 644 facta
1203 589 1432 661 fuerint,
1467 595 1523 651 in
1559 599 1863 670 reprehen-

279 672 475 731 sionem
503 692 617 732 non
643 678 851 747 venire,
882 679 973 734 sed
1014 681 1185 753 magis
1225 683 1374 740 laudi
1407 703 1544 755 esse,
1578 690 1696 745 sive
1718 693 1864 764 apud

275 762 462 830 Deum,
521 766 638 821 sive
681 767 823 838 apud
869 767 1140 826 homines.
1171 771 1248 828 Ne
1294 775 1420 846 quis
1461 777 1695 834 aestimet
1737 762 1866 853 quia

272 851 377 906 Deo
403 851 554 908 licita
584 870 692 909 non
713 855 1029 928 displicent,
1068 859 1279 916 idcirco
1314 877 1426 917 non
1450 851 1780 932 curandum,
1816 870 1862 924 si

273 938 420 995 fratri
444 941 758 998 scandalum
783 945 929 1011 sint;
963 945 1070 1012 hoc
1098 958 1400 1018 praemonet
1427 953 1555 1024 quia
1573 954 1712 1010 illud
1742 955 1861 1012 fieri

272 1027 443 1097 debet,
474 1031 621 1103 quod
649 1039 705 1087 et
742 1034 854 1088 Deo
888 1050 996 1090 non
1027 1035 1330 1108 displiceat,
1366 1049 1419 1094 et
1445 1041 1601 1098 fratri
1621 1045 1860 1101 scanda—

269 1116 377 1172 lum
404 1135 514 1176 non
554 1120 647 1176 sit.
682 1121 801 1177 Etsi
832 1122 993 1180 liceat
1024 1125 1196 1193 enim,
1245 1135 1298 1182 et
1337 1127 1564 1186 fratrem
1617 1134 1860 1190 scanda-

269 1204 412 1274 lizet,
441 1209 556 1264 Deo
601 1224 711 1264 non
742 1212 950 1281 placet;
995 1214 1124 1285 quia
1151 1216 1297 1271 Deus
1327 1218 1492 1274 saluti
1523 1221 1856 1280 studendum

265 1304 472 1351 monet.
522 1295 612 1353 Sic
641 1313 767 1370 ergo
819 1300 1180 1371 providentur
1209 1303 1353 1359 bona
1400 1323 1584 1363 coram
1638 1311 1752 1366 Deo
1803 1318 1858 1366 et

264 1380 600 1452 hominibus,
633 1385 678 1440 si
708 1401 770 1441 ea
800 1403 919 1460 quas
946 1388 1112 1445 licent
1138 1391 1220 1450 sic
1247 1402 1498 1466 agantur,
1534 1412 1603 1452 ne
1633 1397 1856 1454 scanda-

268 1470 379 1527 lum
409 1471 632 1529 faciant.

333 1651 511 1724 (Vers.
555 1655 668 1728 18.)
724 1680 742 1704 ι
772 1656 830 1712 Si
873 1658 992 1714 fieri
1021 1669 1220 1733 potest,
1276 1665 1422 1738 quod
1451 1683 1520 1723 ex
1566 1668 1726 1726 vobis
1754 1680 1856 1742 est,

262 1757 383 1797 cum
416 1743 674 1801 omnibus
702 1745 1026 1805 hominibus
1057 1767 1245 1822 pacem
1270 1753 1552 1813 habentes.
1591 1784 1609 1806 ι
1655 1759 1860 1818 Omnes
1889 1765 1935 1826 B

262 1829 379 1886 vult
436 1832 694 1903 paciﬁcos
755 1851 892 1904 esse,
969 1839 1063 1910 qui
1121 1839 1370 1898 divinam
1429 1855 1651 1902 servant
1700 1849 1860 1919 justi-

258 1918 393 1975 tiam
427 1922 567 1992 (93).
598 1922 818 1979 Viderit
854 1924 898 1981 si
936 1927 1060 1999 quis
1091 1927 1232 1985 hanc
1263 1948 1449 2003 pacem
1481 1918 1770 2008 spreverit,
1801 1947 1864 1995 ut

257 2009 333 2064 sit
370 2009 471 2065 tali
511 2010 634 2067 viro
661 2012 939 2084 inimicus,
973 2033 1098 2074 cum
1127 2028 1221 2076 aut
1272 2024 1597 2094 reprehendi
1627 2027 1765 2085 forte
1795 2030 1862 2085 ab

258 2099 355 2156 illo
407 2118 522 2158 non
553 2105 693 2173 vult,
748 2115 842 2162 aut
886 2107 1101 2166 invidet
1158 2111 1321 2169 bonis
1376 2114 1528 2187 ejus;
1590 2120 1737 2191 quod
1793 2121 1861 2177 ad

261 2189 416 2246 illum
444 2199 626 2248 tamen
657 2195 915 2265 pertinet,
947 2213 1058 2254 non
1089 2199 1370 2259 discordat
1393 2221 1425 2260 a
1473 2189 1619 2264 bene
1637 2211 1862 2281 agenti-

258 2278 376 2337 bus.
440 2281 544 2338 Hic
588 2291 670 2338 est
723 2285 872 2340 enim
926 2287 1284 2360 impaciﬁcus,
1345 2295 1439 2368 qui
1495 2278 1860 2368 praetermissa

261 2371 546 2428 voluntate
599 2373 754 2460 legis,
823 2393 987 2433 suum
1037 2379 1130 2451 jus
1179 2384 1475 2455 sequitur;
1537 2403 1856 2463 quanquam

258 2457 400 2515 dicat
436 2449 652 2519 David}
712 2487 730 2510 ι
762 2463 898 2521 Cum
948 2467 1016 2523 iis
1041 2449 1141 2541 qui
1197 2472 1433 2530 oderunt
1463 2491 1673 2546 pacem,
1707 2495 1856 2536 eram

258 2548 514 2619 paciﬁcus
548 2552 720 2623 (Psal.
743 2571 900 2622 ωαχ,
931 2557 1008 2627 7).
1043 2582 1062 2604 ι
1103 2558 1210 2614 Sed
1232 2559 1336 2618 hoc
1364 2565 1707 2624 necessitatis
1741 2579 1856 2626 erat

258 2644 476 2708 propter
524 2639 824 2710 potentiam
883 2659 1260 2714 personarum,
1320 2658 1381 2704 ut
1430 2653 1515 2708 vel
1575 2652 1855 2728 obsequiis

256 2721 586 2783 humilitatis
617 2729 892 2800 vincatur,
921 2748 1083 2806 quem
1109 2735 1191 2792 sic
1229 2740 1450 2796 extollit
1475 2721 1756 2814 superbia,
1792 2753 1856 2802 ut

253 2814 508 2872 mandata
540 2818 674 2889 legis
712 2832 951 2891 spernat.
983 2824 1168 2880 Potest
1215 2826 1332 2882 ﬁeri
1370 2839 1432 2886 ut
1459 2840 1515 2887 et
1544 2831 1610 2887 de
1653 2832 1855 2890 timore

252 2901 347 2958 Dei
379 2905 668 2975 paciﬁcum
711 2925 767 2964 se
816 2911 939 2982 quis
982 2913 1219 2983 prmbeat
1249 2916 1331 2970 illi
1367 2919 1462 2990 qui
1495 2919 1614 2976 odit
1642 2937 1850 2992 pacem.

253 2989 485 3057 Quando
516 2995 664 3050 enim
697 2996 876 3053 vicem
923 3000 1083 3055 malis
1119 3002 1346 3058 reddere
1377 2989 1488 3060 non
1518 3008 1657 3076 vult,
1691 3010 1854 3080 paci—

249 3079 386 3136 ﬁcus
430 3090 534 3150 est,
565 3083 670 3140 hoc
699 3092 799 3151 est,
840 3085 907 3140 de
936 3086 1084 3142 bono
1117 3090 1337 3146 vincere
1386 3094 1614 3164 malum,
1664 3079 1725 3154 ut
1766 3116 1851 3176 vel
1893 3124 1936 3185 α

247 3168 536 3242 obsequiis
580 3173 854 3239 vincatur,
903 3190 1066 3246 quem
1121 3179 1377 3236 mandata
1415 3183 1548 3256 legis
1580 3203 1694 3243 non
1722 3190 1860 3246 vin-

242 3265 406 3312 cunt.
441 3257 610 3329 Ergo,
657 3283 674 3305 ι
705 3259 750 3316 si
779 3259 901 3316 ﬁeri
929 3271 1127 3333 potest,
1161 3264 1365 3338 inquit,
1397 3273 1543 3344 quod
1590 3291 1660 3331 ex
1699 3279 1858 3337 vobis

247 3352 364 3412 est;
424 3372 444 3396 ρ
496 3356 557 3404 ut
612 3347 750 3405 bene
795 3361 1016 3422 agentes
1057 3371 1244 3426 pacem
1291 3358 1490 3418 habere
1547 3364 1853 3427 videamur.

246 3433 362 3489 Jam
392 3433 442 3490 si
480 3451 592 3492 non
635 3437 805 3495 fuerit
832 3451 1045 3498 amator
1084 3444 1253 3515 pacis,
1286 3455 1347 3502 tu
1394 3457 1597 3509 tamem
1627 3456 1714 3513 vis
1739 3473 1856 3516 esse

250 3522 529 3593 paciﬁcus,
559 3535 830 3597 quantum
859 3528 928 3584 ad
957 3537 1009 3585 te
1038 3532 1295 3603 pertinet.
1328 3536 1385 3592 Si
1415 3549 1597 3598 autem
1629 3544 1850 3603 irreve-

251 3612 470 3683 rensjet
526 3612 882 3685 blasphemus
926 3620 1050 3692 quis
1096 3622 1188 3691 sit,
1243 3632 1299 3680 et
1340 3643 1525 3698 pacem
1573 3649 1700 3689 cum
1757 3635 1855 3692 illo

251 3696 440 3758 habere
474 3717 593 3759 non
640 3705 836 3776 possis,
887 3725 1000 3765 non
1050 3712 1242 3785 utique
1297 3696 1402 3772 tibi
1456 3721 1850 3780 ascribendum

251 3787 381 3857 erit;
436 3792 578 3864 quia
625 3799 720 3856 98
748 3795 986 3854 Joannes
1014 3804 1296 3871 apostolus
1325 3805 1475 3878 illos,
1510 3810 1605 3882 qui
1652 3820 1855 3884 negant

252 3880 303 3936 in
345 3902 508 3944 carne
548 3889 830 3948 Christum
889 3896 1126 3967 venisse,
1177 3916 1280 3958 nec
1310 3905 1539 3962 salutari
1597 3909 1853 3979 permisit

257 3970 336 4041 (ΙΙ
368 3978 532 4034 Joan.
570 3997 672 4050 vn,
713 3982 827 4050 10).
858 3983 970 4040 Nos
997 4001 1124 4059 ergo
1161 3991 1336 4060 parati
1384 3970 1614 4064 sumus;
1642 3997 1690 4054 si
1732 3998 1854 4070 ﬁer,

255 4071 436 4136 potest,
501 4074 571 4124 ut
622 4086 748 4126 cum
795 4072 1056 4130 omnibus
1111 4092 1298 4148 pacem
1329 4078 1664 4142 habeamus:
1727 4088 1854 4146 aliis

251 4158 422 4211 autem
465 4159 914 4228 repugnantibus
962 4161 1057 4220 fiet
1090 4163 1458 4240 impossibile,
1487 4188 1601 4229 non
1624 4190 1694 4231 ex
1738 4193 1850 4234 no-

249 4239 355 4310 bis;
385 4245 431 4301 si
468 4248 548 4303 de
577 4249 736 4304 nobis
767 4258 951 4308 tamen
977 4256 1203 4326 querela
1232 4239 1537 4330 deponatur
1575 4265 1716 4338 (94).
1747 4267 1855 4336 Qui

247 4330 390 4389 enim
417 4336 642 4394 nullum
671 4338 842 4410 laedit,
873 4351 1094 4413 apparet
1114 4361 1228 4400 esse
1249 4348 1528 4419 pacificus.

316 4511 499 4582 (Vers.
587 4516 700 4590 19.)
792 4543 810 4566 ι
837 4518 960 4576 Non
1036 4523 1399 4598 vosmetipsos
1467 4528 1840 4615 defendentes,

249 4599 581 4674 charissimi,
619 4607 712 4663 sed
764 4608 888 4667 date
932 4611 1113 4670 locum
1146 4615 1260 4671 irae.
1293 4643 1312 4665 ι
1374 4618 1442 4675 Ut
1466 4623 1617 4692 pacis
1647 4599 1856 4688 foedera

251 4693 448 4749 servari
537 4697 772 4766 possint,
833 4698 902 4756 ab
972 4700 1053 4758 ira
1113 4703 1583 4766 dissimulandum
1642 4727 1850 4788 monet,

252 4782 482 4839 maxime
547 4785 807 4856 quoniam
864 4790 1001 4846 solet
1067 4809 1166 4864 por
1229 4797 1366 4852 iram
1417 4802 1650 4872 peccari,
1726 4821 1854 4864 cum
1901 4875 1906 4881 ι

250 4871 460 4939 quando
518 4874 648 4946 quis
700 4875 887 4934 furore
932 4891 1265 4954 commotus,
1296 4886 1420 4958 plus
1449 4889 1644 4963 exigit,
1682 4910 1848 4968 quam

253 4961 484 5025 postulet
545 4978 708 5020 causa
738 4965 963 5026 delicti:
1013 4980 1109 5029 aut
1136 4973 1242 5030 sibi
1273 4975 1380 5047 ipsi
1434 4961 1850 5042 incommodum

319 5174 436 5263 {93)
488 5179 575 5235 Ita
615 5179 748 5237 edit.
780 5197 972 5239 omnes
1000 5199 1132 5240 cum
1172 5189 1704 5263 mss.iquibusdam:
1755 5196 1849 5252 alii

253 5256 376 5328 vero
405 5266 552 5329 .mss.
585 5267 696 5329 non
735 5269 912 5329 parvo
934 5271 1189 5329 numero,
1230 5262 1323 5329 qui
1351 5256 1588 5319 divinam
1640 5282 1851 5324 servare

245 5319 506 5381 justitiam
565 5319 825 5406 videmur.
883 5327 967 5406 Si
987 5327 1128 5397 quis,
1174 5319 1264 5406 etc
1304 5350 1318 5397 ;
1369 5337 1617 5406 sequenti
1646 5319 1847 5394 autem

254 5399 433 5526 Enn,
476 5408 582 5465 pro
626 5395 894 5454 inimicus.
930 5395 1091 5455 Rom.
1148 5395 1574 5476 editfreposuit
1615 5409 1849 5482 impaci—

315 5477 394 5518 us.

315 5477 394 5518 us.

323 5532 440 5617 (94)
487 5536 695 5617 Omnes
740 5539 874 5597 edit.
909 5558 978 5617 ac
1031 5559 1163 5600 mss.
1212 5543 1446 5617 aliquot,
1497 5547 1542 5603 si
1583 5549 1646 5606 de
1697 5553 1847 5610 nobis

258 5606 461 5663 tantum
511 5613 726 5680 querela
753 5629 860 5668 non
887 5614 1184 5686 deponatur
1209 5635 1221 5674 :
1272 5606 1455 5676 (fateri
1484 5635 1616 5680 mss.
1647 5606 1846 5682 nobis;

571 5707 810 5773 Panos.
852 5711 1029 5773 XVII.

1372 287 1734 349 COMMENT.
1777 294 1851 350 IN
1887 286 2107 355 EPIST.
2147 298 2245 356 AD
2283 295 2451 362 ROM.

284 385 434 453 etiam
473 414 656 457 coram
703 402 963 460 omnibus
1008 405 1344 468 hominibus.
1377 437 1396 461 ι
1459 413 1754 474 Providere
1784 429 1869 477 est
1896 421 1946 480 Α
1978 429 2218 492 praestat,

3475 326 3578 383 170

2275 424 2322 480 si
2352 427 2601 514 graviora
2649 443 2873 505 peccata
2900 436 3295 514 incompetenti
3325 445 3577 506 vindicta

1975 510 2096 566 vult
2139 513 2398 586 exsequi;
2455 516 2690 576 debilem
2741 523 2889 580 enim
2939 510 3128 599 efﬁcit,
3177 549 3339 606 quem
3394 539 3578 609 potuit

1975 600 2325 657 emendatum
2369 603 2566 662 habere
2613 617 2666 664 et
2714 627 2927 672 sanum.
2963 617 3115 676 Unde
3169 600 3224 678 et
3277 600 3571 686 Salomon:

1991 709 2009 732 ι
2046 689 2192 757 Noli,
2238 692 2334 760 ait,
2362 692 2548 764 justus
2585 714 2700 756 esse
2729 705 3005 774 multum;
3052 718 3133 766 est
3162 711 3335 781 enim,
3370 715 3574 788 inquit,

1977 775 2073 870 qui
2104 778 2245 870 perit
2277 779 2353 870 in,
2377 798 2475 837 sua
2516 783 2734 856 justitia
2767 791 2964 861 (Eccle.
2996 813 3094 864 vu,
3149 800 3261 870 17).
3306 775 3332 850 ι⁷
3370 775 3578 862 Volens

1976 863 2122 917 enim
2153 864 2386 937 singulis
2431 874 2673 941 peccatis
2702 880 3052 950 respondere,
3088 885 3236 942 circa
3264 887 3568 950 vindictam

1975 959 2206 1008 mortem
2263 964 2439 1026 potest
2485 959 2740 1018 invenire
2788 973 2903 1022 tam
2950 969 3077 1038 sibi,
3107 989 3268 1044 quam
3315 979 3365 1032 ei
3413 996 3576 1052 quem

1973 1041 2146 1112 plagis
2186 1043 2408 1116 afﬂigit;
2460 1049 2640 1105 solent
2687 1054 2836 1109 enim
2889 1057 2948 1111 in
2999 1041 3186 1130 poenas
3239 1041 3574 1140 delinquere.

1970 1128 2091 1183 Non
2121 1130 2299 1187 solum
2334 1145 2517 1192 autem
2546 1137 2613 1194 de
2663 1140 2927 1212 subjectis
2977 1128 3285 1208 vindictam
3326 1128 3581 1225 prohibet

1970 1228 2392 1293 competentem,
2423 1226 2518 1282 sed
2548 1235 2601 1283 et
2628 1228 2694 1285 de
2727 1233 2952 1303 paribus
2987 1245 3042 1292 et
3072 1243 3303 1312 magnis,
3337 1245 3443 1303 hoc
3473 1259 3578 1318 est,

1971 1305 2038 1360 de
2066 1307 2233 1365 fratre
2263 1311 2402 1369 forte
2433 1316 2491 1370 in
2523 1333 2621 1372 nos
2651 1329 2907 1390 peccante
2959 1341 3072 1380 non
3102 1345 3412 1400 quaeramus
3443 1337 3580 1393 vin-

1971 1392 2164 1467 dicari,
2224 1401 2350 1487 sed.
2376 1405 2739 1477 remittamus,
2796 1411 2896 1465 Dei
2940 1412 3155 1483 judicio
3212 1431 3576 1494 reservantes,

1970 1498 2058 1552 ne,
2089 1486 2221 1543 dum
2241 1490 2311 1545 ab
2338 1486 2421 1548 ira
2435 1493 2767 1566 detinemur,
2791 1499 3040 1557 inveniat
3062 1503 3243 1563 locum
3272 1509 3558 1584 inimicus,

1967 1573 2028 1628 in
2057 1593 2166 1650 quo
2194 1591 2445 1655 suggerat
2473 1595 2527 1641 et
2555 1586 2801 1659 suadeat,
2842 1593 2992 1664 quod
3011 1606 3205 1654 contra
3234 1616 3335 1657 nos
3363 1614 3463 1661 est.

2053 1723 2072 1746 ι
2100 1700 2377 1774 Scriptum
2460 1715 2542 1762 est
2597 1709 2766 1766 enim.
2805 1738 2823 1761 ι
2921 1714 2990 1770 Ut
3048 1716 3246 1778 fortius
3318 1725 3572 1796 suadeat,

1969 1789 2223 1860 exemplo
2275 1792 2409 1864 legis
2440 1793 2545 1851 hoc
2577 1798 2889 1870 confirmat,
2943 1803 3170 1864 dicens:
3243 1835 3260 1856 ε
3298 1789 3576 1887 Scriptum

1971 1883 2052 1931 est
2080 1878 2251 1947 enim,
2282 1905 2299 1926 ι
2363 1883 2422 1937 in
2451 1884 2766 1944 Proverbiis
2795 1891 2913 1961 (95)
2943 1910 2954 1947 :
3022 1919 3038 1940 ι
3070 1896 3209 1953 Mihi
3241 1878 3570 1974 vindictam,

1971 1972 2023 2019 et
2051 1981 2150 2037 ego
2165 1968 2642 2039 retribuam,dicit
2671 1978 2945 2034 Dominus
2973 1981 3155 2054 (Βάκι,
3179 2003 3362 2058 xxxu,
3391 1991 3511 2064 35).
3546 1968 3565 2041 λ

1976 2053 2046 2109 Ut
2072 2057 2119 2109 si
2173 2059 2401 2116 minime
2443 2079 2476 2117 a
2522 2065 2680 2121 nobis
2737 2068 2852 2138 ﬁat,
2903 2073 3050 2143 quod
3099 2053 3280 2148 docet,
3327 2053 3504 2138 Deum
3548 2101 3580 2140 a

1972 2145 2130 2201 nobis
2168 2157 2542 2223 contemptum
2600 2158 2868 2215 ostendat.
2930 2164 3150 2235 Duplici
3209 2145 3336 2240 ergo
3385 2189 3579 2244 genere

1969 2235 2288 2307 proﬁcitul’,‘
2323 2241 2368 2295 si
2397 2243 2511 2298 Deo
2560 2247 2875 2304 remittatur
2907 2252 3174 2324 vindicta,
3207 2235 3336 2330 quia
3365 2235 3420 2316 th
3449 2279 3575 2318 cum

1965 2322 2310 2382 iracundiam
2368 2331 2562 2402 vincit,
2625 2339 2903 2408 perfectus
2959 2342 3042 2412 ﬁt,
3101 2322 3166 2401 eti
3211 2322 3313 2404 Dei
3361 2348 3576 2420 judicio

1970 2414 2368 2479 vindicabitur.

2469 2555 2487 2577 ι
2520 2533 2576 2589 Si
2620 2537 2880 2594 esurierit
2925 2541 3189 2602 inimicus
3241 2555 3392 2620 tuus,
3453 2551 3577 2609 ciba

1963 2613 2162 2669 illum:
2201 2615 2249 2670 si
2305 2617 2445 2686 sitit,
2495 2632 2688 2690 potum
2719 2626 2788 2679 da
2817 2627 2943 2695 illi;
3005 2631 3112 2686 hoc
3163 2635 3312 2690 enim
3344 2613 3573 2709 faciens,

1965 2706 2231 2760 carbones
2281 2704 2428 2775 ignis
2482 2724 2742 2781 congeres
2800 2731 2965 2786 super
2993 2729 3158 2791 caput
3211 2725 3330 2795 ejus
3382 2729 3571 2798 (Prov.

1964 2809 2103 2859 xxv,
2146 2793 2262 2863 21).
2297 2817 2315 2840 ι
2383 2795 2505 2849 Non
2556 2799 2760 2855 nudam
2806 2803 3110 2862 vindictam
3142 2793 3256 2866 Deo
3305 2793 3574 2875 reservari

1963 2880 2161 2936 debere
2189 2882 2450 2951 ostendit,
2499 2885 2595 2941 sed
2626 2895 2679 2942 et
2719 2889 2987 2950 beneﬁcia
3014 2895 3134 2953 dari
3192 2899 3474 2974 inimicis;
3511 2917 3574 2965 ut

1966 2983 2093 3024 vere
2147 2969 2499 3028 ostendamus
2552 2991 2664 3031 non
2720 2981 2932 3038 meritis
2981 2988 3182 3043 nostris
3212 2988 3413 3049 habere
3468 3011 3570 3052 nos

1965 3055 2241 3124 inimicos,
2272 3076 2408 3131 quos
2453 3072 2512 3118 ut
2544 3065 2612 3119 ab
2643 3067 2957 3127 inimicitiis
2994 3073 3250 3133 desinant
3284 3082 3424 3154 (96),
3455 3084 3566 3140 ob-

1965 3147 2171 3219 sequiis
2218 3148 2438 3205 vincere
2484 3152 2738 3213 nitimur.
2771 3159 2878 3226 Qui
2907 3162 2954 3218 si
2989 3164 3049 3220 in
3080 3166 3397 3228 inimicitiis
3425 3189 3562 3245 per-

1967 3235 2288 3292 duraverint
2333 3238 2616 3312 impietate
2644 3248 2846 3304 mentis
2875 3266 3006 3320 suae,
3066 3265 3253 3313 nostra
3301 3235 3564 3334 obsequia

1966 3325 2256 3397 proficient
2293 3327 2406 3384 illis
2448 3330 2517 3386 ad
2548 3348 2802 3404 poenam:
2849 3347 2944 3394 aut
2981 3350 3126 3399 certe
3173 3325 3566 3420 obsequiorum

1965 3423 2283 3472 nostrorum
2336 3420 2627 3478 sedulitate
2681 3431 3023 3499 compuncti,
3077 3435 3249 3492 veluti
3305 3438 3568 3496 carbones

1966 3506 2172 3561 mortui
2224 3507 2580 3568 reviviscent.
2636 3513 2705 3570 Ut
2759 3531 2887 3588 ergo
2920 3535 3019 3576 nos
3066 3521 3124 3576 in
3170 3531 3384 3583 tantum
3431 3545 3566 3600 per-

1964 3593 2136 3651 fectos
2164 3595 2352 3665 faciat,
2383 3606 2445 3653 ut
2494 3616 2606 3656 non
2635 3604 2816 3660 solum
2864 3623 2966 3664 nos
2997 3609 3166 3682 ipsos,
3197 3615 3292 3670 sed
3346 3625 3400 3672 et
3427 3620 3568 3677 alios

1964 3685 2314 3755 acquiramus
2341 3687 2411 3743 ad
2457 3690 2653 3761 vitam,
2707 3693 2954 3753 inimicis
3009 3716 3120 3756 non
3170 3705 3350 3762 solum
3387 3708 3566 3764 vicem

1963 3773 2189 3829 reddere
2217 3776 2472 3847 prohibet
2500 3781 2772 3838 Dominus
2796 3801 2891 3856 per
2917 3787 3268 3848 Salomonem
3294 3812 3308 3861 ;
3340 3811 3560 3867 .verum

1962 3862 2129 3919 etiam
2159 3865 2473 3924 humilitate
2518 3871 2587 3926 ad
2615 3873 2920 3932 amicitiam
2951 3895 3253 3950 provocare
3286 3862 3559 3942 hortatur.

2037 3989 2220 4062 (Vers.
2251 3992 2368 4066 21.)
2403 4019 2422 4043 ι
2449 3996 2575 4053 Noli
2598 3998 2976 4074 vinciamalo,
3010 4007 3105 4064 sed
3132 4009 3295 4066 vince
3324 4010 3385 4064 in
3415 4010 3562 4068 bono

1964 4081 2194 4139 malum.
2225 4106 2242 4129 ι
2286 4084 2414 4142 Haec
2450 4088 2830 4162 interpretatio
2859 4095 3112 4166 Apostoli
3140 4105 3224 4152 est
3269 4097 3561 4154 cohortan-

1963 4169 2055 4240 tis,
2103 4189 2172 4228 ne
2190 4174 2366 4232 vicem
2414 4179 2709 4237 reddamus
2737 4182 3005 4253 inimicis,
3033 4186 3179 4242 sicut
3208 4185 3423 4244 dictum
3453 4199 3554 4249 est.

1963 4260 2199 4320 Multum
2230 4266 2378 4322 enim
2430 4269 2677 4339 proderit
2706 4271 2888 4340 nobis,
2919 4271 2967 4327 si
3001 4274 3228 4331 malitiae
3259 4277 3554 4349 cedamus;

1964 4350 2140 4409 vincit
2183 4355 2332 4410 enim
2380 4359 2612 4427 malum,
2663 4360 2758 4431 qui
2792 4361 2862 4416 ad
2890 4369 3106 4437 tempus
3157 4367 3305 4424 vinci
3339 4369 3561 4426 videtur

1965 4439 2033 4495 ab
2061 4442 2181 4502 illo.
2212 4444 2432 4500 Etenim
2459 4447 2713 4504 Salvator
2739 4449 2818 4508 sic
2847 4451 2986 4510 vicit
3014 4455 3246 4525 malum,
3278 4456 3412 4514 dum
3442 4475 3556 4515 non

1964 4530 2198 4599 restitit;
2231 4543 2422 4590 contra
2449 4551 2506 4592 se
2533 4538 2682 4595 enim
2703 4539 2816 4612 agit
2843 4543 3076 4614 malitia,
3123 4552 3177 4600 et
3203 4545 3337 4602 dum
3367 4547 3559 4604 vinci-

1964 4627 2075 4688 tur,
2110 4621 2329 4680 vincere
2360 4643 2416 4682 se
2448 4635 2620 4699 putat.
2655 4630 2716 4686 Id
2763 4632 2911 4688 enim
2945 4634 3058 4705 agit
3094 4634 3377 4704 inimicus,
3413 4645 3474 4692 ut
3502 4646 3556 4694 et

1962 4723 2064 4765 nos
2141 4709 2207 4765 de
2269 4718 2552 4785 proposito
2608 4725 2796 4773 nostro
2848 4720 3148 4791 abstrahat,
3207 4724 3552 4781 occasionem

1962 4813 2210 4871 quaerens
2257 4803 2532 4873 quomodo
2579 4821 2884 4876 peccemus.
2918 4808 3046 4865 Ideo
3075 4811 3121 4865 si
3175 4815 3457 4884 provocati
3486 4815 3556 4871 ab

1961 4885 2080 4957 illo,
2125 4891 2300 4946 vicem
2331 4891 2416 4948 illi
2455 4909 2566 4950 non
2612 4895 2926 4969 reddamus,
2970 4901 3250 4959 vincimus
3291 4904 3452 4960 illum
3494 4906 3554 4961 in

1958 4976 2104 5036 bono
2131 4997 2147 5049 ;
2178 4981 2302 5039 ideo
2331 4983 2479 5042 enim
2508 5001 2620 5043 non
2648 4987 2979 5058 resistimus,
3008 5001 3071 5049 ut
3125 4992 3333 5052 bonum
3362 5011 3558 5051 serve-

1955 5210 2082 5281 cum
2137 5196 2387 5281 faciunt:
2417 5203 2491 5257 At
2538 5205 2788 5281 sequenti
2838 5214 2994 5264 textu
3044 5225 3144 5281 pro
3199 5209 3548 5281 defendentes,

1954 5267 2114 5351 Rom.
2147 5270 2302 5351 edit.,
2351 5273 2480 5330 licet
2506 5267 2632 5330 sine
2669 5277 2785 5332 ullo
2813 5294 2981 5336 sensu
3010 5267 3322 5351 commodo,
3352 5267 3553 5336 maluit

1953 5339 2299 5399 vindicantes.

2051 5411 2146 5490 9_5_)
2197 5414 2356 5490 R_om_.
2408 5415 2542 5475 edit.
2589 5419 2929 5490 confoderat,
2978 5421 3037 5476 in
3068 5422 3392 5478 Proverbiis.
3426 5419 3548 5489 Quo

1954 5482 2215 5540 videlicet
2237 5488 2295 5540 in
2320 5487 2748 5548 Deuteronomio
2777 5493 2896 5550 haec
2913 5482 3088 5548 'verba
3116 5499 3355 5548 exstant.

2028 5554 2144 5639 (96)
2177 5556 2329 5639 Cod._
2347 5558 2510 5619 Corb.
2537 5569 2592 5618 et
2618 5563 2842 5635 quidam
2874 5563 2993 5630 alii,
3023 5578 3154 5632 quos
3182 5569 3240 5617 ut
3257 5563 3323 5620 ab
3352 5563 3551 5639 iniqui-

1957 5629 2059 5682 tate
2085 5627 2348 5688 desinant.
