4150 6194
557 327 666 386 171¹
1562 329 1658 384 ΑΙ)
1697 325 1932 385 OPERA
1970 326 2027 383 S.
2067 325 2163 383 AM

2269 325 2401 386 OSII
2440 325 2821 385 APPENDIX.
3747 325 3840 388 172

554 468 698 520 mus,
726 452 971 524 neglecta
1020 451 1244 526 justitia
1279 452 1425 526 (9-7'),
1465 453 1594 526 quia
1621 452 1770 525 cogit
1793 450 2018 524 justitia
2072 451 2142 509 ad

2269 477 2480 544 propter
2515 471 2674 542 iram,
2725 469 2820 528 sed
2865 471 3030 528 etiam
3086 477 3306 544 propter
3355 468 3770 528 conscientiam.
3815 497 3832 519 ι

552 547 990 609 retribueadum.

1149 673 1377 734 CAPUT
1406 675 1557 732 XIII.

627 791 810 865 (Vera.
841 791 921 862 1.)
975 815 996 841 ‹
1025 791 1296 848 Omnibus
1347 791 1709 864 potestatibus
1735 790 2156 848 sublimioribus

555 879 764 939 subditi
784 887 988 948 estote;
1023 895 1133 936 non
1155 887 1235 937 est
1261 879 1408 936 enim
1440 887 1700 954 potestas,
1743 881 1848 936 nisi
1885 898 1917 937 a
1942 881 2078 937 Deo.
2120 905 2138 929 ›

555 968 828 1038 Quoniam
865 969 1100 1026 cmlestis
1125 967 1359 1041 justitiaa
1405 969 1576 1042 legem
1608 969 1942 1043 sequendam
1986 985 2154 1026 man-

553 1057 726 1126 davit,
775 1071 845 1113 ne
901 1056 970 1113 ab
1017 1055 1120 1115 hac
1154 1059 1408 1130 praesenti
1469 1059 1820 1115 dissimulare
1851 1059 2153 1126 videretur,

554 1147 698 1204 hanc
724 1146 1108 1205 commendat:
1143 1147 1348 1221 quippe
1388 1164 1514 1205 cum
1549 1148 1656 1204 nisi
1687 1149 1806 1206 haec
1848 1149 2020 1205 fuerit
2045 1148 2156 1204 ob-

554 1243 790 1304 servata,
840 1236 936 1292 illa
982 1236 1250 1293 custodiri
1279 1253 1390 1292 non
1422 1237 1628 1310 possit;
1662 1237 1781 1295 haec
1822 1239 1970 1294 enim
2001 1237 2156 1310 quasi

554 1324 880 1399 padagogus
927 1333 1031 1397 est,
1079 1341 1200 1399 qua:
1256 1327 1517 1400 parvulos
1565 1327 1786 1395 imbuit,
1832 1335 1895 1383 ut
1943 1326 2157 1399 possint

555 1413 787 1489 potioris
824 1414 1055 1486 justitiaa
1108 1418 1258 1473 viam
1304 1417 1478 1490 sequi.
1533 1417 1751 1473 Nemini
1783 1417 1930 1494 enim
1979 1424 2159 1489 potest

556 1503 819 1576 imputari
849 1502 1247 1574 misericordia,
1304 1505 1413 1562 nisi
1450 1505 1708 1563 habuerit
1748 1505 2049 1577 justitiam.
2087 1505 2157 1563 Ut

555 1611 683 1667 ergo
703 1593 798 1666 jus
842 1601 898 1652 et
942 1595 1199 1652 timorem
1231 1595 1348 1668 (98)
1377 1596 1512 1670 legis
1535 1597 1806 1653 naturalis
1831 1595 2151 1665 conﬁrmet,

553 1685 729 1740 Deum
758 1691 1036 1740 auctorem
1057 1683 1176 1756 ejus
1221 1691 1474 1754 testatur,
1517 1693 1571 1742 et
1617 1685 1992 1743 ministrantes
2037 1701 2157 1742 eam

557 1771 657 1830 Dei
687 1771 1094 1830 ordinationem
1122 1772 1343 1831 habere.
1376 1775 1504 1832 Ideo
1532 1774 1734 1848 adjecit
1765 1793 1778 1831 :

641 1887 661 1910 ι
699 1861 830 1931 Quae
859 1870 1042 1920 autem
1073 1870 1223 1932 sunt,
1270 1881 1303 1920 a
1351 1865 1465 1921 Deo
1521 1864 1776 1922 ordinata
1825 1874 1989 1934 sunt;
2030 1889 2049 1913 ι
2093 1872 2158 1921 ut

557 1967 721 2008 nemo
751 1959 906 2024 putet
948 1953 1104 2026 quasi
1144 1952 1389 2010 humana
1434 1961 1748 2012 commenta
1784 1962 2156 2012 contemnen—

556 2039 663 2110 da;
700 2039 893 2098 vident
921 2042 1067 2099 enim
1093 2041 1185 2114 jus
1229 2042 1485 2101 divinum
1516 2044 1774 2102 humanis
1800 2044 2159 2102 auctoritati-

555 2129 660 2187 bus
692 2127 1035 2203 deputatum.
1090 2131 1194 2190 Hic
1233 2148 1360 2207 ergo
1405 2133 1688 2206 subjectus
1741 2142 1824 2191 est
1870 2132 2156 2208 potestati,

558 2220 655 2295 qui
695 2237 752 2278 se
789 2228 996 2279 terrore
1024 2221 1125 2279 Dei
1169 2223 1288 2296 (99)
1317 2223 1386 2280 ab
1430 2223 1500 2281 iis
1547 2225 1810 2294 abstinet,
1855 2239 1980 2298 quae
2022 2239 2160 2296 pro-

558 2309 734 2368 hibet.

631 2395 816 2472 (Vers.
847 2401 929 2473 2.)
973 2425 991 2450 ε
1029 2403 1217 2476 Itaque
1244 2403 1342 2476 qui
1370 2403 1577 2460 resistit
1609 2403 1888 2479 potestati,
1919 2402 2020 2459 Dei
2059 2418 2162 2458 οι·-

559 2489 837 2547 dinationi
882 2490 1108 2547 resistit.
1151 2517 1170 2541 ι
1233 2493 1348 2549 Hoc
1369 2497 1464 2554 99
1495 2500 1686 2548 contra
1741 2491 1866 2548 illos
1911 2497 2014 2558 est,
2063 2493 2160 2562 qui

566 2602 664 2660 per
686 2587 986 2661 potentiam
1019 2588 1189 2645 fortes
1217 2598 1368 2659 sunt,
1414 2597 1509 2646 aut
1554 2591 1650 2663 qui
1696 2588 1765 2645 ab
1813 2587 2001 2662 aliquo
2054 2587 2164 2644 de-

562 2674 828 2749 prehendi
857 2693 913 2733 se
943 2694 1100 2750 posse
1133 2694 1243 2734 non
1275 2678 1530 2746 credunt,
1561 2685 1615 2733 et
1642 2695 1739 2751 per
1780 2677 1888 2735 hoc
1930 2676 2162 2734 illudere

559 2765 807 2838 selegem
839 2773 1068 2839 putant;
1103 2767 1345 2824 ostendit
1402 2767 1492 2824 his
1533 2768 1645 2824 Dei
1707 2784 1824 2824 esse
1866 2768 2064 2841 legem,
2108 2773 2163 2822 et

560 2869 672 2910 non
701 2870 960 2912 evasuros
983 2855 1260 2928 judicium
1307 2857 1431 2926 Dei,
1454 2856 1548 2930 qui
1601 2855 1669 2912 ad
1723 2865 1938 2930 tempus
1974 2857 2163 2930 aliquo

560 2951 721 3014 pacto
770 2943 1035 3000 evadunt.
1099 2970 1117 2992 ι
1156 2945 1261 3012 Qui
1318 2952 1499 3002 autem
1557 2945 1842 3015 resistunt,
1897 2945 2004 3019 ipsi
2056 2945 2162 3002 sibi

560 3030 974 3088 damnationem
1030 3035 1346 3106 acquirunt.
1389 3057 1408 3082 ι
1471 3033 1826 3090 Manifestum
1889 3025 1972 3090 est
2035 3034 2165 3108 quia

561 3118 941 3192 unusquisque
991 3121 1252 3193 operibus
1298 3121 1413 3178 suis
1457 3130 1555 3178 aut
1591 3120 2010 3194 justiﬁcabitur,
2064 3132 2161 3181 aut

561 3207 1040 3266 condemnabitur.
1102 3209 1209 3278 Qui
1255 3212 1403 3268 enim
1451 3184 1740 3269 audientes
1788 3213 1981 3286 legem,
2019 3229 2159 3287 pec-
2192 3184 2238 3246 δ

560 3304 708 3366 cant,
739 3299 1144 3358 inexcusabiles
1168 3310 1319 3360 sunt.

634 3386 816 3461 (Vers.
872 3388 954 3462 3.)
1017 3413 1037 3438 ε
1071 3391 1209 3448 Nam
1261 3389 1357 3466 qui
1405 3393 1810 3464 principantur,
1875 3408 1987 3448 non
2034 3401 2164 3450 sunt

564 3475 754 3531 timori
780 3476 942 3532 bonis
968 3480 1249 3551 operibus,
1294 3480 1390 3536 sed
1431 3479 1592 3536 malis
1641 3481 1745 3553 (1).
1797 3505 1815 3528 ι
1883 3481 2164 3554 Principes

567 3562 668 3619 hos
698 3581 849 3637 reges
869 3565 1024 3634 dicit,
1059 3569 1152 3640 qui
1187 3577 1408 3642 propter
1453 3570 1834 3642 corrigendam
1876 3570 2070 3639 vitam,
2111 3579 2166 3628 et

562 3649 909 3723 prohibenda
938 3653 1168 3710 adversa
1195 3665 1473 3727 creantur,
1503 3657 1601 3714 Dei
1652 3657 1914 3714 habentes
1960 3656 2166 3730 imagi-

563 3753 713 3808 nem,
745 3747 806 3795 ut
827 3742 930 3797 sub
962 3759 1074 3800 uno
1104 3745 1220 3801 sint
1245 3745 1428 3803 caeteri
1472 3765 1484 3802 :
1532 3771 1551 3795 ι
1590 3746 1690 3805 Vis
1717 3753 1900 3803 autem
1940 3761 2052 3802 non
2081 3744 2167 3802 ti-

563 3853 711 3894 mere
740 3847 1065 3912 potestatem
1087 3843 1116 3899 ?
1136 3843 1352 3902 Bonum
1382 3845 1569 3914 facito,
1601 3853 1655 3902 et
1683 3844 1910 3902 habebis
1945 3843 2165 3901 laudem

561 3953 633 3994 ex
661 3937 775 3994 illa.
819 3964 837 3990 ι
881 3939 1026 3996 Laus
1055 3957 1126 3997 ex
1155 3949 1423 4015 potestate
1453 3952 1587 4002 tunc
1628 3944 1825 4016 surgit,
1856 3960 1983 4000 cum
2041 3941 2166 4016 quis

565 4025 832 4086 innocens
863 4029 1169 4089 invenitur.
1342 4099 1348 4105 _

636 4119 820 4191 (Vera.
853 4120 934 4193 4.)
981 4145 1000 4170 ι
1022 4123 1121 4178 Dei
1133 4122 1280 4178 enim
1304 4122 1558 4180 minister
1584 4131 1666 4179 est
1679 4121 1783 4178 tibi
1803 4122 1858 4177 in
1880 4122 2109 4178 bonum.
2133 4148 2152 4172 ι

565 4207 922 4266 Manifestum
953 4218 1034 4268 est
1062 4211 1188 4270 ideo
1219 4220 1460 4271 rectores
1489 4212 1666 4282 datos,
1699 4229 1769 4269 ne
1796 4212 2004 4268 malum
2047 4211 2162 4269 ﬁat.

577 4318 597 4343 ι
638 4296 695 4352 Si
725 4306 908 4353 autem
940 4289 1304 4373 malefeceris,
1335 4303 1469 4360 time
1496 4321 1509 4372 ;
1542 4318 1654 4358 non
1683 4302 1830 4358 enim
1863 4301 1980 4357 sine
2006 4317 2168 4359 causa

564 4383 809 4456 gladium
839 4394 1038 4457 portat.
1081 4414 1100 4438 ι
1143 4391 1261 4447 Hoc
1288 4400 1391 4458 est,
1422 4392 1546 4449 ideo
1593 4391 1989 4460 comminatur,
2021 4397 2084 4446 ut
2120 4389 2167 4447 si

565 4471 734 4528 fuerit
764 4483 1134 4547 contemptus,
1176 4478 1469 4536 vindicet:
1517 4504 1535 4527 ‹
1575 4481 1674 4537 Dei
1716 4481 1863 4536 enim
1913 4479 2167 4535 minister

2257 561 2422 618 Recte
2452 559 2591 618 dicit
2619 559 2893 633 subjectos
2921 577 3037 618 esse
3067 560 3264 617 debere
3293 577 3403 617 non
3425 561 3608 617 solum
3630 568 3843 633 propter

2262 651 2422 717 iram,
2457 649 2514 706 id
2546 658 2646 720 est,
2679 651 2947 708 ultionem
2986 657 3342 723 praesentem;
3385 649 3527 722 parit
3575 649 3725 707 enim
3772 650 3846 706 ira

2262 739 2566 796 vindictam
2607 758 2618 795 :
2643 740 2737 797 sed
2768 748 2822 796 et
2851 748 3073 812 propter
3098 739 3347 796 futurum
3369 738 3646 811 judicium
3671 757 3686 807 ;
3726 739 3850 816 quia

2262 830 2309 887 si
2341 829 2432 885 hic
2457 829 2753 898 evaserint,
2785 829 2902 886 illic
2944 845 3038 885 eos
3079 845 3240 902 poena
3284 836 3588 901 exspectat,
3632 827 3730 884 ubi
3770 844 3847 884 ac-

2262 929 2488 978 cusante
2519 917 2856 976 conscientia
2882 918 2997 992 ipsa
3035 919 3354 993 punientur.

2337 1025 2521 1099 (Vers.
2546 1025 2624 1100 6.)
2669 1051 2688 1076 ‹
2721 1027 2859 1084 Nam
2917 1025 3128 1084 idcirco
3175 1026 3383 1083 tributa
3428 1025 3702 1100 penditis;
3754 1026 3850 1084 mi-

2264 1117 2426 1175 nistri
2454 1117 2602 1173 enim
2630 1117 2730 1174 Dei
2760 1125 2913 1185 sunt,
2955 1116 3012 1174 in
3073 1116 3181 1174 hoc
3226 1117 3407 1190 ipsum
3463 1117 3782 1174 servientes.
3820 1143 3838 1166 ι

2265 1209 2396 1265 Ideo
2418 1208 2556 1265 dicit
2574 1209 2782 1265 tributa
2811 1208 3076 1281 praestari,
3109 1208 3196 1264 vel
3230 1223 3351 1280 qua
3378 1206 3646 1264 dicuntur
3688 1207 3851 1266 fisca-

2265 1299 2361 1367 lia,
2383 1308 2444 1356 ut
2470 1299 2867 1372 subjectionem
2899 1306 3180 1372 praestent,
3211 1314 3308 1370 per
3341 1315 3507 1372 quam
3533 1297 3714 1356 sciant
3744 1315 3851 1355 non

2265 1407 2324 1446 se
2361 1407 2478 1448 esse
2524 1389 2747 1458 liberos,
2777 1389 2872 1446 sed
2918 1389 3021 1446 sub
3077 1395 3343 1460 potestate
3393 1404 3571 1462 agere,
3614 1403 3734 1461 qua
3788 1405 3854 1444 ex

2265 1481 2378 1536 Deo
2425 1487 2532 1546 est;
2589 1478 2826 1551 principi
2872 1479 3020 1534 enim
3068 1495 3190 1547 suo,
3241 1478 3337 1552 qui
3389 1477 3569 1536 vicem
3596 1479 3696 1536 Dei
3722 1481 3850 1552 agit,

2265 1568 2412 1626 sicut
2445 1570 2559 1624 Deo
2581 1567 2977 1640 subjiciuntur,
3009 1569 3153 1626 sicut
3181 1568 3318 1625 dicit
3335 1569 3529 1626 Daniel
3552 1570 3851 1642 propheta:

2280 1684 2298 1707 ι
2338 1660 2438 1716 Dei
2459 1667 2541 1716 est
2568 1660 2738 1729 enim,
2772 1659 2977 1733 inquit,
3022 1674 3275 1733 regnum,
3322 1667 3376 1716 et
3415 1659 3507 1716 cui
3535 1660 3677 1728 vult,
3706 1659 3854 1717 dabit

2268 1747 2408 1805 illud
2436 1749 2604 1822 (Dan.
2636 1766 2716 1819 IV,
2763 1747 2876 1820 14).
2916 1773 2936 1797 ι
2981 1747 3137 1805 Unde
3193 1757 3247 1806 et
3294 1749 3604 1806 Dominus:
3651 1775 3671 1798 ι
3707 1749 3857 1807 Red—

2188 1816 2234 1877 B
2267 1837 2401 1907 dite,
2430 1816 2634 1912 inquit,
2666 1816 2787 1912 quae
2805 1816 2936 1896 sunt
2960 1839 3208 1908 Czesaris,
3235 1837 3434 1896 Ctesari
3467 1838 3683 1911 (Matth.
3714 1855 3855 1909 xm,

2264 1928 2380 2001 21).
2422 1953 2440 1977 ι
2483 1927 2628 1986 Huic
2654 1945 2783 2002 ergo
2828 1927 3163 2002 subjiciendi
3197 1938 3328 1986 sunt
3363 1929 3507 1986 sicut
3537 1931 3669 1999 Deo,
3703 1930 3858 2003 cujus

2264 2017 2624 2090 subjectionis
2651 2018 2904 2091 probatio
2933 2017 3051 2076 huic
3078 2026 3179 2087 est,
3212 2035 3340 2076 cum
3379 2018 3463 2074 illi
3492 2017 3742 2091 pendunt
3767 2020 3858 2075 tri-

2264 2110 2392 2168 buta
2405 2154 2417 2166 .

2342 2220 2525 2292 (Vera.
2561 2221 2640 2294 7.)
2701 2246 2719 2268 ι
2756 2221 2988 2278 Reddite
3029 2237 3158 2294 ergo
3187 2221 3446 2278 omnibus
3474 2220 3692 2291 debita;
3734 2223 3860 2296 quia

2267 2319 2323 2368 et
2351 2319 2601 2384 potentes
2637 2320 2769 2369 sunt
2821 2311 3099 2369 debitores
3146 2312 3477 2381 minoribus,
3508 2321 3570 2368 ut
3626 2329 3861 2386 respon-

2269 2399 2434 2457 deant
2465 2402 2678 2458 meritis
2721 2402 2966 2458 illorum.
3015 2425 3034 2450 ι
3074 2402 3176 2459 Cui
3211 2401 3503 2473 tributum,
3536 2401 3808 2460 tributum
3845 2423 3858 2460 :

2267 2491 2360 2547 cui
2390 2491 2643 2564 vectigal,
2670 2492 2925 2565 vectigal.
2968 2517 2986 2540 ι
3029 2491 3276 2548 Primum
3307 2509 3370 2550 ea
3415 2510 3536 2568 quae
3581 2503 3710 2550 sunt
3757 2511 3862 2566 po-

2267 2583 2452 2639 testati
2482 2581 2642 2654 regiai
2673 2582 2857 2640 debita
2896 2583 3110 2639 exsolvi
3154 2582 3337 2656 jubet;
3395 2583 3525 2657 quia
3577 2583 3754 2656 major
3806 2585 3863 2638 in

2269 2673 2359 2729 his
2385 2688 2547 2730 causa
2576 2682 2670 2730 aut
2708 2674 3001 2730 necessitas
3030 2681 3130 2730 est.
3177 2699 3196 2721 ι
3233 2673 3335 2732 Cui
3360 2674 3639 2744 timorem,
3686 2675 3861 2731 timo-

2269 2780 2406 2820 rem.
2448 2789 2466 2812 ιι
2508 2763 2784 2819 Timorem
2813 2763 3066 2835 potestati
3097 2763 3497 2833 exhibendum,
3529 2762 3660 2837 quia
3694 2763 3863 2820 timor

2268 2853 2526 2927 prohibet
2552 2863 2832 2927 peccatum
2861 2873 2872 2910 :
2897 2853 3096 2911 deinde
3123 2863 3218 2911 aut
3251 2855 3484 2928 parenti,
3516 2863 3609 2910 aut
3637 2853 3864 2910 domino

2271 2950 2527 3010 terreno;
2556 2951 2618 2999 ut
2645 2943 2845 3015 gratias
2873 2951 2994 3017 agat
3024 2945 3081 3000 in
3110 2944 3228 3001 ﬁlio
3256 2952 3348 3001 aut
3391 2960 3550 3001 servo
3583 2943 3864 3001 Christia-

2270 3048 2364 3090 no.
2411 3058 2430 3082 ι
2468 3033 2571 3092 Cui
2601 3033 2888 3103 honorem,
2919 3034 3205 3090 honorem.
3247 3061 3266 3084 ι
3326 3034 3508 3091 Potest
3556 3033 3646 3088 hic
3681 3031 3867 3089 honor

2271 3123 2436 3180 etiam
2488 3124 2634 3181 circa
2682 3139 2775 3180 eos
2821 3140 2955 3193 esse,
3013 3125 3108 3197 qui
3169 3123 3432 3181 sublimes
3487 3123 3749 3180 videntur
3804 3124 3861 3179 in

2274 3211 2502 3282 mundo,
2535 3219 2596 3268 ut
2627 3211 2878 3268 videntes
2906 3207 3275 3267 humilitatem
3306 3227 3587 3268 servorum
3630 3209 3862 3278 Christi,

2273 3301 2498 3359 laudent
2527 3301 2699 3375 magis
2729 3317 2894 3376 quam
2921 3301 3235 3374 vituperent
3275 3302 3647 3375 evangelicam
3689 3301 3867 3358 disci-

2275 3392 2504 3464 plinam.

2348 3489 2530 3562 (Vers,
2566 3489 2618 3546 8.
2652 3489 2733 3562 9.)
2794 3515 2813 3538 ι
2847 3489 3067 3547 Nemini
3109 3489 3409 3566 quidquam
3454 3490 3715 3559 debeatis,
3760 3491 3870 3548 nisi

2273 3589 2336 3637 ut
2365 3580 2603 3638 invicem
2639 3579 2901 3652 diligatis.
2937 3606 2954 3629 ι
3017 3581 3210 3637 Pacem
3259 3582 3379 3636 vult
3422 3598 3522 3637 nos
3570 3580 3794 3648 habere,
3825 3581 3871 3636 si

2273 3669 2392 3727 ﬁeri
2419 3676 2614 3741 potest,
2657 3685 2784 3726 cum
2829 3668 3107 3737 omnibus,
3154 3669 3509 3726 dilectionem
3560 3687 3692 3727 vero
3739 3687 3871 3727 cum

2273 3758 2559 3826 fratribus,
2606 3768 2660 3816 et
2699 3759 2843 3816 hanc
2871 3768 3074 3828 tamen,
3107 3759 3314 3816 honore
3352 3769 3569 3817 servato
3616 3761 3720 3832 (3).
3772 3761 3877 3817 Id-

2273 3848 2420 3905 circo
2487 3856 2669 3904 autem
2723 3847 2997 3906 debitores
3051 3847 3207 3918 dicit,
3268 3851 3397 3923 quia
3464 3849 3702 3919 homini,
3777 3851 3876 3923 qui

2274 3935 2474 4010 dignus
2526 3937 2736 3994 honore
2792 3944 2892 4006 est,
2951 3938 3068 3995 sive
3130 3939 3409 4011 praesenti,
3477 3941 3594 3997 sive
3657 3940 3875 4008 futuro,

2274 4023 2502 4101 dignum
2559 4037 2641 4086 est
2693 4037 2747 4086 et
2801 4029 3048 4086 debitum
3096 4030 3377 4087 inclinari.
3426 4031 3515 4087 Illi
3554 4031 3700 4088 enim
3746 4031 3880 4103 quis

2276 4117 2599 4188 inclinatur,
2649 4135 2681 4174 a
2715 4135 2823 4192 quo
2876 4119 3141 4176 honorem
3192 4122 3448 4194 accepit;
3497 4119 3620 4177 ideo
3655 4119 3884 4176 debitor

2275 4207 2498 4264 dicitur.
2532 4207 2590 4264 Si
2619 4207 2768 4263 enim
2817 4224 2929 4264 non
2958 4207 3064 4265 hoc
3096 4209 3292 4267 feceris
3329 4209 3565 4283 principi
3609 4216 3724 4276 tuo,
3771 4224 3884 4264 su—

2275 4297 2476 4371 perbus
2503 4314 2595 4366 es;
2641 4305 2736 4355 aut
2765 4297 2913 4354 enim
2951 4298 3150 4356 merito
3180 4299 3324 4373 quis,
3372 4305 3465 4357 aut
3499 4306 3655 4356 aetate
3687 4297 3882 4356 hono-

2275 4387 2482 4443 randns
2519 4395 2620 4445 est.

2361 4510 2379 4535 ‹
2419 4487 2524 4556 Qui
2555 4488 2702 4544 enim
2744 4487 2927 4562 diligit
2953 4489 3295 4563 proximum,
3327 4491 3500 4562 legem
3530 4487 3812 4562 implevit.
3851 4513 3869 4536 -

564 4568 666 4630 est,
702 4561 912 4619 vindex
941 4564 999 4618 in
1028 4564 1193 4634 iram,
1227 4566 1285 4621 in
1315 4582 1440 4622 eum
1481 4569 1575 4640 qui
1608 4569 1747 4625 male
1776 4569 1904 4642 agit.
1947 4594 1966 4618 ι
2005 4569 2166 4638 Quo-
2192 4548 2242 4607 Π
2273 4548 2466 4650 Legem
2498 4578 2664 4633 latam
2689 4596 2720 4634 a
2749 4548 3166 4652 Mopseimplet,
3192 4548 3294 4652 qui,
3313 4548 3495 4652 diligit
3521 4548 3843 4651 proicimum
3868 4594 3884 4643 ;

565 4652 714 4709 niam
764 4653 1018 4711 futurum
1065 4655 1339 4729 judicium
1391 4660 1537 4714 Deus
1579 4659 1790 4728 statuit,
1837 4669 1891 4717 et
1947 4661 2164 4716 nullum

565 4744 746 4816 perire
793 4747 936 4814 vult,
987 4746 1094 4805 hoc
1140 4748 1201 4804 in
1251 4750 1453 4806 saeculo
1506 4759 1746 4808 rectores
1775 4751 2078 4820 ordinavit,
2108 4757 2171 4806 ut

564 4840 776 4889 terrore
816 4833 1164 4908 interposito,
1196 4837 1457 4895 omnibus
1504 4841 1657 4896 velut
1706 4841 1984 4913 paedagogi
2033 4840 2166 4910 sint,

565 4921 880 4980 erudientes
908 4924 1035 4982 illos
1064 4926 1200 4999 quid
1220 4937 1461 4998 servent,
1491 4946 1560 4986 ne
1590 4931 1647 4986 in
1671 4947 1889 5002 poenam
1919 4929 2172 4986 incidant

566 5011 742 5067 futuri
769 5011 991 5084 judicii.

639 5099 824 5174 (Vers.
845 5102 928 5175 ὅ.)
962 5124 981 5149 ε
1010 5101 1249 5176 Ideoque
1276 5103 1487 5160 subditi
1517 5113 1690 5162 estote
1713 5106 1819 5179 (2),
1850 5121 1962 5162 non
1986 5107 2167 5164 solum

641 5247 759 5330 (97)
807 5247 936 5304 Mss.
987 5246 1178 5330 φοι-1).)
1222 5247 1521 5330 utubonum
1567 5265 1831 5306 servemus
1890 5250 1963 5307 ad
2012 5252 2168 5307 retri-

571 5319 856 5388 buendum,
895 5321 1123 5390 neglecta
1137 5319 1373 5389 justitia.

642 5391 760 5466 (98)
790 5391 942 5473 Mss,
973 5391 1204 5473 aliquot,
1253 5397 1311 5446 ut
1357 5409 1477 5463 ergo
1524 5390 1677 5462 justa
1729 5392 1972 5461 timeris;
2034 5395 2169 5469 qui-

573 5463 791 5532 dam,...
815 5464 910 5532 jus
942 5481 1008 5520 ea:
1039 5463 1244 5518 timore.

647 5481 791 5532 m,...
849 5481 910 5519 us
942 5481 1008 5520 ea:
1039 5481 1244 5518 umore.

643 5535 759 5616 (99)
790 5481 1058 5592 i‘fonnulli
1077 5551 1206 5590 mss.
1229 5542 1284 5591 et
1314 5533 1446 5591 Gill.
1479 5533 1536 5588 in
1556 5537 1858 5607 marg.,qui
1884 5553 1938 5591 se
1968 5543 2170 5594 terrore

575 5604 727 5746 18%;).
757 5677 883 5735 Mss.
913 5695 1025 5736 non
1055 5678 1237 5752 pauci,
1278 5695 1385 5736 non
1430 5685 1552 5736 sunt
1599 5679 1779 5736 timori
1817 5679 1938 5739 boni
1973 5685 2167 5757 operis,

2277 4683 2403 4724 nam
2434 4685 2590 4725 novae
2623 4669 2759 4742 legis
2789 4669 3106 4726 mandatum
3141 4678 3223 4727 est
3251 4671 3414 4726 etiam
3446 4667 3702 4724 inimicos
3732 4666 3886 4723 dili—

2279 4773 2401 4830 gere
2438 4759 2650 4828 (Matth.
2694 4775 2749 4826 v,
2794 4757 2909 4829 43).
2963 4786 2980 4806 ε
3020 4760 3156 4815 Nam
3204 4776 3316 4816 non
3363 4757 3719 4826 adulterahis,
3764 4772 3887 4812 non

2279 4845 2514 4912 occides,
2543 4861 2654 4902 non
2688 4845 2976 4917 furaberis,
3007 4865 3121 4904 non
3151 4849 3504 4920 concupisces
3535 4840 3740 4920 (Exod.
3778 4864 3887 4916 xx,

2282 4933 2489 5002 13,14,
2532 4935 2619 5004 15,
2665 4936 2777 5004 17).
2821 4962 2840 4986 ι
2896 4938 3013 4994 Hoc
3041 4938 3255 5011 Moyses
3299 4939 3566 5010 scriptum
3605 4938 3824 5010 accepit
3854 4953 3890 4992 a

2277 5023 2392 5079 Deo
2420 5022 2487 5079 ad
2517 5024 2964 5082 reformationem
2997 5028 3132 5100 legis
3172 5029 3456 5085 naturalis.
3503 5052 3522 5075 ι
3550 5027 3622 5084 Et
3650 5029 3697 5083 si
3727 5026 3891 5100 quod

2277 5120 2359 5170 est
2386 5113 2536 5170 aliud
2567 5115 2908 5186 mandatum,
2951 5117 3010 5173 in
3053 5117 3160 5177 hoc
3207 5119 3374 5176 verbo
3415 5124 3886 5183 consummatur;

2277 5256 2625 5466 :Zfliiss.
2691 5329 2955 5404 aliquot:
3024 5333 3249 5405 Ideoque
3318 5333 3616 5390 necessitate
3679 5333 3901 5390 subditi

2348 5471 2436 5547 (3)
2464 5469 2729 5547 Nonnulli
2760 5491 2914 5544 mss.,
2943 5493 3060 5531 cum
3093 5476 3399 5547 fratribus;
3419 5477 3577 5534 ethoc
3603 5478 3706 5532 erit
3735 5478 3900 5533 nulli

2324 5543 2568 5624 uidquagt
2599 5543 3125 5624 _debere,_uuieuique
3157 5550 3218 5607 in
3247 5551 3356 5607 loco
3380 5543 3492 5608 suo
3518 5549 3746 5624 oﬂoium
3777 5567 3900 5606 ea:-

2314 5614 2472 5686 ibers,
2506 5617 2609 5686 Qui
2633 5617 2770 5675 enim
2789 5614 2993 5691 diligit,
3022 5614 3128 5680 etc.
