4150 6194
1349 235 1712 304 COMMENT.
1758 248 1832 308 IN

1652 372 1849 434 -hoc

1727 465 1854 522 nti-

1749 554 1849 610 im-

263 611 388 683 pleri
426 615 600 687 legem
632 617 928 692 signiﬁcat,
959 623 1106 682 sicut
1133 627 1279 688 dixit
1311 648 1323 686 :
1379 651 1442 693 ac
1497 638 1544 693 si
1587 640 1700 697 sint
1741 644 1852 702 alia

259 701 522 772 mandata,
562 721 682 778 quae
737 724 887 767 nunc
945 714 1138 784 tacuit,
1186 725 1372 780 tamen
1427 741 1526 797 pro
1587 731 1847 789 omnibus

259 791 522 850 mandatis
575 794 801 854 dilectio
839 801 1130 861 satisfecit.
1161 807 1301 865 Nam
1347 812 1391 866 si
1427 791 1495 870 se
1538 815 1842 878 humanum

257 896 419 954 genus
463 884 528 940 ab
557 893 698 950 100
729 889 896 948 initio
949 892 1254 967 dilexisset,
1288 902 1554 977 iniquitas
1592 909 1650 965 in
1680 912 1845 969 terris

255 994 358 1034 non
386 991 519 1038 esset
544 1002 556 1050 ;
603 985 903 1043 exordium
935 992 1078 1048 enim
1117 995 1405 1067 injustitiie
1431 1002 1710 1062 discordia
1736 1019 1838 1067 est.

254 1064 478 1143 Ideoque
505 1071 824 1146 iniquitatis
853 1077 1073 1138 dilectio
1105 1064 1371 1158 iniquitas
1396 1101 1498 1161 est,
1531 1095 1662 1168 quia
1690 1064 1840 1172 quod

250 1159 394 1215 malo
419 1162 624 1218 malum
653 1174 752 1234 est,
783 1167 932 1227 bono
956 1171 1169 1232 bonum
1199 1186 1283 1234 est
1315 1179 1424 1255 (4).

322 1283 500 1356 (Vers.
535 1287 644 1360 10.)
688 1313 706 1336 ι
734 1289 970 1350 Dilectio
1001 1299 1245 1369 proximi
1277 1306 1483 1364 malum
1513 1326 1623 1368 non
1645 1330 1837 1386 opera-

246 1379 371 1441 tur;
406 1375 686 1446 plenitudo
706 1381 854 1438 enim
890 1383 1026 1458 legis
1055 1397 1138 1446 est
1165 1391 1412 1452 dilectio.
1443 1423 1460 1445 ι
1495 1375 1699 1460 Malum
1724 1421 1835 1462 non

247 1470 515 1535 operatur,
553 1467 684 1541 quia
707 1469 856 1528 bona
881 1483 963 1531 est
993 1476 1240 1552 dilectio,
1273 1500 1375 1542 nec
1403 1503 1626 1560 peccare
1656 1504 1834 1566 potest

245 1549 333 1607 illa
362 1553 461 1628 (5),
495 1571 613 1628 quae
646 1557 784 1650 legis
808 1570 890 1619 est
921 1567 1206 1638 perfectio.
1225 1549 1342 1630 Per
1394 1549 1528 1650 legis
1569 1549 1831 1641 ver‘ba

245 1655 447 1698 sensum
466 1647 846 1718 evangelicum
875 1654 998 1710 vult
1026 1661 1334 1728 pervenire.
1357 1647 1488 1722 Ideo
1510 1669 1657 1725 enim
1683 1672 1830 1745 quod

242 1745 500 1789 summum
557 1745 640 1793 est
687 1739 846 1811 legis,
893 1756 1180 1818 memorat,
1213 1759 1276 1807 ut
1303 1751 1437 1812 huic
1465 1757 1828 1832 Evangelium

241 1820 420 1889 s'ociet,
451 1824 744 1884 ostendens
792 1832 959 1888 unius
1006 1850 1124 1892 esse
1169 1855 1390 1899 sensum
1435 1849 1693 1905 auctoris.
1724 1852 1830 1908 Sed

241 1907 365 1979 quia
413 1918 660 1984 tempore
701 1916 903 1975 Christi
945 1921 1144 1981 addere
1174 1929 1387 2003 aliquid
1415 1936 1681 2006 oportuit,
1715 1907 1828 1997 non

237 1996 409 2054 solum
461 2005 772 2076 proximos,
831 2010 928 2067 sed
995 2014 1255 2076 inimicos
1335 2022 1493 2096 diligi
1569 2033 1829 2103 praecepit

246 2086 445 2159 (Matth.
473 2109 530 2161 v,
566 2093 682 2169 44).
719 2097 874 2156 Unde
926 2103 1229 2166 subditur:
1300 2135 1318 2158 «
1359 2086 1652 2174 Plenitudo
1692 2086 1827 2194 legis

239 2186 309 2233 est
361 2179 627 2252 dilectio;
691 2210 710 2235 ι
781 2198 842 2245 ut
865 2189 1086 2261 justitia
1114 2197 1186 2254 sit
1214 2198 1442 2273 diligere
1481 2179 1820 2282 proximum,

233 2268 494 2331 abundans
531 2293 670 2333 vero
709 2288 766 2336 et
802 2283 1041 2354 perfecta
1085 2287 1305 2360 justitia
1349 2295 1514 2353 etiam
1562 2300 1819 2360 inimicos

228 2359 450 2434 diligere.
510 2366 819 2427 Inimicum
867 2383 1049 2432 autem
1091 2359 1328 2452 diligere
1367 2387 1502 2458 quid
1532 2391 1682 2447 aliud
1712 2402 1814 2464 est,

227 2464 368 2523 quam
399 2462 596 2526 optare
628 2456 878 2517 desinere
908 2463 1068 2521 illum
1108 2468 1174 2524 ab
1204 2471 1354 2540 odio,
1383 2456 1452 2530 _et
1483 2477 1627 2534 nihil
1671 2456 1820 2554 aspe-

226 2555 331 2596 rum
363 2551 546 2614 petere
582 2546 845 2608 adversus
875 2551 1077 2613 illum?
1106 2559 1232 2632 Hoc,
1263 2573 1346 2619 est
1403 2581 1584 2624 amare
1637 2568 1819 2643 illum,

231 2645 283 2684 ea
308 2631 384 2689 illi
413 2647 686 2710 exoptare
717 2656 812 2712 per
843 2659 961 2716 quae
990 2647 1165 2705 Deum
1214 2650 1412 2712 habeat
1463 2660 1765 2732 propitium

230 2716 330 2778 hac
376 2727 627 2784 caelestis
657 2727 895 2800 justitia,
945 2733 1064 2793 haec
1095 2739 1207 2794 Deo
1240 2741 1389 2799 Patri
1426 2716 1637 2806 similes
1664 2750 1817 2823 facit,

229 2809 309 2881 qui
336 2828 440 2869 non
470 2817 801 2876 colentibus
831 2838 887 2878 se
915 2839 1098 2883 annua
1145 2829 1291 2887 dona
1324 2832 1576 2907 largitur.
1603 2841 1739 2897 Nam
1766 2809 1820 2898 et

223 2897 469 2960 Dominus
531 2907 599 2963 in
652 2925 814 2966 cruce
866 2914 1078 2985 positus
1140 2922 1383 2990 postulat
1429 2941 1529 2996 pro
1576 2927 1819 2990 inimicis

224 2987 359 3055 (Luc.
389 3008 563 3063 χχιιι,
600 2997 714 3068 34),
747 3009 808 3055 ut
836 2987 1240 3073 plenitudinem
1266 2987 1498 3082 justitiae
1528 3033 1691 3091 quam
1722 2987 1816 3078 do;

217 3089 413 3151 cuerat,
444 3083 877 3146 demonstraret.

280 3195 459 3268 (Vers.
492 3201 616 3274 11.)
665 3227 682 3251 ‹
710 3204 782 3261 Et
819 3205 926 3265 hoc
968 3211 1206 3271 scientes
1252 3223 1490 3292 tempus,
1541 3226 1808 3297 quoniam

210 3282 332 3342 hora
359 3297 442 3347 est
469 3307 583 3348 nos
604 3291 718 3366 jam
748 3293 816 3352 de
846 3315 1060 3357 sommo
1089 3320 1324 3377 surgere.
1362 3333 1381 3358 ι
1426 3309 1665 3384 Tempus
1693 3333 1809 3374 esse

209 3371 352 3445 dicit,
391 3395 502 3452 quo
535 3381 612 3437 ad
638 3387 897 3444 meritum
926 3371 1532 3462 proﬁcere-debeamus.
1557 3371 1674 3463 lioc
1702 3415 1804 3479 est,

217 3486 235 3511 ι
260 3463 320 3523 de
346 3486 552 3528 somno
583 3489 826 3548 surgere,
859 3504 878 3527 ι
929 3484 1144 3554 operari
1173 3484 1404 3559 bonum,
1429 3493 1585 3566 quasi
1601 3495 1659 3551 in
1690 3497 1802 3570 die,

207 3551 295 3612 hoc
321 3569 418 3630 est,
438 3563 628 3634 palam
652 3581 666 3631 ;
700 3565 898 3624 illicita
925 3551 1074 3629 enim
1098 3585 1280 3644 nocte,
1305 3579 1364 3636 id
1381 3551 1464 3638 est
1484 3583 1542 3640 in
1573 3551 1798 3645 abscon:

203 3641 322 3716 dito,
351 3647 521 3709 ﬁunt.
550 3652 672 3710 1am
700 3655 848 3714 enim
880 3658 940 3715 in
969 3641 1416 3727 manifestatione
1444 3673 1632 3745 positi,
1652 3679 1800 3750 quod

200 3743 268 3791 est
293 3739 346 3795 in
374 3742 592 3800 notitia
618 3746 719 3804 Dei
749 3748 854 3821 (6),
878 3766 1234 3824 agnoscentes
1264 3761 1398 3834 quid
1428 3739 1583 3838 sequi
1605 3739 1797 3825 debea-

196 3839 319 3896 mus,
349 3828 484 3889 dare
519 3849 745 3905 operam
779 3836 1065 3912 debemus,
1115 3854 1175 3903 ut
1229 3828 1367 3919 pure
1421 3851 1674 3910 viventes
1727 3857 1796 3914 ad

194 3919 518 3986 promissum
552 3928 842 3998 praemium
884 3932 1195 4007 veniamus,
1225 3954 1458 4000 excusso
1485 3959 1703 4015 somno,
1735 3945 1793 4005 id

189 4014 257 4062 est
279 4008 606 4083 ignorantia
637 4016 758 4073 sive
787 4021 1141 4096 negligentia.

252 4148 270 4172 ι
295 4125 558 4197 Propior
583 4130 728 4188 enim
757 4142 840 4190 est
868 4153 1018 4194 nunc
1045 4150 1234 4200 nostra
1262 4147 1433 4218 salus,
1462 4167 1629 4224 quam
1659 4169 1787 4213 cum

179 4213 551 4270 credidimus.
602 4239 621 4274 η
662 4218 1020 4280 Manifestum
1057 4238 1162 4297 est,
1193 4233 1323 4302 quia
1350 4213 1786 4307 post-lavacrum

179 4298 302 4360 bene
360 4303 653 4374 viventes,
709 4315 766 4364 et
821 4309 1081 4369 charitati
1120 4298 1419 4392 studentes,
1459 4344 1570 4386 non
1623 4298 1784 4406 longe

173 4399 286 4449 sunt
321 4408 360 4449 ε
389 4403 605 4452 merito
649 4402 1078 4460 resurrectionis
1121 4409 1425 4478 promissae.
1457 4415 1604 4475 Bona
1631 4422 1781 4482 enim

173 4481 274 4537 vita
301 4483 627 4542 Christiani
657 4489 874 4563 signum
902 4501 985 4550 est
1013 4496 1212 4554 salutis
1238 4497 1441 4558 futurae
1460 4504 1564 4577 (7).

236 4589 428 4664 (Vers.
469 4592 590 4668 12.)
637 4621 654 4643 ι
700 4599 821 4656 Nox
873 4608 1171 4677 praecessit,
1203 4607 1325 4666 dies
1362 4617 1546 4669 autem
1576 4631 1780 4689 appro—

233 4709 309 4798 (ᾗ)
342 4712 443 4798 Sic
473 4728 671 4797 omnes
699 4717 829 4798 edit.
859 4728 912 4798 et
945 4725 1168 4796 quidam
1215 4746 1385 4796 mss.;
1438 4733 1535 4789 alii
1584 4747 1772 4798 autem

170 4781 331 4881 multo
349 4789 598 4881 Lplures,
635 4788 936 4881 iniquitatis
961 4781 1183 4881 ‘dilectio
1215 4781 1446 4881 “inimica
1491 4814 1607 4873 est;
1643 4813 1772 4881 quia

169 4855 292 4951 quqd
345 4855 554 4911 bonum
612 4855 951 4951 esu—Ronan:
999 4877 1094 4951 est,
1130 4879 1179 4951 et
1223 4855 1618 4951 quodniiia'l'arn
1644 4855 1767 4951 ’55:

169 4928 356 4981 malum
384 4937 464 4983 est
481 4947 508 4994 ;
555 4933 814 5014 nonnulli
861 4936 1044 5014 etiam,
1075 4928 1370 5014 iniquitatis
1407 4949 1620 5008 dilectio
1650 4928 1768 5010 ini:

168 4998 326 5085 quita:
379 5007 486 5069 est,
538 5003 626 5058 sed
672 5005 800 5074 quia
855 5010 997 5064 malo
1030 4998 1240 5072 'malz'tm

228 5111 302 5214 (5)
336 5141 490 5225 ϐίη..
506 5151 562 5200 et
591 5145 745 5238 item.
777 5147 1068 5238 edit..._cum
1099 5169 1210 5211 uno
1240 5159 1547 5238 vel__altero
1600 5183 1756 5238 mss.,

166 5223 238 5310 γε
268 5216 712 5310 pefcarinpotest
753 5238 850 5292 per
878 5224 1098 5306 illam...
1129 5216 1473 5301 evangelicum
1495 5216 1755 5310 pervenit:

168 5281 460 5390 Αωθτδλθί
493 5281 802 5390 Ρῖῖἥιουῖη
829 5298 1200 5390 Famam,
1224 5281 1312 5357 πὲσ
1334 5281 1751 5390 Ρςροαῗέζξεηιειξ

168 5364 352 5390 Μρηιοι
409 5375 484 5390 mn
514 5377 564 5390 an
611 5379 626 5390 ι
677 5380 706 5390 ι-
810 5381 990 5390 ..μ-.-4-
1022 5388 1028 5390 _
1056 5388 1079 5390 ,_
1109 5387 1149 5390 κ.-

163 5361 1156 5444 ξαεωνελροιεξι,ἱιιᾳητεῦαηῃειίσιιτη
1181 5361 1421 5444 pervenit
1437 5396 1459 5444 ;

169 5420 472 5493 frequentas
505 5439 566 5487 ut
597 5431 652 5488 in
685 5441 860 5493 textu.

281 5499 294 5578 )
321 5501 456 5578 ξεί.
478 5502 725 5578 aliquot,
756 5510 895 5578 quod
920 5517 994 5567 est
1018 5512 1314 5573 innocentia
1341 5519 1459 5578 Dei.

321 5501 456 5558 Mss.
493 5502 725 5587 aliquot,
756 5510 895 5578 quod
920 5517 994 5567 est
1018 5512 1314 5594 innocentia
1337 5519 1459 5600 _Dei.

280 5583 299 5640 )
333 5569 500 5629 Haud
551 5591 713 5703 Eauci
764 5596 891 5637 mss.
926 5586 1154 5644 vocnbus
1182 5591 1345 5671 saluti
1374 5591 1577 5682 futura
1602 5597 1747 5680 sub-

225 5646 525 5703 mutilum
581 5655 857 5703 antizatur
883 5671 1004 5703 "an
1040 5674 1399 5703 unamnuunun
1439 5666 1512 5703 ηΑ
1538 5685 1742 5703 mansum

164 5639 364 5699 texunt:
378 5646 525 5704 Cum
551 5639 857 5721 baptizatur
883 5639 1017 5730 ergo

1868 249 2090 314 EPIST.
2131 257 2230 316 AD
2266 261 2436 323 BOM;
3456 295 3559 357 174

1879 378 1932 442 Α·
1953 379 2266 454 pinquavit.
2299 412 2319 437 ι
2348 390 2579 453 Noctem
2604 406 2844 460 veterem
2875 405 3157 470 hominem
3188 413 3572 487 signiﬁcavit’,

1961 470 2057 542 qui
2088 488 2185 544 per
2212 475 2547 550 baptismum
2574 486 2872 554 innovatus
2901 504 3002 555 est.
3029 498 3189 560 Hunc
3219 470 3571 576 praecessisse-

1961 556 2098 615 dicit
2142 567 2295 638 quasi
2353 581 2593 646 noctem,
2643 578 2789 639 diem
2839 595 3022 645 autem
3064 596 3554 674 appropinquasse,

1961 645 2114 674 ηυξ-η
2150 651 2282 674 In“:
2404 662 2475 674 ιη.
2635 667 2645 674 .

2578 645 2582 646 ,
3069 645 3189 665 ~—rr—
3207 645 3554 674 'r'“‘.l‘“"‘""',

1959 645 2118 718 cujus
2147 651 2357 714 lumine
2397 662 2480 734 (8)
2530 667 2735 727 veritas
2776 674 2940 734 nobis
2977 684 3251 754 apparuit,
3283 695 3345 745 ut
3372 691 3560 749 scire-

1956 752 2080 850 mus
2129 745 2262 816 quid
2306 766 2463 822 agere
2519 755 2830 833 debeamus,
2862 766 3022 826 Prius
3052 774 3200 832 enim
3240 777 3555 850 ignorantes

2003 825 2154 850 ῑ.-;-ι.
2294 838 2304 846 ⁸
2381 848 2389 850 Α
2504 843 2518 850 ’⁵
2576 847 2585 850 “

1956 823 2259 902 Christum,
2289 838 2346 892 in
2374 843 2617 902 tenebris
2655 866 2872 911 eramus
2905 872 2918 910 :
2969 867 3026 915 at
3081 862 3175 919 ubi
3231 823 3569 944 didicimus,

1956 913 2049 944 Ιην
2083 917 2135 944 ε..
2169 923 2319 944 ..-ι-’ν
2427 938 2438 944 -
2572 941 2580 944 -
2835 942 2841 944 ’
2896 943 2903 944 '

2034 1121 2054 1145 ι
2082 1101 2426 1174 Abjiciamus
2447 1128 2575 1187 ergo
2604 1133 2768 1191 opera
2785 1126 3159 1204 tenebrarum,
3175 1143 3230 1194 et
3248 1138 3546 1204 induamur

1947 1200 2099 1244 arma
2151 1191 2309 1253 lucis.
2369 1225 2388 1248 ι
2431 1202 2803 1269 Tenebrarum
2851 1233 3015 1289 opera
3053 1234 3184 1282 sunt
3214 1227 3330 1285 vita
3360 1248 3546 1290 carna-

1948 1273 2018 1382 l‘is
2075 1279 2180 1352 (9),
2236 1302 2364 1358 qum
2414 1291 2690 1355 illecebris
2734 1273 3317 1374 agitursaecularibus
3357 1273 3545 1382 :wbaac

1946 1365 2110 1440 digna
2137 1381 2219 1429 est
2247 1378 2507 1452 tenebris,
2540 1386 2686 1444 sicut
2723 1365 2859 1449 dicit
2888 1365 3159 1459 Dominus
3194 1421 3207 1459 :
3274 1431 3293 1454 ι
3344 1409 3543 1470 Tollite

1943 1456 2127 1530 illum,
2159 1471 2212 1518 et
2251 1466 2432 1540 ligatis
2482 1477 2740 1537 manibus
2767 1490 2821 1539 et
2849 1456 3333 1560 pedibus,ﬁmittite
3358 1499 3418 1554 in
3448 1508 3541 1559 te-

1943 1548 2139 1655 nebras
2168 1558 2470 1653 exteriores
2505 1564 2722 1636 (Matth.
2754 1548 2896 1646 xxii,
2929 1580 3046 1655 l3).
3148 1584 3380 1645 Induere
3411 1606 3543 1651 vero

1940 1653 2092 1695 arma
2122 1641 2264 1701 lucis
2290 1659 2441 1719 gesta
2467 1664 2599 1713 sunt
2627 1659 2808 1732 bona;
2869 1641 3016 1741 quia,
3039 1672 3184 1729 sicut
3228 1678 3362 1732 mali
3388 1688 3544 1739 actus

1863 1745 1911 1807 Β
1940 1729 2183 1788 tenebris
2209 1734 2566 1816 deputantur,
2598 1751 2728 1824 quia
2773 1729 2989 1814 occulte
3033 1760 3176 1818 ﬁunt
3224 1763 3294 1821 ab
3342 1767 3412 1824 iis
3449 1773 3553 1851 qui.

1940 1825 2079 1851 ηηιΑ
2139 1839 2300 1851 -_--_.
2412 1835 2446 1851 ..
2571 1845 2580 1851 .
2709 1843 2767 1851 .-

1940 1825 2081 1881 male
2136 1839 2346 1902 agunt;
2406 1835 2482 1890 ita
2530 1845 2587 1894 et
2627 1843 2722 1915 qui
2751 1843 2890 1904 bene
2919 1860 3108 1922 agunt,
3143 1855 3322 1925 palam
3352 1825 3542 1932 agunt,

1939 1913 2068 1985 quia
2097 1931 2208 1972 non
2238 1931 2517 1995 verentur,
2550 1913 2658 1985 sed
2677 1932 2934 2004 gaudent.
2958 1939 3098 1997 Boni
3128 1957 3256 2016 ergo
3284 1953 3439 2005 actus
3459 1966 3543 2007 ar-

1938 2019 2028 2059 ma
2052 2004 2192 2063 lucis
2221 2020 2373 2082 sunt,
2405 2015 2793 2092 impugnantes
2816 2028 3090 2102 tenebras,
3106 2049 3226 2108 qua:
3249 2051 3385 2100 sunt
3403 2042 3542 2116 vitia

2011 2183 2193 2254 (Vers.
2230 2189 2342 2264 13.)
2388 2217 2407 2241 ι
2446 2195 2602 2255 Sicut
2632 2201 2692 2258 in
2720 2203 2810 2262 die
2837 2206 3070 2270 honeste
3097 2215 3463 2284 ambulemus.
3506 2253 3549 2277 ι·
3604 2260 3612 2267 -

1937 2269 2147 2332 Verum
2177 2287 2299 2350 est;
2332 2293 2393 2340 ut
2421 2289 2551 2360 quia
2578 2293 2800 2364 publice
2829 2316 2940 2357 non
2971 2312 3249 2382 peccatur,
3275 2315 3356 2373 sic
3401 2332 3546 2391 aga-

1936 2374 2059 2478 mus
2091 2371 2369 2437 quomodo
2398 2376 2580 2448 agitur
2608 2382 2830 2454 publice
2853 2406 2869 2457 ;
2928 2371 3073 2450 nihil
3102 2371 3250 2458 enim
3281 2371 3537 2478 minii;—

1933 2447 2164 2524 blicum,
2198 2474 2360 2532 quam
2394 2447 2620 2525 veritas:

2016 2564 2036 2588 ε
2075 2543 2197 2601 Non
2225 2548 2282 2603 in
2313 2559 2806 2622 comessationibus
2834 2575 2890 2623 et
2933 2570 3309 2638 ebrietatibus.
3355 2609 3374 2632 ι
3416 2584 3532 2643 Co-

1932 2638 2290 2698 messationes
2319 2655 2450 2702 sunt
2478 2649 2766 2712 luxuriosa
2793 2662 3074 2735 convivia,
3104 2683 3226 2740 quae
3274 2684 3371 2732 aut
3419 2679 3529 2734 col-

1933 2719 2026 2740 ,__.
2314 2733 2323 2740 .

3111 2719 3224 2740 ,πη
3274 2719 3371 2732 ...η
3419 2719 3527 2734 νυν

1931 2719 2137 2783 latione
2176 2733 2424 2793 omnium
2479 2742 2846 2818 celebrantur,
2892 2761 2987 2809 aut
3031 2758 3247 2819 vicibus
3290 2765 3468 2823 solent
3496 2785 3530 2826 a

1929 2816 2417 2883 contubernalibus
2457 2830 2732 2905 exhiberi,
2773 2816 2840 2895 ut
2863 2845 3144 2904 neminem
3173 2850 3292 2910 illic
3327 2854 3528 2926 pudeat

1931 2902 2096 2926 ,ιε---ε
2118 2907 2134 2926 ι
2171 2908 2181 2919 -
2230 2911 2242 2926 ι
2496 2920 2534 2926 --

1928 2902 2139 2976 aliquid
2165 2908 2454 2974 inhoneste
2480 2920 2661 2980 dicere
2684 2935 2780 2982 aut
2806 2929 3018 3002 facere;
3054 2937 3183 3009 quia
3231 2902 3534 3017 unursquis-'

1927 3007 2034 3066 que
2089 3007 2395 3076 praesumit,
2442 3013 2590 3083 quod
2640 3031 2804 3076 suum
2851 3007 3175 3084 convivium
3213 3031 3304 3090 sit.
3335 3035 3524 3095 Solent

1843 3119 1886 3180 α
1923 3083 2074 3187 enim
2104 3088 2164 3144 in
2193 3092 2372 3152 aliena
2397 3114 2587 3158 mensa
2632 3107 2841 3178 pudore
2887 3119 3150 3187 coerceri,
3178 3122 3274 3179 sed
3319 3123 3412 3183 hic
3453 3128 3522 3184 ad

1921 3171 2027 3231 hoc
2043 3183 2462 3255 convenitur,ut
2478 3190 2622 3249 foeda
2632 3171 2760 3256 illic
2779 3171 3040 3271 gerantur
3057 3171 3221 3282 copia
3242 3213 3363 3270 vini
3376 3215 3519 3290 (10),

1919 3272 1974 3320 et
2001 3265 2267 3329 incitetur
2305 3275 2558 3337 libidinis
2587 3265 2808 3346 diversa
2835 3295 3108 3368 voluptas.
3130 3265 3516 3362 \evi:

1919 3355 2087 3414 tanda
2112 3363 2363 3437 praecipit
2393 3367 2717 3442 hujusmodi
2743 3355 3022 3441 convivia.

1998 3471 2017 3496 ι
2044 3449 2166 3507 Non
2195 3453 2254 3510 in
2283 3457 2566 3520 cubilibus
2590 3472 2644 3521 et
2671 3466 3060 3542 impudicitiis.
3113 3504 3133 3528 ι
3176 3480 3305 3540 Post
3340 3484 3516 3543 luxu-

1912 3535 2123 3598 riosum
2153 3547 2478 3607 convivium
2513 3561 2566 3609 et
2591 3535 2914 3618 ebrietatem
2944 3562 3050 3622 hoc
3077 3566 3334 3640 subjecit,
3365 3576 3513 3648 quod

1911 3627 2180 3701 sequitur,
2211 3633 2270 3690 id
2317 3645 2398 3694 est
2444 3643 2774 3704 concubitus
2819 3649 3134 3724 impudicus
3156 3627 3197 3728 ;'
3221 3659 3314 3722 hic
3361 3627 3510 3723 (inim

1908 3714 2076 3789 hujus
2101 3721 2430 3786 lascivitatis
2460 3733 2577 3803 (11)
2607 3742 2692 3791 est
2718 3714 2954 3800 fructus.

1991 3830 2010 3854 ‹
2037 3809 2160 3866 Non
2191 3813 2250 3870 in
2279 3821 2634 3880 contentione
2663 3833 2718 3881 et
2745 3832 3117 3894 aemulatione.
3167 3865 3188 3890 ι

1904 3893 1994 3952 his
2032 3903 2272 3960 coerceri
2319 3916 2527 3979 monet,
2559 3913 2692 3986 quia
2735 3922 2919 3980 omnis
2959 3929 3246 3987 contentio
3275 3941 3330 3988 et
3354 3935 3503 3991 zelus

1901 3982 2256 4049 inimicitiam
2284 3997 2448 4068 parit,
2481 3982 2616 4075 quas
2648 4007 2898 4068 tenebras
2929 3982 3090 4072 vocat
3103 3982 3286 4091 quia
3319 4019 3390 4076 ad
3419 4021 3499 4078 lu-

1899 4075 1980 4134 cis
2001 4083 2294 4152 praemium
2322 4093 2611 4162 pervenire
2638 4113 2754 4155 non
2783 4114 3032 4173 possunt.

1981 4176 2117 4234 101
2166 4196 2186 4222 ι
2235 4175 2346 4234 Sed
2395 4179 2618 4240 induite
2643 4188 2942 4249 Dominum
2971 4194 3155 4252 Iesum
3186 4197 3520 4274 Christum,-

1895 4271 1950 4321 et
1973 4269 2155 4326 carnis
2192 4290 2378 4334 curam
2425 4295 2494 4337 ne
2541 4284 2784 4345 feceritis
2831 4289 2891 4345 in
2933 4295 3419 4368 concupiscentiis.
3463 4327 3514 4350 ιο

1893 4351 2093 4415 Curam
2120 4363 2301 4421 carnis
2329 4369 2604 4443 prohibet,
2638 4374 2696 4431 id
2724 4385 2806 4433 est
2829 4351 3206 4455 voluptatein;
3239 4395 3302 4443 ut
3330 4405 3493 4448 omne

1889 4445 2037 4516 quod
2092 4452 2418 4522 prohibetur
2475 4477 2570 4534 per
2623 4464 2816 4538 legem,
2849 4445 3365 4549 non-desideretur,
3396 4491 3515 4540 aut‘

1888 4547 2033 4597 certe
2075 4542 2446 4609 desideratum
2491 4555 2766 4616 vincatur.
2801 4563 2922 4634 Ipsa
2951 4574 3082 4622 sunt
3129 4570 3279 4627 enim
3322 4587 3488 4647 opera

1887 4636 2101 4704 carnis;
2135 4649 2197 4697 ut
2227 4643 2314 4700 his
2343 4649 2500 4705 exuti
2528 4649 2765 4710 induant
2793 4657 3094 4715 Dominum
3125 4661 3310 4720 Jesum
3329 4666 3484 4726 Chri-

1876 4743 2127 4834 per'li'riet,
2159 4765 2265 4833 non
2293 4753 2365 4833 ad
2391 4771 2683 4834 coronam;
2707 4767 2765 4816 ut
2792 4771 2973 4834 poslea
3015 4767 3071 4821 in
3108 4771 3338 4828 novitate
3362 4777 3485 4832 vitta

1881 4817 2182 4906 qmbiilaits,
2213 4823 2415 4906 vicinas
2444 4817 3161 4906 sitvitw'teteitntesQuidam
3193 4845 3358 4902 etiam
3389 4848 3478 4904 ad-

1879 4883 2039 4969 dunﬁt,
2068 4883 2200 4969 nam
2232 4883 2567 4969 signiﬁcavit.

1885 5026 1896 5051 τ
1951 4958 2329 5051 ΝΟΠῙΨΠῙ
2363 4958 2516 5051 ίηεεη
2556 4977 3035 5051 αΡΡνοΡίηᾳααδεε,
3080 4984 3137 5041 id
3182 4995 3258 5045 est
3301 4991 3476 5048 Solem

1864 5031 2112 5107 justitite,
2142 5038 2316 5107 cujus,
2346 5049 2450 5099 etc.

1947 5104 2280 5212 fuani/"et.
2302 5104 2456 5212 ἐχιξᾶ
2489 5124 2542 5172 et
2573 5124 3015 5212 EDSSL-ilpilnlﬂll,
3045 5143 3077 5184 a
3111 5130 3314 5212 quibus
3345 5150 3466 5212 non

1869 5174 2284 5268 recedit‘Rom.
2346 5185 2502 5255 edit.,
2535 5174 2831 5268 nisipquod
2867 5174 3043 5268 effert,
3090 5174 3220 5258 vilia
3250 5205 3463 5260 carnis:

1867 5242 1964 5298 alii
2016 5255 2201 5338 autem
2238 5270 2394 5334 .mss.
2453 5242 2592 5316 satis
2631 5242 2962 5338 iréquentes,
3019 5242 3152 5329 iam
3219 5277 3463 5332 carnalia

1864 5329 1987 5442 qua;
2016 5318 2273 5380 illecebris
2301 5337 2467 5400 agunt
2491 5318 2992 5405 scecularabizEliEc

1864 5401 1960 5442 sun
1991 5431 2002 5442 .

1863 5401 2002 5444 sunt.

1853 5600 1946 5674 (uti
