4150 6194
596 300 700 372 173

592 447 762 509 stum,
793 438 852 496 id
877 449 981 509 est,
1021 439 1274 498 innovati
1303 456 1400 514 per
1428 439 1733 509 Christum,
1777 439 1846 496 ab
1897 439 1986 497 his
2027 439 2188 498 malis
2215 444 2267 504 Α

591 549 651 590 se
686 532 979 589 retineant.
1010 532 1113 591 Hic
1139 533 1287 590 enim
1317 532 1503 590 induit
1551 531 1856 598 Christum,
1885 532 1980 606 qui
2017 550 2074 591 se
2115 533 2185 590 ah

591 619 747 677 omni
775 636 960 678 errore
985 628 1041 678 et
1069 621 1412 695 turpitudine
1440 620 1805 694 separaverit;
1847 637 1915 677 ne
1954 622 2012 678 in
2039 638 2186 680 con-

589 709 745 766 vivio
775 711 1092 784 nuptiarum
1125 712 1246 769 sine
1276 718 1424 766 veste
1452 726 1598 766 nova
1625 709 1962 780 inveniatur,
1995 711 2186 784 turpi-

589 805 780 873 terque
835 798 1080 872 abjectus
1132 800 1244 872 (l2)
1303 799 1544 856 tenebris
1591 797 1935 871 mancipetur
1965 799 2180 871 (Matth.

587 904 732 958 xxxi,
759 889 848 960 11)
877 905 889 943 :
915 889 963 946 si
990 888 1310 962 quominus,
1328 903 1440 945 non
1469 897 1601 945 sunt
1626 887 1809 944 induti
1825 889 2008 946 Jesum
2027 888 2182 948 Chri-

585 985 733 1034 stum
760 978 1083 1047 Dominum,
1115 994 1279 1050 super
1307 977 1466 1050 cujus
1495 995 1692 1034 novam
1736 986 1942 1034 vestem
1974 986 2184 1036 veteres

585 1084 797 1140 pannos
821 1066 1098 1138 induunt;
1143 1068 1329 1126 exutis
1356 1069 1506 1126 enim
1537 1077 1778 1127 veterem
1809 1069 2091 1127 hominem
2124 1071 2182 1127 in

584 1155 832 1214 novitate
861 1157 990 1215 vita:
1018 1157 1351 1215 manendum
1384 1166 1466 1216 est
1498 1159 1640 1230 (13).

1167 1366 1396 1426 CAPUT
1424 1367 1576 1425 XIV.

587 1615 590 1620 _
658 1539 842 1612 (Vers.
874 1538 951 1612 1.)
993 1562 1013 1587 ι
1067 1539 1358 1596 Inﬁrmum
1415 1546 1600 1595 autem
1659 1536 1718 1593 in
1754 1535 1864 1593 ﬁde
1892 1537 2176 1608 assumite,

582 1646 695 1686 non
725 1631 784 1687 in
823 1631 1221 1704 disceptatione
1257 1630 1678 1704 cogitationum.
1733 1655 1751 1678 ι
1805 1629 2076 1698 Quoniam
2107 1647 2177 1687 ex

580 1719 786 1777 Judazis
814 1729 991 1791 erant,
1021 1720 1117 1795 qui
1163 1722 1439 1779 Romanos
1477 1721 1547 1778 ad
1580 1735 1783 1777 nomen
1812 1718 2022 1777 Christi
2056 1719 2172 1793 (14)

580 1818 1007 1882 assumpserant,
1089 1810 1324 1867 admista
1379 1809 1518 1883 lege,
1557 1810 1703 1866 sicut
1758 1809 1818 1865 in
1873 1807 2180 1882 primordio
2207 1825 2254 1886 Β

579 1899 825 1972 epistolae
855 1899 1188 1969 memoravi;
1222 1899 1348 1957 ideo
1376 1899 1707 1975 quibusdam
1737 1899 2030 1957 videbatur
2058 1917 2178 1973 pro-

579 1985 816 2044 hihitam
845 2003 1065 2044 carnem
1094 1987 1254 2045 edere
1283 2004 1396 2046 non
1425 1987 1657 2045 debere;
1687 1988 1968 2062 aliquibus
1995 1998 2176 2046 autem

577 2077 675 2150 qui
704 2076 822 2133 sine
851 2077 967 2150 lege
995 2077 1278 2136 Christum
1308 2077 1700 2152 sequebantur,
1732 2076 2023 2134 videbatur
2050 2095 2177 2135 con-

577 2173 664 2222 tra
687 2167 860 2239 legem
891 2167 1055 2224 licere
1083 2167 1261 2225 edere.
1292 2169 1365 2224 Et
1393 2184 1490 2241 per
1518 2167 1625 2225 hoc
1669 2167 1852 2240 ipsum
1893 2167 2180 2241 discepta-

577 2255 756 2312 tiones
783 2263 939 2312 erant
967 2256 1112 2313 inter
1139 2273 1251 2326 eos,
1283 2273 1418 2330 quas
1446 2257 1766 2329 Apostolus,
1790 2256 2100 2315 concordiae
2125 2265 2178 2313 et

577 2343 743 2400 saluti
771 2343 1017 2414 studens,
1039 2345 1232 2403 divina
1260 2345 1633 2418 disputatione
1662 2345 1861 2414 aufert,
1883 2345 2178 2406 ostendens

577 2447 754 2506 neque
780 2433 964 2489 edenti
984 2433 1240 2507 prodesse
1267 2435 1414 2508 apud
1443 2437 1639 2504 Deum,
1659 2451 1836 2508 neque
1857 2451 1968 2491 non
1991 2435 2175 2492 edenti

575 2521 784 2579 obesse.
842 2523 1132 2580 Inﬁrmum
1175 2541 1291 2581 esse
1343 2526 1499 2594 dicit,
1547 2527 1642 2599 qui
1697 2535 1980 2598 propterea
2028 2526 2176 2599 quod

571 2610 752 2668 Judaei
782 2611 1048 2684 prohibiti
1079 2622 1230 2680 sunt,
1260 2614 1420 2671 timet
1450 2615 1629 2671 edere.
1663 2615 1822 2672 Hunc
1875 2631 2003 2688 ergo
2055 2616 2176 2672 vult

574 2699 784 2756 remitti
807 2698 1023 2771 judicio
1048 2717 1169 2770 suo,
1202 2717 1272 2757 ne
1298 2702 1617 2758 scandalum
1645 2719 1856 2775 passus,
1879 2719 1910 2758 a
1935 2702 2172 2760 charita-

570 2795 650 2858 te,
679 2805 802 2862 quae
829 2790 986 2864 quasi
1029 2800 1203 2848 mater
1258 2800 1341 2848 est
1393 2793 1730 2861 animarum,
1778 2792 1996 2850 recedat
2044 2810 2172 2850 cum

569 2879 772 2934 mentis
819 2880 1254 2950 perturbatione,
1294 2897 1422 2938 cum
1465 2881 1766 2939 Christiani
1828 2881 2044 2955 paciﬁci
2081 2883 2170 2941 de-

567 2965 734 3024 beant
761 2982 878 3023 esse
906 2975 960 3023 et
989 2967 1185 3041 quieti.

641 3055 824 3127 (Vers.
859 3055 941 3128 2.)
987 3081 1005 3104 ι
1036 3057 1197 3114 Alius
1225 3058 1373 3114 enim
1401 3057 1579 3115 credit
1605 3059 1765 3116 edere
1789 3061 1996 3118 omnia.
2031 3061 2172 3120 :Hic

566 3143 772 3200 ﬁducia
809 3144 1067 3201 lectionis
1122 3162 1236 3201 non
1289 3145 1510 3203 dubitat
1559 3148 1746 3204 omnia
1783 3147 2020 3215 edenda,
2046 3166 2168 3223 quae

564 3231 692 3288 data
719 3242 849 3290 sunt
894 3232 1154 3290 humanis
1208 3235 1420 3293 usibus.
1463 3236 1618 3310 Legit
1671 3237 1819 3294 enim
1861 3236 1920 3293 in
1967 3238 2166 3302 Genesi

563 3323 753 3380 omnia
806 3323 951 3380 bona
1009 3323 1168 3380 valde
1223 3341 1339 3382 esse
1378 3325 1533 3396 (Gen.
1567 3342 1607 3394 ι,
1638 3325 1755 3398 31),
1798 3343 1919 3400 quae
1958 3327 2166 3385 creavit

562 3414 709 3470 Deus
730 3431 744 3481 ;
805 3412 931 3469 ideo
976 3412 1120 3469 nihil
1167 3413 1551 3486 rejiciendum,
1583 3415 1714 3487 quia
1741 3431 1919 3488 neque
1947 3417 2162 3487 Enoch,

561 3501 657 3574 qui
686 3501 900 3574 primus
929 3503 1042 3558 Deo
1071 3503 1278 3576 placuit
1315 3520 1326 3558 :
1362 3519 1539 3576 neque
1568 3503 1703 3572 Noe,
1737 3506 1832 3577 qui
1860 3504 1918 3559 in
1947 3503 2162 3563 diluvio

560 3590 712 3646 solus
733 3589 920 3662 justus
948 3591 1209 3649 inventus
1235 3599 1318 3649 est
1343 3609 1355 3648 :
1389 3608 1567 3665 neque
1596 3592 1875 3650 Abraham
1905 3594 2001 3652 ille
2027 3595 2161 3652 ami-

559 3693 658 3736 cus
685 3679 808 3747 Dei,
835 3687 930 3736 aut
977 3681 1146 3749 Isaac,
1191 3689 1286 3739 aut
1330 3681 1497 3738 Jacob
1531 3681 1670 3754 justi
1718 3689 1774 3738 et
1817 3683 1918 3740 Dei
1973 3685 2158 3755 amici,

557 3767 705 3826 inter
731 3784 869 3842 quos
897 3778 953 3828 et
978 3769 1086 3828 Lot
1109 3769 1240 3841 fuit,
1269 3781 1366 3830 aut
1392 3772 1578 3830 caeteri
1599 3771 1740 3845 justi
1767 3773 1837 3830 ab
1863 3771 1952 3830 his
1978 3774 2161 3832 absti-

557 3857 744 3915 nuisse
771 3857 1050 3930 leguntur.

641 3971 660 3995 ε
713 3945 767 4003 Is
820 3962 950 4004 vero
1006 3947 1100 4022 qui
1157 3947 1412 4006 inﬁrmus
1435 3956 1536 4019 est,
1572 3951 1722 4007 olera
1775 3951 2090 4008 manducet.
2127 3973 2144 3999 ι

556 4034 730 4107 Igitur
755 4035 886 4110 quia
913 4035 1020 4094 hoc
1048 4043 1226 4109 putat,
1257 4046 1319 4094 ut
1372 4038 1467 4094 ille
1493 4038 1644 4094 olera
1681 4039 1837 4096 edat:
1871 4039 1996 4095 ideo
2023 4053 2159 4094 sua-

556 4122 798 4180 dendum
827 4140 940 4182 non
969 4131 1072 4196 est,
1103 4133 1165 4184 ut
1200 4141 1421 4185 carnem
1450 4126 1594 4197 edat,
1646 4144 1714 4183 ne
1741 4144 1868 4185 cum
1897 4127 2158 4200 scrupulo

557 4213 704 4280 edat,
737 4220 794 4268 et
838 4214 1092 4273 videatur
1135 4231 1395 4290 peccare:
1435 4216 1566 4290 quia
1621 4217 1964 4290 propositum
1992 4232 2155 4271 suum

559 4315 670 4356 non
699 4300 958 4358 custodit.

630 4387 815 4460 (νθτεο
843 4389 922 4460 3-)
985 4416 1004 4438 ι
1031 4392 1220 4465 Itaque
1271 4396 1367 4468 qui
1409 4395 1544 4465 edit,
1592 4411 1705 4452 non
1747 4394 1998 4452 edentem
2044 4409 2156 4450 non

557 4484 815 4548 spernat:
875 4486 928 4533 et
984 4479 1078 4551 qui
1106 4496 1219 4536 non
1248 4482 1382 4550 edit,
1417 4483 1667 4540 edentem
1710 4499 1822 4539 non
1864 4482 2139 4555 judicet.»

1657 311 1754 372 an
1792 304 2027 374 OPERA
2064 301 2458 374 amusosn
2494 302 2875 374 APPENDIX.

3801 308 3905 376 1⁸16

2385 461 2404 486 α
2423 439 2568 494 Deus
2603 438 2753 495 enim
2781 440 2942 496 illum
2969 438 3286 512 assumpsit.
3322 465 3340 488 ι
3401 442 3737 512 Assumptus
3765 449 3847 499 est
3872 457 3904 497 a

2297 528 2434 596 Deo,
2459 527 2593 584 dum
2621 525 2690 584 ad
2723 527 2954 601 gratiam
2985 535 3213 584 vocatus
3232 535 3336 584 est.

2368 617 2549 691 (Vers.
2582 618 2665 691 4.)
2709 642 2728 667 ι
2760 619 2841 675 Tu
2861 618 2986 692 quis
3010 635 3088 688 es,
3120 619 3216 692 qui
3255 616 3473 690 judicas
3502 619 3747 677 alienum
3777 638 3902 680 ser-

2295 721 2426 761 vum
2449 705 2477 762 7
2500 707 2611 762 Suo
2632 707 2859 764 domino
2887 715 2983 764 aut
3007 716 3136 776 stat,
3167 717 3262 765 aut
3288 707 3461 764 cadit.
3483 733 3501 756 ι
3543 710 3900 769 Manifestum

2292 799 2374 848 est
2414 809 2635 849 servum
2675 810 2785 851 non
2818 795 3016 852 debere
3066 796 3322 853 conservi
3353 796 3717 855 voluntatem
3751 798 3900 871 judi-

2293 896 2436 949 care,
2467 881 2558 938 cui
2587 883 2678 939 lex
2705 883 2764 938 in
2795 883 2898 941 hac
2918 891 3068 957 parte
3109 884 3312 940 tradita
3341 901 3453 941 non
3482 895 3601 953 est;
3636 901 3764 943 nam
3793 904 3902 961 qua

2292 970 2632 1028 conscientia
2686 971 2831 1042 edat,
2875 980 2971 1029 aut
3024 989 3135 1030 non
3190 971 3337 1042 edat,
3377 975 3524 1031 Deus
3571 973 3748 1046 judex
3794 983 3896 1046 est,

2293 1057 2453 1131 cujus
2483 1076 2676 1117 servus
2697 1069 2800 1119 est.

2377 1173 2397 1196 ι
2423 1147 2603 1207 Stabit
2629 1159 2852 1219 autem;
2897 1157 3094 1224 potens
3151 1159 3236 1208 est
3273 1151 3422 1208 enim
3475 1153 3622 1209 Deus
3663 1162 3899 1212 statuere

2292 1236 2474 1293 illum.
2506 1262 2524 1285 ι
2620 1239 2820 1308 Stabit,
2886 1239 3091 1314 inquit,
3148 1238 3379 1296 domino
3431 1256 3554 1311 suo,
3612 1249 3898 1314 propterea

2290 1325 2421 1398 quia
2448 1343 2624 1402 neque
2651 1327 2698 1384 si
2731 1328 2877 1398 edat,
2907 1343 3034 1386 reus
3079 1327 3205 1398 erit,
3257 1345 3435 1404 neque
3489 1329 3536 1387 si
3585 1346 3699 1388 non
3743 1331 3888 1400 edat,

2288 1415 2604 1488 culpabilis,
2634 1417 2682 1474 si
2730 1427 2913 1475 tamen
2957 1417 3252 1476 devotione
3281 1419 3389 1478 hoc
3433 1427 3578 1493 agat,
3620 1435 3735 1477 non
3781 1423 3892 1478 evio

2287 1513 2410 1562 tans
2438 1504 2582 1564 hanc
2609 1508 2762 1564 velut
2803 1508 3160 1564 contrariam.

2362 1595 2544 1668 (Vers.
2577 1596 2660 1669 5.)
2701 1622 2718 1645 ι
2765 1599 2903 1654 Nam
2934 1599 3076 1654 alius
3097 1597 3319 1672 quidem
3342 1597 3555 1671 judicat
3573 1597 3719 1656 diem
3751 1600 3894 1657 inter

2287 1681 2501 1754 diem,-
2573 1683 2688 1742 hoc
2741 1694 2844 1755 est,
2890 1686 3057 1743 alicui
3104 1688 3282 1759 placet
3329 1687 3669 1761 interpositis
3697 1687 3894 1746 diebus

2285 1772 2466 1831 edere.
2523 1774 2662 1832 Nam
2711 1782 2840 1832 sunt
2902 1775 3147 1848 quidam,
3205 1776 3301 1850 qui
3347 1784 3541 1849 quarta
3584 1775 3722 1834 feria
3771 1779 3889 1851 (15)

2287 1880 2508 1920 carnem
2537 1880 2652 1920 non
2670 1863 2941 1922 edendam
2963 1873 3308 1934 statuerunt;
3345 1874 3473 1922 sunt
3501 1865 3597 1939 qui
3617 1865 3892 1941 Sabhatis,

2287 1958 2419 2008 sunt
2471 1953 2676 2009 iterum
2729 1954 2823 2027 qui
2859 1969 2890 2009 a
2946 1953 3153 2012 Pascha
3205 1970 3378 2028 usque
3418 1954 3486 2010 ad
3532 1955 3889 2015 Pentecosten

2289 2041 2476 2098 edant.

2372 2155 2390 2176 ι
2411 2130 2572 2186 Alius
2593 2139 2776 2188 autem
2815 2130 3032 2204 judicat
3065 2147 3285 2188 omnem
3306 2129 3474 2187 diem.
3493 2156 3510 2179 ι
3547 2131 3650 2190 Hic
3663 2149 3882 2191 omnem

2287 2218 2434 2276 diem
2455 2220 2695 2293 judicat,
2739 2223 2834 2295 qui
2865 2238 3150 2296 nunquam
3179 2220 3315 2278 edit.
3362 2247 3381 2270 ι
3411 2223 3797 2298 Unusquisque
3826 2226 3884 2282 in

2286 2323 2390 2363 suo
2440 2325 2604 2365 sensu
2660 2310 2924 2380 abundet,
2954 2335 2973 2359 ι
3049 2309 3154 2368 hoc
3201 2318 3304 2380 est,
3354 2314 3736 2386 unusquisque
3783 2329 3885 2370 suo

2285 2398 2523 2455 consilio
2553 2399 2889 2458 remittatur.

2358 2489 2542 2562 (Vers.
2603 2490 2684 2564 6.)
2731 2516 2748 2541 ε
2778 2493 2883 2560 Qui
2941 2493 3085 2566 sapit
3133 2492 3302 2562 diem,
3360 2491 3599 2549 Domino
3653 2494 3818 2568 sapit.
3848 2521 3867 2542 ι

2284 2580 2491 2637 Verum
2541 2588 2642 2650 est,
2699 2581 2830 2654 quia
2876 2581 2972 2654 qui
3019 2598 3235 2655 semper
3275 2581 3557 2638 abstinens
3611 2592 3714 2653 est,
3762 2585 3877 2642 Deo

2282 2670 2496 2744 placere
2525 2687 2582 2727 se
2612 2679 2786 2744 putat.
2833 2696 2852 2718 ι
2881 2673 2953 2727 Et
2981 2672 3077 2745 qui
3108 2671 3244 2739 edit,
3278 2672 3516 2728 Domino
3540 2672 3674 2729 edit.
3715 2699 3734 2722 ι
3776 2675 3883 2730 Do.

2281 2759 2437 2816 mino
2474 2761 2608 2829 edit,
2641 2760 2771 2834 quia
2797 2761 2998 2834 gratias
3044 2761 3156 2834 agit
3187 2759 3453 2820 Creatori.
3501 2787 3520 2810 ‹
3543 2763 3616 2817 Et
3642 2761 3736 2835 qui
3769 2778 3882 2818 non

2281 2849 2415 2920 edit,
2449 2852 2689 2908 Domino
2737 2868 2848 2908 non
2882 2853 3017 2922 edit,
3052 2863 3105 2908 et
3135 2853 3338 2925 gratias
3383 2853 3497 2925 agit
3522 2855 3656 2910 Deo.
3691 2877 3712 2902 ι
3751 2853 3883 2908 Gra-

2278 2939 2385 2997 tias
2415 2942 2548 3013 agit,
2575 2941 2708 2998 dum
2741 2942 2945 2998 fatetur
2969 2942 3072 2998 Dei
3091 2958 3208 2999 esse
3229 2952 3562 3012 creaturam,
3595 2950 3650 2998 et
3676 2942 3882 2999 bonam

2278 3039 2518 3086 creatam
2552 3031 2668 3103 (16)
2697 3049 2710 3098 ;
2758 3031 2853 3088 sed
2883 3048 2940 3088 se
2997 3031 3359 3088 dissimulare
3399 3031 3468 3089 ab
3495 3047 3574 3100 ea,
3607 3047 3719 3086 non
3749 3047 3881 3088 con-

2277 3117 2558 3176 demnare.

2348 3211 2532 3285 (Vers.
2565 3213 2645 3284 7.)
2697 3213 2915 3269 «Nemo
2965 3214 3115 3270 enim
3161 3221 3416 3270 nostrum
3461 3213 3569 3270 sibi
3632 3217 3793 3290 vivit,
3823 3232 3881 3280 et

2275 3315 2441 3356 nemo
2469 3301 2576 3358 sibi
2606 3305 2861 3358 moritur.
2897 3327 2914 3350 ι
2972 3302 3091 3358 Sibi
3125 3307 3265 3365 102
3304 3301 3519 3360 viveret
3569 3305 3794 3380 aliquis,
3821 3313 3872 3367 si

2273 3415 2384 3456 non
2417 3407 2598 3472 ageret
2625 3399 2729 3456 sub
2763 3400 2917 3473 lege:
2950 3408 3006 3457 at
3035 3399 3132 3474 qui
3168 3400 3326 3456 freno
3352 3401 3487 3474 legis
3517 3405 3880 3475 gubernatur,

2277 3507 2389 3548 non
2419 3493 2525 3548 sibi
2557 3493 2754 3566 utique
2786 3493 2950 3561 vivit,
2983 3492 3078 3549 sed
3108 3494 3222 3548 Deo
3251 3492 3347 3565 qui
3393 3494 3565 3566 legem
3613 3495 3787 3566 dedit,
3813 3509 3881 3556 ut

2271 3580 2576 3638 secundum
2620 3582 2963 3638 voluntatem
3009 3580 3130 3653 ejus
3166 3581 3339 3637 vivat.
3372 3581 3441 3637 Et
3467 3582 3564 3655 qui
3617 3587 3879 3654 moritur,

2269 3671 2440 3728 simili
2472 3671 2637 3728 modo
2691 3673 2806 3728 Deo
2862 3671 3118 3740 moritur,
3163 3668 3484 3744 quojudice
3527 3679 3624 3729 aut
3649 3690 3880 3733 corona-

2267 3759 2420 3817 bitur
2443 3769 2539 3817 aut
2567 3759 3046 3818 condemnabitur.

2341 3850 2523 3923 (Vers.
2545 3851 2628 3925 8.)
2667 3875 2686 3898 ι
2712 3850 2840 3908 Sive
2859 3852 3010 3907 enim
3033 3851 3318 3922 vivimus,
3345 3854 3586 3910 Domino
3607 3855 3880 3926 vivimus,

2268 3939 2384 3998 sive
2442 3941 2734 4011 morimur,
2781 3941 3023 3999 Domino
3066 3942 3336 3999 morimur
3368 3944 3509 4016 (17).
3542 3970 3562 3994 ι
3596 3944 3750 4002 Idem
3793 3954 3880 4002 est

2267 4046 2474 4088 sensus.
2525 4057 2543 4079 ε
2571 4031 2702 4088 Sive
2729 4047 2859 4105 ergo
2879 4031 3144 4102 vivimus,
3175 4032 3293 4089 sive
3321 4034 3610 4102 morimur,
3643 4036 3876 4093 Domini

2265 4136 2474 4178 sumus.
2507 4145 2525 4168 ι
2573 4121 2787 4180 Verum
2829 4130 2912 4180 est
2938 4139 3130 4180 omnes
3177 4141 3278 4181 nos
3308 4125 3533 4182 Domini
3562 4141 3678 4182 esse
3705 4129 3875 4200 quasi

2265 4225 2452 4266 servos
2481 4209 2538 4266 in
2591 4211 2911 4268 conditione
2967 4220 3024 4269 et
3076 4213 3460 4286 Redemptoris
3510 4215 3785 4286 dominio,
3820 4225 3877 4273 et

2264 4314 2711 4374 unumquemque
2741 4317 2839 4374 pro
2867 4302 3066 4360 merito
3094 4320 3198 4360 suo
3227 4304 3478 4363 tractari.

2336 4388 2518 4461 (Vers.
2546 4390 2628 4462 9.)
2676 4415 2694 4438 ε
2722 4392 2785 4447 In
2815 4391 2922 4450 hoc
2949 4393 3098 4449 enim
3114 4393 3373 4452 Christus
3396 4399 3649 4451 mortuus
3674 4401 3781 4464 est,
3813 4403 3873 4452 et

2262 4477 2585 4548 resurrexit,
2612 4488 2674 4536 ut
2691 4489 2745 4536 et
2762 4489 3106 4538 mortuomm
3130 4490 3184 4538 et
3203 4483 3460 4540 vivorum
3487 4483 3858 4541 dominetur.-

558 4565 700 4633 Quia
743 4565 1048 4623 voluntatis
1093 4576 1176 4625 est
1221 4568 1402 4639 edere,
1445 4578 1540 4627 aut
1586 4587 1696 4628 non
1743 4551 1938 4640 edere;
1971 4589 2036 4629 ac
2063 4587 2159 4644 per
2188 4551 2237 4609 Π
2264 4567 2367 4624 Per
2410 4567 2691 4626 Christum
2749 4570 3048 4626 Dominum
3108 4572 3252 4629 facta
3306 4581 3390 4630 est
3440 4584 3712 4644 creatura,
3746 4591 3876 4650 quin

559 4653 665 4711 hoc
691 4655 922 4728 quaestio
939 4654 1074 4712 hinc
1099 4655 1220 4714 ﬁeri
1242 4674 1354 4714 non
1380 4657 1560 4715 debet.
1593 4660 1678 4716 Ad
1701 4660 1806 4719 hoc
1833 4662 1982 4717 enim
2015 4661 2158 4718 facta

558 4749 691 4798 sunt
717 4743 924 4813 omnia,
955 4751 1018 4801 ut
1045 4745 1321 4805 voluntati
1366 4745 1706 4822 suhjaceant,
1739 4750 1870 4824 quia
1905 4749 2155 4807 dominio

561 4829 806 4889 humano
833 4831 1080 4906 subjecta
1105 4843 1257 4894 sunt.

635 5029 752 5112 (12)
785 5031 868 5112 Ita
904 5047 1034 5087 mss.
1065 5031 1251 5112 plures
1280 5050 1342 5112 ac
1393 5035 1633 5112 potiores
1659 5053 1671 5092 :
1725 5035 1821 5092 alii
1853 5043 2088 5112 autem,
2102 5045 2156 5093 et

560 5100 816 5177 edit.,ne
839 5103 898 5177 in
925 5100 1160 5177 convivio
1191 5100 1500 5177 nuptiarum
1530 5125 1551 5172 ;
1599 5107 1756 5163 Rom.
1807 5105 1967 5176 edit.,
1997 5100 2156 5162 crete-

560 5173 723 5254 stjum
745 5174 1078 5254 nuptiarum,
1107 5174 1220 5231 sine
1259 5173 1402 5234 veste
1453 5177 1566 5248 ejus
1613 5179 1871 5248 inventus,
1931 5173 2156 5251 turpiter

559 5246 810 5316 abjectus,
842 5252 948 5302 etc.
1474 5246 1481 5248 “
1855 5246 1862 5248 ⁷
2013 5246 2033 5251 “

636 5317 752 5390 (13)
800 5317 958 5375 Rom.
1009 5316 1167 5388 edit.,
1228 5319 1284 5374 in
1336 5320 1564 5376 novitate
1600 5320 1720 5377 vita:
1771 5320 2154 5377 ambulandum

561 5394 654 5528 ω(
663 5459 752 5534 14)
783 5459 986 5534 Eadem
1019 5462 1177 5519 Rom.
1200 5460 1335 5534 edit.
1367 5463 1439 5534 ad
1465 5463 1620 5534 ﬁdem
1643 5463 1864 5520 Christi.

633 5533 752 5603 (15)
784 5533 911 5607 Mss.
943 5533 1110 5607 Carn.
1143 5542 1196 5607 et
1237 5533 1333 5589 alii
1364 5533 1596 5607 aliquot,
1639 5536 1748 5607 qui
1778 5535 1935 5590 tertia
1985 5536 2146 5606 feria.

559 5600 632 5678 Et
645 5600 838 5672 paucis
893 5603 1219 5678 interjectis,
1261 5621 1361 5677 pro
1389 5600 1552 5678 usque
1579 5600 2000 5663 rid-Pentecosten
2044 5625 2150 5664 non

557 5671 734 5741 edant,
767 5689 868 5730 ms.
899 5671 1062 5735 Corb.
1119 5671 1281 5751 legit;
1317 5671 1480 5750 usque
1531 5679 1602 5734 ad
1652 5679 2147 5754 Quinquagesimam

2266 4672 2362 4729 per
2389 4666 2673 4730 peccatum
2703 4659 2940 4716 alienata
2964 4667 3048 4716 est
3075 4660 3146 4716 ab
3173 4669 3415 4731 auctore,
3435 4663 3580 4720 facta
3604 4663 3871 4736 captiva:

2266 4761 2431 4819 quam
2457 4748 2604 4804 Deus
2630 4747 2808 4816 Pater,
2842 4764 2910 4804 ne
2937 4764 3074 4821 opus
3103 4747 3220 4821 ejus
3251 4751 3472 4822 periret,
3521 4751 3693 4808 misso
3724 4752 3877 4809 Filio

2264 4851 2365 4892 suo
2393 4835 2462 4892 de
2489 4835 2642 4894 caelis
2671 4835 2741 4892 ad
2770 4843 2961 4907 terras,
2993 4836 3188 4897 docuit
3218 4839 3354 4912 quid
3389 4839 3644 4898 faciendo
3668 4857 3878 4900 manus

2263 5048 2370 5086 non
2398 5031 2738 5086 manducant.

2338 5103 2454 5176 (16)
2487 5103 2689 5159 Omnes
2718 5101 2851 5176 edit.
2892 5119 2956 5160 ac
2984 5103 3170 5176 plures
3201 5122 3357 5174 mss.,
3387 5113 3436 5161 et
3467 5105 3604 5162 bona
3646 5115 3831 5164 creata
3852 5127 3872 5166 .'

2264 5173 2462 5230 melius
2493 5181 2675 5229 tamen
2725 5173 3132 5246 aliinoniiulli,
3180 5183 3228 5231 et
3273 5173 3460 5232 bonam
3508 5186 3764 5246 creatam,
3796 5183 3876 5238 Et

2261 5246 2529 5318 continuo
2560 5251 2701 5318 post,
2734 5244 2832 5300 ubi
2864 5255 2975 5304 vet.
3011 5248 3145 5303 edit.
3187 5255 3242 5302 et
3272 5249 3437 5304 multi
3490 5265 3644 5318 mss.,
3679 5244 3773 5307 sed
3819 5269 3877 5307 se

2261 5317 2564 5372 dissimulat
2590 5318 2655 5372 ab
2684 5333 2745 5371 ea
2773 5334 2878 5372 non
2915 5319 3303 5386 condemnare;
3343 5321 3502 5378 Rom.
3553 5317 3768 5380 edit....
3804 5324 3874 5379 ob

2259 5405 2320 5444 ea
2346 5388 2685 5444 condemnari
2708 5405 2730 5452 ;
2757 5389 3104 5446 commodius
3133 5390 3231 5446 alii
3248 5398 3310 5448 ut
3339 5393 3399 5448 in
3419 5400 3712 5450 contextu.

2326 5461 2454 5586 1(17)
2487 5461 2588 5516 llic
2615 5467 2800 5515 textus
2827 5461 2886 5515 in
2927 5460 3050 5517 cod.
3091 5460 3232 5518 bene
3263 5465 3456 5520 multis
3485 5463 3866 5523 desideratur.

2352 5547 2411 5586 ra
2438 5547 2655 5586 auoaue
2681 5532 2774 5586 ubi
2808 5539 2918 5586 vet.
2970 5531 3106 5586 edit.
3137 5550 3202 5586 ac
3233 5551 3365 5586 mss-
3413 5535 3647 5586 aliauoi-
3685 5536 3866 5586 Chri—

2260 5531 2411 5612 Infra
2433 5532 2774 5612 quoquerubi
2808 5539 2918 5588 vet.
2970 5531 3202 5612 edit._ac
3233 5551 3372 5612 mss.
3413 5535 3649 5612 aliquot,
3685 5536 3872 5612 Citri-

2257 5609 2368 5656 stus
2397 5609 2446 5658 et
2467 5603 2604 5658 vixit
2630 5611 2677 5681 et
2703 5612 2948 5681 mortuus
2975 5611 3068 5681 est,
3103 5606 3262 5664 Rom.
3286 5606 3421 5664 edit.
3445 5603 3571 5666 cuin
3596 5603 3875 5681 pluribus

2258 5689 2388 5731 mss.
2416 5673 2682 5748 expungit
2707 5681 2768 5736 τδ
2796 5681 2843 5730 et
2869 5675 3024 5732 vixit.
