4150 6194
281 349 370 408 177
1361 349 1724 411 COMMENT.
1765 348 1840 408 IN
1874 348 2093 409 EPIST.
2135 353 2232 410 AD
2271 353 2441 413 ROM.

3455 363 3558 419 178

277 493 551 566 piratarum
569 491 855 565 effugeret.
887 493 1120 566 Propter
1166 492 1314 566 quod
1341 501 1396 552 et
1423 493 1601 552 occidi
1630 511 1689 552 se
1716 509 1852 568 pas-
1879 474 1932 537 Α
1964 475 2094 574 Qui?
2123 493 2238 574 ξ’οη
2287 476 2395 574 h_°°
2439 479 2826 574 SPPel'Smione
2872 481 3024 552 fac“;
3078 483 3174 540 86d
3203 483 3424 555 timore.
3455 501 3557 546 8‘10

275 564 360 641 sus
375 590 451 641 est
484 582 550 640 ab
581 564 844 652 inimicis,
887 589 953 638 ut
985 564 1322 640 descendens
1366 583 1435 640 ad
1463 583 1689 654 inferos,
1717 564 1853 659 quia
1958 564 2173 659 ἱιιίξξίξίο
2203 567 2616 659 Γθφίιῐθῐιᾶιιω.

274 672 521 729 innocens
564 679 681 728 erat
730 670 966 740 occisus,
1015 687 1172 727 reum
1220 672 1423 730 faceret
1450 683 1756 746 peccatum,
1787 681 1850 730 ut

271 778 398 836 quos
467 760 686 817 tenebat
745 759 891 832 apud
932 759 1162 828 inferos,
1219 761 1515 818 amitteret.
1574 763 1845 830 Quoniam

269 866 388 923 ergo
416 848 560 904 vivis
587 848 829 905 ostendit
868 849 1019 905 viam
1063 849 1278 916 salutis,
1329 866 1394 906 ac
1421 867 1478 907 se
1507 850 1710 907 obtulit
1747 868 1844 924 pro

269 937 364 1005 eis,
393 944 627 993 mortuos
648 953 778 993 vero
808 937 1067 995 liberavit
1088 938 1156 993 de
1185 938 1426 1008 inferno,
1443 948 1554 996 tam
1586 939 1844 996 vivorum

268 1043 420 1100 quam
468 1034 816 1084 mortuorum
873 1027 1223 1096 dominatur;
1283 1044 1352 1084 ex
1409 1029 1643 1101 perditis
1693 1029 1842 1084 enim

268 1116 454 1174 iterum
475 1116 806 1174 reformavit
834 1115 940 1173 sibi
967 1117 1181 1173 illos‘in
1206 1134 1412 1175 servos.

335 1207 514 1277 (Vers.
538 1207 654 1277 10.)
688 1229 706 1252 ι
736 1206 814 1262 Tu
830 1212 1009 1262 autem
1032 1206 1168 1280 quid
1177 1206 1400 1279 judicas
1426 1207 1652 1264 fratrem
1682 1214 1840 1264 tuum

269 1295 326 1350 in
351 1311 461 1352 non
491 1294 696 1351 edendo
726 1294 843 1366 (18)
875 1294 902 1350 7
942 1303 1038 1351 aut
1070 1304 1130 1352 tu
1167 1312 1334 1368 quare
1371 1297 1586 1368 spernis
1615 1297 1839 1352 fratrem

269 1390 418 1441 tuum
445 1384 501 1440 in
525 1383 776 1442 edendo?
805 1384 1010 1442 Omnes
1035 1384 1185 1441 enim
1213 1385 1483 1443 stabimus
1511 1395 1638 1443 ante
1667 1385 1842 1442 tribu-

265 1476 349 1532 nal
373 1474 589 1533 Christi.
624 1501 644 1525 ι
681 1477 854 1534 Docet
901 1492 1013 1533 non
1053 1484 1306 1549 oportere
1344 1475 1598 1549 judicare
1640 1477 1698 1532 in
1739 1475 1841 1533 hac

263 1582 334 1635 re,
361 1573 471 1622 tum
500 1565 630 1640 quia
652 1582 765 1623 non
793 1566 1114 1623 continetur
1141 1565 1202 1623 in
1245 1566 1384 1640 lege,
1419 1574 1681 1640 praeterea
1708 1584 1837 1624 cum

263 1657 419 1711 Deum
441 1652 684 1726 judicem
714 1663 1122 1727 exspectemus.

326 1743 492 1816 (Vers.
515 1745 628 1817 11.)
670 1767 688 1791 ι
723 1743 1002 1816 Scriptum
1021 1753 1103 1802 est
1153 1747 1304 1802 enim
1337 1765 1349 1802 :
1382 1747 1531 1804 Vivo
1547 1764 1665 1821 ego,
1700 1747 1840 1806 dicit

2037 655 2218 723 (Vers.
2256 657 2369 730 15.)
2413 681 2432 704 ‹
2460 659 2598 715 Nam
2641 659 2688 715 si
2720 668 2943 733 propter
2985 678 3165 722 escam
3213 665 3381 724 frater
3424 675 3555 725 tuus

1959 744 2337 813 contristatur,
2363 744 2477 817 jam
2504 763 2617 802 non
2659 749 2962 805 secundum
2991 750 3316 811 charitatem
3345 755 3554 814 ambu-

1959 833 2058 888 las.
2090 858 2108 880 ι
2149 834 2211 888 In
2243 834 2351 889 alia
2379 833 2610 906 epistola
2625 835 2763 894 dicit
2787 856 2798 893 :
2841 861 2860 884 α
2881 840 3022 897 Esca
3040 843 3246 911 ventri,
3274 853 3329 901 et
3356 853 3551 903 venter

1957 920 2122 989 escis;
2148 929 2203 977 et
2231 921 2382 979 hunc
2411 930 2464 977 et
2479 922 2578 979 has
2596 926 2742 982 Deus
2771 925 3015 984 destruet
3033 930 3091 1001 (Ι
3119 931 3244 988 Cor.
3275 951 3359 999 vr,
3384 933 3495 1007 19).
3517 960 3537 984 ι

1956 1009 2097 1076 Quia
2125 1027 2235 1068 non
2267 1010 2334 1066 de
2360 1027 2482 1067 esca
2511 1019 2603 1068 aut
2631 1014 2808 1084 placet
2836 1017 2959 1087 quis
2986 1019 3099 1073 Deo
3128 1025 3223 1074 aut
3255 1019 3544 1094 displicet;

1954 1101 2080 1158 ideo
2131 1099 2454 1156 charitatem
2507 1101 2819 1156 sectandam
2867 1112 3074 1172 monet,
3119 1123 3225 1180 qua
3269 1124 3370 1165 nos
3399 1112 3548 1170 Deus

1954 1190 2188 1247 liberare
2235 1188 2494 1261 dignatus
2541 1196 2661 1256 est;
2707 1190 2975 1247 sicenim
3005 1193 3124 1249 ait:
3167 1197 3313 1253 Deus
3360 1207 3544 1258 autem

1953 1287 2177 1352 propter
2204 1278 2529 1336 charitatem
2551 1277 2780 1335 nimiam
2816 1278 3073 1337 misertus
3106 1290 3188 1338 est
3215 1285 3390 1341 nostri
3421 1288 3541 1360 (23)

1956 1371 2172 1442 (Ephes.
2206 1387 2267 1438 ιι,
2299 1369 2378 1442 li).
2412 1369 2519 1436 Qui
2551 1385 2678 1443 ergo
2728 1369 2895 1444 hujus
2945 1371 3198 1430 beneﬁcii
3231 1392 3442 1434 memor
3463 1389 3547 1438 est

1953 1458 2096 1516 hanc
2124 1459 2349 1526 excolit,
2379 1475 2480 1514 nec
2524 1459 2608 1514 illi
2650 1459 2863 1533 aliquid
2904 1462 3226 1533 anteponit;
3268 1464 3365 1521 sed
3393 1482 3547 1539 prae-

1951 1547 2209 1605 termittit
2239 1549 2500 1614 maxima,
2532 1563 2652 1621 quae
2698 1549 2804 1606 scit
2848 1549 3270 1622 promissionem
3294 1569 3408 1612 non
3437 1573 3545 1630 pa-

1950 1654 2072 1694 rare
2099 1637 2248 1710 apud
2276 1639 2472 1693 Deum.

2036 1752 2054 1774 ι
2082 1727 2208 1785 Noli
2241 1727 2364 1785 cibo
2393 1735 2490 1786 tuo
2517 1727 2745 1801 perdere
2773 1727 2957 1799 illum,
3005 1747 3106 1804 pro
3149 1749 3259 1807 quo
3288 1734 3545 1796 Christus

260 1832 537 1901 Dominus,
568 1832 701 1907 quia
729 1831 874 1890 mihi
912 1832 1167 1891 ﬂectetur
1199 1852 1361 1892 omne
1393 1853 1557 1910 genu,
1585 1818 1640 1893 et
1671 1837 1837 1894 conﬁ-
1865 1839 1913 1902 B
1949 1825 2404 1910 m0”““§_e§tﬁ’
2468 1818 2745 1910 ρηεηιιιω
2791 1819 2972 1878 valeat
3022 1822 3170 1878 salus
3218 1823 3424 1896 nam”,
3471 1845 3544 1886 ex

259 1920 454 1978 tebitur
480 1923 664 1980 omnis
703 1924 893 1997 lingua
937 1925 1051 1982 Deo
1100 1925 1235 1997 (Isa.
1268 1943 1398 1994 χιν,
1431 1925 1546 2000 24).
1576 1953 1594 1975 ι
1638 1928 1754 1985 Hoc
1782 1927 1842 1984 in

261 2010 392 2067 Isaia
428 2011 693 2085 scriptum
726 2021 825 2080 est,
858 2015 990 2087 quia
1023 2016 1205 2071 omnis
1251 2015 1443 2088 lingua
1485 2016 1842 2074 conﬁtebitur

255 2100 363 2156 Deo
388 2099 444 2156 in
472 2100 585 2157 ﬁde
613 2101 840 2160 Christi.
865 2105 1002 2160 Nam
1021 2104 1148 2178 quia
1163 2105 1378 2162 occisus
1394 2105 1698 2162 resurrexit
1721 2106 1838 2179 (19)

255 2188 460 2246 futurus
481 2189 688 2262 judex,
717 2199 864 2249 recte
891 2193 972 2248 ait
1004 2211 1016 2249 :
1063 2217 1082 2240 ι
1111 2193 1258 2252 Vivo
1296 2211 1416 2267 ego,
1473 2194 1611 2252 dicit
1637 2195 1842 2251 Domi-

253 2293 375 2345 nus;
399 2306 417 2327 ι
450 2288 504 2336 et
535 2297 652 2337 non
682 2282 867 2338 solum
912 2282 1065 2352 vivo,
1091 2283 1190 2341 sed
1219 2293 1274 2341 et
1310 2283 1666 2356 judicaturus
1691 2293 1835 2355 Sum,

249 2377 297 2424 et
321 2369 530 2428 inimici
590 2370 894 2445 stupebunt
941 2372 999 2428 in
1044 2389 1130 2428 me
1161 2373 1304 2445 (20),
1335 2380 1390 2429 et
1408 2390 1552 2446 genu
1593 2372 1838 2446 ﬁectent,

259 2467 643 2532 cognoscentes
667 2477 755 2517 me
784 2462 959 2518 Deum
987 2461 1054 2518 de
1081 2463 1214 2519 Deo.

316 2550 485 2620 (Vers.
516 2551 642 2622 12.)
686 2573 703 2598 ι
734 2552 924 2624 Itaque
951 2567 1094 2608 unus
1121 2551 1357 2626 quisque
1386 2562 1635 2610 nostrum
1663 2570 1762 2627 pro
1781 2571 1839 2612 se

259 2637 508 2696 rationem
548 2638 746 2696 reddet
789 2641 923 2696 Deo.
953 2665 972 2688 ι
1029 2641 1322 2708 Quoniam,
1371 2641 1578 2715 inquit,
1609 2659 1711 2700 nos
1739 2659 1838 2716 pro

249 2728 390 2787 nobis
408 2729 663 2788 invicem
694 2729 966 2786 reddituri
1021 2747 1213 2788 sumus
1258 2731 1547 2801 rationem,
1597 2750 1709 2791 non
1739 2750 1840 2791 nos

253 2816 301 2872 in
337 2818 434 2878 hac
475 2827 666 2894 parte,
713 2835 835 2892 quas
875 2836 1043 2894 supra
1086 2821 1292 2894 scripta
1345 2829 1448 2892 est,
1506 2824 1838 2880 alterutrum

249 2907 696 2967 condemnemus.

309 2997 482 3067 (Vere.
525 2998 650 3070 13.)
691 3021 709 3045 ι
737 2999 860 3056 Non
897 3014 1026 3071 ergo
1055 2997 1294 3071 amplius
1323 2997 1564 3056 invicem
1610 2999 1839 3072 judice-

244 3102 376 3155 mus,
401 3113 418 3138 ι
480 3088 548 3145 id
607 3095 709 3154 est,
739 3089 975 3146 scientes
1005 3087 1130 3156 hoc,
1158 3088 1432 3162 cessemus
1461 3107 1494 3147 a
1537 3090 1834 3148 discordia.

1951 1915 2126 1964 morte
2173 1906 2381 1966 Christi
2435 1909 2803 1982 cognoscitur.
2859 1915 3000 1973 103
3055 1912 3242 1986 Itaque
3290 1915 3387 1988 qui
3440 1916 3547 1974 scit

1951 2013 2219 2080 quantum
2252 2015 2485 2075 constet,
2519 2006 2845 2064 confirmare
2866 2007 3027 2064 illum
3048 2007 3231 2079 debet,
3259 2025 3373 2066 non
3389 2026 3544 2068 scau-

1950 2093 2207 2164 dalizare,
2242 2103 2304 2152 ut
2334 2111 2402 2151 ex
2446 2111 2504 2151 re
2534 2095 2734 2152 frivola
2775 2095 2940 2153 faciat
2984 2097 3069 2153 illi
3097 2098 3456 2172 scrupulum:
3489 2109 3546 2158 et

1950 2183 2180 2257 incipiat
2223 2183 2474 2241 haesitare
2519 2201 2589 2240 an
2639 2184 3018 2243 manducanda
3052 2203 3181 2244 caro
3209 2187 3301 2257 sit,
3331 2205 3528 2258 necne,

1949 2273 2044 2345 qui
2070 2273 2211 2330 forte
2230 2273 2559 2346 simpliciter
2587 2273 2803 2343 edebat,
2836 2291 3062 2332 securus
3105 2274 3174 2332 de
3201 2276 3544 2335 conscientia

1948 2378 2064 2418 sua.
2119 2363 2194 2418 At
2247 2379 2378 2420 vero
2426 2380 2554 2421 cum
2606 2363 2812 2421 adeunt
2845 2364 3254 2435 controversiae,
3313 2367 3545 2440 incipiet

1946 2453 2360 2524 perturbatione
2388 2455 2445 2510 in
2473 2457 2574 2513 Dei
2604 2465 2911 2514 creaturam
2954 2475 3199 2532 peccare,
3245 2469 3301 2517 et
3345 2459 3456 2516 erit
3483 2461 3542 2517 in

1949 2543 2214 2616 injuriam
2262 2545 2554 2615 Creatoris,
2605 2562 2726 2619 quae
2775 2546 3028 2620 proﬁciet
3067 2549 3135 2605 ad
3172 2548 3540 2622 perditionem

1948 2631 2276 2690 dubitantis.

2020 2723 2204 2796 (Vers.
2253 2723 2367 2796 16.)
2432 2747 2451 2770 ε
2500 2724 2622 2780 Νοιι
2680 2739 2808 2798 ergo
2856 2724 3274 2798 blasphemetur
3329 2725 3540 2784 bonum

1947 2819 2218 2869 nostrum.
2259 2836 2278 2860 ι
2339 2813 2456 2869 Hoc
2492 2819 2598 2880 est,
2642 2811 2897 2870 doctrina
2941 2812 3257 2882 Dominica,
3299 2831 3426 2872 cum
3468 2816 3545 2872 sit

1945 2903 2092 2959 bona
2142 2909 2198 2958 et
2245 2902 2521 2971 salutaris,
2578 2919 2690 2958 non
2737 2901 2937 2959 debet'
2959 2919 3056 2975 per
3107 2917 3225 2958 rem
3279 2903 3541 2962 frivolam

1945 2994 2314 3069 blasphemari
2342 3012 2356 3062 ;
2385 2994 2800 3067 blasphematur
2847 3001 3052 3063 autem,
3095 3011 3224 3052 cum
3255 2993 3545 3054 dubitatur

1945 3084 2013 3140 de
2057 3083 2155 3141 Dei
2213 3090 2483 3140 creatura.
2546 3085 2732 3141 Potest
2781 3091 2835 3140 et
2887 3084 2968 3142 sic
3029 3083 3270 3157 intelligi
3326 3083 3536 3142 bonum

255 3199 274 3224 ς
302 3176 406 3234 sed
434 3178 489 3234 in
522 3178 636 3235 hoc
658 3178 908 3251 judicare
937 3179 1132 3251 magis,
1175 3195 1245 3235 ne
1269 3179 1489 3253 ponatis
1517 3180 1838 3238 offendicu—
1867 3195 1911 3257 ο
1943 3181 2195 3231 nostrum
2223 3173 2616 3246 blasphemari,
2653 3173 2784 3247 quia
2812 3173 2908 3247 qui
2955 3172 3103 3229 bona
3147 3189 3315 3245 opera
3343 3173 3535 3240 habet,

242 3266 355 3322 lum
401 3267 594 3335 fratri,
641 3269 727 3324 vel
781 3268 1180 3326 scandalum.»
1243 3271 1306 3326 In
1357 3285 1422 3325 eo
1470 3268 1835 3341 judicandum

241 3365 438 3425 monet,
483 3356 640 3431 quod
681 3357 856 3430 prosit
886 3358 1028 3428 (21),
1047 3358 1196 3430 quod
1227 3365 1406 3431 potest
1425 3365 1480 3414 et
1506 3360 1836 3418 auctoritate

244 3445 364 3518 legis
390 3445 661 3505 defendi:
692 3447 836 3503 nulli
874 3456 1056 3505 autem
1103 3448 1337 3505 fratrum
1381 3464 1602 3506 carnem
1650 3449 1833 3506 edenti

241 3543 324 3590 aut
345 3552 455 3593 non
487 3536 684 3594 edenti
713 3535 810 3593 ﬁat
829 3537 1172 3594 scandalum.

306 3627 482 3698 (Vers.
543 3625 661 3697 14.)
713 3651 731 3674 ε
766 3627 892 3684 Scio
930 3635 985 3684 et
1031 3627 1252 3685 conﬁdo
1300 3628 1359 3685 in
1416 3629 1658 3686 Domino
1706 3631 1837 3702 quia

241 3717 369 3774 nihil
399 3734 711 3777 commune
756 3735 852 3791 per
888 3719 1093 3793 ipsum.
1135 3745 1156 3770 ι
1209 3720 1564 3778 Manifestum
1595 3723 1837 3795 estquia

238 3807 533 3868 Salvatoris
563 3809 838 3868 beneﬁcio
864 3811 1053 3868 omnia
1079 3810 1286 3868 munda
1326 3819 1476 3880 sunt,
1509 3811 1606 3885 qui
1637 3811 1704 3868 de
1732 3811 1835 3869 sub

230 3895 353 3971 jugo
385 3899 556 3973 Legis
598 3915 797 3955 eruens
837 3897 1091 3956 homines
1125 3907 1179 3956 et
1220 3899 1551 3972 justiﬁcans,
1595 3899 1837 3956 reddidit

235 3994 427 4045 statum
463 3988 721 4062 pristinae
767 3987 1070 4056 libertatis;
1131 3996 1194 4044 ut
1233 3989 1388 4061 digni
1435 3990 1549 4046 sint
1592 3990 1673 4046 uti
1720 3997 1837 4046 tota

229 4087 505 4147 creatura,
535 4079 682 4134 sicut
725 4086 780 4135 et
811 4087 1020 4136 veteres
1049 4080 1246 4138 sancti.
1301 4081 1407 4150 Qui
1437 4090 1622 4138 autem
1651 4081 1838 4138 adhuc

225 4168 318 4224 sub
365 4171 500 4238 lege
551 4175 703 4234 sunt,
757 4184 870 4224 non
917 4169 1043 4225 licet
1099 4169 1213 4226 illis
1235 4172 1317 4227 uti
1367 4179 1462 4229 aut
1501 4172 1682 4242 edere,
1715 4189 1834 4245 quae

222 4255 502 4327 prohibet
531 4253 674 4320 Lex;
721 4255 851 4326 quia
877 4256 1281 4328 indulgentiam
1313 4260 1495 4318 datam
1541 4271 1830 4336 spernunt.

222 4345 338 4402 Non
373 4341 538 4398 enim
570 4341 876 4398 secundum
903 4350 1155 4398 naturam
1176 4361 1352 4415 suam,
1380 4349 1472 4404 sed
1488 4367 1610 4407 cum
1643 4359 1838 4409 contra

222 4434 478 4492 edictum
511 4431 771 4501 eduntur,
821 4433 1117 4492 immunda
1157 4442 1304 4491 sunt.
1334 4438 1577 4512 Denique
1609 4443 1666 4497 in
1695 4443 1836 4516 Lege

1943 3263 2073 3319 siin
2117 3263 2226 3319 alia
2272 3261 2703 3335 reprehendatur
2742 3278 2800 3317 re
2854 3262 3104 3330 minima,
3141 3261 3351 3319 bonum
3401 3262 3544 3320 illud

1943 3367 2106 3408 suum
2149 3351 2397 3420 oﬁ'uscat,
2429 3359 2484 3407 et
2516 3351 2748 3423 incipiet
2765 3349 2974 3407 bonum
3014 3349 3132 3422 ejus
3157 3348 3531 3423 blasphemari

1944 3455 2041 3515 per
2072 3440 2279 3497 malum
2308 3439 2448 3512 ejus,
2473 3439 2617 3498 sicut
2660 3440 2928 3512 scriptum
2969 3449 3051 3497 est
3089 3439 3148 3496 in
3194 3440 3485 3497 Ezechiele
3523 3459 3536 3496 :

1958 3553 1978 3578 ‹
2014 3529 2236 3587 Iustitia
2263 3528 2400 3602 justi
2448 3545 2561 3585 non
2602 3527 2870 3601 proﬁciet,
2915 3527 2960 3584 si
3000 3528 3269 3586 erraverit
3317 3529 3537 3601 (Ezech.

1945 3635 2150 3689 χχχιιι,
2181 3619 2294 3691 12).
2343 3643 2362 3667 ι
2399 3618 2528 3674 Tale
2553 3624 2654 3685 est,
2690 3618 2738 3674 si
2786 3617 2910 3691 quis
2961 3618 3175 3691 aliquid
3220 3618 3352 3676 vitii
3402 3619 3544 3676 forte

1945 3708 2177 3765 decorus
2203 3708 2404 3766 habeat
2434 3708 2552 3782 (24)
2583 3709 2643 3765 in
2671 3709 2873 3779 fronte,
2904 3717 2999 3765 aut
3021 3725 3215 3766 nasum
3263 3710 3542 3777 collisum,

1945 3801 2092 3859 unde
2119 3800 2460 3859 deformetur
2503 3801 2711 3876 species
2757 3803 2895 3876 ejus.
2943 3803 3178 3878 Ideoque
3215 3803 3314 3861 illa
3357 3813 3545 3863 monet

1945 3889 2219 3960 sectanda,
2265 3907 2387 3964 qua:
2433 3891 2596 3948 bonis
2627 3891 2854 3967 reliquis
2891 3908 3001 3948 non
3034 3894 3234 3950 tollant
3271 3893 3541 3950 favorem.

2019 3978 2203 4055 (Veis.
2237 3981 2351 4055 17.)
2397 4006 2415 4028 ε
2447 3983 2569 4039 Νοιι
2590 3990 2673 4040 est
2718 3983 2867 4038 enim
2916 3999 3145 4055 regnum
3182 3981 3281 4038 Dei
3329 3998 3450 4039 esca
3487 3991 3544 4039 et

1947 4056 2128 4148 potus.
2169 4098 2188 4122 ι
2256 4071 2608 4130 Manifestum
2663 4079 2746 4130 est
2801 4072 2934 4145 quia
2996 4087 3158 4128 nemo
3208 4086 3306 4143 per
3360 4086 3540 4128 escam

1946 4164 2122 4237 placet
2166 4165 2281 4221 Deo
2331 4171 2428 4219 aut
2476 4162 2750 4236 displicet.
2817 4186 2836 4209 ι
2873 4161 2976 4218 Sed
3016 4160 3254 4232 justitia,
3298 4168 3353 4216 et
3408 4175 3538 4233 pax,

1944 4259 1998 4309 et
2028 4252 2289 4325 gaudium
2320 4253 2377 4308 in
2407 4251 2614 4324 Spiritu
2637 4257 2847 4309 sancto.
2888 4274 2906 4297 ι
2956 4250 3068 4306 Hos
3094 4249 3153 4306 in
3183 4267 3411 4323 regnum
3440 4249 3540 4307 Dei

1945 4343 2083 4401 dicit
2109 4343 2335 4410 intrare,
2369 4343 2463 4416 qui
2488 4340 2762 4414 justitiam
2791 4349 3119 4414 sequuntur,
3150 4339 3245 4396 sed
3274 4340 3543 4398 Christia-

1946 4449 2072 4489 nam
2100 4431 2363 4488 habentes
2391 4445 2599 4505 pacem,
2622 4445 2787 4503 quam
2809 4428 3082 4486 Dominus
3106 4428 3280 4497 dedit,
3310 4427 3500 4486 dicens
3524 4445 3536 4484 :

223 4523 338 4580 ait:
391 4549 411 4571 ι
439 4522 629 4578 Erunt
682 4522 1156 4591 immundavobis,
1207 4531 1311 4580 etc.
1351 4525 1542 4596 (Lavit.
1573 4545 1652 4597 χι,
1688 4531 1768 4602 ιι).
1803 4558 1821 4580 ι
1861 4550 1910 4609 D
1959 4554 1977 4576 ι
2018 4530 2211 4585 Pacem
2254 4545 2432 4585 meam
2479 4526 2549 4584 do
2591 4527 2772 4596 vobis,
2820 4542 3009 4600 pacem
3069 4525 3326 4599 relinquo
3381 4523 3542 4582 vobis

301 4637 318 4658 ι
352 4614 430 4669 Et
460 4611 628 4684 plane
654 4611 749 4684 qui
776 4612 1063 4670 existimat
1105 4613 1323 4687 aliquid
1369 4630 1487 4672 esse
1517 4632 1829 4689 commune,

225 4699 301 4756 illi
330 4716 646 4758 commune
669 4709 770 4756 est.
797 4725 815 4747 ι
859 4701 988 4757 Sive
1020 4704 1118 4776 qui
1147 4719 1220 4759 ex
1247 4703 1440 4762 Iudaeo
1491 4704 1834 4764 christianus

225 4798 318 4857 est,
368 4792 502 4846 sive
550 4789 779 4863 gentilis
839 4790 1018 4847 ﬁdelis
1060 4800 1218 4865 putat
1286 4811 1402 4851 esse
1458 4795 1676 4870 aliquid
1722 4800 1832 4856 tale

227 4879 549 4946 vitandum,
580 4876 700 4952 ipse
719 4887 805 4935 est
820 4895 981 4952 quem
1011 4898 1177 4954 supra
1193 4882 1480 4940 inﬁrmum
1509 4885 1649 4944 dicit
1676 4887 1826 4960 (22);

225 4967 538 5024 dubitando
591 4967 740 5024 enim
800 4975 882 5024 est
942 4968 1215 5027 inﬁrmus.
1269 4972 1433 5045 Apud
1489 4974 1655 5031 istum
1713 4976 1831 5032 im-

228 5056 507 5114 mundum
581 5063 698 5126 est,
767 5055 917 5129 quod
973 5066 1129 5129 putat
1183 5076 1296 5116 non
1351 5061 1630 5120 edendum
1692 5082 1705 5120 :
1773 5072 1830 5122 et

293 5235 628 5317 (I8)_Voces
658 5234 715 5290 in
737 5251 867 5317 ‘non
905 5234 1118 5317 edendo,
1159 5243 1213 5294 et
1241 5237 1385 5298 infra
1422 5241 1482 5297 in
1522 5242 1739 5314 edendo,
1768 5245 1827 5304 in

228 5304 356 5364 odit.
388 5304 859 5379 Rom._jugulatm
887 5315 1036 5364 sunt.

326 5379 418 5451 I9)
454 5376 623 5451 Corb.
645 5376 793 5451 c'od_._,
833 5379 973 5435 Nam
998 5380 1092 5450 qui
1128 5379 1325 5451 occisus
1365 5390 1458 5451 est,
1498 5388 1828 5446 resurrexit.

319 5449 418 5530 20)
449 5449 657 5506 Omnes
687 5449 908 5530 editiuet
931 5449 1066 5530 mss.
1114 5450 1352 5530 aliquot,
1374 5461 1421 5510 et
1440 5449 1649 5530 inimici
1675 5458 1827 5530 fate-

233 5518 426 5602 ψωθο
453 5537 581 5602 πιςξ
610 5521 890 5602 nopnulli,
920 5521 979 5602 in
1010 5539 1126 5590 me;
1171 5518 1378 5591 caeteri,
1415 5527 1510 5600 qui
1536 5538 1590 5585 et
1610 5518 1826 5602 proba-

235 5590 420 5664 tiores,
442 5591 606 5664 nobis
632 5591 1058 5664 adstipulantur.

301 5662 422 5735 (21)
446 5661 578 5721 Msa.
611 5661 889 5734 nonnulli,
918 5665 1062 5738 quod
1080 5666 1283 5740 prodit.

1949 4619 2130 4692 (Joan.
2161 4636 2281 4687 XIV,
2312 4620 2440 4690 27);
2483 4642 2501 4666 ι
2545 4634 2614 4673 ex
2649 4634 2757 4692 qua
2776 4617 2957 4674 oritur
2976 4617 3236 4690 gaudium
3251 4616 3307 4672 in
3328 4615 3541 4689 Spiritu

1939 4716 2148 4767 sancto.
2179 4707 2511 4779 Disceptatio
2539 4714 2722 4764 autem
2752 4723 2864 4764 non
2897 4707 3062 4763 habet
3106 4705 3391 4779 gaudium,
3441 4705 3539 4763 sed

1938 4799 2116 4867 iram;
2151 4798 2274 4854 ideo
2301 4813 2413 4856 non
2440 4799 2558 4855 illic
2595 4796 2820 4870 respicit
2857 4796 3096 4868 Spiritus
3129 4803 3370 4864 sanctus,
3408 4795 3541 4869 quia

1939 4889 2136 4962 gaudet
2164 4890 2223 4946 in
2252 4889 2385 4946 solis
2406 4888 2668 4962 paciﬁcis.
2701 4887 2857 4945 Sicut
2884 4889 3036 4946 enim
3073 4903 3145 4945 ex
3184 4885 3346 4944 nobis
3391 4902 3538 4945 con-

1935 4979 2210 5046 tristatur,
2236 4977 2316 5034 sic
2345 4987 2400 5034 et
2428 4977 2626 5050 gaudet
2655 4978 2712 5032 in
2746 4977 2928 5034 nobis.

2011 5069 2194 5144 (Vers.
2229 5067 2341 5140 18.)
2415 5091 2434 5114 ι
2471 5067 2578 5137 Qui
2625 5068 2776 5126 enim
2831 5067 2891 5124 in
2937 5066 3046 5127 hoc
3090 5069 3264 5125 servit
3312 5065 3535 5127 Christo

1980 5247 2129 5330 ,(32)
2155 5247 2306 5304 Εάίῑο
2339 5263 2403 5305 ac
2430 5243 2590 5321 pauci
2608 5261 2766 5314 mss.,
2788 5263 2939 5318 quem
2961 5247 3245 5320 Scriptura
3262 5246 3534 5318 inﬁrmum

1933 5319 2128 5464 (11,0833)
2158 5390 2288 5451 Mss.
2343 5390 2575 5464 aliquot,
2617 5397 2848 5464 propter
2881 5389 3189 5446 charitatem
3216 5403 3387 5451 suam,
3418 5399 3536 5455 qua:

1935 5461 2126 5518 dilexit
2160 5479 2274 5533 nos,
2303 5461 2550 5520 misertus
2579 5461 2654 5520 est
2676 5461 2867 5520 nostri.

2009 5534 2128 5606 (24)
2153 5535 2236 5609 Ita
2257 5527 2388 5609 mss.
2421 5536 2582 5609 longe
2622 5533 2850 5608 plurimi
2881 5551 2894 5589 :
2926 5531 3048 5609 alii-
3071 5546 3208 5609 vero
3251 5527 3534 5609 nonnulli,

1933 5598 2285 5678 atq‘ue'ediL,
2319 5608 2378 5665 Si
2404 5598 2764 5680 quis'dec'orus
2793 5618 2986 5659 novum
3014 5601 3153 5674 forte
3189 5598 3396 5665 habeat.
3426 5608 3535 5660 etc.
