4112 6178
285 324 372 383 181

1367 325 1730 392 COMMENT.
1773 327 1848 387 IN
1883 327 2103 388 EPIST.
2145 333 2243 390 AD
2279 334 2451 395 ROM.

3473 339 3576 399 182

348 450 521 524 (Vers.
554 450 636 525 2.)
683 475 702 500 ι
729 449 804 510 Ει
830 465 943 508 non
991 450 1405 528 nobismetipsis
1434 454 1666 526 placere,
1695 477 1715 504 ι
1765 455 1873 514 hoc
1903 460 1956 520 A
1973 457 2140 532 juxta
2192 475 2413 520 sensum
2473 459 2680 532 Christi
2721 462 2932 526 fuerint
2984 464 3294 534 exhortati;
3354 473 3417 524 ut
3458 465 3581 526 sine

286 547 384 610 est;
418 558 529 598 non
576 542 726 618 quod
772 540 932 599 nobis
985 541 1159 615 prosit
1204 551 1258 599 et
1301 543 1514 617 placeat
1561 545 1865 615 vindicare,

281 633 365 690 sed
413 643 466 690 et
523 634 671 710 quod
728 634 932 700 fratri;
964 635 1092 708 quia
1148 633 1392 692 invicem
1447 652 1636 694 curam
1690 637 1871 694 nostri

280 741 423 798 agere
477 724 759 782 debemus.
818 750 836 773 ι
877 724 1266 799 Unusquisque
1309 726 1566 799 proximo
1613 743 1714 784 suo
1745 727 1873 799 pla-

277 829 384 877 ceat
421 821 479 877 in
513 820 658 877 bono
701 820 769 878 ad
817 819 1266 878 aedificationem.
1299 844 1317 867 ι
1374 821 1537 877 Nunc
1581 836 1872 892 personam

278 926 421 967 suam
472 909 769 978 discrevit;
811 910 912 967 hos
957 909 1107 966 enim
1156 917 1495 978 commonet,
1525 915 1586 964 ut
1614 909 1871 966 charitati

276 997 548 1056 studentes
587 1000 860 1075 proximis
891 1000 1144 1072 placeant
1184 998 1252 1055 ad
1285 998 1362 1066 id,
1412 997 1556 1072 quod
1603 1005 1683 1055 est
1710 997 1868 1054 utile.

276 1086 395 1144 Haec
422 1096 505 1145 est
549 1088 867 1156 aediﬁcatio,
917 1087 1062 1146 sicut
1089 1087 1222 1144 alibi
1265 1088 1377 1145 ait:
1426 1112 1444 1135 ι
1481 1087 1618 1159 Ego,
1666 1087 1868 1160 inquit,

273 1191 365 1246 per
392 1176 584 1232 omnia
611 1177 871 1234 omnibus
907 1176 1094 1250 placeo
1126 1176 1184 1247 (Ι
1211 1177 1336 1234 Cor.
1367 1193 1427 1244 x,
1455 1175 1570 1247 33).
1603 1199 1622 1222 ι

345 1265 527 1337 (Vers.
561 1264 638 1338 3.)
693 1291 711 1314 ε
744 1266 878 1323 Nam
927 1273 982 1322 et
1027 1264 1280 1325 Christus
1329 1281 1440 1321 non
1493 1264 1597 1322 sibi
1638 1263 1866 1337 placuit,

270 1355 365 1411 sed
396 1355 539 1413 sicut
567 1356 830 1430 scriptum
859 1363 957 1413 est:
989 1355 1374 1415 Detractiones
1411 1355 1869 1430 exprobrantium

273 1449 321 1499 te
363 1443 680 1502 ceciderunt
707 1461 868 1518 super
908 1461 1012 1502 me.
1043 1471 1061 1493 ι
1106 1445 1445 1504 Salvatorem
1477 1462 1590 1502 non
1632 1445 1870 1502 sibime-

271 1530 396 1604 tipsi
445 1532 584 1590 dicit
628 1533 919 1606 placuisse,
964 1532 1060 1590 sed
1101 1535 1218 1592 Deo
1273 1534 1459 1602 Patri;
1509 1534 1639 1608 quia
1686 1533 1862 1591 dicit:

285 1646 304 1667 -
329 1621 450 1678 Non
479 1622 626 1679 enim
655 1621 916 1680 descendi
941 1623 1013 1680 de
1029 1624 1194 1693 calo,
1221 1629 1285 1680 ut
1304 1623 1500 1681 faciam
1523 1623 1869 1680 voluntatem

271 1727 468 1780 meam,
502 1710 599 1768 sed
643 1712 990 1768 voluntatem
1020 1710 1161 1784 ejus,
1206 1712 1302 1784 qui
1349 1711 1504 1769 misit
1548 1727 1657 1780 me,
1693 1710 1870 1768 Patris

272 1801 454 1892 (_._Ioan.
482 1819 569 1892 vi,
599 1801 714 1892 38).
748 1827 781 1892 »γ
808 1802 883 1858 Ει
919 1801 1051 1875 quia
1075 1818 1200 1860 cum
1233 1802 1351 1860 haec
1380 1803 1610 1892 diceret,
1640 1811 1870 1860 contra-
1899 1819 1947 1882 Β
1981 1820 2336 1878 conﬁrmaret
2397 1817 2794 1892 ρτοωίεείοηθε
2855 1819 3105 1876 pan-um.
3173 1839 3193 1865 ,

269 1888 587 1948 dicentibus
613 1890 819 1948 Judais
847 1891 1004 1965 quasi
1034 1899 1288 1963 peccator
1313 1891 1607 1960 occiditur,
1632 1892 1872 1948 Psalmo-

270 1980 516 2052 graphus
571 1996 644 2037 ex
697 1996 930 2052 persona
983 1980 1102 2053 ejus
1157 1981 1324 2038 verba
1387 1981 1521 2039 facit
1570 1981 1641 2038 ad
1699 1983 1875 2038 Deum

270 2068 515 2138 Patrem,
557 2069 782 2127 dicens:
851 2095 869 2117 σ
898 2070 1281 2128 Detractiones
1326 2070 1778 2145 exprobrantium
1823 2078 1879 2127 te

249 2157 592 2215 ceciderunt
619 2175 783 2232 super
832 2175 921 2216 me
963 2160 1136 2228 (Psat.
1171 2177 1369 2229 nxvm,
1400 2160 1527 2232 10);
1558 2183 1578 2208 ι
1622 2160 1729 2218 hoc
1755 2166 1872 2216 est:

269 2245 385 2318 Ego
415 2262 544 2304 cum
594 2248 939 2305 voluntatem
987 2256 1142 2305 tuam
1187 2248 1444 2319 facerem,
1491 2248 1756 2306 dixerunt
1786 2265 1876 2306 me

270 2349 498 2405 peccare
528 2337 586 2393 in
614 2345 692 2406 te,
719 2338 953 2410 qui-non
983 2354 1072 2395 me
1091 2337 1433 2410 recipiendo,
1452 2354 1615 2412 quem
1647 2338 1872 2406 misisti,

243 2426 751 2498 -exprohraverunt
795 2437 886 2486 te:
937 2429 1069 2503 quia
1109 2428 1284 2487 Judaei
1329 2445 1457 2486 cum
1485 2439 1775 2502 peccarent
1813 2427 1873 2483 in

268 2515 444 2573 Deum
488 2516 631 2590 (31),
663 2534 776 2575 non
805 2519 1131 2592 recipientes
1169 2535 1330 2592 quem
1365 2519 1516 2574 misit
1566 2518 1872 2585 Christum,

270 2604 502 2679 insuper
559 2614 614 2663 et
675 2607 999 2666 occiderunt
1047 2623 1173 2664 eum
1222 2607 1379 2682 quasi
1436 2616 1751 2680 peccantem
1814 2606 1873 2662 in

271 2695 472 2752 Deum.
501 2695 594 2753 Sic
622 2703 843 2770 peccata
878 2696 1226 2770 peccantium
1255 2697 1314 2752 in
1351 2698 1525 2754 Deum
1555 2694 1876 2753 ceciderunt

269 2800 438 2858 super
468 2785 753 2844 Christum
776 2788 1062 2854 ;innocens
1089 2789 1282 2844 enima
1309 2786 1690 2860 peccatoribus
1713 2784 1875 2842 occi-

267 2873 424 2931 ditur
449 2875 608 2948 quasi
636 2875 1010 2950 blasphemus,
1042 2877 1186 2936 sicut
1208 2876 1475 2949 scriptum
1506 2883 1588 2932 est
1607 2876 1664 2931 in
1692 2875 1875 2930 Evan-

268 2963 416 3034 gelio
450 2967 648 3038 (Marc.
675 2984 760 3035 ιιι,
781 2967 898 3038 28).

341 3051 536 3124 (Vers.
568 3053 724 3127 4-6.)
771 3079 788 3101 ι
819 3055 1173 3128 Quaecunque
1210 3056 1361 3111 enim
1392 3055 1598 3126 scripta
1627 3058 1776 3121 sunt,
1807 3049 1876 3108 ad

1975 548 2276 608 cessatione
2331 549 2555 610 laudent
2599 553 2774 611 Deum
2833 552 3043 622 omnia,
3101 569 3224 627 quas
3294 553 3428 615 fecit
3482 571 3580 628 per

1977 637 2284 706 Christum,
2316 647 2372 696 et
2399 647 2522 714 post
2563 658 2804 700 errorem
2851 645 3000 718 lapsa
3043 643 3160 718 (34)
3193 661 3294 718 per
3320 644 3577 704 eumdem

1980 728 2179 786 iterum
2223 729 2431 801 erigere
2474 739 2529 787 et
2571 731 2871 790 reformare
2915 733 3176 808 dignatus
3217 742 3322 804 est,
3366 733 3578 808 duplex

1980 817 2118 875 dans
2132 819 2486 889 beneﬁcium,
2509 820 2945 879 misericordiam
2960 831 3015 879 et
3031 823 3409 896 cognitionem
3433 823 3552 898 (35)
3563 866 3576 880 .

2054 907 2235 980 (Vers.
2273 908 2349 979 7.)
2395 932 2414 956 ς
2459 908 2692 981 Propter
2729 909 2879 983 quod
2920 912 3180 968 assumite
3224 913 3576 980 alterutrum,

1979 997 2126 1055 sicut
2151 1005 2205 1054 et
2247 997 2499 1057 Christus
2528 1000 2830 1072 assumpsit
2856 1017 2958 1058 vos
3001 1001 3060 1058 in
3089 1001 3357 1060 honorem
3393 1001 3515 1060 Dei.
3545 1027 3566 1051 ι

1977 1086 2070 1143 Sic
2121 1087 2388 1160 assumpti
2436 1103 2628 1144 sumus
2668 1104 2701 1143 a
2748 1088 2990 1158 Christo,
3051 1089 3186 1147 dum
3235 1090 3583 1151 inﬁrmitates

1975 1183 2192 1234 nostras
2245 1176 2506 1250 accepit,
2563 1185 2617 1233 et
2670 1177 3032 1250 aegritudines
3075 1187 3296 1238 nostras
3341 1180 3584 1253 portavit

1980 1265 2140 1336 (Isa.,
2171 1283 2289 1335 LIII,
2314 1265 2370 1339 4)
2398 1283 2412 1331 ;
2446 1275 2508 1322 ut
2537 1264 2643 1322 hoc
2678 1268 2936 1339 exemplo
2966 1282 3066 1324 nos
3095 1265 3336 1324 invicem
3367 1276 3584 1327 nostras

1971 1356 2330 1428 inﬁrmitates
2355 1374 2450 1432 per
2479 1357 2800 1432 patientiam
2831 1357 3244 1427 conﬁrmamus,
3288 1367 3350 1416 ut
3379 1375 3582 1417 nomen

1977 1449 2210 1508 honoris
2233 1449 2336 1506 Dei
2367 1455 2710 1521 assumptum
2740 1447 2800 1505 in
2830 1465 2931 1504 nos
2968 1464 3083 1505 non
3111 1455 3442 1508 evacnetur:
3477 1448 3580 1508 ﬁlii

1979 1540 2128 1597 enim
2159 1539 2401 1598 dicimur
2420 1540 2522 1596 Dei
2548 1556 2645 1612 per
2677 1539 2912 1612 gratiam
2939 1539 3172 1598 Christi.

2051 1639 2236 1712 (Vera.
2258 1640 2340 1711 8.)
2386 1663 2404 1686 ι
2424 1638 2562 1696 Dico
2588 1637 2736 1696 enim
2760 1637 3045 1694 Christum
3060 1638 3246 1695 Jesum
3263 1637 3582 1696 ministrum

2001 1728 2171 1786 fuisse
2203 1727 2647 1786 circumcisionis
2693 1744 2794 1800 pro
2824 1727 3059 1784 veritate
3093 1727 3218 1796 Dei,
3268 1727 3329 1784 in
3377 1726 3484 1784 hoc
3519 1733 3584 1784 ut

3293 1816 3577 1892 Originem

1984 1908 2335 1967 commendat
2385 1908 2702 1966 Iudaeorum
2746 1927 2762 1976 ;
2822 1908 2881 1965 in
2937 1906 3364 1966 circumcisione
3432 1907 3583 1966 enim

1983 1998 2132 2057 ﬁlios
2186 1999 2463 2074 signiﬁcat
2488 1997 2776 2066 'Abrahae,
2814 1999 3019 2072 quibus
3074 1998 3277 2056 missus
3325 1996 3584 2058 Christus

1985 2089 2328 2146 ministravit
2381 2089 2630 2162 patribus
2686 2089 2918 2163 gratiam
2968 2088 3377 2162 repromissam.
3427 2085 3583 2145 Unde

1983 2179 2278 2236 Salvator:
2325 2202 2343 2226 ι
2374 2179 2491 2252 Ego
2517 2180 2667 2237 enim
2715 2195 2861 2248 sum,
2890 2178 3094 2254 inquit,
3127 2178 3186 2235 in
3233 2177 3419 2236 medio
3447 2192 3582 2234 ves-

1984 2276 2134 2326 trum
2182 2269 2334 2341 (Luc.
2380 2286 2525 2338 xxxi,
2571 2270 2688 2342 27),
2718 2293 2738 2316 ι
2799 2285 2912 2327 ιιοιι
2958 2275 3021 2326 ιιι
3057 2267 3360 2336 ministrer,
3387 2265 3490 2325 sed
3517 2273 3583 2323 ut

1984 2357 2292 2416 ministrem
2322 2377 2335 2426 ;
2368 2366 2428 2415 ut
2450 2358 2654 2416 veritas
2684 2360 2742 2416 in
2763 2357 3128 2434 promissione
3154 2356 3300 2415 facta
3330 2355 3584 2431 patribus

1983 2449 2327 2523 probaretur.
2421 2449 2785 2508 Circumcisio
2858 2449 3008 2509 enim
3071 2448 3254 2506 carnis
3319 2446 3446 2505 data
3499 2455 3584 2506 est

1981 2540 2219 2598 Abrahae
2272 2541 2332 2597 in
2387 2541 2619 2612 ﬁguram
2675 2536 3117 2597 circumcisionis
3155 2535 3357 2606 cordis,
3409 2551 3578 2610 quam

1983 2637 2170 2702 postea
2197 2628 2466 2702 propheta
2484 2628 2728 2684 futuram
2749 2625 3105 2698 signiﬁcavit,
3127 2625 3351 2682 dicens:
3399 2648 3420 2674 ι
3448 2622 3581 2684 Cir-

1983 2716 2284 2776 cumcidite
2313 2715 2576 2773 duritiam
2627 2714 2811 2770 cordis
2848 2714 3020 2770 vestri
3055 2713 3273 2784 (larem.
3306 2729 3388 2779 Iv,
3435 2711 3517 2782 4).
3549 2735 3568 2758 ι

1983 2805 2162 2877 Hujus
2190 2804 2375 2861 verbis
2400 2800 2842 2860 circumcisionis
2873 2800 2992 2874 (36)
3024 2799 3307 2873 promissae
3334 2797 3590 2855 minister

1985 2895 2241 2952 Christus
2268 2901 2369 2962 est,
2399 2893 2507 2950 hoc
2543 2899 2644 2960 est,
2677 2890 3024 2965 praedicator.
3056 2887 3272 2946 Dehinc
3299 2886 3586 2961 apostolis,

1983 2993 2047 3042 ut
2073 2983 2415 3042 circumcisis
2465 2998 2628 3040 carne
2651 2981 3033 3039 ministrarent
3061 2978 3247 3037 cordis
3289 2975 3582 3037 circumci-

1982 3074 2214 3143 sionem,
2246 3073 2328 3131 sic
2370 3073 2448 3130 ait
2483 3091 2496 3130 :
2558 3070 2753 3130 :Sicut
2782 3087 2870 3128 me
2922 3069 3125 3128 misisti
3158 3069 3220 3125 in
3247 3067 3399 3126 hunc
3422 3083 3584 3125 mun-

267 3150 530 3200 nostram
579 3143 1056 3208 conﬁrmationem
1090 3143 1205 3216 (32)
1252 3144 1455 3216 scripta
1500 3149 1649 3211 sunt,
1680 3149 1742 3198 ut
1778 3158 1876 3215 per
1907 3183 1951 3245 Ο
1984 3163 2139 3233 dum,
2168 3163 2243 3220 ita
2271 3169 2326 3220 et
2369 3178 2471 3236 ego
2508 3161 2637 3218 misi
2667 3176 2761 3218 eos
2804 3160 2863 3217 in
2910 3159 3062 3217 hunc
3091 3158 3363 3216 mundum
3393 3157 3584 3231 (Ῑοαη,

259 3234 604 3306 patientiam
653 3245 707 3292 et
753 3235 1195 3293 exhortationem
1244 3236 1670 3308 Scripturarum,
1724 3251 1876 3308 spem

259 3321 602 3380 habeamus.
648 3349 666 3371 ι
735 3325 1088 3382 Manifestum
1136 3333 1217 3383 est
1270 3327 1416 3398 quia,
1480 3349 1498 3372 ι
1539 3339 1879 3399 quacunque

258 3413 482 3486 scripta
510 3425 659 3484 sunt,
681 3416 750 3472 ad
777 3424 1023 3473 nostram
1052 3416 1404 3490 disciplinam
1432 3416 1639 3489 scripta
1665 3423 1863 3484 suntp

261 3509 322 3557 ut
353 3520 428 3560 ex
462 3504 584 3577 ipsa
626 3505 1011 3564 exhortatione
1045 3506 1398 3580 proﬁciamus
1445 3505 1515 3562 od
1544 3522 1721 3579 spem,
1764 3520 1878 3563 non

265 3591 588 3651 difﬁdentes
620 3594 687 3651 de
717 3595 1029 3668 promissis,
1061 3595 1107 3652 si
1138 3595 1323 3652 adhuc
1351 3594 1590 3652 tardent.

347 3713 364 3736 ι
423 3693 582 3749 Deus
635 3700 816 3750 autem
873 3693 1151 3767 patientiae
1208 3700 1264 3750 et
1333 3690 1732 3750 consolationis
1786 3689 1880 3748 det

269 3779 424 3837 vobis
454 3798 636 3838 unum
658 3782 900 3840 invicem
944 3789 1086 3848 105
1114 3798 1302 3855 sapere
1327 3781 1649 3856 (secundum
1693 3781 1879 3836 Jesum

266 3876 562 3937 Christum
588 3897 603 3947 ;
629 3888 692 3937 ut
719 3882 1008 3938 unanimes
1039 3897 1152 3938 uno
1177 3898 1272 3940 ore
1301 3881 1684 3940 honoriﬁcetis
1703 3882 1879 3938 Deum

267 3974 318 4022 et
355 3970 589 4027 Patrem
634 3969 858 4026 Domini
888 3969 1066 4026 nostri
1109 3971 1237 4028 Jesu
1266 3970 1494 4029 Christi.
1523 3997 1541 4018 ι-
1594 3969 1763 4039 Quasi
1811 3967 1881 4026 ad

267 4058 503 4116 salutem
549 4058 753 4116 missus
783 4060 1082 4132 Apostolus
1123 4059 1273 4116 bono
1312 4068 1443 4116 voto
1482 4059 1698 4133 plebem
1742 4074 1882 4131 pro-

266 4149 526 4220 sequitur
567 4191 581 4216 ,
631 4155 828 4220 optans
868 4156 932 4204 ιιι
965 4150 1113 4206 Deus
1153 4149 1248 4207 det
1312 4150 1392 4206 eis
1438 4165 1613 4205 unum
1657 4163 1880 4204 sensum

266 4238 565 4310 sapientiae
619 4237 923 4295 secundum
977 4239 1163 4296 Iesum
1219 4239 1502 4298 Christum
1545 4257 1558 4306 ;
1618 4247 1681 4295 ut
1719 4237 1883 4310 juxta

264 4324 590 4384 doctrinam
638 4326 846 4384 Christi
896 4327 1131 4399 sapiant.
1197 4329 1352 4385 Tunc
1404 4329 1552 4385 enim
1623 4333 1884 4400 poterunt

264 4415 641 4476 dilectionem
711 4433 935 4473 servare
991 4417 1252 4490 exemplo
1298 4415 1524 4474 Domini
1589 4415 1878 4474 dicentis:

1985 3271 2127 3322 xvn,
2162 3254 2275 3325 18).
2323 3279 2342 3302 ι
2384 3252 2748 3312 Circumcisio
2785 3258 2970 3308 autem
3019 3250 3205 3308 cordis
3233 3257 3336 3318 est,
3366 3248 3587 3307 sublata

1985 3346 2188 3402 erroris
2216 3344 2436 3414 nebula,
2468 3359 2758 3416 agnoscere
2795 3351 3095 3399 creatorem
3120 3341 3295 3398 Deum
3345 3339 3588 3406 Patrem,

1987 3445 2042 3495 et
2051 3435 2256 3494 Filium
2273 3435 2393 3508 ejus
2403 3433 2712 3501 Christum,
2728 3448 2827 3504 per
2841 3447 3006 3505 quem
3025 3429 3235 3488 creavit
3249 3426 3587 3499 omnia(37),

1987 3533 2049 3583 ut
2078 3526 2282 3584 veritas
2309 3525 2410 3582 Dei
2465 3524 2805 3597 impleretur.
2853 3519 3188 3578 Promiserat
3237 3515 3385 3574 enim
3416 3514 3590 3574 datu-

1988 3632 2111 3672 rum
2139 3632 2198 3673 se
2245 3613 2703 3682 misericordiam,
2753 3619 2806 3668 et
2847 3608 3176 3684 promiserat
3216 3606 3466 3682 patribus
3493 3605 3588 3662 Ju-

1985 3708 2233 3766 dreorum
2258 3725 2272 3774 ;
2297 3721 2427 3762 nam
2460 3704 2677 3760 dixerat
2724 3700 3040 3759 Abraham:
3096 3723 3115 3746 ε
3143 3697 3208 3756 1n
3237 3696 3449 3753 semine
3486 3702 3586 3751 tuo

1988 3798 2386 3856 benedicentur
2408 3810 2598 3850 omnes
2617 3800 2805 3865 gentes
2833 3792 2988 3864 (Gen.
3019 3806 3163 3858 xxii,
3206 3787 3321 3861 18).
3356 3811 3374 3835 ›
3409 3787 3482 3843 Ει
3510 3783 3579 3840 ad

1989 3886 2169 3942 David
2197 3884 2381 3942 dixit:
2434 3884 2550 3940 «De
2587 3881 2774 3938 fructu
2817 3878 3028 3936 ventris
3073 3877 3158 3935 tui
3191 3892 3393 3949 ponam
3423 3887 3589 3946 super

1989 3975 2175 4032 sedem
2204 3983 2356 4032 tuam
2389 3972 2565 4045 (Psat.
2594 3987 2791 4039 cxxxr,
2811 3969 2944 4041 11),
2975 3975 3030 4024 et
3061 3987 3072 4024 :
3121 3992 3141 4016 ι
3169 3965 3395 4023 Orietur
3421 3961 3586 4018 stella

1989 4082 2060 4124 ex
2088 4063 2256 4122 Jacob
2289 4063 2472 4137 (Num.
2501 4079 2660 4130 xxiv,
2696 4059 2809 4133 17.)
2845 4084 2864 4107 ι

2064 4165 2245 4237 (Vere.
2276 4164 2359 4236 9.)
2400 4185 2419 4210 ι
2453 4163 2654 4218 Gentes
2693 4168 2880 4216 autem
2926 4170 3092 4226 super
3146 4147 3587 4207 misericordiam

1991 4256 2262 4314 honorare
2308 4256 2504 4311 Deum.
2539 4276 2558 4300 ι
2616 4250 2758 4318 Quia
2806 4247 2958 4307 enim
2991 4245 3080 4302 his
3110 4241 3265 4300 nulla
3293 4237 3592 4316 promissio

1990 4353 2126 4413 erat,
2157 4344 2312 4420 quasi
2373 4341 2586 4413 indigni
2642 4355 2738 4411 per
2781 4337 2953 4394 solam
3001 4331 3437 4392 misericordiam
3493 4346 3595 4420 as-

1991 4418 2197 4508 sumpti
2243 4438 2374 4490 sunt
2401 4430 2471 4487 ad
2497 4430 2750 4498 salutem,
2797 4435 2860 4484 ut
2906 4441 3004 4500 per
3055 4423 3458 4482 confessionem
3491 4418 3589 4476 ho-

279 4530 298 4552 '
326 4506 513 4606 Maius
545 4506 649 4566 hac
675 4506 975 4608 ἀίίθοίίοῐξθ
1009 4506 1125 4579 (33)
1174 4521 1337 4604 ηὲφο
1381 4505 1570 4608 ξιεξθῖρ
1600 4521 1780 4608 fluam
1819 4511 1883 4605 ιξῖ
1915 4549 1963 4608 D
1993 4505 2192 4582 norant
2219 4526 2416 4592 Deum,
2442 4521 2574 4596 quia
2603 4518 2875 4578 increduli
2901 4515 3261 4608 inhonorant.

265 4595 520 4654 animam
571 4613 724 4653 suam
753 4595 1310 4670 .ponatproramicis
1349 4604 1406 4653 et
1457 4594 1722 4652 fratribus
1769 4595 1886 4651 suis

269 4686 456 4757 (Joan.
505 4704 615 4754 xv,
662 4687 774 4759 13),
808 4712 826 4734 ι
870 4695 928 4742 et
973 4687 1052 4745 ita
1093 4703 1205 4743 uno
1242 4703 1358 4754 ore,
1389 4702 1501 4743 una
1542 4684 1889 4743 confessione

268 4775 497 4837 laudare
547 4780 725 4836 Deum
774 4780 989 4836 Patrem
1033 4779 1094 4836 in
1137 4777 1382 4847 Christo,
1445 4778 1492 4835 si
1533 4776 1774 4836 invicem
1830 4792 1888 4835 se

268 4994 548 5068 humiles;
586 4994 743 5050 Eras.
787 5002 995 5068 autem,
1051 5011 1114 5052 ac
1152 5009 1273 5068 seq.
1323 4993 1458 5068 edit.
1517 5011 1643 5052 cum
1694 4992 1886 5068 paucis

269 5064 430 5134 niss.,
492 5083 563 5123 ne
616 5066 891 5134 provocati
943 5064 1252 5123 contendere
1291 5067 1474 5131 velint,
1531 5073 1580 5121 et
1618 5064 1714 5134 ne,
1759 5067 1886 5120 dum

267 5137 501 5196 humiles
530 5137 802 5205 videntur,
833 5145 940 5194 etc.

267 5279 318 5336 Π
341 5209 466 5284 (31)
510 5211 675 5267 Rom.
714 5209 849 5266 edit.
885 5209 1023 5277 sola,
1073 5207 1203 5278 quia
1233 5209 1410 5266 Judaei
1438 5213 1789 5282 peccaverunt
1831 5207 1886 5264 in

318 5297 462 5336 mm.

318 5297 462 5338 etim.

343 5353 468 5426 (32)
514 5354 598 5410 Ita
634 5360 747 5408 vet.
801 5350 936 5426 edit.
983 5358 1040 5426 et
1089 5367 1230 5426 mssL
1269 5367 1381 5407 non
1425 5352 1584 5426 pauci
1610 5369 1627 5426 ;A
1680 5350 1885 5424 reliqui

271 5421 429 5490 vero,
447 5421 542 5481 ad
569 5431 812 5480 nostram
838 5424 1138 5480 doctrinam
1157 5440 1180 5490 ;
1200 5423 1356 5480 Rom.
1377 5421 1540 5492 edit.,
1556 5421 1888 5480 adnostram

270 5495 648 5567 disgiptinam.

344 5563 471 5641 εἰς)
515 5567 644 5626 Vet.
674 5567 810 5626 edit.
841 5584 906 5641 ac
924 5583 1054 5641 mss.
1082 5565 1365 5641 nonnulli,
1394 5565 1649 5641 majorem
1679 5565 1887 5623 haedi-

259 5635 745 5720 -teetimie;’lium.
797 5638 956 5712 edit.,
999 5638 1363 5697 dilectionem:
1412 5635 1612 5712 reliqui
1657 5655 1788 5696 mss.
1824 5646 1889 5696 ut

259 5718 557 5771 intentu.

2079 4640 2100 4663 ι
2117 4615 2271 4671 Sicut
2294 4613 2560 4686 scriptum
2591 4620 2673 4668 est
2707 4629 2719 4669 :
2743 4611 2974 4684 Propter
3000 4607 3110 4663 hoc
3137 4603 3446 4662 conﬁtebor
3480 4599 3586 4658 tibi

1996 4705 2056 4762 in
2086 4704 2359 4776 gentibus,
2385 4711 2438 4759 et
2459 4701 2672 4758 nomini
2692 4709 2790 4758 tuo
2805 4698 3040 4759 cantabo
3059 4695 3234 4769 (Psal.
3254 4711 3396 4763 xvu,
3417 4692 3534 4762 50).
3560 4717 3578 4739 -

1994 4793 2267 4866 Exemplo
2293 4790 2614 4864 prophetico
2640 4790 2874 4863 probat;
2925 4785 3196 4860 scriptum
3225 4794 3306 4842 est
3335 4783 3487 4840 enim
3507 4781 3590 4837 in-

2069 4991 2185 5064 (34)
2216 4988 2482 5064 Nonnulli
2515 5004 2667 5056 mss.,
2721 4987 2937 5043 laudent
2964 4986 3152 5064 Deum,
3179 4984 3361 5040 omnia
3385 4981 3477 5054 qui
3503 4980 3592 5052 fe—

1993 5064 2063 5120 cit
2079 5059 2178 5132 per
2210 5063 2498 5130 Christum,
2531 5067 2578 5115 et
2600 5067 2718 5132 post
2745 5059 3208 5132 erroremglapsos,
3235 5065 3341 5113 etc.

2090 5126 2184 5209 35)
2225 5136 2352 5192 Mss.
2413 5126 2644 5209 aliquot,
2673 5126 3093 5209 misericordiam
3141 5135 3189 5184 et
3214 5126 3595 5209 operationem.

2217 5209 2435 5290 Itahve't‘.
2493 5199 2739 5287 édit..a.c
2767 5199 3450 5290 plurespmss‘.,‘a_qnihus
3479 5211 3591 5290 pou

1993 5267 2200 5337 recedit
2218 5278 2354 5336 edit.
2387 5278 2570 5345 Bom.,
2604 5276 2710 5331 nisi
2739 5267 2886 5348 quod
2913 5275 3011 5332 His
3037 5267 3329 5348 substituit
3357 5285 3454 5340 pro
3482 5267 3592 5345 hu—

1985 5349 2105 5420 jus:
2161 5351 2259 5407 alii
2304 5357 2486 5406 autem
2541 5343 2672 5405 mss.
2724 5343 3047 5420 praeferunt,
3097 5343 3275 5414 Hujus
3326 5355 3446 5409 ergo
3475 5343 3593 5390 σίν-
3674 5359 3677 5361 >

1993 5421 2348 5478 cumcisiom's.

2068 5496 2184 5566 (37)
2217 5492 2452 5564 Quidam
2475 5509 2629 5566 mss.,
2661 5491 2836 5547 cordis
2864 5495 2957 5566 est,
3001 5488 3047 5566 si
3084 5486 3410 5566 amputetur,
3449 5479 3591 5566 uelat

1975 5553 2261 5637 putredo:
2290 5582 2444 5622 error
2471 5553 2715 5622 accedens
2769 5553 2951 5637 cordi.
2970 5564 3048 5625 ut,
3074 5553 3322 5637 Ῑεεὶεῑαεα
3350 5553 3588 5637 υθήιρεε,

1979 5625 2157 5711 possit
2187 5625 2463 5711 agnoscere
2512 5642 2804 5711 creatorem
2859 5633 3028 5711 Deum
3053 5627 3281 5684 Patrem
3335 5640 3442 5681 esse
3467 5625 3590 5683 Iesu

1998 5702 2198 5768 Christi
2211 5702 2311 5781 per
2337 5725 2490 5781 quem
2523 5707 2722 5763 creavit
2747 5702 2946 5761 omnia.
