4090 6182
529 325 630 392 183

1541 339 1638 398 ΑΙ)
1677 341 1909 399 OPERA
1950 340 2005 398 S.
2048 341 2382 402 AMBROSII
2418 344 2797 406 APPENDIX.

3722 357 3826 416 184

529 461 739 541 psalmo
793 462 1010 527 decimo
1064 472 1300 544 septimo
1367 481 1552 546 gentes
1625 472 1998 532 admittendas
2048 476 2117 532 ad
2147 478 2199 538 Α
2230 477 2384 534 omni
2432 480 2630 553 gaudio
2671 489 2725 538 et
2753 498 2884 555 pace
2929 482 2988 539 in
3019 482 3326 552 credendo;
3353 493 3417 541 ut
3443 483 3740 544 abundetis
3768 489 3825 547 in

530 559 759 631 gratiam
811 561 911 617 Dei
943 561 1012 617 ad
1063 562 1475 636 percipiendam
1524 562 1928 620 salutem.Vox
1973 563 2121 620 enim

529 645 736 704 Christi
787 656 889 718 est,
938 667 1046 723 qua
1095 651 1346 709 futurum
1385 651 1531 708 dixit
1585 651 1733 724 quod
1764 652 1822 708 in
1870 652 2125 724 gentibus

526 736 847 807 praedicatio
872 739 991 811 ejus
1020 740 1264 796 fructum
1295 740 1553 796 habitura
1577 747 1719 797 esset
1764 741 2125 798 confessionis

529 827 857 884 sacramenti
891 828 1010 899 (38)
1034 829 1131 884 Dei
1157 847 1171 896 ;
1207 829 1330 884 ideo
1361 830 1561 900 gratias
1589 846 1659 886 ex
1689 829 1794 888 hoc
1809 831 1919 905 agit
1949 832 2125 888 Filius

529 913 678 970 Patri
720 915 778 970 in
810 915 1177 971 obedientiam
1211 916 1476 988 gentium.
1527 918 1682 975 Unde
1720 918 1778 974 in
1821 921 2124 993 Evangelio

527 1002 606 1059 ait
631 1021 643 1058 :
690 1027 708 1050 ε
738 1003 1054 1060 Conﬁtebor
1083 1005 1207 1073 tibi,
1238 1007 1397 1063 Pater
1423 1007 1659 1063 Domine
1688 1009 1812 1065 coeli
1861 1019 1915 1067 et
1943 1008 2122 1079 terrae,

529 1092 658 1162 quia
684 1091 1018 1148 abscondisti
1051 1093 1169 1150 haac
1195 1095 1603 1167 asapientibus,
1651 1103 1708 1151 et
1736 1097 2122 1167 prudentibus,

528 1191 582 1238 et
609 1183 866 1239 revelasti
895 1200 958 1240 ea
981 1185 1261 1256 parvulis;
1315 1187 1576 1260 quoniam
1618 1189 1825 1246 bonum
1857 1191 2122 1263 placitum

531 1270 637 1326 fuit
663 1279 790 1327 ante
821 1280 874 1328 te
931 1273 1147 1344 (Matth.
1195 1291 1276 1342 x1,
1307 1274 1424 1348 25).
1455 1301 1472 1324 ι
1515 1275 1799 1336 Confessio
1849 1295 1977 1353 ergo
2021 1279 2126 1336 ista

529 1357 698 1415 unius
734 1359 834 1417 Dei
877 1369 961 1418 est
1015 1362 1073 1418 in
1105 1363 1399 1435 Trinitate,
1457 1383 1526 1422 ex
1557 1383 1664 1441 qua
1691 1369 1864 1441 surgit
1911 1370 2122 1440 lzetitia,

528 1460 592 1507 ut
624 1458 747 1524 post
777 1452 895 1508 veri
936 1453 1339 1514 confessionem
1397 1459 1556 1516 laetus
1605 1459 1856 1518 decantet
1899 1461 2122 1519 miseri—

529 1541 775 1598 cordiam
803 1549 858 1598 et
890 1541 1098 1599 donum
1131 1545 1250 1602 Dei.

601 1629 787 1701 (Vers.
825 1631 910 1696 10,
966 1634 1079 1704 11.)
1143 1656 1162 1680 ε
1211 1634 1286 1691 Et
1337 1634 1538 1692 iterum
1592 1637 1762 1694 dicit:
1811 1639 2123 1711 Lzetamini,

531 1727 736 1792 gentes,
765 1738 892 1778 cum
928 1721 1085 1794 plebe
1113 1721 1251 1795 ejus,
1276 1748 1292 1771 ι
1357 1725 1464 1782 hoc
1513 1727 1572 1782 in
1619 1729 1834 1785 cantico
1863 1731 2124 1788 Deutero-

506 1808 704 1865 .nomii
740 1810 857 1881 (39)
893 1811 1074 1881 (Deut.
1105 1829 1284 1883 xxxu,
1312 1813 1429 1887 43).
1467 1842 1484 1863 ι
1507 1817 1577 1872 Et
1606 1816 1838 1874 iterum:
1861 1819 2121 1891 Laudate,
2160 1839 2206 1899 Β

529 1913 720 1954 omnes
747 1907 955 1971 gentes,
979 1902 1301 1972 Dominum,
1358 1913 1413 1960 et
1453 1907 1797 1978 magniﬁcate
1832 1925 1979 1976 eum,
2010 1928 2125 1968 om-

528 2001 624 2042 nes
649 1987 837 2059 populi
857 1989 1033 2059 (Psal.
1051 2006 1202 2060 cxvr,
1225 1993 1302 2064 1).
1327 2019 1344 2040 ι
1378 1994 1492 2051 Hoc
1511 1996 1568 2051 in
1593 1998 1803 2069 psalmo
1823 2002 2124 2060 centesimo

529 2075 746 2132 decimo
773 2084 930 2134 sexto
973 2079 1107 2135 olim
1155 2080 1463 2141 decrevisse
1506 2087 1681 2142 Deum
1737 2091 2000 2163 ostendit,
2042 2095 2125 2150 in-

535 2167 875 2224 terveniente
915 2169 1299 2230 misericordia
1326 2193 1446 2245 sua,
1484 2179 1786 2236 concordes
1814 2181 1989 2239 facere
2033 2185 2124 2240 Iu-

528 2254 675 2312 daaos
703 2265 757 2314 et
811 2269 1036 2332 gentes;
1089 2270 1152 2320 ut
1203 2266 1433 2338 gratiam
1471 2268 1653 2341 adepti
1717 2272 1947 2341 gentiles
1989 2275 2124 2332 socii

527 2344 843 2434 Iudaeorum
875 2349 1090 2420 ﬁerent,
1124 2353 1218 2426 qui
1258 2364 1312 2412 et
1350 2355 1455 2427 ipsi
1487 2357 1622 2412 olim
1653 2358 1799 2415 dono
1828 2361 1928 2416 Dei
1970 2363 2124 2434 plebs

527 2430 644 2504 ejus
673 2443 828 2492 erant
848 2440 1118 2498 nominati
1153 2442 1293 2515 (40).
1349 2443 1454 2500 Sed
1495 2445 1609 2518 jam
1640 2447 1853 2505 nobiles
1907 2430 2119 2508 Iudaei:

528 2521 588 2578 hi
619 2541 748 2582 vero
778 2527 1068 2599 ignobiles,
1100 2547 1195 2602 per
1214 2530 1654 2589 misericordiam
1676 2536 1954 2596 nobilitati
1972 2549 2120 2609 sunt,

525 2620 589 2669 ut
616 2615 782 2671 simul
838 2633 1028 2674 omnes
1085 2619 1198 2676 laeti
1254 2620 1367 2677 sint
1424 2623 1707 2695 agnitione
1757 2628 2028 2698 veritatis,
2069 2636 2125 2684 et

526 2710 875 2770 laudantibus
905 2715 1180 2786 gentibus,
1210 2719 1384 2774 Deum
1416 2721 1766 2791 magniﬁcent
1795 2741 1986 2783 omnes
2015 2742 2124 2798 po-

525 2800 662 2870 puli,
696 2801 986 2860 duodecim
1030 2806 1213 2862 tribus
1245 2823 1417 2863 unum
1451 2810 1648 2879 Deum,
1679 2813 1774 2885 qui
1804 2814 1962 2870 anxit
2008 2832 2124 2872 nu-

524 2904 738 2944 merum
769 2891 945 2962 plebis
981 2899 1121 2956 106
1150 2910 1283 2963 suaa,
1315 2895 1590 2967 adjunctis
1629 2901 1902 2970 gentibus.
1945 2905 2124 2960 Deni-

500 2999 634 3055 'que
653 3000 777 3041 cum
809 2985 1180 3058 disceptarent
1210 2991 1383 3047 Iudaei
1429 3002 1620 3051 contra
1657 3001 1964 3068 apostolum
2013 3002 2124 3058 Pe-

527 3078 675 3128 trum
703 3089 865 3130 causa
895 3075 1158 3146 Cornelii,
1193 3079 1407 3136 reddita
1436 3080 1541 3137 sibi
1574 3084 1808 3154 ratione,
1839 3089 2122 3160 acquieve-

2234 583 2326 639 spe
2373 574 2428 623 et
2479 569 2687 627 virtute
2735 570 2973 643 Spiritus
3003 571 3199 630 sancti.
3231 572 3426 631 Certus
3455 592 3576 631 sum
3618 585 3825 647 autem,

2233 656 2451 726 fratres,
2478 668 2531 715 et
2557 676 2656 732 ego
2687 661 2801 733 ipse
2830 662 2897 718 de
2931 662 3111 731 vobis,
3143 663 3275 736 quia
3301 671 3356 720 et
3384 663 3487 736 ipsi
3517 665 3666 737 pleni
3696 668 3828 724 estis

2232 743 2551 816 dilectione,
2609 750 2803 822 repleti
2846 751 3001 807 omni
3049 752 3321 819 scientia;
3369 751 3443 808 ita
3491 761 3554 810 ut
3607 755 3828 828 possitis

2233 844 2558 901 alterutrum
2589 863 2832 903 monere.
2867 871 2885 895 ι
2931 849 3058 903 Haec
3086 845 3494 903 exhortationis
3523 855 3684 917 sunt;
3734 864 3830 922 per

2232 933 2449 990 laudem
2497 934 2645 990 enim
2679 944 2940 1005 provocat
2973 950 3066 991 eos
3095 935 3164 990 ad
3194 934 3477 991 meliorem
3517 943 3573 991 et
3603 935 3830 994 intelle-

2232 1031 2382 1080 ctum
2437 1032 2490 1080 et
2536 1024 2728 1079 vitam.
2780 1023 2886 1091 Qui
2939 1023 3085 1080 enim
3142 1023 3295 1081 videt
3337 1040 3395 1080 se
3437 1025 3672 1094 laudari,
3705 1024 3830 1082 data

2232 1127 2396 1184 opera
2426 1111 2672 1169 elaborat
2708 1119 2767 1168 ut
2794 1129 2924 1168 vera
2951 1113 3064 1169 sint
3090 1128 3211 1185 quas
3240 1112 3524 1169 dicuntur.
3558 1113 3687 1170 Ideo
3717 1131 3828 1170 non

2233 1202 2380 1258 dixit
2420 1202 2563 1272 (41),
2595 1211 2657 1259 ut
2685 1201 2925 1259 invicem
2951 1219 3006 1274 se
3044 1203 3298 1272 doceant,
3331 1203 3428 1260 sed
3456 1203 3825 1270 admoneant;

2233 1291 2340 1349 hoc
2380 1292 2528 1348 enim
2581 1293 2721 1348 solet
2757 1293 2994 1362 moneri,
3043 1293 3191 1367 quod
3243 1309 3372 1350 cum
3428 1295 3655 1362 sciatur,
3718 1294 3830 1350 ali-

2233 1381 2454 1455 quando
2473 1381 2802 1453 subterfugit
2821 1383 3028 1439 animo.
3051 1382 3261 1442 Caetera
3287 1399 3398 1441 non
3421 1391 3550 1440 sunt
3577 1383 3828 1454 obscura,

2232 1481 2296 1529 ut
2323 1471 2606 1545 indigeant
2635 1473 3046 1546 explanatione.
3339 1497 3342 1500 θ

2307 1607 2598 1678 (Vers.15,
2626 1608 2738 1680 16.)
2773 1632 2791 1656 ι
2812 1607 3094 1666 Audacius
3108 1615 3296 1666 autem
3316 1608 3510 1683 scripsi
3533 1609 3712 1679 vobis,
3726 1611 3830 1666 fra-

2231 1704 2362 1766 tres,
2393 1712 2464 1752 ex
2492 1702 2664 1768 parte,
2688 1703 2949 1770 tanquam
2982 1697 3040 1753 in
3071 1698 3393 1755 memoriam
3419 1715 3519 1756 vos
3538 1698 3832 1768 reducens,

2233 1794 2454 1857 propter
2498 1784 2728 1857 gratiam
2775 1803 2898 1859 quae
2935 1786 3063 1844 data
3104 1796 3187 1844 est
3235 1789 3377 1845 mihi
3407 1806 3440 1845 a
3463 1790 3596 1858 Deo,
3636 1798 3699 1845 ut
3725 1790 3833 1846 sim

2234 1874 2487 1931 minister
2507 1875 2713 1932 Christi
2734 1877 2862 1933 Iesu
2886 1877 2943 1932 in
2974 1879 3255 1951 gentibus,
3284 1879 3634 1937 sanctiﬁcans
3651 1882 3833 1936 Evan-

2235 1962 2436 2034 gelium
2498 1963 2623 2031 Dei,
2681 1973 2742 2021 ut
2790 1965 2887 2022 ﬁat
2943 1967 3150 2024 oblatio
3205 1969 3453 2041 gentium
3499 1976 3722 2042 accepta
3779 1979 3834 2027 et

2233 2051 2573 2109 sanctificata
2619 2053 2677 2109 in
2715 2053 2926 2126 Spiritu
2953 2065 3161 2114 sancto.
3197 2081 3216 2106 ι
3263 2057 3385 2113 Νοιι
3434 2058 3584 2114 enim
3629 2066 3832 2115 temere

2234 2157 2291 2196 se
2326 2141 2609 2214 scripsisse
2659 2143 2956 2215 signiﬁcat,
2990 2145 3373 2202 auctoritatem
3407 2145 3554 2203 enim
3586 2146 3692 2203 sibi
3722 2146 3831 2203 da—

2236 2237 2346 2285 tam
2377 2246 2475 2302 per
2510 2231 2609 2286 Dei
2654 2232 2883 2303 gratiam
2922 2232 3134 2302 dicens,
3165 2243 3227 2291 ut
3268 2235 3529 2292 omnibus
3581 2237 3835 2309 gentibus

2233 2319 2434 2376 audeat
2474 2320 2736 2389 scribere,
2771 2322 3074 2380 admonens
3119 2334 3172 2382 et
3208 2326 3543 2383 conﬁrmans
3573 2327 3836 2400 proposi—

2235 2416 2352 2464 tum
2389 2425 2579 2466 eorum
2603 2411 2661 2466 in
2693 2410 2913 2469 Christo
2944 2431 2958 2480 ;
2993 2422 3056 2470 ut
3085 2415 3518 2472 sollicitudinem
3555 2434 3707 2474 suam
3751 2435 3836 2474 os-

2233 2498 2420 2555 tendat
2450 2498 2506 2554 in
2545 2499 2854 2556 ministerio
2886 2501 3198 2575 Evangelii,
3232 2507 3387 2577 quasi
3417 2505 3678 2578 magister
3705 2523 3837 2579 gen-

2234 2588 2397 2655 tium,
2448 2598 2502 2646 et
2559 2591 2892 2648 sacriﬁcium
2943 2609 3132 2650 eorum
3184 2595 3356 2667 possit
3401 2603 3682 2668 acceptum
3713 2597 3833 2653 ﬁeri

2233 2679 2686 2737 sanctiﬁcationis
2736 2697 2900 2738 causa
2950 2683 3009 2738 in
3056 2684 3266 2756 Spiritu
3298 2696 3509 2744 sancto.
3553 2686 3835 2761 Quidquid

2233 2769 2382 2826 enim
2408 2769 2517 2827 ﬁde
2545 2771 2775 2844 integra,
2806 2780 2860 2828 et
2883 2782 3066 2830 mente
3087 2775 3271 2833 sobria
3296 2776 3545 2847 offertur,
3575 2795 3607 2834 a
3623 2778 3838 2851 Spiritu

2231 2869 2424 2917 sancto
2443 2860 2787 2932 puriﬁcatur.

2305 2993 2489 3064 (Vers.
2524 2994 2749 3062 17-19.)
2793 3017 2813 3042 ι
2845 2994 3031 3052 Habeo
3061 2996 3234 3069 igitur
3252 2999 3482 3070 gloriam
3513 2999 3570 3055 in
3608 2999 3838 3058 Christo

2230 3082 2300 3139 ad
2356 3084 2563 3149 Deum;
2615 3101 2726 3140 non
2784 3086 2933 3142 enim
2964 3086 3137 3143 audeo
3181 3088 3394 3162 aliquid
3437 3089 3582 3162 loqui
3614 3105 3836 3160 eorum,

498 3169 658 3216 -runt
686 3163 1099 3235 magniﬁcantes
1127 3168 1449 3236 Dominum,
1483 3170 1728 3229 dicentes
1760 3193 1771 3230 :
1823 3200 1840 3222 ι
1867 3177 2121 3235 Forsitan
2154 3200 2198 3261 ο
2233 3188 2354 3244 quae
2403 3188 2499 3243 P8P
2546 3189 2631 3228 me
2688 3190 2798 3230 non
2846 3175 3016 3232 efﬁcit
3057 3175 3314 3234 Christus
3365 3177 3421 3232 in
3460 3177 3837 3236 Obedientiam

529 3252 674 3306 Deus
701 3260 755 3309 et
786 3255 1041 3327 gentibus
1070 3257 1453 3330 paenitentiam
1475 3261 1677 3318 tribuit
1701 3262 1769 3320 ad
1790 3280 2126 3340 consequen-

525 3339 651 3396 dam
682 3342 854 3398 vitam
883 3344 1032 3415 (Act.
1061 3363 1138 3414 ιιι,
1175 3346 1287 3417 18).
1331 3373 1348 3397 ι

599 3430 780 3499 (Vers.
817 3431 930 3502 12.)
970 3457 989 3480 ι
1025 3435 1095 3490 Et
1129 3452 1322 3492 rursus
1349 3437 1516 3494 Isaias
1545 3437 1682 3495 dicit
1740 3459 1752 3497 :
1813 3442 1936 3499 Erit
1965 3445 2124 3502 radix

490 3517 702 3586 ‘Iesse;
735 3528 788 3576 et
830 3522 922 3593 qui
963 3523 1138 3594 surgit
1178 3540 1362 3598 regere
1407 3533 1615 3597 gentes,
1670 3528 1728 3585 in
1769 3548 1894 3587 eum
1940 3541 2125 3604 gentes

524 3606 821 3676 sperabunt
869 3610 1003 3678 (Isa.
1056 3628 1137 3679 x1,
1181 3613 1292 3683 10).
1336 3639 1354 3662 ι
1426 3617 1495 3671 Ut
1543 3623 1804 3690 majorem
1862 3619 2122 3678 ﬁduciam

524 3693 778 3764 gentibus
806 3695 971 3754 faciat
998 3707 1051 3754 et
1079 3715 1229 3770 spem
1284 3718 1392 3758 non
1429 3703 1678 3774 dubiam,
1721 3709 1912 3765 multis
1961 3712 2124 3767 testi-

525 3781 727 3839 moniis
755 3783 937 3842 ﬁrmat
965 3787 1246 3846 decretum
1294 3792 1390 3848 Dei
1425 3792 1530 3850 hoc
1576 3794 1764 3864 fuisse,
1823 3808 1884 3855 ut
1932 3817 2124 3860 omnes

523 3880 711 3944 gentes
771 3873 1223 3935 benedicerentur
1276 3881 1335 3936 in
1393 3883 1635 3954 Christo,
1691 3903 1758 3944 ne
1827 3889 2123 3950 insolentia

525 3960 834 4020 inﬁdelium
893 3965 1207 4024 Iudaeorum
1255 3972 1625 4043 contristaret,
1676 3985 1729 4032 et
1769 3977 1963 4036 dubias
2003 3981 2120 4037 red-

525 4049 678 4109 dcret
728 4055 1071 4113 credentium
1121 4058 1334 4115 animas
1387 4064 1652 4134 gentium,
1712 4069 1865 4139 quasi
1918 4070 2122 4128 frustra

521 4140 626 4232 sibi
656 4160 805 4232 spem
838 4147 1183 4218 promittant,
1217 4149 1365 4222 quod
1410 4168 1442 4205 a
1491 4153 1606 4208 Deo
1634 4154 1870 4212 Abrahae
1899 4167 2120 4232 accepto

527 4227 732 4284 feratur
759 4231 895 4288 ﬁdes
925 4233 1264 4305 Iudaeorum,
1299 4246 1362 4293 ut
1389 4238 1506 4311 ipsa
1537 4239 1727 4297 laetitia
1745 4249 1799 4297 et
1827 4227 2119 4304 securitate

520 4328 844 4376 crescerent.
879 4321 1058 4387 Quare
1085 4333 1266 4382 tamen
1299 4326 1553 4385 Christus
1595 4347 1664 4386 ex
1711 4331 1895 4389 radice
1949 4334 2114 4406 Iesse,

519 4410 575 4458 et
600 4419 712 4460 non
742 4422 809 4461 ex
840 4409 1023 4466 radice
1035 4410 1180 4468 Booz
1201 4415 1308 4469 viri
1325 4414 1485 4485 justi,
1508 4427 1601 4474 aut
1620 4435 1690 4474 ex
1706 4421 1890 4478 radice
1916 4423 2066 4481 Obed
2089 4427 2118 4483 ?

519 4491 624 4582 Sed
653 4494 782 4564 quia
810 4497 988 4554 David
1034 4499 1184 4555 ﬁlius
1226 4501 1444 4558 dicatur
1496 4514 1721 4578 propter
1761 4525 2010 4582 regnum,
2055 4523 2117 4572 ut

518 4579 662 4636 sicut
691 4597 760 4637 ex
781 4585 895 4640 Deo
940 4595 1102 4644 natus
1146 4587 1207 4644 in
1235 4605 1418 4661 regem
1449 4562 1551 4658 est,
1582 4562 1660 4650 ita
1712 4605 1765 4654 et
1803 4562 1873 4656 ei:
1936 4562 2114 4660 David
2144 4562 2193 4621 Β

517 4685 640 4742 rege
669 4680 851 4730 ortum
882 4674 1107 4732 haberet
1129 4676 1292 4748 juxta
1320 4695 1540 4736 carnem
1566 4699 1578 4749 ;
1614 4682 1738 4741 ideo
1768 4687 1927 4744 radix
1966 4691 2114 4748 Iesse

515 4757 678 4815 arbor
718 4761 917 4832 David,
963 4781 1084 4838 quae
1132 4764 1375 4823 fructum
1426 4767 1556 4827 fecit
1597 4788 1691 4844 per
1744 4791 1982 4847 ramum,
2017 4779 2112 4852 qui

514 4854 596 4902 est
620 4848 790 4904 Maria
818 4851 1006 4926 Virgo,
1042 4871 1163 4928 quas
1193 4857 1383 4927 genuit
1412 4857 1715 4920 Christum.

587 4936 767 5007 (Vers.
820 4941 904 5009 13,
956 4941 1068 5014 14.)
1118 4967 1136 4990 ι
1175 4946 1320 5002 Deus
1372 4956 1552 5005 autem
1597 4952 1712 5022 spei
1753 4955 1960 5026 repleat
2012 4973 2112 5015 vos

485 5158 525 5178 ,_
585 5102 701 5178 (38)
747 5103 1011 5178 Nonnulli
1069 5122 1225 5175 mss.,
1275 5108 1600 5178 confessione
1653 5118 1987 5174 sacramenti.
2038 5121 2112 5176 At

512 5172 678 5258 infra,
711 5173 808 5258 ubi
839 5192 1030 5258 omnes
1051 5172 1270 5258 edit._e_t
1316 5172 1539 5252 quidam
1570 5200 1726 5258 mss.,
1771 5188 1885 5258 agit
1931 5172 2107 5246 Filias

508 5245 1106 5334 (Ξρςᾴἱεηεξεειαεηῑξιιτη,
1159 5249 1255 5306 alii
1311 5245 1440 5308 mss.
1502 5256 1678 5312 multo
1712 5245 1945 5331 'plures,
2000 5245 2110 5334 agit

508 5316 703 5385 Filius,
735 5316 912 5386 Patri,
946 5327 1049 5376 etc.

580 5389 920 5517 ἳὲἓέηἰῇξῐίη
952 5391 1152 5448 cantico
1179 5393 1574 5454 Deuteronomii
1619 5416 1651 5456 a
1695 5401 1957 5460 Romanis
2008 5421 2108 5462 re-

507 5469 726 5516 vulsum
758 5469 885 5518 fuit.

576 5530 672 5614 (40
723 5534 882 5590 Rom.
913 5533 1071 5614 edit,
1098 5535 1332 5614 quiec-et
1363 5539 1530 5611 ipsi...
1571 5548 1688 5598 erat
1715 5551 1903 5602 vocata
1922 5564 1944 5614 ;
1990 5556 2100 5606 vet.

502 5599 634 5656 edit.
695 5619 847 5686 mss.,
903 5606 1030 5686 quia
1055 5599 1125 5661 ἐἰ
1163 5607 1346 5686 ipsi...
1377 5599 1525 5667 ’παι
1571 5599 1898 5686 nominata;
1922 5599 1940 5614 ’
1965 5599 2093 5677 mss.

501 5686 613 5727 non
639 5675 823 5746 pauci,
853 5675 1008 5734 erant
1027 5675 1311 5737 nominati.

2237 3260 2480 3333 gentium
2528 3260 2698 3317 verbo
2746 3270 2800 3318 et
2847 3262 3028 3329 factis,
3063 3281 3161 3336 per
3190 3273 3514 3338 potestatem
3549 3267 3836 3338 signorum

2235 3358 2288 3406 et
2318 3349 2694 3421 prodigiorum
2721 3351 2778 3405 in
2800 3351 3007 3408 virtute
3036 3353 3276 3426 Spiritus
3309 3356 3504 3413 sancti.
3526 3382 3544 3404 ι
3588 3357 3834 3414 Gloriam

2236 3437 2436 3493 habere
2461 3454 2518 3494 se
2533 3437 2671 3495 dicit
2692 3439 2834 3511 apud
2853 3442 3026 3497 Deum
3053 3459 3149 3513 per
3173 3443 3457 3501 Christum
3479 3446 3661 3502 Iesum
3687 3445 3833 3520 (b2);

2233 3527 2465 3585 credens
2493 3526 2664 3594 enim,
2696 3537 2747 3584 et
2777 3528 3023 3586 serviens
3053 3529 3274 3588 Christo
3302 3532 3429 3588 Iesu
3452 3533 3507 3589 in
3535 3534 3837 3591 conscien-

2233 3617 2310 3671 tia
2336 3633 2491 3688 pura,
2527 3617 2785 3672 meritum
2817 3617 2922 3674 sibi
2952 3619 3084 3676 fecit
3112 3621 3257 3692 apud
3296 3624 3469 3679 Deum
3501 3624 3740 3692 Patrem,
3773 3624 3835 3680 in

2231 3713 2445 3762 tantum
2491 3713 2553 3761 ut
2603 3706 2746 3762 nihil
2786 3707 2970 3764 deesse
3012 3707 3183 3778 dicat,
3229 3711 3380 3783 quod
3405 3725 3515 3768 non
3547 3730 3642 3785 per
3669 3714 3835 3770 illum

2230 3805 2484 3868 operatus
2529 3795 2602 3852 sit
2651 3796 2906 3854 Christus
2951 3798 3021 3854 ad
3066 3800 3510 3858 exhortationem
3559 3801 3836 3875 gentium,

2231 3883 2412 3939 dando
2442 3883 2599 3958 signa
2627 3891 2682 3940 et
2728 3885 2979 3959 prodigia
3005 3903 3102 3959 per
3134 3904 3329 3944 manus
3357 3888 3496 3961 ejus,
3531 3897 3590 3945 ut
3621 3890 3837 3962 praedi-

2229 3972 2501 4029 cationem
2552 3971 2670 4044 ejus
2717 3974 2897 4030 virtus
2942 3977 3371 4033 commendaret.
3405 3979 3546 4035 Hinc
3573 3987 3658 4036 est
3685 3981 3837 4037 unde

2231 4062 2459 4134 gloriam
2509 4079 2566 4119 se
2618 4065 2860 4120 ostendit
2906 4065 3104 4123 habere
3157 4066 3215 4122 in
3245 4068 3466 4126 Christo
3504 4070 3571 4126 ad
3609 4071 3832 4134 Deum;

2228 4152 2472 4208 serviens
2509 4151 2656 4208 enim
2705 4153 2925 4210 Christo
2977 4156 3207 4225 gloriam
3237 4157 3404 4213 habet
3442 4157 3509 4214 ad
3538 4160 3740 4224 Deum,
3772 4161 3832 4215 in

2227 4247 2442 4296 tantum
2475 4250 2536 4296 ut
2567 4240 2814 4314 indigere
2845 4260 2956 4299 non
2988 4244 3186 4302 habeat
3215 4246 3429 4318 aliquid
3459 4247 3666 4304 divinas
3702 4247 3832 4304 vir-

2226 4330 2384 4400 tutis,
2447 4333 2593 4404 quod
2639 4333 2743 4389 sibi
2801 4336 3109 4406 priestitum
3164 4354 3277 4393 non
3330 4339 3402 4393 sit
3453 4354 3483 4393 a
3529 4339 3681 4406 Deo;
3734 4339 3830 4396 sed

2226 4420 2412 4476 omnia
2447 4437 2522 4488 se,
2576 4423 2706 4494 quia
2751 4422 2982 4480 idoneus
3032 4426 3293 4483 inventus
3340 4434 3421 4482 est
3457 4425 3828 4499 dispensator,

2223 4516 2599 4578 consecutum,
2631 4528 2751 4584 quae
2780 4511 2847 4568 ad
2881 4515 3295 4572 conversionem
3329 4509 3581 4589 gentium
3615 4533 3712 4590 per
3740 4517 3831 4574 si-

2223 4615 2455 4670 gnorum
2487 4601 2753 4658 virtutem
2796 4603 3147 4674 proﬁcerent,
3188 4605 3498 4678 proﬁtetur.
3553 4606 3713 4673 Quod
3759 4624 3831 4663 eo

2227 4688 2461 4760 proﬁcit,
2490 4697 2552 4745 ut
2571 4706 2626 4745 se
2648 4706 2759 4745 non
2783 4692 2968 4748 minus
2999 4693 3242 4766 potuisse
3265 4695 3382 4764 (43)
3413 4695 3626 4768 probet,
3655 4713 3828 4770 quam

2222 4777 2405 4832 caeteri
2435 4778 2692 4849 apostoli,
2722 4779 2819 4851 qui
2848 4780 3068 4859 fuerant
3095 4799 3220 4838 cum
3252 4783 3491 4840 Domino
3517 4803 3528 4840 :
3564 4799 3667 4840 nec
3709 4785 3830 4839 ali-

2222 4865 2356 4937 quid
2409 4865 2592 4922 minus
2640 4866 2784 4922 inter
2829 4878 3015 4942 gentes
3055 4873 3329 4928 virtutum
3369 4881 3652 4946 Operatum
3704 4889 3826 4929 esse

2220 4956 2419 5024 Deum,
2447 4963 2508 5012 ut
2537 4974 2634 5030 per
2664 4958 2771 5016 hoc
2798 4960 2980 5034 ipsum
3011 4969 3279 5030 crescant,
3314 4961 3567 5020 videntes
3595 4961 3740 5019 hanc
3763 4978 3825 5018 se

2293 5122 2410 5194 (41)
2444 5123 2602 5195 Rom.
2633 5121 2766 5179 edit.
2795 5139 2921 5179 cum
2952 5122 3140 5195 paucis
3175 5138 3342 5195 mss.,
3366 5123 3488 5195 Ideo
3517 5138 3626 5195 non
3651 5122 3820 5195 dixit,

2217 5194 2355 5274 sola,
2385 5194 2783 5274 sed_admonet_.r
2824 5196 2898 5250 At
2911 5193 3235 5274 .p'ostrvoces
3264 5193 3583 5274 subter/agit
3608 5194 3818 5274 animo,

2217 5265 2348 5320 Gill.
2392 5281 2456 5322 ac
2483 5266 2642 5321 Rom.
2677 5265 2811 5320 edit.
2844 5265 3198 5333 subuectant,
3242 5273 3338 5320 aut
3364 5265 3683 5335 negligenter
3707 5266 3820 5321 ha-

2216 5336 2423 5411 beatur,
2470 5335 2617 5411 quod
2665 5352 2933 5411 nusquam
2980 5336 3135 5404 alibi,
3183 5336 3291 5393 nisi
3323 5337 3380 5392 in
3415 5335 3629 5393 Thuan.
3660 5336 3817 5405 cod.,

2215 5407 2696 5490 “0?.i§.°°.§‘l."“-_
2785 5407 2803 5411 ’
2931 5481 2945 5490 .
3187 5479 3201 5490 .
3268 5479 3307 5490 η
3491 5479 3501 5489 -
3607 5480 3732 5490 -η

2211 5549 2250 5605 J
2287 5478 2405 5550 (42)
2455 5478 2606 5536 Edit.
2658 5480 2816 5538 Rom.
2867 5481 3004 5546 sola,
3055 5479 3202 5550 apud
3258 5479 3428 5535 Deum
3479 5479 3538 5535 in
3597 5480 3815 5574 Christo

2247 5566 2359 5605 esu.

2247 5566 2359 5606 θευ.

2284 5620 2400 5693 (43)
2458 5621 2974 5704 Sicuomneshedit.
3009 5632 3098 5704 “et
3123 5639 3274 5704 mss._
3302 5624 3553 5704 aliquot;
3601 5620 3811 5704 reliqui

2207 5687 2359 5764 vero,
2380 5687 2531 5766 'quod
2552 5695 2667 5752 ideo
2697 5687 2846 5762 dicit,
2875 5701 2935 5750 ut
2959 5695 3098 5752 nihil
3118 5711 3171 5751 se
3202 5693 3380 5752 minus
3398 5687 3654 5768 potuisse,
3695 5687 3808 5750 etc.
