4090 6182
320 280 412 338 185
1404 277 1766 338 COMMENT.
1816 281 1888 338 IN
1925 281 2142 340 EPIST.
2184 284 2283 342 AD
2323 285 2490 343 ROM.

3503 293 3609 351 186

315 404 532 478 gratiam
560 411 859 471 assecutos,
907 418 1073 475 quam
1116 402 1351 460 assecuti
1394 412 1549 463 erant
1576 404 1774 476 Judtei,
1807 407 1904 480 qui
1931 411 1982 470 Α
2015 408 2362 481 praedicatus,
2411 418 2473 466 ut
2517 420 2808 484 occuparet
2858 422 3068 473 mentes
3104 417 3365 486 illorum;
3399 425 3455 474 et
3482 418 3612 491 quia

315 495 413 552 sibi
441 493 854 568 prterogativam
886 491 1178 549 vindicant
1205 493 1449 550 Patrum.

379 584 555 653 (Vers.
579 582 696 654 20.)
746 607 762 628 ι
784 582 866 637 Ita
885 587 944 636 ut
966 580 1034 636 ab
1057 581 1355 638 Jerusalem
1389 582 1445 638 in
1471 583 1708 642 circuitu
1735 600 1908 658 usque

312 672 589 746 Illyricum
630 669 956 743 repleverim
986 669 1356 742 Evangelium
1388 672 1508 741 Dei,
1549 680 1604 728 et
1633 673 1762 728 Filii
1791 671 1908 744 ejus

311 759 531 820 Christi.
564 759 653 816 Sic
683 768 864 815 autem
895 757 1196 830 praedicavi
1224 759 1589 831 Evangelium
1624 761 1764 832 (44),
1795 777 1906 816 non

311 850 406 906 ubi
434 848 746 905 nominatus
775 855 858 904 est
885 847 1168 914 Christus;
1210 863 1278 902 ne
1306 865 1471 921 supra
1497 849 1738 906 alienum
1770 849 1908 904 fun-

312 939 617 996 damentum
668 938 1022 995 aadiﬁcarem.
1073 962 1092 984 ι
1153 939 1273 996 Non
1324 941 1443 997 sine
1491 959 1652 998 causa
1705 943 1823 998 illic
1851 958 1907 998 se

313 1029 596 1103 praedicare
632 1028 741 1084 niti
772 1028 930 1098 dicit,
979 1027 1073 1085 ubi
1114 1045 1226 1085 non
1258 1032 1578 1088 nominatus
1608 1040 1690 1088 est
1735 1032 1909 1090 Chri-

311 1127 462 1186 stus;
528 1119 712 1174 sciens
749 1118 894 1173 enim
960 1116 1453 1191 pseudoapostolos
1514 1121 1678 1177 aliter
1741 1137 1904 1195 quam

313 1207 614 1281 oportebat,
660 1207 939 1267 Christum
973 1208 1191 1266 tradere
1224 1211 1316 1281 (ad
1349 1212 1453 1268 hoc
1475 1212 1622 1268 enim
1655 1211 1908 1268 circum-

315 1297 487 1366 ibant,
535 1304 592 1354 ut
633 1297 735 1354 sub
776 1297 1000 1354 nomine
1035 1304 1177 1361 107
1209 1300 1416 1359 Christi
1457 1301 1582 1358 aliis
1625 1301 1909 1373 dogmati-

312 1395 414 1453 bus
452 1396 711 1468 populum
760 1395 1160 1468 manciparent,
1205 1395 1354 1469 quod
1402 1406 1590 1468 postea
1637 1397 1909 1470 corrigere

310 1485 528 1541 maximi
561 1494 681 1541 erat
710 1484 967 1556 laboris),
1017 1485 1228 1544 idcirco
1275 1486 1580 1559 praevenire
1611 1487 1811 1556 voluit,
1846 1495 1910 1543 ut

308 1573 582 1632 inviolata
613 1572 1033 1647 praedicationis
1061 1574 1228 1631 verba
1259 1574 1501 1631 traderet
1530 1575 1906 1632 audientibus.

309 1672 358 1721 et
398 1674 458 1722 ut
506 1664 722 1737 integra
755 1665 903 1720 linea
954 1665 1272 1737 superﬁcies
1314 1664 1567 1721 ordinata
1615 1667 1911 1724 incolumis

310 1753 652 1810 fundamenti
699 1753 872 1810 robur
917 1752 1145 1810 haberet
1177 1753 1318 1825 (45).
1368 1755 1440 1810 Et
1471 1754 1601 1827 quia
1648 1756 1910 1828 magister
1939 1769 1987 1830 Β

310 1843 467 1899 datus
523 1851 607 1900 est
665 1843 941 1916 gentibus,
993 1845 1282 1916 oportebat
1331 1861 1456 1901 eum
1514 1845 1751 1903 sollicite
1804 1846 1912 1904 hoc

313 1947 524 1998 curare,
573 1939 636 1987 ut
678 1931 794 1988 illic
828 1931 1070 2000 doceret,
1119 1932 1216 1989 ubi
1261 1931 1522 1990 Christus
1574 1950 1685 1989 non
1733 1934 1912 1992 fuerat

314 2021 642 2078 nuntiatus:
694 2030 747 2078 et
791 2031 854 2079 ut
902 2021 1284 2079 auctoritatem
1339 2040 1495 2080 suam
1543 2022 1808 2094 ﬁrmaret,
1856 2033 1910 2082 et

308 2112 552 2168 laborum
602 2127 831 2166 suorum
885 2111 1111 2182 plenum
1159 2111 1402 2167 fructum
1452 2111 1680 2168 haberet
1725 2129 1794 2168 ex
1841 2113 1910 2170 iis

305 2220 417 2276 qum
448 2203 823 2276 plantaverat.
872 2201 1013 2258 Hinc
1041 2209 1125 2258 est
1167 2201 1316 2258 unde
1345 2202 1532 2258 omnia
1562 2203 1679 2259 loca
1709 2203 1912 2260 Eccle-

305 2291 378 2347 sia
407 2289 709 2362 occupavit
742 2288 893 2361 (46);
941 2289 1176 2346 haereses
1208 2290 1358 2346 enim
1389 2298 1577 2362 postea
1604 2291 1911 2349 subtilitate

305 2381 691 2454 malignantes,
732 2378 838 2436 sub
865 2379 1092 2436 nomine
1120 2379 1330 2438 Christi
1373 2380 1508 2452 legis
1536 2388 1590 2436 et
1617 2381 1744 2437 ﬁdei
1775 2398 1911 2438 sen-

306 2487 416 2526 sum
447 2485 817 2542 corrumpere
845 2467 1186 2525 nitebantur.
1234 2468 1394 2535 Quod
1434 2470 1748 2526 testimonio
1777 2471 1911 2544 legis

307 2559 516 2615 monuit
555 2558 750 2616 dicens
785 2575 797 2612 :

370 2648 562 2717 (Vers.
584 2646 701 2718 21.)
749 2672 768 2696 ι
797 2646 902 2704 Sed
931 2646 1076 2703 sicut
1107 2645 1371 2718 scriptum
1403 2656 1514 2704 est:
1541 2647 1682 2716 Quia
1710 2649 1912 2723 quibus

303 2754 403 2794 non
433 2746 520 2794 est
556 2737 952 2794 annuntiatum
992 2735 1060 2793 de
1089 2752 1175 2805 eo,
1223 2736 1493 2793 videbunt
1526 2756 1539 2805 ;
1589 2746 1640 2794 et
1673 2739 1765 2811 qui
1798 2755 1910 2795 non

301 2826 627 2895 audierunt,
670 2825 1008 2897 intelligent,
1040 2848 1058 2872 ι
1111 2824 1167 2880 in
1198 2826 1336 2880 Isaia
1383 2825 1618 2883 habetur
1650 2828 1778 2900 (Isa.
1811 2845 1909 2897 LII,

303 2917 410 2988 15).
445 2917 522 2974 Ut
557 2932 688 2988 ergo
718 2913 810 2970 hic
840 2915 1152 2971 intellectus
1183 2931 1346 2971 verus
1375 2924 1538 2989 atque
1565 2917 1912 2975 inviolabilis

299 3015 434 3064 esset
473 3005 554 3062 de
585 3020 718 3060 vero
764 3003 863 3060 Dei
895 3001 1059 3070 Filio,
1113 3019 1170 3060 se
1199 3003 1485 3060 festinasse
1532 3021 1747 3078 semper
1774 3007 1913 3064 dicit

303 3095 557 3151 imbuere
580 3103 765 3166 gentes
793 3093 1111 3164 evangelica
1143 3093 1371 3149 veritate
1406 3112 1418 3150 :

378 3186 572 3261 (Vers.
598 3185 807 3256 22-24.)
868 3209 887 3232 ε
920 3186 1148 3257 Propter
1175 3186 1325 3258 quod
1353 3186 1696 3259 impediebar
1725 3191 1912 3262 pluri-

301 3291 453 3331 mum
485 3275 684 3331 venire
715 3275 784 3330 ad
816 3291 935 3330 vos.
972 3275 1132 3332 Nunc
1158 3291 1289 3330 vero
1321 3277 1554 3334 ulterius
1585 3278 1768 3336 locum
1802 3296 1911 3337 non

300 3362 505 3420 habens
534 3363 596 3419 in
623 3362 710 3419 his
742 3363 1082 3435 regionibus,
1105 3363 1465 3436 cupiditatem
1497 3375 1677 3423 autem
1706 3367 1912 3426 habens

297 3453 566 3510 veniendi
596 3452 664 3508 ad
686 3469 786 3509 vos
806 3469 877 3509 ex
901 3452 1091 3509 multis
1114 3451 1228 3523 jam
1254 3454 1692 3526 praecedentibus
1719 3458 1907 3525 annis;

295 3558 417 3599 cum
450 3543 516 3599 in
555 3542 876 3614 Hispaniam
909 3541 1181 3614 proﬁcisci
1213 3558 1451 3614 cmpero,
1481 3543 1682 3600 videbo
1708 3561 1827 3612 vos,
1857 3552 1912 3601 et
1974 3575 1977 3579 -

295 3647 325 3688 a
367 3633 540 3690 vobis
587 3631 829 3690 deducar
871 3631 989 3703 (47)
1040 3633 1198 3700 illuc,
1248 3632 1295 3687 si
1341 3633 1502 3689 vobis
1548 3634 1788 3706 primum
1841 3651 1911 3690 ex

295 3734 447 3797 parte
487 3725 700 3781 fruitus
730 3725 909 3780 fuero.
945 3749 962 3770 ι
1015 3722 1173 3790 Quod
1204 3724 1258 3778 in
1303 3725 1483 3796 capite
1513 3725 1756 3796 epistolae
1800 3743 1910 3783 me-

293 3825 474 3873 morat
505 3815 702 3872 dicens
735 3832 746 3870 :
791 3840 808 3862 ε
837 3814 978 3882 Quia
1006 3830 1170 3886 saepe,
1205 3815 1400 3886 inquit,
1433 3816 1691 3887 proposui
1722 3817 1910 3873 venire

289 3905 356 3962 ad
378 3923 512 3972 vos,
538 3913 592 3960 et
613 3903 933 3977 prohibitus
949 3920 1072 3960 sum
1095 3920 1267 3978 usque
1289 3904 1474 3961 adhuc
1496 3906 1672 3976 (Rom.
1693 3907 1897 3976 ι,13).ι

287 3995 454 4052 Nunc
487 3993 755 4061 absolvit,
805 3993 1102 4050 ostendens
1133 3995 1264 4066 quia
1292 4010 1457 4050 causa
1487 3994 1788 4066 impeditus
1816 3995 1909 4064 sit,

286 4093 349 4140 ut
380 4080 591 4138 volens
628 4082 817 4138 venire
845 4082 997 4138 aliud
1029 4091 1232 4155 ageret,
1283 4085 1432 4156 quod
1462 4084 1815 4154 imminebat,
1850 4095 1913 4144 ut

282 4168 632 4227 excluderet
684 4171 1266 4241 pseudoapostolorum
1330 4190 1501 4245 prava
1555 4183 1905 4244 commenta;

281 4268 346 4316 et
409 4255 662 4329 denique
719 4264 1005 4329 postquam
1063 4260 1322 4315 omnibus
1375 4262 1431 4317 in
1491 4263 1730 4322 circuitu
1760 4281 1912 4337 prte-

282 4345 538 4414 dicavit,
599 4345 715 4418 jam
787 4361 981 4402 vacare
1045 4346 1150 4401 sibi
1213 4346 1349 4402 dicit
1388 4352 1570 4407 venire
1637 4355 1909 4422 Romam,

285 4435 454 4512 quod
491 4434 623 4490 olim
660 4443 965 4508 optaverat.
1016 4437 1296 4494 Romanos
1341 4435 1526 4508 igitur,
1573 4441 1701 4512 quia
1730 4443 1788 4498 in
1823 4443 1914 4500 le-

287 4544 418 4600 gem
462 4524 679 4582 inducti
728 4525 968 4594 fuerant,
1015 4524 1243 4582 interim
1293 4541 1390 4597 per
1419 4527 1702 4598 epistolam
1731 4533 1914 4588 corri-

287 4617 392 4690 git.
427 4615 570 4673 lllos
598 4624 777 4670 autem
808 4616 904 4688 qui
934 4632 1042 4672 non
1075 4617 1366 4674 audierant
1399 4617 1467 4672 ad
1505 4617 1613 4675 huc
1641 4622 1910 4694 praedica-

287 4708 540 4771 tionem,
573 4704 770 4761 utilius
796 4721 912 4762 esse
957 4707 1252 4779 praesentia
1295 4707 1384 4764 sui
1415 4707 1601 4767 doceri
1633 4729 1647 4766 :
1699 4718 1760 4768 ut
1787 4713 1906 4770 fun-

287 4795 412 4852 dati
450 4802 606 4851 recta
635 4794 745 4851 ﬁde
775 4795 1000 4853 diﬁicile
1018 4798 1167 4854 aliud
1190 4797 1403 4871 aliquid
1436 4799 1905 4874 reciperent(48).

292 4887 622 4943 Venturum
680 4893 866 4940 tamen
919 4901 975 4940 se
1021 4887 1275 4960 promisit
1333 4896 1599 4962 tempore,
1676 4907 1788 4964 quo
1840 4891 1910 4949 ad

291 4975 608 5049 Hispanias
637 4981 753 5030 erat
782 4973 996 5042 iturus;
1041 4976 1170 5048 quia
1209 4975 1326 5033 illic
1368 4976 1622 5034 Christus
1649 4995 1761 5036 non
1789 4989 1909 5037 erat

366 5153 498 5225 (44)
541 5154 700 5210 Rom.
729 5151 864 5209 edit.
898 5151 1038 5217 sola,
1086 5153 1207 5208 Illic
1233 5160 1408 5210 autem
1431 5156 1732 5228 pradicant
1759 5157 1909 5213 nisus

288 5243 410 5281 sum
419 5270 431 5282 .

365 5297 498 5424 (L5)
540 5298 698 5354 Rom.
749 5294 884 5352 edit.
932 5311 1058 5350 cum
1091 5311 1201 5350 uno
1245 5297 1333 5352 vel
1363 5298 1538 5354 altero
1568 5315 1726 5368 mss.,
1774 5305 1910 5354 etut

365 5375 438 5424 τω
497 5368 635 5424 inea.
669 5375 771 5424 etc.
814 5365 976 5424 Corb.
1009 5365 1156 5424 cod..
1188 5373 1245 5420 ut
1272 5367 1528 5424 intearum
1567 5376 1725 5424 atque
1751 5371 1908 5424 inco-

291 5375 438 5442 ηοω
473 5365 771 5442 lineaLetc.
814 5365 1156 5442 Corb._cod.,
1188 5367 1528 5442 ut_integrum
1567 5365 1725 5442 atque
1751 5371 1908 5426 inco-

295 5441 439 5496 lume
467 5440 760 5520 .abialiena
805 5439 1078 5520 superﬁcie
1118 5435 1522 5509 fundamentum
1557 5435 1864 5514 persisteret
1887 5459 1906 5497 :

293 5511 486 5568 ceteri
517 5519 572 5567 et
599 5510 730 5567 edit.
762 5518 823 5566 ut
854 5510 910 5564 in
937 5516 1110 5565 textu.

368 5581 498 5654 (ιδ)
535 5582 736 5655 Omnes
765 5581 899 5638 edit.
929 5597 1145 5655 ac_mss.
1178 5581 1412 5655 aliquot,
1451 5584 1690 5640 Ecclesia:
1734 5602 1903 5641 occu—

289 5651 484 5726 paret.
527 5653 720 5713 Ceteri
762 5651 1128 5723 commodius,
1173 5651 1414 5712 Ecclesia
1459 5663 1754 5728 occuparet.
1799 5658 1903 5714 lte-

2015 498 2485 571 pseudoapostolis
2513 499 2737 558 difﬁcile
2766 503 2875 560 fuit
2903 504 3007 562 iter
3036 505 3105 561 ad
3133 506 3288 574 illos;
3337 506 3462 564 ideo
3505 515 3612 564 tar-

2016 587 2142 645 dius
2169 589 2215 646 si
2247 590 2369 658 iret,
2399 607 2510 647 non
2543 601 2659 648 erat
2689 595 3003 652 molestum.

2090 697 2488 769 (Vers.25,26.)
2508 722 2524 743 ε
2546 700 2705 756 Nunc
2731 717 2862 758 vero
2885 703 3200 775 proﬁciscar
3224 704 3283 761 in
3312 705 3612 762 Jerusalem

2016 786 2331 843 ministrare
2357 787 2585 854 sanctis;
2620 789 2996 860 probaverunt
3030 792 3179 848 enim
3212 793 3529 850 Macedonia
3558 801 3614 851 et

2016 875 2225 931 Achaia
2277 876 2630 932 collationem
2697 878 2938 952 aliquam
2999 882 3174 938 facere
3233 882 3288 937 in
3351 899 3615 954 pauperes

2015 973 2352 1032 sanctorum,
2385 966 2479 1038 qui
2518 973 2649 1022 sunt
2673 967 2991 1024 Jerusalem.
3026 995 3043 1018 ι
3085 970 3244 1026 Prius
3275 979 3459 1028 tamen
3491 973 3614 1030 itu-

2015 1072 2137 1110 rum
2166 1071 2223 1110 se
2244 1054 2380 1110 dicit
2402 1055 2716 1111 ministrare
2737 1057 2940 1113 sanctis
2957 1059 3255 1114 Jerusalem
3279 1076 3294 1126 ;
3325 1077 3420 1132 per
3448 1078 3612 1134 quam

2016 1160 2129 1200 rem
2172 1145 2446 1201 Romanos
2492 1144 2632 1200 scire
2679 1145 2801 1199 vult
2831 1146 2960 1216 quia
2991 1145 3307 1217 hujusmodi
3353 1148 3612 1221 operibus

2016 1233 2349 1290 studendum
2380 1243 2490 1290 est:
2511 1233 2771 1305 quienim
2804 1251 2900 1305 per
2926 1235 3362 1292 misericordiam
3384 1237 3611 1303 vivunt,

2018 1333 2071 1382 et
2093 1324 2383 1397 justiﬁcati
2432 1332 2563 1381 sunt
2612 1324 2758 1398 apud
2806 1326 3002 1394 Deum,
3043 1324 3177 1383 huic
3221 1325 3490 1383 inservire
3522 1327 3612 1383 de-

2015 1413 2148 1471 bent
2178 1413 2317 1485 (49).

2091 1524 2272 1595 (Vers.
2305 1524 2421 1594 27.)
2481 1547 2498 1570 ι
2531 1524 2816 1582 Debitores
2857 1524 3006 1582 enim
3035 1533 3166 1583 sunt
3196 1542 3421 1596 eorum;
3466 1545 3616 1603 quo-

2019 1612 2169 1669 niam
2211 1614 2258 1670 si
2306 1613 2681 1686 spiritualium
2728 1631 2916 1670 eorum
2961 1614 3253 1689 participes
3295 1617 3451 1674 facta
3485 1626 3616 1675 sunt

2019 1712 2224 1775 gentes,
2275 1703 2478 1760 debent
2520 1710 2573 1759 et
2607 1702 2666 1758 in
2719 1703 3034 1760 carnalibus
3081 1705 3395 1762 ministrare
3439 1706 3538 1764 eis.
3581 1733 3600 1756 ι

2020 1792 2234 1865 Quippe
2261 1811 2387 1849 cum
2418 1793 2696 1850 debitores
2735 1809 2827 1849 eos
2856 1793 3005 1850 dicat
3049 1794 3361 1850 Iudaeorum
3394 1795 3612 1852 creden-

2018 1881 2194 1949 tium;
2250 1890 2312 1937 ut
2353 1882 2500 1938 sicut
2546 1882 2604 1938 in
2653 1882 3036 1955 spiritualibus
3085 1883 3378 1956 participes
3424 1899 3614 1940 eorum

2020 1972 2152 2029 facti
2180 1981 2328 2038 sunt,
2361 1972 2438 2026 ita
2481 1980 2536 2028 et
2566 1972 2624 2028 hi
2670 1974 3089 2030 communicent
3117 1973 3494 2044 corporalibus
3527 1989 3618 2030 ne-

2019 2062 2368 2119 cessitatibus
2411 2062 2669 2128 illorum;
2717 2070 2778 2116 ut
2809 2062 3108 2135 gaudentes
3157 2078 3225 2118 ex
3258 2061 3462 2119 Judzeis
3488 2079 3617 2120 cre-

2019 2151 2210 2208 dentes
2239 2151 2558 2207 collaudent
2605 2151 3008 2223 providentiam
3042 2152 3141 2208 Dei
3176 2152 3230 2208 in
3259 2152 3492 2209 salutem
3522 2152 3616 2223 ip-

2019 2259 2226 2308 sorum,
2280 2258 2372 2312 per
2417 2239 2786 2296 ministerium
2829 2256 3042 2296 eorum.
3094 2242 3164 2298 Hi
3208 2243 3356 2298 enim
3386 2251 3531 2301 totos
3559 2260 3618 2300 se

2020 2331 2228 2388 divinis
2258 2329 2517 2386 dedentes
2543 2329 2844 2402 obsequiis,
2877 2329 3018 2386 nihil
3053 2331 3394 2388 mundanum
3423 2349 3614 2390 curan-

2019 2429 2120 2488 tes,
2200 2420 2515 2492 exemplum
2577 2418 2735 2477 bonae
2802 2420 3239 2478 conversationis
3301 2421 3619 2494 praebebant

2019 2510 2392 2568 credentibus.
2443 2511 2505 2565 In
2554 2516 2767 2565 tantum
2816 2509 3054 2582 denique
3102 2527 3201 2566 nos
3247 2510 3520 2569 humanos
3547 2511 3614 2567 ad

2022 2597 2455 2655 misericordiam
2495 2599 2616 2653 vult
2653 2613 2768 2653 esse
2799 2598 3116 2668 Apostolus,
3168 2607 3228 2653 ut
3259 2605 3314 2653 et
3341 2599 3616 2656 debitores

2020 2705 2120 2745 nos
2147 2688 2298 2744 dicat
2327 2689 2474 2744 circa
2508 2688 2914 2758 eleemosynam
2960 2687 3320 2758 largiendam,
3365 2697 3417 2744 et
3454 2687 3615 2744 bonis

2021 2776 2279 2849 operibus
2316 2774 2678 2832 exercendam
2719 2791 2844 2831 cum
2891 2775 3173 2831 alacritate
3209 2775 3392 2832 cordis
3425 2794 3436 2832 :
3487 2775 3616 2848 quia

2023 2865 2119 2937 qui
2152 2862 2590 2920 misericordiam
2636 2879 2667 2916 a
2704 2864 2819 2918 Deo
2876 2872 3080 2934 sperat,
3126 2863 3288 2920 debet
3315 2881 3432 2922 esse
3461 2865 3618 2921 mise-

2021 2954 2216 3022 ricors,
2267 2963 2328 3010 ut
2367 2953 2560 3024 probet
2598 2969 2654 3008 se
2709 2961 2856 3010 recte
2901 2952 3046 3010 hanc
3092 2969 3353 3026 sperare:
3405 2955 3535 3028 quia
3571 2954 3618 3034 si

2020 3045 2188 3100 homo
2242 3042 2553 3112 miseretur,
2603 3051 2810 3115 quanto
2859 3042 3033 3115 magis
3074 3044 3255 3099 Deusl
3310 3044 3621 3100 Retributio

2021 3132 2168 3191 enim
2203 3132 2321 3189 hac
2351 3140 2432 3187 est
2463 3131 2548 3186 vel
2581 3147 2811 3199 merces,
2856 3140 2918 3188 ut
2950 3131 3045 3204 qui
3077 3131 3358 3204 accipiunt
3404 3133 3620 3190 miseri-

2020 3222 2286 3289 cordiam,
2337 3219 2772 3277 misericordiam
2821 3220 3048 3277 faciant.
3103 3221 3256 3277 Unde
3298 3222 3614 3278 Dominus:

2036 3339 2053 3360 ε
2074 3313 2246 3379 Beati,
2270 3311 2476 3384 inquit,
2498 3311 2880 3368 misericordes
2905 3312 3120 3384 (Matth.
3139 3331 3195 3382 v,
3218 3314 3304 3386 7);
3323 3338 3341 3361 ι
3372 3314 3619 3386 ipsorum

2021 3401 2170 3458 enim
2202 3401 2552 3459 miserebitur
2581 3403 2748 3458 Deus.

2095 3519 2278 3592 (Vers.
2317 3519 2405 3587 28,
2438 3519 2554 3589 29.)
2599 3542 2616 3564 ι
2649 3518 2764 3574 Hoc
2790 3517 2960 3590 igitur
2987 3535 3112 3574 cum
3142 3535 3618 3588 consummavero,

2021 3617 2076 3664 et
2122 3608 2472 3680 assignavero
2525 3608 2604 3663 eis
2646 3608 2886 3664 fructum
2942 3608 3114 3676 hunc,
3161 3607 3481 3680 proﬁciscar
3527 3625 3624 3680 per

2021 3714 2121 3754 vos
2150 3697 2207 3753 in
2240 3697 2579 3770 Hispaniam.
2631 3696 2756 3754 Scio
2795 3698 2945 3753 enim
2987 3698 3250 3771 quoniam
3297 3699 3526 3754 veniens
3552 3697 3622 3754 ad

2023 3803 2141 3855 vos,
2174 3786 2232 3842 in
2262 3787 2604 3844 abundantia
2632 3787 3035 3845 benedictionis
3067 3787 3274 3844 Christi
3310 3789 3548 3844 veniam.
3589 3812 3606 3834 ι

2020 3877 2214 3935 Certus
2244 3877 2414 3951 igitur
2443 3877 2509 3934 de
2540 3877 2902 3950 dispositione
2931 3885 2984 3934 et
3019 3879 3192 3952 gratia
3217 3879 3337 3946 Dei,
3366 3877 3622 3950 promisit

2020 3983 2078 4024 se
2120 3967 2177 4022 in
2219 3967 2558 4024 abundantia
2603 3967 3006 4024 benedictionis
3054 3975 3381 4035 venturum,
3450 3984 3613 4038 quam

2021 4056 2282 4128 praedicat
2321 4056 2551 4114 Christi.
2604 4057 2925 4114 Benedictio
2970 4065 3154 4112 autem
3185 4054 3303 4110 hac
3329 4054 3614 4126 signorum

2020 4145 2198 4202 virtus
2224 4154 2326 4212 est,
2355 4162 2449 4218 per
2481 4162 2644 4218 quam
2675 4144 2988 4202 conﬁrmati
3019 4151 3167 4199 sunt.

2095 4253 2278 4326 (Vers.
2303 4253 2391 4321 30,
2417 4253 2532 4324 3i.)
2565 4276 2583 4300 ε
2603 4252 2842 4308 Obsecro
2863 4267 2992 4323 ergo
3013 4267 3131 4320 vos,
3155 4249 3370 4318 fratres,
3397 4266 3492 4323 per
3515 4251 3620 4308 Do-

2022 4344 2235 4400 minum
2265 4349 2517 4399 nostrum
2547 4343 2732 4399 Jesum
2763 4339 3068 4410 Christum,
3095 4348 3150 4398 et
3181 4356 3276 4414 per
3293 4341 3620 4400 charitatem

2023 4434 2264 4506 Spiritus
2320 4433 2532 4500 sancti,
2605 4440 2671 4488 ut
2731 4431 3167 4488 sollicitudinem
3221 4430 3620 4504 impartiamini

2027 4521 2166 4579 mihi
2198 4523 2255 4577 in
2285 4521 2632 4578 orationibus
2661 4539 2760 4595 pro
2789 4538 2876 4578 me
2922 4522 2991 4579 ad
3024 4522 3344 4592 Dominum,
3390 4531 3452 4579 ut
3489 4523 3624 4580 libe-

2020 4628 2109 4668 rer
2165 4612 2234 4668 ab
2286 4612 2607 4668 inﬁdelibus
2667 4612 2761 4684 qui
2815 4620 2946 4669 sunt
2994 4613 3051 4668 in
3090 4611 3297 4668 Judaea.
3330 4637 3349 4658 ι
3410 4611 3626 4670 Dehinc

2018 4709 2138 4758 orat
2170 4709 2234 4757 ut
2276 4705 2416 4764 108
2456 4700 2751 4772 adjuvetur
2782 4701 2840 4756 in
2885 4701 3258 4770 orationibus,
3306 4709 3367 4756 ut
3416 4701 3624 4759 evade—

2017 4806 2100 4854 ret
2147 4814 2343 4855 manus
2390 4799 2708 4855 Judaeorum
2759 4798 3124 4855 inﬁdelium:
3175 4813 3286 4855 non
3332 4798 3464 4872 quia
3503 4798 3621 4872 ipse

2016 4888 2205 4945 minus
2275 4896 2582 4955 mereatur;
2661 4887 2755 4944 sed
2811 4887 3063 4945 ordinem
3121 4888 3393 4961 sequitur,
3438 4897 3500 4944 ut
3553 4889 3622 4946 ab

2016 4977 2265 5036 Ecclesia
2290 4977 2386 5035 ﬁat
2412 4977 2591 5034 oratio
2620 4994 2719 5051 pro
2747 4985 2957 5036 rectore
2983 4994 3105 5035 suo.
3139 4976 3301 5035 Multi
3328 4977 3477 5035 enim
3505 4977 3624 5034 mi-

2016 5173 2140 5241 rum
2176 5173 2275 5241 pro
2304 5157 2592 5241 εμρςξζίιᾳιε
2628 5158 3002 5241 malignantes,
3050 5155 3278 5232 quidam
3306 5172 3436 5213 mss.
3469 5171 3620 5230 prte-

2016 5227 2223 5297 ferunt,
2253 5230 2545 5286 subtilitate
2569 5227 2939 5302 malignitatis.
3066 5227 3085 5232 ’
3471 5227 3488 5230 ⁷

2080 5299 2376 5381 (47)]εῑ.
2425 5301 2559 5381 edit.
2610 5318 2675 5358 ac
2724 5303 2906 5381 plures
2949 5306 3202 5381 mss.,_gt
3238 5319 3274 5355 a
3303 5298 3612 5381 vobis'prat-

2014 5366 2198 5497 miti,
2222 5373 2382 5429 Rom.
2407 5373 2564 5442 edit.,
2587 5366 2925 5446 prmitittar;
2958 5366 3261 5431 codfFlor.
3312 5383 3376 5424 ac
3419 5366 3614 5437 Vind.,

2117 5460 2266 5498 urar.

2248 5514 2413 5594 Corb.
2432 5515 2645 5594 codex,
2685 5516 2839 5594 a_lt°_ud
2865 5515 3077 5594 aliquid
3101 5510 3416 5594 reperirent.

2087 5582 2206 5658 (49)
2247 5585 2382 5658 Cod.
2432 5582 2672 5658 Thuan.,
2709 5588 2855 5646 Flor.
2887 5582 3170 5654 et'Vind.,
3206 5582 3327 5656 pios
3356 5600 3410 5643 ss
3440 5585 3622 5645 debent

2011 5657 2254 5715 exhibere
2288 5657 2578 5730 fratribus.
