  <div class='ocr_page' id='page_1' title='image "/cluster/home/n/w/nwhite01/storage/ocr_20150623/17/hvd.32044096580436/099.png"; bbox 0 0 4090 6182; ppageno 0'>
   <div class='ocr_carea' id='block_1_1' title="bbox 509 295 610 354">
    <p class='ocr_par' dir='ltr' id='par_1_1' title="bbox 509 295 610 354">
     <span class='ocr_line' id='line_1_1' title="bbox 509 295 610 354; baseline 0.01 -1"><span class='ocrx_word' id='word_1_1' title='bbox 509 295 610 354; x_wconf 72' lang='grc'>187</span> 
     </span>
    </p>
   </div>
   <div class='ocr_carea' id='block_1_2' title="bbox 1512 292 2768 354">
    <p class='ocr_par' dir='ltr' id='par_1_2' title="bbox 1512 292 2768 354">
     <span class='ocr_line' id='line_1_2' title="bbox 1512 292 2768 354; baseline 0 0"><span class='ocrx_word' id='word_1_2' title='bbox 1512 296 1610 354; x_wconf 81' lang='lat' dir='ltr'>AD</span> <span class='ocrx_word' id='word_1_3' title='bbox 1649 294 1882 352; x_wconf 82' lang='lat' dir='ltr'>OPERA</span> <span class='ocrx_word' id='word_1_4' title='bbox 1919 294 1976 351; x_wconf 92' lang='lat' dir='ltr'>S.</span> <span class='ocrx_word' id='word_1_5' title='bbox 2016 292 2348 353; x_wconf 81' lang='lat' dir='ltr'>AMBROSII</span> <span class='ocrx_word' id='word_1_6' title='bbox 2384 293 2768 354; x_wconf 81' lang='lat' dir='ltr'>APPENDIX.</span> 
     </span>
    </p>
   </div>
   <div class='ocr_carea' id='block_1_3' title="bbox 3702 297 3809 356">
    <p class='ocr_par' dir='ltr' id='par_1_3' title="bbox 3702 297 3809 356">
     <span class='ocr_line' id='line_1_3' title="bbox 3702 297 3809 356; baseline 0 0"><span class='ocrx_word' id='word_1_7' title='bbox 3702 297 3809 356; x_wconf 81' lang='grc'>188</span> 
     </span>
    </p>
   </div>
   <div class='ocr_carea' id='block_1_4' title="bbox 497 393 3806 496">
    <p class='ocr_par' dir='ltr' id='par_1_4' title="bbox 497 393 3806 496">
     <span class='ocr_line' id='line_1_4' title="bbox 497 393 3806 496; baseline 0 -14"><span class='ocrx_word' id='word_1_8' title='bbox 497 425 637 484; x_wconf 89' lang='lat' dir='ltr'>nimi</span> <span class='ocrx_word' id='word_1_9' title='bbox 683 424 817 482; x_wconf 87' lang='lat' dir='ltr'>dum</span> <span class='ocrx_word' id='word_1_10' title='bbox 863 393 1265 495; x_wconf 76' lang='lat' dir='ltr'>congregantur</span> <span class='ocrx_word' id='word_1_11' title='bbox 1297 421 1618 487; x_wconf 87' lang='lat' dir='ltr'>unanimes,</span> <span class='ocrx_word' id='word_1_12' title='bbox 1667 419 1812 476; x_wconf 85' lang='lat' dir='ltr'>ﬁunt</span> <span class='ocrx_word' id='word_1_13' title='bbox 1860 418 2042 492; x_wconf 82' lang='lat' dir='ltr'>magni</span> <span class='ocrx_word' id='word_1_14' title='bbox 2077 436 2090 475; x_wconf 90' lang='lat'><strong>:</strong></span> <span class='ocrx_word' id='word_1_15' title='bbox 2122 423 2174 483; x_wconf 83' lang='grc' dir='ltr'>Α</span> <span class='ocrx_word' id='word_1_16' title='bbox 2204 421 2277 476; x_wconf 90' lang='lat' dir='ltr'>rit</span> <span class='ocrx_word' id='word_1_17' title='bbox 2313 414 2648 479; x_wconf 77' lang='lat' dir='ltr'>exercitatus</span> <span class='ocrx_word' id='word_1_18' title='bbox 2693 421 2755 478; x_wconf 92' lang='lat' dir='ltr'>in</span> <span class='ocrx_word' id='word_1_19' title='bbox 2810 422 3134 496; x_wconf 85' lang='lat' dir='ltr'>Scripturis,</span> <span class='ocrx_word' id='word_1_20' title='bbox 3181 422 3250 480; x_wconf 88' lang='lat' dir='ltr'>ab</span> <span class='ocrx_word' id='word_1_21' title='bbox 3301 421 3391 480; x_wconf 88' lang='lat' dir='ltr'>his</span> <span class='ocrx_word' id='word_1_22' title='bbox 3425 428 3610 484; x_wconf 86' lang='lat' dir='ltr'>tamen</span> <span class='ocrx_word' id='word_1_23' title='bbox 3656 423 3806 488; x_wconf 76' lang='lat' dir='ltr'>viam</span> 
     </span>
    </p>
   </div>
   <div class='ocr_carea' id='block_1_5' title="bbox 498 508 2094 586">
    <p class='ocr_par' dir='ltr' id='par_1_5' title="bbox 498 508 2094 586">
     <span class='ocr_line' id='line_1_5' title="bbox 498 508 2094 586; baseline -0.005 -16"><span class='ocrx_word' id='word_1_24' title='bbox 498 524 552 572; x_wconf 87' lang='lat' dir='ltr'>et</span> <span class='ocrx_word' id='word_1_25' title='bbox 579 515 880 570; x_wconf 86' lang='lat' dir='ltr'>multorum</span> <span class='ocrx_word' id='word_1_26' title='bbox 932 529 1118 586; x_wconf 82' lang='lat' dir='ltr'>preces</span> <span class='ocrx_word' id='word_1_27' title='bbox 1170 511 1512 585; x_wconf 84' lang='lat' dir='ltr'>impossibile</span> <span class='ocrx_word' id='word_1_28' title='bbox 1557 518 1639 564; x_wconf 90' lang='lat' dir='ltr'>est</span> <span class='ocrx_word' id='word_1_29' title='bbox 1683 515 1745 563; x_wconf 91' lang='lat' dir='ltr'>ut</span> <span class='ocrx_word' id='word_1_30' title='bbox 1784 524 1896 563; x_wconf 90' lang='lat' dir='ltr'>non</span> <span class='ocrx_word' id='word_1_31' title='bbox 1928 508 2094 580; x_wconf 87' lang='lat' dir='ltr'>impe-</span> 
     </span>
    </p>
   </div>
   <div class='ocr_carea' id='block_1_6' title="bbox 497 598 2096 675">
    <p class='ocr_par' dir='ltr' id='par_1_6' title="bbox 497 598 2096 675">
     <span class='ocr_line' id='line_1_6' title="bbox 497 598 2096 675; baseline -0.004 -14"><span class='ocrx_word' id='word_1_32' title='bbox 497 612 644 662; x_wconf 88' lang='lat' dir='ltr'>trent</span> <span class='ocrx_word' id='word_1_33' title='bbox 676 604 815 674; x_wconf 90' lang='lat'>(50).</span> <span class='ocrx_word' id='word_1_34' title='bbox 849 603 905 658; x_wconf 92' lang='lat' dir='ltr'>Si</span> <span class='ocrx_word' id='word_1_35' title='bbox 935 619 1064 675; x_wconf 88' lang='lat' dir='ltr'>ergo</span> <span class='ocrx_word' id='word_1_36' title='bbox 1098 609 1154 656; x_wconf 80' lang='lat' dir='ltr'>et</span> <span class='ocrx_word' id='word_1_37' title='bbox 1183 601 1290 673; x_wconf 87' lang='lat' dir='ltr'>ipsi</span> <span class='ocrx_word' id='word_1_38' title='bbox 1321 599 1507 669; x_wconf 88' lang='lat' dir='ltr'>cupidi</span> <span class='ocrx_word' id='word_1_39' title='bbox 1537 598 1650 654; x_wconf 91' lang='lat' dir='ltr'>sint</span> <span class='ocrx_word' id='word_1_40' title='bbox 1683 598 1908 654; x_wconf 84' lang='lat' dir='ltr'>videndi</span> <span class='ocrx_word' id='word_1_41' title='bbox 1937 599 2096 670; x_wconf 86' lang='lat' dir='ltr'>Apo-</span> 
     </span>
    </p>
   </div>
   <div class='ocr_carea' id='block_1_7' title="bbox 496 687 2096 768">
    <p class='ocr_par' dir='ltr' id='par_1_7' title="bbox 496 687 2096 768">
     <span class='ocr_line' id='line_1_7' title="bbox 496 687 2096 768; baseline -0.004 -20"><span class='ocrx_word' id='word_1_42' title='bbox 496 694 723 760; x_wconf 90' lang='lat' dir='ltr'>stolum,</span> <span class='ocrx_word' id='word_1_43' title='bbox 753 691 1058 764; x_wconf 87' lang='lat' dir='ltr'>impensius</span> <span class='ocrx_word' id='word_1_44' title='bbox 1087 697 1267 768; x_wconf 83' lang='lat' dir='ltr'>orent,</span> <span class='ocrx_word' id='word_1_45' title='bbox 1299 695 1361 744; x_wconf 91' lang='lat' dir='ltr'>ut</span> <span class='ocrx_word' id='word_1_46' title='bbox 1391 687 1520 742; x_wconf 92' lang='lat' dir='ltr'>inde</span> <span class='ocrx_word' id='word_1_47' title='bbox 1552 687 1840 743; x_wconf 90' lang='lat' dir='ltr'>liberatum</span> <span class='ocrx_word' id='word_1_48' title='bbox 1884 688 2096 760; x_wconf 86' lang='lat' dir='ltr'>possint</span> 
     </span>
    </p>
   </div>
   <div class='ocr_carea' id='block_1_8' title="bbox 494 775 1614 854">
    <p class='ocr_par' dir='ltr' id='par_1_8' title="bbox 494 775 1614 854">
     <span class='ocr_line' id='line_1_8' title="bbox 494 775 1614 854; baseline -0.008 -14"><span class='ocrx_word' id='word_1_49' title='bbox 494 782 770 854; x_wconf 84' lang='lat' dir='ltr'>suscipere</span> <span class='ocrx_word' id='word_1_50' title='bbox 800 782 958 837; x_wconf 91' lang='lat' dir='ltr'>illum</span> <span class='ocrx_word' id='word_1_51' title='bbox 991 780 1047 835; x_wconf 93' lang='lat' dir='ltr'>in</span> <span class='ocrx_word' id='word_1_52' title='bbox 1079 777 1278 851; x_wconf 86' lang='lat' dir='ltr'>gaudio</span> <span class='ocrx_word' id='word_1_53' title='bbox 1308 775 1614 831; x_wconf 90' lang='lat' dir='ltr'>charitatis.</span> 
     </span>
    </p>
   </div>
   <div class='ocr_carea' id='block_1_9' title="bbox 571 867 2097 943">
    <p class='ocr_par' dir='ltr' id='par_1_9' title="bbox 571 867 2097 943">
     <span class='ocr_line' id='line_1_9' title="bbox 571 867 2097 943; baseline -0.003 -14"><span class='ocrx_word' id='word_1_54' title='bbox 571 873 754 943; x_wconf 84' lang='lat' dir='ltr'>(Vere.</span> <span class='ocrx_word' id='word_1_55' title='bbox 775 870 891 941; x_wconf 82' lang='lat'>32.)</span> <span class='ocrx_word' id='word_1_56' title='bbox 941 895 958 915; x_wconf 78' lang='grc' dir='ltr'>ι</span> <span class='ocrx_word' id='word_1_57' title='bbox 987 871 1056 925; x_wconf 98' lang='lat' dir='ltr'>Ut</span> <span class='ocrx_word' id='word_1_58' title='bbox 1084 878 1137 923; x_wconf 89' lang='lat' dir='ltr'>et</span> <span class='ocrx_word' id='word_1_59' title='bbox 1165 883 1458 922; x_wconf 91' lang='lat' dir='ltr'>munerum</span> <span class='ocrx_word' id='word_1_60' title='bbox 1482 883 1728 922; x_wconf 90' lang='lat' dir='ltr'>meorum</span> <span class='ocrx_word' id='word_1_61' title='bbox 1759 867 2097 925; x_wconf 73' lang='lat' dir='ltr'>ministratio</span> 
     </span>
    </p>
   </div>
   <div class='ocr_carea' id='block_1_10' title="bbox 495 957 2096 1034">
    <p class='ocr_par' dir='ltr' id='par_1_10' title="bbox 495 957 2096 1034">
     <span class='ocr_line' id='line_1_10' title="bbox 495 957 2096 1034; baseline -0.001 -17"><span class='ocrx_word' id='word_1_62' title='bbox 495 968 717 1034; x_wconf 86' lang='lat' dir='ltr'>accepta</span> <span class='ocrx_word' id='word_1_63' title='bbox 747 961 842 1015; x_wconf 87' lang='lat' dir='ltr'>ﬁat</span> <span class='ocrx_word' id='word_1_64' title='bbox 886 959 941 1013; x_wconf 91' lang='lat' dir='ltr'>in</span> <span class='ocrx_word' id='word_1_65' title='bbox 985 957 1370 1029; x_wconf 88' lang='lat' dir='ltr'>Hierosolyma</span> <span class='ocrx_word' id='word_1_66' title='bbox 1398 957 1632 1024; x_wconf 79' lang='lat' dir='ltr'>sanctis;</span> <span class='ocrx_word' id='word_1_67' title='bbox 1686 966 1746 1014; x_wconf 93' lang='lat' dir='ltr'>ut</span> <span class='ocrx_word' id='word_1_68' title='bbox 1773 959 1990 1014; x_wconf 86' lang='lat' dir='ltr'>veniam</span> <span class='ocrx_word' id='word_1_69' title='bbox 2029 958 2096 1015; x_wconf 89' lang='lat' dir='ltr'>ad</span> 
     </span>
    </p>
   </div>
   <div class='ocr_carea' id='block_1_11' title="bbox 496 1048 2097 1120">
    <p class='ocr_par' dir='ltr' id='par_1_11' title="bbox 496 1048 2097 1120">
     <span class='ocr_line' id='line_1_11' title="bbox 496 1048 2097 1120; baseline -0.001 -13"><span class='ocrx_word' id='word_1_70' title='bbox 496 1070 592 1110; x_wconf 89' lang='lat' dir='ltr'>vos</span> <span class='ocrx_word' id='word_1_71' title='bbox 638 1068 762 1107; x_wconf 92' lang='lat' dir='ltr'>cum</span> <span class='ocrx_word' id='word_1_72' title='bbox 813 1048 1014 1120; x_wconf 84' lang='lat' dir='ltr'>gaudio</span> <span class='ocrx_word' id='word_1_73' title='bbox 1062 1064 1158 1120; x_wconf 89' lang='lat' dir='ltr'>per</span> <span class='ocrx_word' id='word_1_74' title='bbox 1211 1048 1555 1104; x_wconf 84' lang='lat' dir='ltr'>voluntatem</span> <span class='ocrx_word' id='word_1_75' title='bbox 1604 1049 1730 1105; x_wconf 87' lang='lat' dir='ltr'>Jesu</span> <span class='ocrx_word' id='word_1_76' title='bbox 1776 1050 2002 1118; x_wconf 86' lang='lat' dir='ltr'>Christi,</span> <span class='ocrx_word' id='word_1_77' title='bbox 2041 1060 2097 1107; x_wconf 90' lang='lat' dir='ltr'>et</span> 
     </span>
    </p>
   </div>
   <div class='ocr_carea' id='block_1_12' title="bbox 492 1136 2097 1213">
    <p class='ocr_par' dir='ltr' id='par_1_12' title="bbox 492 1136 2097 1213">
     <span class='ocr_line' id='line_1_12' title="bbox 492 1136 2097 1213; baseline -0.001 -16"><span class='ocrx_word' id='word_1_78' title='bbox 492 1140 784 1213; x_wconf 85' lang='lat' dir='ltr'>refrigerer</span> <span class='ocrx_word' id='word_1_79' title='bbox 808 1137 1118 1194; x_wconf 82' lang='lat' dir='ltr'>vobiscum.</span> <span class='ocrx_word' id='word_1_80' title='bbox 1145 1162 1163 1184; x_wconf 80' lang='grc'>›</span> <span class='ocrx_word' id='word_1_81' title='bbox 1197 1137 1380 1193; x_wconf 83' lang='lat' dir='ltr'>Etiam</span> <span class='ocrx_word' id='word_1_82' title='bbox 1411 1136 1516 1194; x_wconf 87' lang='lat' dir='ltr'>hoc</span> <span class='ocrx_word' id='word_1_83' title='bbox 1547 1138 1816 1195; x_wconf 91' lang='lat' dir='ltr'>orandum</span> <span class='ocrx_word' id='word_1_84' title='bbox 1850 1139 2008 1206; x_wconf 83' lang='lat' dir='ltr'>dicit,</span> <span class='ocrx_word' id='word_1_85' title='bbox 2034 1148 2097 1196; x_wconf 89' lang='lat' dir='ltr'>ut</span> 
     </span>
    </p>
   </div>
   <div class='ocr_carea' id='block_1_13' title="bbox 493 1224 2096 1298">
    <p class='ocr_par' dir='ltr' id='par_1_13' title="bbox 493 1224 2096 1298">
     <span class='ocr_line' id='line_1_13' title="bbox 493 1224 2096 1298; baseline 0 -14"><span class='ocrx_word' id='word_1_86' title='bbox 493 1227 832 1284; x_wconf 85' lang='lat' dir='ltr'>ministratio</span> <span class='ocrx_word' id='word_1_87' title='bbox 881 1242 1173 1281; x_wconf 89' lang='lat' dir='ltr'>munerum</span> <span class='ocrx_word' id='word_1_88' title='bbox 1215 1224 1333 1297; x_wconf 88' lang='lat' dir='ltr'>ejus</span> <span class='ocrx_word' id='word_1_89' title='bbox 1383 1235 1604 1298; x_wconf 90' lang='lat' dir='ltr'>accepta</span> <span class='ocrx_word' id='word_1_90' title='bbox 1651 1226 1745 1282; x_wconf 91' lang='lat' dir='ltr'>ﬁat</span> <span class='ocrx_word' id='word_1_91' title='bbox 1786 1227 1991 1284; x_wconf 86' lang='lat' dir='ltr'>sanctis</span> <span class='ocrx_word' id='word_1_92' title='bbox 2037 1228 2096 1284; x_wconf 90' lang='lat' dir='ltr'>in</span> 
     </span>
    </p>
   </div>
   <div class='ocr_carea' id='block_1_14' title="bbox 490 1316 2097 1385">
    <p class='ocr_par' dir='ltr' id='par_1_14' title="bbox 490 1316 2097 1385">
     <span class='ocr_line' id='line_1_14' title="bbox 490 1316 2097 1385; baseline -0.001 -9"><span class='ocrx_word' id='word_1_93' title='bbox 490 1319 814 1385; x_wconf 88' lang='lat' dir='ltr'>Jerusalem,</span> <span class='ocrx_word' id='word_1_94' title='bbox 862 1324 919 1373; x_wconf 90' lang='lat' dir='ltr'>et</span> <span class='ocrx_word' id='word_1_95' title='bbox 957 1316 1146 1372; x_wconf 90' lang='lat' dir='ltr'>omnia</span> <span class='ocrx_word' id='word_1_96' title='bbox 1194 1333 1317 1372; x_wconf 91' lang='lat' dir='ltr'>cum</span> <span class='ocrx_word' id='word_1_97' title='bbox 1355 1317 1640 1373; x_wconf 84' lang='lat' dir='ltr'>voluntate</span> <span class='ocrx_word' id='word_1_98' title='bbox 1687 1317 1787 1374; x_wconf 90' lang='lat' dir='ltr'>Dei</span> <span class='ocrx_word' id='word_1_99' title='bbox 1833 1318 2012 1374; x_wconf 83' lang='lat' dir='ltr'>facere</span> <span class='ocrx_word' id='word_1_100' title='bbox 2041 1335 2097 1375; x_wconf 93' lang='lat' dir='ltr'>se</span> 
     </span>
    </p>
   </div>
   <div class='ocr_carea' id='block_1_15' title="bbox 491 1405 2099 1478">
    <p class='ocr_par' dir='ltr' id='par_1_15' title="bbox 491 1405 2099 1478">
     <span class='ocr_line' id='line_1_15' title="bbox 491 1405 2099 1478; baseline -0.001 -14"><span class='ocrx_word' id='word_1_101' title='bbox 491 1408 778 1473; x_wconf 84' lang='lat' dir='ltr'>ostendat;</span> <span class='ocrx_word' id='word_1_102' title='bbox 828 1414 890 1462; x_wconf 87' lang='lat' dir='ltr'>ut</span> <span class='ocrx_word' id='word_1_103' title='bbox 938 1406 1068 1478; x_wconf 83' lang='lat' dir='ltr'>quia</span> <span class='ocrx_word' id='word_1_104' title='bbox 1096 1405 1330 1461; x_wconf 67' lang='lat' dir='ltr'>devotus</span> <span class='ocrx_word' id='word_1_105' title='bbox 1373 1413 1454 1461; x_wconf 91' lang='lat' dir='ltr'>est</span> <span class='ocrx_word' id='word_1_106' title='bbox 1501 1406 1720 1462; x_wconf 88' lang='lat' dir='ltr'>animus</span> <span class='ocrx_word' id='word_1_107' title='bbox 1765 1406 1885 1478; x_wconf 89' lang='lat' dir='ltr'>ejus</span> <span class='ocrx_word' id='word_1_108' title='bbox 1911 1408 1979 1463; x_wconf 89' lang='lat' dir='ltr'>ad</span> <span class='ocrx_word' id='word_1_109' title='bbox 2008 1407 2099 1463; x_wconf 84' lang='lat' dir='ltr'>fe-</span> 
     </span>
    </p>
   </div>
   <div class='ocr_carea' id='block_1_16' title="bbox 495 1494 2098 1568">
    <p class='ocr_par' dir='ltr' id='par_1_16' title="bbox 495 1494 2098 1568">
     <span class='ocr_line' id='line_1_16' title="bbox 495 1494 2098 1568; baseline 0 -16"><span class='ocrx_word' id='word_1_110' title='bbox 495 1497 665 1552; x_wconf 89' lang='lat' dir='ltr'>renda</span> <span class='ocrx_word' id='word_1_111' title='bbox 697 1511 947 1562; x_wconf 91' lang='lat' dir='ltr'>munera,</span> <span class='ocrx_word' id='word_1_112' title='bbox 992 1494 1156 1549; x_wconf 87' lang='lat' dir='ltr'>etiam</span> <span class='ocrx_word' id='word_1_113' title='bbox 1203 1494 1424 1549; x_wconf 91' lang='lat' dir='ltr'>illorum</span> <span class='ocrx_word' id='word_1_114' title='bbox 1471 1495 1719 1550; x_wconf 89' lang='lat' dir='ltr'>animum</span> <span class='ocrx_word' id='word_1_115' title='bbox 1761 1497 1856 1550; x_wconf 90' lang='lat' dir='ltr'>Dei</span> <span class='ocrx_word' id='word_1_116' title='bbox 1883 1494 2098 1568; x_wconf 91' lang='lat' dir='ltr'>judicio</span> 
     </span>
    </p>
   </div>
   <div class='ocr_carea' id='block_1_17' title="bbox 491 1581 2098 1657">
    <p class='ocr_par' dir='ltr' id='par_1_17' title="bbox 491 1581 2098 1657">
     <span class='ocr_line' id='line_1_17' title="bbox 491 1581 2098 1657; baseline 0 -15"><span class='ocrx_word' id='word_1_117' title='bbox 491 1584 822 1657; x_wconf 88' lang='lat' dir='ltr'>respondere</span> <span class='ocrx_word' id='word_1_118' title='bbox 867 1581 976 1640; x_wconf 92' lang='lat' dir='ltr'>sibi</span> <span class='ocrx_word' id='word_1_119' title='bbox 1024 1583 1178 1650; x_wconf 89' lang='lat' dir='ltr'>vult;</span> <span class='ocrx_word' id='word_1_120' title='bbox 1229 1591 1290 1639; x_wconf 89' lang='lat' dir='ltr'>ut</span> <span class='ocrx_word' id='word_1_121' title='bbox 1332 1583 1612 1639; x_wconf 90' lang='lat' dir='ltr'>intellecta</span> <span class='ocrx_word' id='word_1_122' title='bbox 1653 1583 1915 1640; x_wconf 89' lang='lat' dir='ltr'>charitate</span> <span class='ocrx_word' id='word_1_123' title='bbox 1947 1584 2098 1642; x_wconf 89' lang='lat' dir='ltr'>illius</span> 
     </span>
    </p>
   </div>
   <div class='ocr_carea' id='block_1_18' title="bbox 490 1672 2100 1745">
    <p class='ocr_par' dir='ltr' id='par_1_18' title="bbox 490 1672 2100 1745">
     <span class='ocr_line' id='line_1_18' title="bbox 490 1672 2100 1745; baseline 0 -15"><span class='ocrx_word' id='word_1_124' title='bbox 490 1691 616 1745; x_wconf 87' lang='lat' dir='ltr'>erga</span> <span class='ocrx_word' id='word_1_125' title='bbox 644 1691 721 1743; x_wconf 91' lang='lat' dir='ltr'>se,</span> <span class='ocrx_word' id='word_1_126' title='bbox 767 1690 892 1729; x_wconf 90' lang='lat' dir='ltr'>cum</span> <span class='ocrx_word' id='word_1_127' title='bbox 926 1672 1027 1728; x_wconf 92' lang='lat' dir='ltr'>illo</span> <span class='ocrx_word' id='word_1_128' title='bbox 1058 1673 1350 1728; x_wconf 89' lang='lat' dir='ltr'>unanimes</span> <span class='ocrx_word' id='word_1_129' title='bbox 1388 1675 1501 1728; x_wconf 91' lang='lat' dir='ltr'>Deo</span> <span class='ocrx_word' id='word_1_130' title='bbox 1531 1673 1731 1744; x_wconf 80' lang='lat' dir='ltr'>gratias</span> <span class='ocrx_word' id='word_1_131' title='bbox 1759 1683 1940 1745; x_wconf 82' lang='lat' dir='ltr'>agant.</span> <span class='ocrx_word' id='word_1_132' title='bbox 1974 1675 2100 1731; x_wconf 89' lang='lat' dir='ltr'>Ma-</span> 
     </span>
    </p>
   </div>
   <div class='ocr_carea' id='block_1_19' title="bbox 2204 511 3807 585">
    <p class='ocr_par' dir='ltr' id='par_1_19' title="bbox 2204 511 3807 585">
     <span class='ocr_line' id='line_1_19' title="bbox 2204 511 3807 585; baseline 0.004 -19"><span class='ocrx_word' id='word_1_133' title='bbox 2204 511 2428 567; x_wconf 90' lang='lat' dir='ltr'>Domini</span> <span class='ocrx_word' id='word_1_134' title='bbox 2454 511 2778 585; x_wconf 89' lang='lat' dir='ltr'>diligentius</span> <span class='ocrx_word' id='word_1_135' title='bbox 2807 512 3109 570; x_wconf 89' lang='lat' dir='ltr'>instructus</span> <span class='ocrx_word' id='word_1_136' title='bbox 3128 519 3210 568; x_wconf 90' lang='lat' dir='ltr'>est</span> <span class='ocrx_word' id='word_1_137' title='bbox 3243 530 3256 568; x_wconf 89' lang='lat'>:</span> <span class='ocrx_word' id='word_1_138' title='bbox 3305 513 3429 570; x_wconf 91' lang='lat' dir='ltr'>ideo</span> <span class='ocrx_word' id='word_1_139' title='bbox 3457 514 3637 572; x_wconf 87' lang='lat' dir='ltr'>socios</span> <span class='ocrx_word' id='word_1_140' title='bbox 3659 515 3807 573; x_wconf 82' lang='lat' dir='ltr'>labo-</span> 
     </span>
    </p>
   </div>
   <div class='ocr_carea' id='block_1_20' title="bbox 2203 601 3808 677">
    <p class='ocr_par' dir='ltr' id='par_1_20' title="bbox 2203 601 3808 677">
     <span class='ocr_line' id='line_1_20' title="bbox 2203 601 3808 677; baseline 0.004 -21"><span class='ocrx_word' id='word_1_141' title='bbox 2203 601 2281 656; x_wconf 89' lang='lat' dir='ltr'>ris</span> <span class='ocrx_word' id='word_1_142' title='bbox 2306 601 2393 657; x_wconf 91' lang='lat' dir='ltr'>sui</span> <span class='ocrx_word' id='word_1_143' title='bbox 2427 602 2566 658; x_wconf 87' lang='lat' dir='ltr'>dicit</span> <span class='ocrx_word' id='word_1_144' title='bbox 2608 620 2720 671; x_wconf 91' lang='lat' dir='ltr'>eos,</span> <span class='ocrx_word' id='word_1_145' title='bbox 2771 603 2866 660; x_wconf 88' lang='lat' dir='ltr'>sed</span> <span class='ocrx_word' id='word_1_146' title='bbox 2914 603 2970 659; x_wconf 90' lang='lat' dir='ltr'>in</span> <span class='ocrx_word' id='word_1_147' title='bbox 3019 603 3242 663; x_wconf 87' lang='lat' dir='ltr'>Christo</span> <span class='ocrx_word' id='word_1_148' title='bbox 3287 605 3453 670; x_wconf 89' lang='lat' dir='ltr'>Jesu;</span> <span class='ocrx_word' id='word_1_149' title='bbox 3501 605 3808 677; x_wconf 89' lang='lat' dir='ltr'>cooperarii</span> 
     </span>
    </p>
   </div>
   <div class='ocr_carea' id='block_1_21' title="bbox 2204 690 3809 765">
    <p class='ocr_par' dir='ltr' id='par_1_21' title="bbox 2204 690 3809 765">
     <span class='ocr_line' id='line_1_21' title="bbox 2204 690 3809 765; baseline 0.004 -21"><span class='ocrx_word' id='word_1_150' title='bbox 2204 690 2351 745; x_wconf 91' lang='lat' dir='ltr'>enim</span> <span class='ocrx_word' id='word_1_151' title='bbox 2383 690 2501 762; x_wconf 86' lang='lat' dir='ltr'>ejus</span> <span class='ocrx_word' id='word_1_152' title='bbox 2534 692 2759 748; x_wconf 87' lang='lat' dir='ltr'>fuerunt</span> <span class='ocrx_word' id='word_1_153' title='bbox 2789 693 2846 748; x_wconf 88' lang='lat' dir='ltr'>in</span> <span class='ocrx_word' id='word_1_154' title='bbox 2874 693 3178 764; x_wconf 79' lang='lat' dir='ltr'>Evangelia</span> <span class='ocrx_word' id='word_1_155' title='bbox 3199 693 3318 750; x_wconf 92' lang='lat' dir='ltr'>Dei.</span> <span class='ocrx_word' id='word_1_156' title='bbox 3344 693 3547 765; x_wconf 82' lang='lat' dir='ltr'>Aquila</span> <span class='ocrx_word' id='word_1_157' title='bbox 3575 694 3664 750; x_wconf 90' lang='lat' dir='ltr'>vir</span> <span class='ocrx_word' id='word_1_158' title='bbox 3692 693 3809 750; x_wconf 88' lang='lat' dir='ltr'>Pri-</span> 
     </span>
    </p>
   </div>
   <div class='ocr_carea' id='block_1_22' title="bbox 2205 779 3808 854">
    <p class='ocr_par' dir='ltr' id='par_1_22' title="bbox 2205 779 3808 854">
     <span class='ocr_line' id='line_1_22' title="bbox 2205 779 3808 854; baseline 0.004 -21"><span class='ocrx_word' id='word_1_159' title='bbox 2205 779 2374 836; x_wconf 69' lang='lat' dir='ltr'>scilla:</span> <span class='ocrx_word' id='word_1_160' title='bbox 2403 787 2505 846; x_wconf 88' lang='lat' dir='ltr'>est,</span> <span class='ocrx_word' id='word_1_161' title='bbox 2539 781 2656 853; x_wconf 88' lang='grc'>(52)</span> <span class='ocrx_word' id='word_1_162' title='bbox 2678 798 2816 854; x_wconf 91' lang='lat' dir='ltr'>quos</span> <span class='ocrx_word' id='word_1_163' title='bbox 2849 799 2958 838; x_wconf 90' lang='lat' dir='ltr'>non</span> <span class='ocrx_word' id='word_1_164' title='bbox 2991 782 3165 840; x_wconf 87' lang='lat' dir='ltr'>otiose</span> <span class='ocrx_word' id='word_1_165' title='bbox 3188 785 3419 840; x_wconf 82' lang='lat' dir='ltr'>Romam</span> <span class='ocrx_word' id='word_1_166' title='bbox 3453 783 3668 841; x_wconf 85' lang='lat' dir='ltr'>venisse</span> <span class='ocrx_word' id='word_1_167' title='bbox 3696 799 3808 840; x_wconf 85' lang='lat' dir='ltr'>ma-</span> 
     </span>
    </p>
   </div>
   <div class='ocr_carea' id='block_1_23' title="bbox 2205 860 3811 940">
    <p class='ocr_par' dir='ltr' id='par_1_23' title="bbox 2205 860 3811 940">
     <span class='ocr_line' id='line_1_23' title="bbox 2205 860 3811 940; baseline 0.004 -18"><span class='ocrx_word' id='word_1_168' title='bbox 2205 866 2467 923; x_wconf 83' lang='lat' dir='ltr'>nifestum</span> <span class='ocrx_word' id='word_1_169' title='bbox 2504 860 2617 934; x_wconf 78' lang='lat' dir='ltr'>est;</span> <span class='ocrx_word' id='word_1_170' title='bbox 2679 870 3058 940; x_wconf 89' lang='lat' dir='ltr'>propensiores</span> <span class='ocrx_word' id='word_1_171' title='bbox 3099 871 3248 926; x_wconf 90' lang='lat' dir='ltr'>enim</span> <span class='ocrx_word' id='word_1_172' title='bbox 3287 877 3447 927; x_wconf 87' lang='lat' dir='ltr'>erant</span> <span class='ocrx_word' id='word_1_173' title='bbox 3477 870 3535 926; x_wconf 91' lang='lat' dir='ltr'>in</span> <span class='ocrx_word' id='word_1_174' title='bbox 3574 871 3673 929; x_wconf 91' lang='lat' dir='ltr'>Dei</span> <span class='ocrx_word' id='word_1_175' title='bbox 3701 871 3811 929; x_wconf 85' lang='lat' dir='ltr'>de-</span> 
     </span>
    </p>
   </div>
   <div class='ocr_carea' id='block_1_24' title="bbox 2207 957 3808 1023">
    <p class='ocr_par' dir='ltr' id='par_1_24' title="bbox 2207 957 3808 1023">
     <span class='ocr_line' id='line_1_24' title="bbox 2207 957 3808 1023; baseline 0.006 -12"><span class='ocrx_word' id='word_1_176' title='bbox 2207 957 2459 1023; x_wconf 89' lang='lat' dir='ltr'>votione;</span> <span class='ocrx_word' id='word_1_177' title='bbox 2518 974 2645 1014; x_wconf 88' lang='lat' dir='ltr'>nam</span> <span class='ocrx_word' id='word_1_178' title='bbox 2695 958 2763 1014; x_wconf 91' lang='lat' dir='ltr'>ad</span> <span class='ocrx_word' id='word_1_179' title='bbox 2811 959 3292 1017; x_wconf 89' lang='lat' dir='ltr'>conﬁrmationem</span> <span class='ocrx_word' id='word_1_180' title='bbox 3343 961 3716 1019; x_wconf 80' lang='lat' dir='ltr'>Romanorum</span> <span class='ocrx_word' id='word_1_181' title='bbox 3766 963 3808 1020; x_wconf 93' lang='lat' dir='ltr'>ii</span> 
     </span>
    </p>
   </div>
   <div class='ocr_carea' id='block_1_25' title="bbox 2205 1047 3806 1122">
    <p class='ocr_par' dir='ltr' id='par_1_25' title="bbox 2205 1047 3806 1122">
     <span class='ocr_line' id='line_1_25' title="bbox 2205 1047 3806 1122; baseline 0.004 -20"><span class='ocrx_word' id='word_1_182' title='bbox 2205 1063 2416 1116; x_wconf 90' lang='lat' dir='ltr'>omnes,</span> <span class='ocrx_word' id='word_1_183' title='bbox 2470 1064 2607 1119; x_wconf 91' lang='lat' dir='ltr'>quos</span> <span class='ocrx_word' id='word_1_184' title='bbox 2654 1048 2876 1117; x_wconf 88' lang='lat' dir='ltr'>salutat,</span> <span class='ocrx_word' id='word_1_185' title='bbox 2928 1065 2997 1104; x_wconf 85' lang='lat' dir='ltr'>ex</span> <span class='ocrx_word' id='word_1_186' title='bbox 3048 1047 3136 1105; x_wconf 89' lang='lat' dir='ltr'>his</span> <span class='ocrx_word' id='word_1_187' title='bbox 3179 1049 3350 1106; x_wconf 82' lang='lat' dir='ltr'>fuisse</span> <span class='ocrx_word' id='word_1_188' title='bbox 3397 1049 3806 1122; x_wconf 84' lang='lat' dir='ltr'>intelliguntur.</span> 
     </span>
    </p>
   </div>
   <div class='ocr_carea' id='block_1_26' title="bbox 2208 1135 3809 1211">
    <p class='ocr_par' dir='ltr' id='par_1_26' title="bbox 2208 1135 3809 1211">
     <span class='ocr_line' id='line_1_26' title="bbox 2208 1135 3809 1211; baseline 0.002 -18"><span class='ocrx_word' id='word_1_189' title='bbox 2208 1135 2362 1193; x_wconf 88' lang='lat' dir='ltr'>Unde</span> <span class='ocrx_word' id='word_1_190' title='bbox 2399 1136 2537 1194; x_wconf 87' lang='lat' dir='ltr'>dicit</span> <span class='ocrx_word' id='word_1_191' title='bbox 2583 1154 2696 1193; x_wconf 92' lang='lat' dir='ltr'>non</span> <span class='ocrx_word' id='word_1_192' title='bbox 2744 1138 2922 1194; x_wconf 90' lang='lat' dir='ltr'>solum</span> <span class='ocrx_word' id='word_1_193' title='bbox 2961 1154 3039 1206; x_wconf 92' lang='lat' dir='ltr'>se,</span> <span class='ocrx_word' id='word_1_194' title='bbox 3090 1138 3185 1195; x_wconf 91' lang='lat' dir='ltr'>sed</span> <span class='ocrx_word' id='word_1_195' title='bbox 3228 1147 3281 1196; x_wconf 93' lang='lat' dir='ltr'>et</span> <span class='ocrx_word' id='word_1_196' title='bbox 3325 1154 3517 1195; x_wconf 88' lang='lat' dir='ltr'>omnes</span> <span class='ocrx_word' id='word_1_197' title='bbox 3559 1140 3809 1211; x_wconf 83' lang='lat' dir='ltr'>gentium</span> 
     </span>
    </p>
   </div>
   <div class='ocr_carea' id='block_1_27' title="bbox 2203 1225 3806 1300">
    <p class='ocr_par' dir='ltr' id='par_1_27' title="bbox 2203 1225 3806 1300">
     <span class='ocr_line' id='line_1_27' title="bbox 2203 1225 3806 1300; baseline 0.003 -19"><span class='ocrx_word' id='word_1_198' title='bbox 2203 1225 2479 1282; x_wconf 90' lang='lat' dir='ltr'>Ecclesiae</span> <span class='ocrx_word' id='word_1_199' title='bbox 2527 1227 2732 1298; x_wconf 85' lang='lat' dir='ltr'>gratias</span> <span class='ocrx_word' id='word_1_200' title='bbox 2763 1226 2851 1284; x_wconf 91' lang='lat' dir='ltr'>his</span> <span class='ocrx_word' id='word_1_201' title='bbox 2882 1227 3106 1294; x_wconf 84' lang='lat' dir='ltr'>referre,</span> <span class='ocrx_word' id='word_1_202' title='bbox 3161 1237 3390 1300; x_wconf 86' lang='lat' dir='ltr'>tangens</span> <span class='ocrx_word' id='word_1_203' title='bbox 3423 1237 3478 1286; x_wconf 91' lang='lat' dir='ltr'>et</span> <span class='ocrx_word' id='word_1_204' title='bbox 3508 1230 3806 1296; x_wconf 80' lang='lat' dir='ltr'>Romanos,</span> 
     </span>
    </p>
   </div>
   <div class='ocr_carea' id='block_1_28' title="bbox 2206 1314 3808 1391">
    <p class='ocr_par' dir='ltr' id='par_1_28' title="bbox 2206 1314 3808 1391">
     <span class='ocr_line' id='line_1_28' title="bbox 2206 1314 3808 1391; baseline 0.006 -22"><span class='ocrx_word' id='word_1_205' title='bbox 2206 1321 2268 1369; x_wconf 90' lang='lat' dir='ltr'>ut</span> <span class='ocrx_word' id='word_1_206' title='bbox 2298 1314 2385 1371; x_wconf 92' lang='lat' dir='ltr'>his</span> <span class='ocrx_word' id='word_1_207' title='bbox 2428 1315 2709 1384; x_wconf 88' lang='lat' dir='ltr'>obediant,</span> <span class='ocrx_word' id='word_1_208' title='bbox 2762 1333 2899 1388; x_wconf 91' lang='lat' dir='ltr'>quos</span> <span class='ocrx_word' id='word_1_209' title='bbox 2945 1317 3012 1372; x_wconf 91' lang='lat' dir='ltr'>ad</span> <span class='ocrx_word' id='word_1_210' title='bbox 3062 1318 3369 1389; x_wconf 83' lang='lat' dir='ltr'>profectum</span> <span class='ocrx_word' id='word_1_211' title='bbox 3421 1319 3666 1391; x_wconf 84' lang='lat' dir='ltr'>gentium</span> <span class='ocrx_word' id='word_1_212' title='bbox 3715 1337 3808 1378; x_wconf 77' lang='lat' dir='ltr'>au-</span> 
     </span>
    </p>
   </div>
   <div class='ocr_carea' id='block_1_29' title="bbox 2207 1402 3808 1468">
    <p class='ocr_par' dir='ltr' id='par_1_29' title="bbox 2207 1402 3808 1468">
     <span class='ocr_line' id='line_1_29' title="bbox 2207 1402 3808 1468; baseline 0.006 -11"><span class='ocrx_word' id='word_1_213' title='bbox 2207 1402 2368 1459; x_wconf 90' lang='lat' dir='ltr'>diunt</span> <span class='ocrx_word' id='word_1_214' title='bbox 2416 1403 2664 1462; x_wconf 87' lang='lat' dir='ltr'>laborare</span> <span class='ocrx_word' id='word_1_215' title='bbox 2705 1405 2774 1460; x_wconf 89' lang='lat' dir='ltr'>ad</span> <span class='ocrx_word' id='word_1_216' title='bbox 2816 1405 3220 1464; x_wconf 80' lang='lat' dir='ltr'>exhortandam</span> <span class='ocrx_word' id='word_1_217' title='bbox 3258 1407 3421 1464; x_wconf 89' lang='lat' dir='ltr'>ﬁdem</span> <span class='ocrx_word' id='word_1_218' title='bbox 3461 1408 3520 1464; x_wconf 91' lang='lat' dir='ltr'>in</span> <span class='ocrx_word' id='word_1_219' title='bbox 3565 1408 3808 1468; x_wconf 87' lang='lat' dir='ltr'>Christo.</span> 
     </span>
    </p>
   </div>
   <div class='ocr_carea' id='block_1_30' title="bbox 2206 1491 3809 1570">
    <p class='ocr_par' dir='ltr' id='par_1_30' title="bbox 2206 1491 3809 1570">
     <span class='ocr_line' id='line_1_30' title="bbox 2206 1491 3809 1570; baseline 0.004 -22"><span class='ocrx_word' id='word_1_220' title='bbox 2206 1491 2355 1558; x_wconf 86' lang='lat' dir='ltr'>Quos</span> <span class='ocrx_word' id='word_1_221' title='bbox 2384 1492 2441 1548; x_wconf 90' lang='lat' dir='ltr'>in</span> <span class='ocrx_word' id='word_1_222' title='bbox 2472 1501 2688 1550; x_wconf 88' lang='lat' dir='ltr'>tantum</span> <span class='ocrx_word' id='word_1_223' title='bbox 2725 1495 2930 1562; x_wconf 87' lang='lat' dir='ltr'>laudat,</span> <span class='ocrx_word' id='word_1_224' title='bbox 2962 1503 3023 1550; x_wconf 91' lang='lat' dir='ltr'>ut</span> <span class='ocrx_word' id='word_1_225' title='bbox 3052 1495 3298 1568; x_wconf 85' lang='lat' dir='ltr'>pericula</span> <span class='ocrx_word' id='word_1_226' title='bbox 3327 1497 3439 1568; x_wconf 87' lang='lat' dir='ltr'>pati</span> <span class='ocrx_word' id='word_1_227' title='bbox 3471 1513 3569 1570; x_wconf 92' lang='lat' dir='ltr'>pro</span> <span class='ocrx_word' id='word_1_228' title='bbox 3600 1515 3666 1555; x_wconf 92' lang='lat' dir='ltr'>eo</span> <span class='ocrx_word' id='word_1_229' title='bbox 3696 1515 3809 1555; x_wconf 87' lang='lat' dir='ltr'>non</span> 
     </span>
    </p>
   </div>
   <div class='ocr_carea' id='block_1_31' title="bbox 2206 1582 3809 1652">
    <p class='ocr_par' dir='ltr' id='par_1_31' title="bbox 2206 1582 3809 1652">
     <span class='ocr_line' id='line_1_31' title="bbox 2206 1582 3809 1652; baseline 0.005 -15"><span class='ocrx_word' id='word_1_230' title='bbox 2206 1582 2539 1652; x_wconf 86' lang='lat' dir='ltr'>abnuerent;</span> <span class='ocrx_word' id='word_1_231' title='bbox 2595 1583 2922 1641; x_wconf 88' lang='lat' dir='ltr'>inimicitias</span> <span class='ocrx_word' id='word_1_232' title='bbox 2951 1585 3099 1641; x_wconf 90' lang='lat' dir='ltr'>enim</span> <span class='ocrx_word' id='word_1_233' title='bbox 3152 1595 3206 1642; x_wconf 90' lang='lat' dir='ltr'>et</span> <span class='ocrx_word' id='word_1_234' title='bbox 3239 1586 3555 1644; x_wconf 69' lang='lat' dir='ltr'>Iudaeorum</span> <span class='ocrx_word' id='word_1_235' title='bbox 3602 1597 3657 1645; x_wconf 92' lang='lat' dir='ltr'>et</span> <span class='ocrx_word' id='word_1_236' title='bbox 3693 1589 3809 1645; x_wconf 85' lang='lat' dir='ltr'>fal-</span> 
     </span>
    </p>
   </div>
   <div class='ocr_carea' id='block_1_32' title="bbox 2206 1671 3812 1747">
    <p class='ocr_par' dir='ltr' id='par_1_32' title="bbox 2206 1671 3812 1747">
     <span class='ocr_line' id='line_1_32' title="bbox 2206 1671 3812 1747; baseline 0.004 -21"><span class='ocrx_word' id='word_1_237' title='bbox 2206 1688 2390 1727; x_wconf 90' lang='lat' dir='ltr'>sorum</span> <span class='ocrx_word' id='word_1_238' title='bbox 2421 1671 2654 1729; x_wconf 85' lang='lat' dir='ltr'>fratrum</span> <span class='ocrx_word' id='word_1_239' title='bbox 2685 1674 2871 1731; x_wconf 86' lang='lat' dir='ltr'>subire</span> <span class='ocrx_word' id='word_1_240' title='bbox 2901 1690 3010 1730; x_wconf 90' lang='lat' dir='ltr'>non</span> <span class='ocrx_word' id='word_1_241' title='bbox 3041 1675 3314 1747; x_wconf 86' lang='lat' dir='ltr'>aspernati</span> <span class='ocrx_word' id='word_1_242' title='bbox 3337 1685 3485 1743; x_wconf 90' lang='lat' dir='ltr'>sunt,</span> <span class='ocrx_word' id='word_1_243' title='bbox 3507 1676 3812 1735; x_wconf 88' lang='lat' dir='ltr'>dummodo</span> 
     </span>
    </p>
   </div>
   <div class='ocr_carea' id='block_1_33' title="bbox 490 1761 3812 1848">
    <p class='ocr_par' dir='ltr' id='par_1_33' title="bbox 490 1761 3812 1848">
     <span class='ocr_line' id='line_1_33' title="bbox 490 1761 3812 1848; baseline 0.002 -30"><span class='ocrx_word' id='word_1_244' title='bbox 490 1779 630 1837; x_wconf 86' lang='lat' dir='ltr'>gnus</span> <span class='ocrx_word' id='word_1_245' title='bbox 658 1761 807 1820; x_wconf 89' lang='lat' dir='ltr'>enim</span> <span class='ocrx_word' id='word_1_246' title='bbox 860 1762 1142 1834; x_wconf 87' lang='lat' dir='ltr'>profectus</span> <span class='ocrx_word' id='word_1_247' title='bbox 1184 1771 1264 1817; x_wconf 91' lang='lat' dir='ltr'>est</span> <span class='ocrx_word' id='word_1_248' title='bbox 1317 1761 1389 1829; x_wconf 91' lang='lat' dir='ltr'>ei,</span> <span class='ocrx_word' id='word_1_249' title='bbox 1431 1762 1590 1834; x_wconf 89' lang='lat' dir='ltr'>cujus</span> <span class='ocrx_word' id='word_1_250' title='bbox 1637 1763 1946 1820; x_wconf 90' lang='lat' dir='ltr'>ministerio</span> <span class='ocrx_word' id='word_1_251' title='bbox 1985 1765 2098 1821; x_wconf 59' lang='lat' dir='ltr'>laeti</span> <span class='ocrx_word' id='word_1_252' title='bbox 2127 1786 2174 1848; x_wconf 77' lang='grc' dir='ltr'>Β</span> <span class='ocrx_word' id='word_1_253' title='bbox 2207 1763 2531 1834; x_wconf 89' lang='lat' dir='ltr'>Apostolum</span> <span class='ocrx_word' id='word_1_254' title='bbox 2590 1762 2868 1835; x_wconf 88' lang='lat' dir='ltr'>obsequiis</span> <span class='ocrx_word' id='word_1_255' title='bbox 2915 1772 2970 1820; x_wconf 91' lang='lat' dir='ltr'>et</span> <span class='ocrx_word' id='word_1_256' title='bbox 3015 1763 3285 1821; x_wconf 86' lang='lat' dir='ltr'>charitate</span> <span class='ocrx_word' id='word_1_257' title='bbox 3331 1765 3613 1837; x_wconf 88' lang='lat' dir='ltr'>juvarent.</span> <span class='ocrx_word' id='word_1_258' title='bbox 3663 1767 3812 1824; x_wconf 87' lang='lat' dir='ltr'>Falsi</span> 
     </span>
    </p>
   </div>
   <div class='ocr_carea' id='block_1_34' title="bbox 488 1849 1636 1923">
    <p class='ocr_par' dir='ltr' id='par_1_34' title="bbox 488 1849 1636 1923">
     <span class='ocr_line' id='line_1_34' title="bbox 488 1849 1636 1923; baseline -0.001 -16"><span class='ocrx_word' id='word_1_259' title='bbox 488 1852 686 1920; x_wconf 79' lang='lat' dir='ltr'>eﬁ‘ecti,</span> <span class='ocrx_word' id='word_1_260' title='bbox 720 1853 894 1908; x_wconf 89' lang='lat' dir='ltr'>Deum</span> <span class='ocrx_word' id='word_1_261' title='bbox 926 1849 1183 1906; x_wconf 86' lang='lat' dir='ltr'>laudibus</span> <span class='ocrx_word' id='word_1_262' title='bbox 1213 1859 1636 1923; x_wconf 89' lang='lat' dir='ltr'>prosequuntur.</span> 
     </span>
    </p>
   </div>
   <div class='ocr_carea' id='block_1_35' title="bbox 567 1941 2098 2014">
    <p class='ocr_par' dir='ltr' id='par_1_35' title="bbox 567 1941 2098 2014">
     <span class='ocr_line' id='line_1_35' title="bbox 567 1941 2098 2014; baseline 0.002 -18"><span class='ocrx_word' id='word_1_263' title='bbox 567 1942 750 2014; x_wconf 85' lang='lat' dir='ltr'>(Vere.</span> <span class='ocrx_word' id='word_1_264' title='bbox 784 1941 901 2014; x_wconf 88' lang='lat'>33.)</span> <span class='ocrx_word' id='word_1_265' title='bbox 946 1965 964 1986; x_wconf 74' lang='grc' dir='ltr'><em>α</em></span> <span class='ocrx_word' id='word_1_266' title='bbox 994 1942 1140 1996; x_wconf 91' lang='lat' dir='ltr'>Deus</span> <span class='ocrx_word' id='word_1_267' title='bbox 1169 1948 1349 1997; x_wconf 92' lang='lat' dir='ltr'>autem</span> <span class='ocrx_word' id='word_1_268' title='bbox 1391 1941 1538 2013; x_wconf 90' lang='lat' dir='ltr'>pacis</span> <span class='ocrx_word' id='word_1_269' title='bbox 1573 1941 1645 1999; x_wconf 91' lang='lat' dir='ltr'>sit</span> <span class='ocrx_word' id='word_1_270' title='bbox 1675 1958 1801 1999; x_wconf 89' lang='lat' dir='ltr'>cum</span> <span class='ocrx_word' id='word_1_271' title='bbox 1835 1942 2098 1999; x_wconf 90' lang='lat' dir='ltr'>omnibus</span> 
     </span>
    </p>
   </div>
   <div class='ocr_carea' id='block_1_36' title="bbox 495 2031 2092 2105">
    <p class='ocr_par' dir='ltr' id='par_1_36' title="bbox 495 2031 2092 2105">
     <span class='ocr_line' id='line_1_36' title="bbox 495 2031 2092 2105; baseline 0.001 -21"><span class='ocrx_word' id='word_1_272' title='bbox 495 2031 672 2089; x_wconf 80' lang='lat' dir='ltr'>vobis.</span> <span class='ocrx_word' id='word_1_273' title='bbox 719 2031 917 2088; x_wconf 88' lang='lat' dir='ltr'>Amen.</span> <span class='ocrx_word' id='word_1_274' title='bbox 954 2055 971 2079; x_wconf 84' lang='grc'>›</span> <span class='ocrx_word' id='word_1_275' title='bbox 1023 2032 1170 2087; x_wconf 91' lang='lat' dir='ltr'>Deus</span> <span class='ocrx_word' id='word_1_276' title='bbox 1207 2031 1355 2102; x_wconf 91' lang='lat' dir='ltr'>pacis</span> <span class='ocrx_word' id='word_1_277' title='bbox 1393 2031 1647 2089; x_wconf 89' lang='lat' dir='ltr'>Christus</span> <span class='ocrx_word' id='word_1_278' title='bbox 1691 2039 1790 2100; x_wconf 87' lang='lat' dir='ltr'>est,</span> <span class='ocrx_word' id='word_1_279' title='bbox 1839 2033 1932 2105; x_wconf 88' lang='lat' dir='ltr'>qui</span> <span class='ocrx_word' id='word_1_280' title='bbox 1973 2033 2092 2088; x_wconf 89' lang='lat' dir='ltr'>ait:</span> 
     </span>
    </p>
   </div>
   <div class='ocr_carea' id='block_1_37' title="bbox 501 2119 2092 2194">
    <p class='ocr_par' dir='ltr' id='par_1_37' title="bbox 501 2119 2092 2194">
     <span class='ocr_line' id='line_1_37' title="bbox 501 2119 2092 2194; baseline 0.002 -19"><span class='ocrx_word' id='word_1_281' title='bbox 501 2146 517 2166; x_wconf 77' lang='grc' dir='ltr'>α</span> <span class='ocrx_word' id='word_1_282' title='bbox 545 2121 734 2176; x_wconf 85' lang='lat' dir='ltr'>Pacem</span> <span class='ocrx_word' id='word_1_283' title='bbox 758 2136 934 2175; x_wconf 90' lang='lat' dir='ltr'>meam</span> <span class='ocrx_word' id='word_1_284' title='bbox 953 2119 1024 2175; x_wconf 92' lang='lat' dir='ltr'>do</span> <span class='ocrx_word' id='word_1_285' title='bbox 1044 2119 1226 2188; x_wconf 90' lang='lat' dir='ltr'>vobis,</span> <span class='ocrx_word' id='word_1_286' title='bbox 1246 2137 1431 2191; x_wconf 90' lang='lat' dir='ltr'>pacem</span> <span class='ocrx_word' id='word_1_287' title='bbox 1459 2121 1711 2194; x_wconf 89' lang='lat' dir='ltr'>relinquo</span> <span class='ocrx_word' id='word_1_288' title='bbox 1733 2122 1894 2178; x_wconf 83' lang='lat' dir='ltr'>vobis</span> <span class='ocrx_word' id='word_1_289' title='bbox 1912 2124 2092 2192; x_wconf 86' lang='lat' dir='ltr'>(Joan.</span> 
     </span>
    </p>
   </div>
   <div class='ocr_carea' id='block_1_38' title="bbox 491 2210 2096 2284">
    <p class='ocr_par' dir='ltr' id='par_1_38' title="bbox 491 2210 2096 2284">
     <span class='ocr_line' id='line_1_38' title="bbox 491 2210 2096 2284; baseline 0.002 -17"><span class='ocrx_word' id='word_1_290' title='bbox 491 2228 611 2279; x_wconf 69' lang='lat' dir='ltr'>xxv,</span> <span class='ocrx_word' id='word_1_291' title='bbox 642 2210 760 2281; x_wconf 88' lang='grc'>27),</span> <span class='ocrx_word' id='word_1_292' title='bbox 795 2234 813 2258; x_wconf 75' lang='grc' dir='ltr'><strong><em>ι</em></strong></span> <span class='ocrx_word' id='word_1_293' title='bbox 857 2225 1020 2284; x_wconf 90' lang='lat' dir='ltr'>quem</span> <span class='ocrx_word' id='word_1_294' title='bbox 1050 2217 1203 2281; x_wconf 91' lang='lat' dir='ltr'>optat</span> <span class='ocrx_word' id='word_1_295' title='bbox 1232 2227 1347 2267; x_wconf 91' lang='lat' dir='ltr'>esse</span> <span class='ocrx_word' id='word_1_296' title='bbox 1377 2229 1502 2268; x_wconf 93' lang='lat' dir='ltr'>cum</span> <span class='ocrx_word' id='word_1_297' title='bbox 1540 2212 1652 2280; x_wconf 92' lang='lat' dir='ltr'>his,</span> <span class='ocrx_word' id='word_1_298' title='bbox 1679 2212 1858 2269; x_wconf 90' lang='lat' dir='ltr'>sciens</span> <span class='ocrx_word' id='word_1_299' title='bbox 1888 2213 2096 2270; x_wconf 86' lang='lat' dir='ltr'>dixisse</span> 
     </span>
    </p>
   </div>
   <div class='ocr_carea' id='block_1_39' title="bbox 491 2299 2095 2372">
    <p class='ocr_par' dir='ltr' id='par_1_39' title="bbox 491 2299 2095 2372">
     <span class='ocr_line' id='line_1_39' title="bbox 491 2299 2095 2372; baseline 0.001 -16"><span class='ocrx_word' id='word_1_300' title='bbox 491 2299 789 2356; x_wconf 90' lang='lat' dir='ltr'>Dominum</span> <span class='ocrx_word' id='word_1_301' title='bbox 811 2319 821 2356; x_wconf 93' lang='lat'>:</span> <span class='ocrx_word' id='word_1_302' title='bbox 845 2324 863 2346; x_wconf 73' lang='grc' dir='ltr'><strong><em>ι</em></strong></span> <span class='ocrx_word' id='word_1_303' title='bbox 891 2301 1032 2356; x_wconf 89' lang='lat' dir='ltr'>Ecce</span> <span class='ocrx_word' id='word_1_304' title='bbox 1053 2317 1152 2372; x_wconf 89' lang='lat' dir='ltr'>ego</span> <span class='ocrx_word' id='word_1_305' title='bbox 1172 2301 1457 2357; x_wconf 87' lang='lat' dir='ltr'>vobiscum</span> <span class='ocrx_word' id='word_1_306' title='bbox 1481 2319 1603 2356; x_wconf 91' lang='lat' dir='ltr'>sum</span> <span class='ocrx_word' id='word_1_307' title='bbox 1626 2302 1885 2358; x_wconf 88' lang='lat' dir='ltr'>omnibus</span> <span class='ocrx_word' id='word_1_308' title='bbox 1903 2303 2095 2358; x_wconf 93' lang='lat' dir='ltr'>diebus</span> 
     </span>
    </p>
   </div>
   <div class='ocr_carea' id='block_1_40' title="bbox 488 2388 2090 2463">
    <p class='ocr_par' dir='ltr' id='par_1_40' title="bbox 488 2388 2090 2463">
     <span class='ocr_line' id='line_1_40' title="bbox 488 2388 2090 2463; baseline 0.003 -19"><span class='ocrx_word' id='word_1_309' title='bbox 488 2405 663 2462; x_wconf 91' lang='lat' dir='ltr'>usque</span> <span class='ocrx_word' id='word_1_310' title='bbox 700 2388 769 2445; x_wconf 94' lang='lat' dir='ltr'>ad</span> <span class='ocrx_word' id='word_1_311' title='bbox 817 2388 1353 2445; x_wconf 89' lang='lat' dir='ltr'>consummationem</span> <span class='ocrx_word' id='word_1_312' title='bbox 1399 2391 1587 2447; x_wconf 71' lang='lat' dir='ltr'>saeculi</span> <span class='ocrx_word' id='word_1_313' title='bbox 1639 2393 1852 2463; x_wconf 82' lang='lat' dir='ltr'>(Matth.</span> <span class='ocrx_word' id='word_1_314' title='bbox 1889 2408 2090 2462; x_wconf 86' lang='lat' dir='ltr'>xxvm,</span> 
     </span>
    </p>
   </div>
   <div class='ocr_carea' id='block_1_41' title="bbox 491 2478 2092 2550">
    <p class='ocr_par' dir='ltr' id='par_1_41' title="bbox 491 2478 2092 2550">
     <span class='ocr_line' id='line_1_41' title="bbox 491 2478 2092 2550; baseline 0.002 -17"><span class='ocrx_word' id='word_1_315' title='bbox 491 2479 605 2550; x_wconf 90' lang='grc'>20).</span> <span class='ocrx_word' id='word_1_316' title='bbox 624 2505 641 2526; x_wconf 78' lang='grc' dir='ltr'>ι</span> <span class='ocrx_word' id='word_1_317' title='bbox 658 2478 816 2534; x_wconf 90' lang='lat' dir='ltr'>Tales</span> <span class='ocrx_word' id='word_1_318' title='bbox 835 2495 960 2550; x_wconf 87' lang='lat' dir='ltr'>ergo</span> <span class='ocrx_word' id='word_1_319' title='bbox 984 2479 1117 2534; x_wconf 90' lang='lat' dir='ltr'>istos</span> <span class='ocrx_word' id='word_1_320' title='bbox 1143 2480 1296 2550; x_wconf 89' lang='lat' dir='ltr'>cupit</span> <span class='ocrx_word' id='word_1_321' title='bbox 1315 2496 1452 2548; x_wconf 92' lang='lat' dir='ltr'>esse,</span> <span class='ocrx_word' id='word_1_322' title='bbox 1476 2489 1537 2535; x_wconf 89' lang='lat' dir='ltr'>ut</span> <span class='ocrx_word' id='word_1_323' title='bbox 1552 2479 1626 2536; x_wconf 91' lang='lat' dir='ltr'>sit</span> <span class='ocrx_word' id='word_1_324' title='bbox 1642 2497 1764 2536; x_wconf 90' lang='lat' dir='ltr'>cum</span> <span class='ocrx_word' id='word_1_325' title='bbox 1786 2480 1896 2536; x_wconf 91' lang='lat' dir='ltr'>illis</span> <span class='ocrx_word' id='word_1_326' title='bbox 1909 2483 2092 2538; x_wconf 91' lang='lat' dir='ltr'>Domi-</span> 
     </span>
    </p>
   </div>
   <div class='ocr_carea' id='block_1_42' title="bbox 491 2569 2094 2642">
    <p class='ocr_par' dir='ltr' id='par_1_42' title="bbox 491 2569 2094 2642">
     <span class='ocr_line' id='line_1_42' title="bbox 491 2569 2094 2642; baseline 0.001 -16"><span class='ocrx_word' id='word_1_327' title='bbox 491 2588 598 2626; x_wconf 91' lang='lat' dir='ltr'>nus</span> <span class='ocrx_word' id='word_1_328' title='bbox 641 2569 896 2628; x_wconf 88' lang='lat' dir='ltr'>Christus</span> <span class='ocrx_word' id='word_1_329' title='bbox 937 2571 1114 2638; x_wconf 77' lang='lat' dir='ltr'>Iesus,</span> <span class='ocrx_word' id='word_1_330' title='bbox 1156 2569 1273 2641; x_wconf 91' lang='lat' dir='ltr'>qui,</span> <span class='ocrx_word' id='word_1_331' title='bbox 1311 2579 1594 2642; x_wconf 86' lang='lat' dir='ltr'>amputata</span> <span class='ocrx_word' id='word_1_332' title='bbox 1623 2572 1774 2627; x_wconf 92' lang='lat' dir='ltr'>omni</span> <span class='ocrx_word' id='word_1_333' title='bbox 1819 2572 2094 2628; x_wconf 90' lang='lat' dir='ltr'>discordia</span> 
     </span>
    </p>
   </div>
   <div class='ocr_carea' id='block_1_43' title="bbox 487 2648 2093 2734">
    <p class='ocr_par' dir='ltr' id='par_1_43' title="bbox 487 2648 2093 2734">
     <span class='ocr_line' id='line_1_43' title="bbox 487 2648 2093 2734; baseline 0.002 -20"><span class='ocrx_word' id='word_1_334' title='bbox 487 2661 694 2716; x_wconf 88' lang='lat' dir='ltr'>erroris</span> <span class='ocrx_word' id='word_1_335' title='bbox 726 2659 978 2728; x_wconf 78' lang='lat' dir='ltr'>humani,</span> <span class='ocrx_word' id='word_1_336' title='bbox 1005 2660 1162 2716; x_wconf 89' lang='lat' dir='ltr'>dedit</span> <span class='ocrx_word' id='word_1_337' title='bbox 1181 2677 1243 2718; x_wconf 87' lang='lat' dir='ltr'>ac</span> <span class='ocrx_word' id='word_1_338' title='bbox 1264 2660 1505 2716; x_wconf 87' lang='lat' dir='ltr'>ostendit</span> <span class='ocrx_word' id='word_1_339' title='bbox 1535 2661 1669 2734; x_wconf 91' lang='lat' dir='ltr'>quid</span> <span class='ocrx_word' id='word_1_340' title='bbox 1689 2662 1759 2717; x_wconf 88' lang='lat' dir='ltr'>sit</span> <span class='ocrx_word' id='word_1_341' title='bbox 1786 2648 2006 2729; x_wconf 61' lang='lat' dir='ltr'>verum;</span> <span class='ocrx_word' id='word_1_342' title='bbox 2032 2670 2093 2718; x_wconf 90' lang='lat' dir='ltr'>ut</span> 
     </span>
    </p>
   </div>
   <div class='ocr_carea' id='block_1_44' title="bbox 489 2748 1523 2822">
    <p class='ocr_par' dir='ltr' id='par_1_44' title="bbox 489 2748 1523 2822">
     <span class='ocr_line' id='line_1_44' title="bbox 489 2748 1523 2822; baseline 0.003 -19"><span class='ocrx_word' id='word_1_343' title='bbox 489 2748 546 2803; x_wconf 89' lang='lat' dir='ltr'>in</span> <span class='ocrx_word' id='word_1_344' title='bbox 577 2749 694 2822; x_wconf 91' lang='lat' dir='ltr'>ipsa</span> <span class='ocrx_word' id='word_1_345' title='bbox 723 2748 955 2804; x_wconf 88' lang='lat' dir='ltr'>veritate</span> <span class='ocrx_word' id='word_1_346' title='bbox 992 2756 1252 2805; x_wconf 88' lang='lat' dir='ltr'>maneant</span> <span class='ocrx_word' id='word_1_347' title='bbox 1286 2749 1523 2822; x_wconf 92' lang='lat' dir='ltr'>paciﬁci.</span> 
     </span>
    </p>
   </div>
   <div class='ocr_carea' id='block_1_45' title="bbox 1071 2903 1494 2962">
    <p class='ocr_par' dir='ltr' id='par_1_45' title="bbox 1071 2903 1494 2962">
     <span class='ocr_line' id='line_1_45' title="bbox 1071 2903 1494 2962; baseline 0 -2"><span class='ocrx_word' id='word_1_348' title='bbox 1071 2903 1301 2960; x_wconf 83' lang='lat' dir='ltr'>CAPUT</span> <span class='ocrx_word' id='word_1_349' title='bbox 1341 2904 1494 2962; x_wconf 83' lang='lat' dir='ltr'>XVI.</span> 
     </span>
    </p>
   </div>
   <div class='ocr_carea' id='block_1_46' title="bbox 565 3029 2089 3102">
    <p class='ocr_par' dir='ltr' id='par_1_46' title="bbox 565 3029 2089 3102">
     <span class='ocr_line' id='line_1_46' title="bbox 565 3029 2089 3102; baseline 0.005 -16"><span class='ocrx_word' id='word_1_350' title='bbox 565 3029 747 3102; x_wconf 86' lang='lat' dir='ltr'>(Vere.</span> <span class='ocrx_word' id='word_1_351' title='bbox 785 3030 834 3097; x_wconf 80' lang='grc'><strong>1,</strong></span> <span class='ocrx_word' id='word_1_352' title='bbox 864 3030 943 3100; x_wconf 86' lang='grc'>2.)</span> <span class='ocrx_word' id='word_1_353' title='bbox 1011 3057 1026 3077; x_wconf 77' lang='grc' dir='ltr'>ι</span> <span class='ocrx_word' id='word_1_354' title='bbox 1061 3029 1402 3088; x_wconf 88' lang='lat' dir='ltr'>Commendo</span> <span class='ocrx_word' id='word_1_355' title='bbox 1429 3039 1611 3088; x_wconf 88' lang='lat' dir='ltr'>autem</span> <span class='ocrx_word' id='word_1_356' title='bbox 1643 3033 1802 3090; x_wconf 87' lang='lat' dir='ltr'>vobis</span> <span class='ocrx_word' id='word_1_357' title='bbox 1847 3035 2089 3093; x_wconf 85' lang='lat' dir='ltr'>Phoeben</span> 
     </span>
    </p>
   </div>
   <div class='ocr_carea' id='block_1_47' title="bbox 2206 1849 3811 1929">
    <p class='ocr_par' dir='ltr' id='par_1_47' title="bbox 2206 1849 3811 1929">
     <span class='ocr_line' id='line_1_47' title="bbox 2206 1849 3811 1929; baseline 0.005 -25"><span class='ocrx_word' id='word_1_358' title='bbox 2206 1849 2404 1906; x_wconf 85' lang='lat' dir='ltr'>fratres</span> <span class='ocrx_word' id='word_1_359' title='bbox 2435 1852 2475 1907; x_wconf 92' lang='lat' dir='ltr'>ii</span> <span class='ocrx_word' id='word_1_360' title='bbox 2511 1860 2686 1921; x_wconf 90' lang='lat' dir='ltr'>erant,</span> <span class='ocrx_word' id='word_1_361' title='bbox 2729 1853 2823 1924; x_wconf 91' lang='lat' dir='ltr'>qui</span> <span class='ocrx_word' id='word_1_362' title='bbox 2871 1853 3156 1909; x_wconf 89' lang='lat' dir='ltr'>credentes</span> <span class='ocrx_word' id='word_1_363' title='bbox 3203 1853 3262 1910; x_wconf 91' lang='lat' dir='ltr'>in</span> <span class='ocrx_word' id='word_1_364' title='bbox 3293 1853 3601 1924; x_wconf 87' lang='lat' dir='ltr'>Christum,</span> <span class='ocrx_word' id='word_1_365' title='bbox 3633 1856 3811 1929; x_wconf 82' lang='lat' dir='ltr'>legem</span> 
     </span>
    </p>
   </div>
   <div class='ocr_carea' id='block_1_48' title="bbox 2205 1942 3810 2018">
    <p class='ocr_par' dir='ltr' id='par_1_48' title="bbox 2205 1942 3810 2018">
     <span class='ocr_line' id='line_1_48' title="bbox 2205 1942 3810 2018; baseline 0.004 -23"><span class='ocrx_word' id='word_1_366' title='bbox 2205 1947 2389 1996; x_wconf 88' lang='lat' dir='ltr'>tamen</span> <span class='ocrx_word' id='word_1_367' title='bbox 2435 1942 2759 1998; x_wconf 89' lang='lat' dir='ltr'>servandam</span> <span class='ocrx_word' id='word_1_368' title='bbox 2807 1942 3085 2010; x_wconf 90' lang='lat' dir='ltr'>dicebant,</span> <span class='ocrx_word' id='word_1_369' title='bbox 3140 1961 3249 1998; x_wconf 93' lang='lat' dir='ltr'>non</span> <span class='ocrx_word' id='word_1_370' title='bbox 3295 1944 3546 2001; x_wconf 82' lang='lat' dir='ltr'>suﬁicere</span> <span class='ocrx_word' id='word_1_371' title='bbox 3587 1944 3657 2002; x_wconf 86' lang='lat' dir='ltr'>ad</span> <span class='ocrx_word' id='word_1_372' title='bbox 3695 1948 3810 2018; x_wconf 80' lang='lat' dir='ltr'>ple-</span> 
     </span>
    </p>
   </div>
   <div class='ocr_carea' id='block_1_49' title="bbox 2205 2031 3808 2107">
    <p class='ocr_par' dir='ltr' id='par_1_49' title="bbox 2205 2031 3808 2107">
     <span class='ocr_line' id='line_1_49' title="bbox 2205 2031 3808 2107; baseline 0.004 -23"><span class='ocrx_word' id='word_1_373' title='bbox 2205 2046 2338 2084; x_wconf 92' lang='lat' dir='ltr'>num</span> <span class='ocrx_word' id='word_1_374' title='bbox 2397 2031 2590 2087; x_wconf 89' lang='lat' dir='ltr'>salutis</span> <span class='ocrx_word' id='word_1_375' title='bbox 2646 2032 2902 2088; x_wconf 83' lang='lat' dir='ltr'>eﬁ&#39;ectum</span> <span class='ocrx_word' id='word_1_376' title='bbox 2962 2031 3246 2090; x_wconf 88' lang='lat' dir='ltr'>Christum</span> <span class='ocrx_word' id='word_1_377' title='bbox 3300 2040 3602 2106; x_wconf 86' lang='lat' dir='ltr'>putantes:</span> <span class='ocrx_word' id='word_1_378' title='bbox 3660 2032 3808 2107; x_wconf 89' lang='lat' dir='ltr'>quod</span> 
     </span>
    </p>
   </div>
   <div class='ocr_carea' id='block_1_50' title="bbox 2204 2119 3806 2195">
    <p class='ocr_par' dir='ltr' id='par_1_50' title="bbox 2204 2119 3806 2195">
     <span class='ocr_line' id='line_1_50' title="bbox 2204 2119 3806 2195; baseline 0.004 -22"><span class='ocrx_word' id='word_1_379' title='bbox 2204 2119 2503 2191; x_wconf 82' lang='lat' dir='ltr'>Apostolus</span> <span class='ocrx_word' id='word_1_380' title='bbox 2532 2121 2867 2190; x_wconf 89' lang='lat' dir='ltr'>destruebat,</span> <span class='ocrx_word' id='word_1_381' title='bbox 2901 2138 3069 2194; x_wconf 89' lang='lat' dir='ltr'>quare</span> <span class='ocrx_word' id='word_1_382' title='bbox 3097 2131 3152 2178; x_wconf 92' lang='lat' dir='ltr'>et</span> <span class='ocrx_word' id='word_1_383' title='bbox 3178 2124 3588 2195; x_wconf 90' lang='lat' dir='ltr'>persecutiones</span> <span class='ocrx_word' id='word_1_384' title='bbox 3613 2125 3683 2180; x_wconf 86' lang='lat' dir='ltr'>ab</span> <span class='ocrx_word' id='word_1_385' title='bbox 3713 2123 3806 2180; x_wconf 83' lang='lat' dir='ltr'>his</span> 
     </span>
    </p>
   </div>
   <div class='ocr_carea' id='block_1_51' title="bbox 2204 2210 3805 2281">
    <p class='ocr_par' dir='ltr' id='par_1_51' title="bbox 2204 2210 3805 2281">
     <span class='ocr_line' id='line_1_51' title="bbox 2204 2210 3805 2281; baseline 0.004 -18"><span class='ocrx_word' id='word_1_386' title='bbox 2204 2210 2630 2281; x_wconf 89' lang='lat' dir='ltr'>perpetiebatur.</span> <span class='ocrx_word' id='word_1_387' title='bbox 2685 2212 2893 2268; x_wconf 88' lang='lat' dir='ltr'>Horum</span> <span class='ocrx_word' id='word_1_388' title='bbox 2943 2211 3110 2268; x_wconf 90' lang='lat' dir='ltr'>etiam</span> <span class='ocrx_word' id='word_1_389' title='bbox 3155 2211 3488 2270; x_wconf 89' lang='lat' dir='ltr'>domesticos</span> <span class='ocrx_word' id='word_1_390' title='bbox 3518 2222 3572 2270; x_wconf 90' lang='lat' dir='ltr'>et</span> <span class='ocrx_word' id='word_1_391' title='bbox 3610 2229 3805 2270; x_wconf 88' lang='lat' dir='ltr'>verna-</span> 
     </span>
    </p>
   </div>
   <div class='ocr_carea' id='block_1_52' title="bbox 2204 2299 3808 2376">
    <p class='ocr_par' dir='ltr' id='par_1_52' title="bbox 2204 2299 3808 2376">
     <span class='ocr_line' id='line_1_52' title="bbox 2204 2299 3808 2376; baseline 0.004 -24"><span class='ocrx_word' id='word_1_392' title='bbox 2204 2299 2359 2354; x_wconf 89' lang='lat' dir='ltr'>culos</span> <span class='ocrx_word' id='word_1_393' title='bbox 2405 2301 2628 2366; x_wconf 89' lang='lat' dir='ltr'>salutat,</span> <span class='ocrx_word' id='word_1_394' title='bbox 2674 2317 2815 2372; x_wconf 86' lang='lat' dir='ltr'>quos</span> <span class='ocrx_word' id='word_1_395' title='bbox 2855 2301 3158 2358; x_wconf 89' lang='lat' dir='ltr'>Ecclesiam</span> <span class='ocrx_word' id='word_1_396' title='bbox 3189 2303 3458 2373; x_wconf 89' lang='lat' dir='ltr'>appellat;</span> <span class='ocrx_word' id='word_1_397' title='bbox 3509 2301 3641 2376; x_wconf 81' lang='lat' dir='ltr'>quia.</span> <span class='ocrx_word' id='word_1_398' title='bbox 3666 2318 3808 2358; x_wconf 85' lang='lat' dir='ltr'>san-</span> 
     </span>
    </p>
   </div>
   <div class='ocr_carea' id='block_1_53' title="bbox 2202 2389 3555 2463">
    <p class='ocr_par' dir='ltr' id='par_1_53' title="bbox 2202 2389 3555 2463">
     <span class='ocr_line' id='line_1_53' title="bbox 2202 2389 3555 2463; baseline 0.002 -18"><span class='ocrx_word' id='word_1_399' title='bbox 2202 2397 2417 2445; x_wconf 90' lang='lat' dir='ltr'>ctorum</span> <span class='ocrx_word' id='word_1_400' title='bbox 2445 2389 2694 2445; x_wconf 88' lang='lat' dir='ltr'>virorum</span> <span class='ocrx_word' id='word_1_401' title='bbox 2725 2398 2882 2446; x_wconf 89' lang='lat' dir='ltr'>erant</span> <span class='ocrx_word' id='word_1_402' title='bbox 2910 2390 3173 2463; x_wconf 88' lang='lat' dir='ltr'>discipuli</span> <span class='ocrx_word' id='word_1_403' title='bbox 3194 2389 3342 2448; x_wconf 89' lang='lat' dir='ltr'>circa</span> <span class='ocrx_word' id='word_1_404' title='bbox 3369 2390 3555 2448; x_wconf 87' lang='lat' dir='ltr'>ﬁdem.</span> 
     </span>
    </p>
   </div>
   <div class='ocr_carea' id='block_1_54' title="bbox 2287 2478 3806 2554">
    <p class='ocr_par' dir='ltr' id='par_1_54' title="bbox 2287 2478 3806 2554">
     <span class='ocr_line' id='line_1_54' title="bbox 2287 2478 3806 2554; baseline 0.002 -21"><span class='ocrx_word' id='word_1_405' title='bbox 2287 2503 2305 2525; x_wconf 75' lang='grc' dir='ltr'><strong>σ</strong></span> <span class='ocrx_word' id='word_1_406' title='bbox 2344 2478 2586 2535; x_wconf 87' lang='lat' dir='ltr'>Salutate</span> <span class='ocrx_word' id='word_1_407' title='bbox 2615 2480 2939 2552; x_wconf 72' lang='lat' dir='ltr'>Epzenetum</span> <span class='ocrx_word' id='word_1_408' title='bbox 2979 2479 3243 2537; x_wconf 88' lang='lat' dir='ltr'>dilectum</span> <span class='ocrx_word' id='word_1_409' title='bbox 3263 2479 3422 2547; x_wconf 91' lang='lat' dir='ltr'>mihi,</span> <span class='ocrx_word' id='word_1_410' title='bbox 3446 2480 3543 2553; x_wconf 92' lang='lat' dir='ltr'>qui</span> <span class='ocrx_word' id='word_1_411' title='bbox 3570 2486 3652 2536; x_wconf 89' lang='lat' dir='ltr'>est</span> <span class='ocrx_word' id='word_1_412' title='bbox 3679 2479 3806 2554; x_wconf 92' lang='lat' dir='ltr'>pri-</span> 
     </span>
    </p>
   </div>
   <div class='ocr_carea' id='block_1_55' title="bbox 2203 2568 3806 2642">
    <p class='ocr_par' dir='ltr' id='par_1_55' title="bbox 2203 2568 3806 2642">
     <span class='ocr_line' id='line_1_55' title="bbox 2203 2568 3806 2642; baseline 0.001 -19"><span class='ocrx_word' id='word_1_413' title='bbox 2203 2569 2433 2624; x_wconf 89' lang='lat' dir='ltr'>mitivus</span> <span class='ocrx_word' id='word_1_414' title='bbox 2467 2570 2613 2626; x_wconf 74' lang='lat' dir='ltr'>Asiae</span> <span class='ocrx_word' id='word_1_415' title='bbox 2663 2569 2719 2624; x_wconf 91' lang='lat' dir='ltr'>in</span> <span class='ocrx_word' id='word_1_416' title='bbox 2768 2569 3012 2626; x_wconf 89' lang='lat' dir='ltr'>Christo.</span> <span class='ocrx_word' id='word_1_417' title='bbox 3063 2595 3082 2616; x_wconf 79' lang='grc' dir='ltr'><strong>ι</strong></span> <span class='ocrx_word' id='word_1_418' title='bbox 3143 2568 3322 2641; x_wconf 87' lang='lat' dir='ltr'>Hujus</span> <span class='ocrx_word' id='word_1_419' title='bbox 3363 2569 3609 2642; x_wconf 72' lang='lat' dir='ltr'>Epaeneti</span> <span class='ocrx_word' id='word_1_420' title='bbox 3639 2569 3806 2626; x_wconf 84' lang='lat' dir='ltr'>etiam</span> 
     </span>
    </p>
   </div>
   <div class='ocr_carea' id='block_1_56' title="bbox 2170 2657 3804 2730">
    <p class='ocr_par' dir='ltr' id='par_1_56' title="bbox 2170 2657 3804 2730">
     <span class='ocr_line' id='line_1_56' title="bbox 2170 2657 3804 2730; baseline 0.004 -23"><span class='ocrx_word' id='word_1_421' title='bbox 2170 2703 2174 2707; x_wconf 89' lang='lat'>.</span> <span class='ocrx_word' id='word_1_422' title='bbox 2201 2666 2527 2730; x_wconf 83' lang='lat' dir='ltr'>praesentem</span> <span class='ocrx_word' id='word_1_423' title='bbox 2557 2658 2886 2730; x_wconf 84' lang='lat' dir='ltr'>dignitatem</span> <span class='ocrx_word' id='word_1_424' title='bbox 2917 2674 3029 2713; x_wconf 92' lang='lat' dir='ltr'>non</span> <span class='ocrx_word' id='word_1_425' title='bbox 3059 2665 3220 2726; x_wconf 92' lang='lat' dir='ltr'>tacet,</span> <span class='ocrx_word' id='word_1_426' title='bbox 3269 2665 3331 2714; x_wconf 89' lang='lat' dir='ltr'>ut</span> <span class='ocrx_word' id='word_1_427' title='bbox 3359 2658 3611 2715; x_wconf 87' lang='lat' dir='ltr'>ostendat</span> <span class='ocrx_word' id='word_1_428' title='bbox 3640 2667 3694 2716; x_wconf 91' lang='lat' dir='ltr'>et</span> <span class='ocrx_word' id='word_1_429' title='bbox 3723 2657 3804 2715; x_wconf 88' lang='lat' dir='ltr'>di-</span> 
     </span>
    </p>
   </div>
   <div class='ocr_carea' id='block_1_57' title="bbox 2201 2748 3806 2821">
    <p class='ocr_par' dir='ltr' id='par_1_57' title="bbox 2201 2748 3806 2821">
     <span class='ocr_line' id='line_1_57' title="bbox 2201 2748 3806 2821; baseline 0.002 -19"><span class='ocrx_word' id='word_1_430' title='bbox 2201 2748 2430 2819; x_wconf 86' lang='lat' dir='ltr'>gnitatis</span> <span class='ocrx_word' id='word_1_431' title='bbox 2460 2749 2611 2804; x_wconf 88' lang='lat' dir='ltr'>viros</span> <span class='ocrx_word' id='word_1_432' title='bbox 2638 2748 2878 2817; x_wconf 86' lang='lat' dir='ltr'>credere,</span> <span class='ocrx_word' id='word_1_433' title='bbox 2913 2748 3030 2821; x_wconf 90' lang='lat'>(53)</span> <span class='ocrx_word' id='word_1_434' title='bbox 3062 2756 3118 2804; x_wconf 91' lang='lat' dir='ltr'>et</span> <span class='ocrx_word' id='word_1_435' title='bbox 3146 2748 3346 2804; x_wconf 90' lang='lat' dir='ltr'>invitet</span> <span class='ocrx_word' id='word_1_436' title='bbox 3372 2749 3579 2820; x_wconf 88' lang='lat' dir='ltr'>primos</span> <span class='ocrx_word' id='word_1_437' title='bbox 3609 2750 3806 2806; x_wconf 80' lang='lat' dir='ltr'>Roma-</span> 
     </span>
    </p>
   </div>
   <div class='ocr_carea' id='block_1_58' title="bbox 2201 2838 3798 2906">
    <p class='ocr_par' dir='ltr' id='par_1_58' title="bbox 2201 2838 3798 2906">
     <span class='ocr_line' id='line_1_58' title="bbox 2201 2838 3798 2906; baseline 0.004 -13"><span class='ocrx_word' id='word_1_438' title='bbox 2201 2855 2399 2894; x_wconf 91' lang='lat' dir='ltr'>norum</span> <span class='ocrx_word' id='word_1_439' title='bbox 2431 2838 2500 2894; x_wconf 92' lang='lat' dir='ltr'>ad</span> <span class='ocrx_word' id='word_1_440' title='bbox 2531 2839 2719 2906; x_wconf 90' lang='lat' dir='ltr'>ﬁdem,</span> <span class='ocrx_word' id='word_1_441' title='bbox 2773 2849 2864 2896; x_wconf 88' lang='lat' dir='ltr'>aut</span> <span class='ocrx_word' id='word_1_442' title='bbox 2912 2847 3058 2896; x_wconf 87' lang='lat' dir='ltr'>certe</span> <span class='ocrx_word' id='word_1_443' title='bbox 3102 2849 3165 2896; x_wconf 94' lang='lat' dir='ltr'>ut</span> <span class='ocrx_word' id='word_1_444' title='bbox 3194 2839 3434 2895; x_wconf 89' lang='lat' dir='ltr'>humiles</span> <span class='ocrx_word' id='word_1_445' title='bbox 3472 2850 3798 2899; x_wconf 86' lang='lat' dir='ltr'>crescerent.</span> 
     </span>
    </p>
   </div>
   <div class='ocr_carea' id='block_1_59' title="bbox 2284 2929 3796 3002">
    <p class='ocr_par' dir='ltr' id='par_1_59' title="bbox 2284 2929 3796 3002">
     <span class='ocr_line' id='line_1_59' title="bbox 2284 2929 3796 3002; baseline 0.001 -16"><span class='ocrx_word' id='word_1_446' title='bbox 2284 2952 2303 2976; x_wconf 76' lang='grc' dir='ltr'>ι</span> <span class='ocrx_word' id='word_1_447' title='bbox 2341 2929 2587 2986; x_wconf 89' lang='lat' dir='ltr'>Salutate</span> <span class='ocrx_word' id='word_1_448' title='bbox 2605 2930 2855 2994; x_wconf 84' lang='lat' dir='ltr'>Mariam,</span> <span class='ocrx_word' id='word_1_449' title='bbox 2887 2946 3009 3002; x_wconf 70' lang='lat' dir='ltr'>quae</span> <span class='ocrx_word' id='word_1_450' title='bbox 3039 2932 3276 2986; x_wconf 91' lang='lat' dir='ltr'>multum</span> <span class='ocrx_word' id='word_1_451' title='bbox 3309 2930 3582 2986; x_wconf 89' lang='lat' dir='ltr'>laboravit</span> <span class='ocrx_word' id='word_1_452' title='bbox 3606 2930 3666 2986; x_wconf 90' lang='lat' dir='ltr'>in</span> <span class='ocrx_word' id='word_1_453' title='bbox 3699 2947 3796 2988; x_wconf 85' lang='lat' dir='ltr'>vo-</span> 
     </span>
    </p>
   </div>
   <div class='ocr_carea' id='block_1_60' title="bbox 2198 3018 3796 3097">
    <p class='ocr_par' dir='ltr' id='par_1_60' title="bbox 2198 3018 3796 3097">
     <span class='ocr_line' id='line_1_60' title="bbox 2198 3018 3796 3097; baseline 0.004 -23"><span class='ocrx_word' id='word_1_454' title='bbox 2198 3018 2304 3075; x_wconf 91' lang='lat' dir='ltr'>bis.</span> <span class='ocrx_word' id='word_1_455' title='bbox 2338 3045 2356 3068; x_wconf 76' lang='grc' dir='ltr'><strong>ι</strong></span> <span class='ocrx_word' id='word_1_456' title='bbox 2415 3021 2744 3079; x_wconf 91' lang='lat' dir='ltr'>Commonet</span> <span class='ocrx_word' id='word_1_457' title='bbox 2780 3027 2919 3084; x_wconf 88' lang='lat'>109</span> <span class='ocrx_word' id='word_1_458' title='bbox 2962 3022 3064 3078; x_wconf 87' lang='lat' dir='ltr'>hos</span> <span class='ocrx_word' id='word_1_459' title='bbox 3104 3021 3328 3078; x_wconf 88' lang='lat' dir='ltr'>nomine</span> <span class='ocrx_word' id='word_1_460' title='bbox 3373 3021 3574 3090; x_wconf 70' lang='lat' dir='ltr'>Mariae,</span> <span class='ocrx_word' id='word_1_461' title='bbox 3625 3039 3796 3097; x_wconf 80' lang='lat' dir='ltr'>quam</span> 
     </span>
    </p>
   </div>
   <div class='ocr_carea' id='block_1_61' title="bbox 487 3115 3792 3210">
    <p class='ocr_par' dir='ltr' id='par_1_61' title="bbox 487 3115 3792 3210">
     <span class='ocr_line' id='line_1_61' title="bbox 487 3115 3792 3210; baseline 0 -35"><span class='ocrx_word' id='word_1_462' title='bbox 487 3133 730 3175; x_wconf 87' lang='lat' dir='ltr'>sororem</span> <span class='ocrx_word' id='word_1_463' title='bbox 777 3126 1043 3187; x_wconf 91' lang='lat' dir='ltr'>nostram,</span> <span class='ocrx_word' id='word_1_464' title='bbox 1090 3135 1212 3191; x_wconf 65' lang='lat' dir='ltr'>qua</span> <span class='ocrx_word' id='word_1_465' title='bbox 1242 3127 1322 3174; x_wconf 91' lang='lat' dir='ltr'>est</span> <span class='ocrx_word' id='word_1_466' title='bbox 1353 3120 1607 3177; x_wconf 91' lang='lat' dir='ltr'>ministra</span> <span class='ocrx_word' id='word_1_467' title='bbox 1649 3123 1909 3179; x_wconf 63' lang='lat' dir='ltr'>Ecclesiae</span> <span class='ocrx_word' id='word_1_468' title='bbox 1941 3127 2086 3196; x_wconf 88' lang='lat' dir='ltr'>apud</span> <span class='ocrx_word' id='word_1_469' title='bbox 2117 3149 2160 3210; x_wconf 66' lang='grc' dir='ltr'>Ο</span> <span class='ocrx_word' id='word_1_470' title='bbox 2198 3115 2562 3190; x_wconf 82' lang='lat' dir='ltr'>intelligimus</span> <span class='ocrx_word' id='word_1_471' title='bbox 2607 3119 2673 3175; x_wconf 88' lang='lat' dir='ltr'>ad</span> <span class='ocrx_word' id='word_1_472' title='bbox 2723 3119 3163 3176; x_wconf 82' lang='lat' dir='ltr'>exhortationem</span> <span class='ocrx_word' id='word_1_473' title='bbox 3213 3120 3436 3176; x_wconf 90' lang='lat' dir='ltr'>illorum</span> <span class='ocrx_word' id='word_1_474' title='bbox 3484 3118 3792 3191; x_wconf 77' lang='lat' dir='ltr'>impensius</span> 
     </span>
    </p>
   </div>
   <div class='ocr_carea' id='block_1_62' title="bbox 486 3207 2081 3287">
    <p class='ocr_par' dir='ltr' id='par_1_62' title="bbox 486 3207 2081 3287">
     <span class='ocr_line' id='line_1_62' title="bbox 486 3207 2081 3287; baseline 0.004 -23"><span class='ocrx_word' id='word_1_475' title='bbox 486 3207 801 3276; x_wconf 90' lang='lat' dir='ltr'>Cenchres;</span> <span class='ocrx_word' id='word_1_476' title='bbox 861 3216 924 3264; x_wconf 90' lang='lat' dir='ltr'>ut</span> <span class='ocrx_word' id='word_1_477' title='bbox 969 3225 1088 3264; x_wconf 91' lang='lat' dir='ltr'>eam</span> <span class='ocrx_word' id='word_1_478' title='bbox 1141 3210 1455 3281; x_wconf 91' lang='lat' dir='ltr'>suscipiatis</span> <span class='ocrx_word' id='word_1_479' title='bbox 1509 3210 1566 3266; x_wconf 93' lang='lat' dir='ltr'>in</span> <span class='ocrx_word' id='word_1_480' title='bbox 1622 3213 1864 3268; x_wconf 86' lang='lat' dir='ltr'>Domino</span> <span class='ocrx_word' id='word_1_481' title='bbox 1917 3214 2081 3287; x_wconf 89' lang='lat' dir='ltr'>digne</span> 
     </span>
    </p>
   </div>
   <div class='ocr_carea' id='block_1_63' title="bbox 483 3297 2082 3374">
    <p class='ocr_par' dir='ltr' id='par_1_63' title="bbox 483 3297 2082 3374">
     <span class='ocr_line' id='line_1_63' title="bbox 483 3297 2082 3374; baseline 0.004 -22"><span class='ocrx_word' id='word_1_482' title='bbox 483 3297 689 3354; x_wconf 88' lang='lat' dir='ltr'>sanctis</span> <span class='ocrx_word' id='word_1_483' title='bbox 724 3315 735 3353; x_wconf 92' lang='lat'><em>:</em></span> <span class='ocrx_word' id='word_1_484' title='bbox 776 3306 832 3354; x_wconf 89' lang='lat' dir='ltr'>et</span> <span class='ocrx_word' id='word_1_485' title='bbox 859 3297 1129 3354; x_wconf 88' lang='lat' dir='ltr'>assistatis</span> <span class='ocrx_word' id='word_1_486' title='bbox 1154 3297 1260 3367; x_wconf 93' lang='lat' dir='ltr'>illi,</span> <span class='ocrx_word' id='word_1_487' title='bbox 1298 3297 1355 3353; x_wconf 91' lang='lat' dir='ltr'>in</span> <span class='ocrx_word' id='word_1_488' title='bbox 1386 3299 1808 3374; x_wconf 88' lang='lat' dir='ltr'>quibuscunque</span> <span class='ocrx_word' id='word_1_489' title='bbox 1855 3303 2082 3359; x_wconf 89' lang='lat' dir='ltr'>deside-</span> 
     </span>
    </p>
   </div>
   <div class='ocr_carea' id='block_1_64' title="bbox 485 3390 2078 3468">
    <p class='ocr_par' dir='ltr' id='par_1_64' title="bbox 485 3390 2078 3468">
     <span class='ocr_line' id='line_1_64' title="bbox 485 3390 2078 3468; baseline 0.004 -21"><span class='ocrx_word' id='word_1_490' title='bbox 485 3390 690 3448; x_wconf 89' lang='lat' dir='ltr'>raverit</span> <span class='ocrx_word' id='word_1_491' title='bbox 737 3392 938 3460; x_wconf 88' lang='lat' dir='ltr'>vestri;</span> <span class='ocrx_word' id='word_1_492' title='bbox 985 3395 1189 3450; x_wconf 91' lang='lat' dir='ltr'>etenim</span> <span class='ocrx_word' id='word_1_493' title='bbox 1227 3393 1346 3466; x_wconf 92' lang='lat' dir='ltr'>ipsa</span> <span class='ocrx_word' id='word_1_494' title='bbox 1389 3411 1607 3468; x_wconf 89' lang='lat' dir='ltr'>quoque</span> <span class='ocrx_word' id='word_1_495' title='bbox 1650 3395 1823 3452; x_wconf 85' lang='lat' dir='ltr'>astitit</span> <span class='ocrx_word' id='word_1_496' title='bbox 1868 3396 2078 3467; x_wconf 91' lang='lat' dir='ltr'>multis,</span> 
     </span>
    </p>
   </div>
   <div class='ocr_carea' id='block_1_65' title="bbox 482 3479 2079 3542">
    <p class='ocr_par' dir='ltr' id='par_1_65' title="bbox 482 3479 2079 3542">
     <span class='ocr_line' id='line_1_65' title="bbox 482 3479 2079 3542; baseline 0.004 -6"><span class='ocrx_word' id='word_1_497' title='bbox 482 3491 538 3536; x_wconf 88' lang='lat' dir='ltr'>et</span> <span class='ocrx_word' id='word_1_498' title='bbox 567 3479 725 3534; x_wconf 90' lang='lat' dir='ltr'>mihi.</span> <span class='ocrx_word' id='word_1_499' title='bbox 760 3505 777 3527; x_wconf 83' lang='lat'><strong><em>-</em></strong></span> <span class='ocrx_word' id='word_1_500' title='bbox 835 3481 1078 3537; x_wconf 72' lang='lat' dir='ltr'>thben</span> <span class='ocrx_word' id='word_1_501' title='bbox 1107 3482 1419 3538; x_wconf 87' lang='lat' dir='ltr'>venientem</span> <span class='ocrx_word' id='word_1_502' title='bbox 1459 3485 1808 3541; x_wconf 89' lang='lat' dir='ltr'>commendat</span> <span class='ocrx_word' id='word_1_503' title='bbox 1837 3503 2079 3542; x_wconf 89' lang='lat' dir='ltr'>sororem</span> 
     </span>
    </p>
   </div>
   <div class='ocr_carea' id='block_1_66' title="bbox 483 3569 2080 3646">
    <p class='ocr_par' dir='ltr' id='par_1_66' title="bbox 483 3569 2080 3646">
     <span class='ocr_line' id='line_1_66' title="bbox 483 3569 2080 3646; baseline 0.004 -21"><span class='ocrx_word' id='word_1_504' title='bbox 483 3585 856 3637; x_wconf 89' lang='lat' dir='ltr'>communem,</span> <span class='ocrx_word' id='word_1_505' title='bbox 903 3569 959 3624; x_wconf 91' lang='lat' dir='ltr'>id</span> <span class='ocrx_word' id='word_1_506' title='bbox 1003 3578 1084 3626; x_wconf 90' lang='lat' dir='ltr'>est</span> <span class='ocrx_word' id='word_1_507' title='bbox 1117 3570 1184 3626; x_wconf 90' lang='lat' dir='ltr'>de</span> <span class='ocrx_word' id='word_1_508' title='bbox 1226 3571 1341 3642; x_wconf 83' lang='lat' dir='ltr'>lege</span> <span class='ocrx_word' id='word_1_509' title='bbox 1376 3571 1490 3643; x_wconf 82' lang='grc'>(51)</span> <span class='ocrx_word' id='word_1_510' title='bbox 1528 3590 1539 3626; x_wconf 86' lang='grc'>;</span> <span class='ocrx_word' id='word_1_511' title='bbox 1592 3590 1754 3646; x_wconf 89' lang='lat' dir='ltr'>quam</span> <span class='ocrx_word' id='word_1_512' title='bbox 1794 3583 1854 3630; x_wconf 92' lang='lat' dir='ltr'>ut</span> <span class='ocrx_word' id='word_1_513' title='bbox 1885 3576 2080 3633; x_wconf 90' lang='lat' dir='ltr'>merito</span> 
     </span>
    </p>
   </div>
   <div class='ocr_carea' id='block_1_67' title="bbox 482 3659 2082 3728">
    <p class='ocr_par' dir='ltr' id='par_1_67' title="bbox 482 3659 2082 3728">
     <span class='ocr_line' id='line_1_67' title="bbox 482 3659 2082 3728; baseline 0.003 -11"><span class='ocrx_word' id='word_1_514' title='bbox 482 3659 849 3728; x_wconf 89' lang='lat' dir='ltr'>commendet,</span> <span class='ocrx_word' id='word_1_515' title='bbox 884 3661 961 3716; x_wconf 89' lang='lat' dir='ltr'>ait</span> <span class='ocrx_word' id='word_1_516' title='bbox 988 3659 1132 3716; x_wconf 89' lang='lat' dir='ltr'>hanc</span> <span class='ocrx_word' id='word_1_517' title='bbox 1161 3662 1468 3718; x_wconf 90' lang='lat' dir='ltr'>ministram</span> <span class='ocrx_word' id='word_1_518' title='bbox 1499 3679 1614 3719; x_wconf 91' lang='lat' dir='ltr'>esse</span> <span class='ocrx_word' id='word_1_519' title='bbox 1643 3665 1900 3722; x_wconf 69' lang='lat' dir='ltr'>Ecclesiae</span> <span class='ocrx_word' id='word_1_520' title='bbox 1931 3667 2082 3724; x_wconf 94' lang='lat' dir='ltr'>Cen-</span> 
     </span>
    </p>
   </div>
   <div class='ocr_carea' id='block_1_68' title="bbox 482 3750 2077 3830">
    <p class='ocr_par' dir='ltr' id='par_1_68' title="bbox 482 3750 2077 3830">
     <span class='ocr_line' id='line_1_68' title="bbox 482 3750 2077 3830; baseline 0.003 -22"><span class='ocrx_word' id='word_1_521' title='bbox 482 3750 660 3817; x_wconf 87' lang='lat' dir='ltr'>chris;</span> <span class='ocrx_word' id='word_1_522' title='bbox 711 3759 765 3807; x_wconf 90' lang='lat' dir='ltr'>et</span> <span class='ocrx_word' id='word_1_523' title='bbox 797 3751 927 3824; x_wconf 89' lang='lat' dir='ltr'>quia</span> <span class='ocrx_word' id='word_1_524' title='bbox 956 3751 1150 3807; x_wconf 90' lang='lat' dir='ltr'>multis</span> <span class='ocrx_word' id='word_1_525' title='bbox 1197 3750 1475 3822; x_wconf 88' lang='lat' dir='ltr'>adjutorio</span> <span class='ocrx_word' id='word_1_526' title='bbox 1519 3754 1647 3823; x_wconf 88' lang='lat' dir='ltr'>fuit,</span> <span class='ocrx_word' id='word_1_527' title='bbox 1695 3755 1859 3829; x_wconf 89' lang='lat' dir='ltr'>digne</span> <span class='ocrx_word' id='word_1_528' title='bbox 1907 3757 2077 3830; x_wconf 90' lang='lat' dir='ltr'>ipsam</span> 
     </span>
    </p>
   </div>
   <div class='ocr_carea' id='block_1_69' title="bbox 482 3837 2080 3912">
    <p class='ocr_par' dir='ltr' id='par_1_69' title="bbox 482 3837 2080 3912">
     <span class='ocr_line' id='line_1_69' title="bbox 482 3837 2080 3912; baseline 0.004 -17"><span class='ocrx_word' id='word_1_529' title='bbox 482 3838 620 3896; x_wconf 91' lang='lat' dir='ltr'>dicit</span> <span class='ocrx_word' id='word_1_530' title='bbox 648 3837 1025 3910; x_wconf 86' lang='lat' dir='ltr'>adjuvandum</span> <span class='ocrx_word' id='word_1_531' title='bbox 1073 3840 1531 3912; x_wconf 87' lang='lat' dir='ltr'>peregrinationis</span> <span class='ocrx_word' id='word_1_532' title='bbox 1569 3859 1749 3899; x_wconf 89' lang='lat' dir='ltr'>causa.</span> <span class='ocrx_word' id='word_1_533' title='bbox 1804 3845 1871 3902; x_wconf 90' lang='lat' dir='ltr'>Ut</span> <span class='ocrx_word' id='word_1_534' title='bbox 1898 3852 2080 3901; x_wconf 89' lang='lat' dir='ltr'>autem</span> 
     </span>
    </p>
   </div>
   <div class='ocr_carea' id='block_1_70' title="bbox 483 3928 2082 4001">
    <p class='ocr_par' dir='ltr' id='par_1_70' title="bbox 483 3928 2082 4001">
     <span class='ocr_line' id='line_1_70' title="bbox 483 3928 2082 4001; baseline 0.003 -16"><span class='ocrx_word' id='word_1_535' title='bbox 483 3930 602 3985; x_wconf 92' lang='lat' dir='ltr'>sine</span> <span class='ocrx_word' id='word_1_536' title='bbox 645 3928 1058 3984; x_wconf 89' lang='lat' dir='ltr'>intermissione</span> <span class='ocrx_word' id='word_1_537' title='bbox 1099 3929 1482 4001; x_wconf 87' lang='lat' dir='ltr'>excipiendam</span> <span class='ocrx_word' id='word_1_538' title='bbox 1533 3933 1685 3988; x_wconf 89' lang='lat' dir='ltr'>illam</span> <span class='ocrx_word' id='word_1_539' title='bbox 1730 3941 1783 3989; x_wconf 91' lang='lat' dir='ltr'>et</span> <span class='ocrx_word' id='word_1_540' title='bbox 1812 3936 2082 3992; x_wconf 88' lang='lat' dir='ltr'>assisten—</span> 
     </span>
    </p>
   </div>
   <div class='ocr_carea' id='block_1_71' title="bbox 481 4019 2080 4093">
    <p class='ocr_par' dir='ltr' id='par_1_71' title="bbox 481 4019 2080 4093">
     <span class='ocr_line' id='line_1_71' title="bbox 481 4019 2080 4093; baseline 0.003 -17"><span class='ocrx_word' id='word_1_541' title='bbox 481 4019 614 4076; x_wconf 88' lang='lat' dir='ltr'>dum</span> <span class='ocrx_word' id='word_1_542' title='bbox 666 4019 749 4075; x_wconf 91' lang='lat' dir='ltr'>illi</span> <span class='ocrx_word' id='word_1_543' title='bbox 797 4019 854 4075; x_wconf 89' lang='lat' dir='ltr'>in</span> <span class='ocrx_word' id='word_1_544' title='bbox 904 4020 1249 4084; x_wconf 86' lang='lat' dir='ltr'>necessitate,</span> <span class='ocrx_word' id='word_1_545' title='bbox 1307 4020 1352 4075; x_wconf 91' lang='lat' dir='ltr'>si</span> <span class='ocrx_word' id='word_1_546' title='bbox 1397 4024 1756 4092; x_wconf 82' lang='lat' dir='ltr'>pervenisset,</span> <span class='ocrx_word' id='word_1_547' title='bbox 1807 4024 2080 4093; x_wconf 89' lang='lat' dir='ltr'>suaderet,</span> 
     </span>
    </p>
   </div>
   <div class='ocr_carea' id='block_1_72' title="bbox 480 4109 2084 4184">
    <p class='ocr_par' dir='ltr' id='par_1_72' title="bbox 480 4109 2084 4184">
     <span class='ocr_line' id='line_1_72' title="bbox 480 4109 2084 4184; baseline 0.002 -19"><span class='ocrx_word' id='word_1_548' title='bbox 480 4109 643 4167; x_wconf 89' lang='lat' dir='ltr'>etiam</span> <span class='ocrx_word' id='word_1_549' title='bbox 677 4110 783 4166; x_wconf 86' lang='lat' dir='ltr'>sibi</span> <span class='ocrx_word' id='word_1_550' title='bbox 831 4110 983 4164; x_wconf 90' lang='lat' dir='ltr'>illam</span> <span class='ocrx_word' id='word_1_551' title='bbox 1026 4109 1268 4165; x_wconf 79' lang='lat' dir='ltr'>adfuisse</span> <span class='ocrx_word' id='word_1_552' title='bbox 1306 4117 1576 4177; x_wconf 88' lang='lat' dir='ltr'>testatur;</span> <span class='ocrx_word' id='word_1_553' title='bbox 1631 4119 1693 4167; x_wconf 92' lang='lat' dir='ltr'>ut</span> <span class='ocrx_word' id='word_1_554' title='bbox 1731 4123 1936 4184; x_wconf 89' lang='lat' dir='ltr'>quanto</span> <span class='ocrx_word' id='word_1_555' title='bbox 1980 4131 2084 4169; x_wconf 89' lang='lat' dir='ltr'>su-</span> 
     </span>
    </p>
   </div>
   <div class='ocr_carea' id='block_1_73' title="bbox 482 4199 2080 4274">
    <p class='ocr_par' dir='ltr' id='par_1_73' title="bbox 482 4199 2080 4274">
     <span class='ocr_line' id='line_1_73' title="bbox 482 4199 2080 4274; baseline 0.003 -18"><span class='ocrx_word' id='word_1_556' title='bbox 482 4201 711 4257; x_wconf 91' lang='lat' dir='ltr'>blimior</span> <span class='ocrx_word' id='word_1_557' title='bbox 753 4216 982 4272; x_wconf 89' lang='lat' dir='ltr'>persona</span> <span class='ocrx_word' id='word_1_558' title='bbox 1012 4199 1131 4273; x_wconf 87' lang='lat' dir='ltr'>ejus</span> <span class='ocrx_word' id='word_1_559' title='bbox 1157 4200 1370 4257; x_wconf 65' lang='lat' dir='ltr'>caeteris</span> <span class='ocrx_word' id='word_1_560' title='bbox 1401 4201 1492 4268; x_wconf 90' lang='lat' dir='ltr'>sit,</span> <span class='ocrx_word' id='word_1_561' title='bbox 1539 4209 1690 4257; x_wconf 90' lang='lat' dir='ltr'>tanto</span> <span class='ocrx_word' id='word_1_562' title='bbox 1722 4203 1895 4274; x_wconf 85' lang='lat' dir='ltr'>magis</span> <span class='ocrx_word' id='word_1_563' title='bbox 1926 4204 2080 4260; x_wconf 87' lang='lat' dir='ltr'>reddi</span> 
     </span>
    </p>
   </div>
   <div class='ocr_carea' id='block_1_74' title="bbox 482 4287 2078 4364">
    <p class='ocr_par' dir='ltr' id='par_1_74' title="bbox 482 4287 2078 4364">
     <span class='ocr_line' id='line_1_74' title="bbox 482 4287 2078 4364; baseline 0.004 -20"><span class='ocrx_word' id='word_1_564' title='bbox 482 4287 615 4344; x_wconf 91' lang='lat' dir='ltr'>huic</span> <span class='ocrx_word' id='word_1_565' title='bbox 644 4289 895 4345; x_wconf 91' lang='lat' dir='ltr'>debitum</span> <span class='ocrx_word' id='word_1_566' title='bbox 927 4291 1251 4364; x_wconf 90' lang='lat' dir='ltr'>obsequium</span> <span class='ocrx_word' id='word_1_567' title='bbox 1285 4307 1380 4364; x_wconf 91' lang='lat' dir='ltr'>per</span> <span class='ocrx_word' id='word_1_568' title='bbox 1397 4291 1723 4349; x_wconf 88' lang='lat' dir='ltr'>charitatem</span> <span class='ocrx_word' id='word_1_569' title='bbox 1745 4293 2078 4350; x_wconf 90' lang='lat' dir='ltr'>ostenderet.</span> 
     </span>
    </p>
   </div>
   <div class='ocr_carea' id='block_1_75' title="bbox 553 4379 2084 4456">
    <p class='ocr_par' dir='ltr' id='par_1_75' title="bbox 553 4379 2084 4456">
     <span class='ocr_line' id='line_1_75' title="bbox 553 4379 2084 4456; baseline 0.004 -22"><span class='ocrx_word' id='word_1_570' title='bbox 553 4379 736 4450; x_wconf 83' lang='lat' dir='ltr'>(Vere.</span> <span class='ocrx_word' id='word_1_571' title='bbox 765 4380 903 4450; x_wconf 88' lang='lat'>3-6.)</span> <span class='ocrx_word' id='word_1_572' title='bbox 949 4405 965 4427; x_wconf 76' lang='grc' dir='ltr'>ι</span> <span class='ocrx_word' id='word_1_573' title='bbox 997 4381 1240 4440; x_wconf 89' lang='lat' dir='ltr'>Salutate</span> <span class='ocrx_word' id='word_1_574' title='bbox 1278 4384 1535 4456; x_wconf 86' lang='lat' dir='ltr'>Aquilam</span> <span class='ocrx_word' id='word_1_575' title='bbox 1567 4390 1621 4438; x_wconf 91' lang='lat' dir='ltr'>et</span> <span class='ocrx_word' id='word_1_576' title='bbox 1649 4383 1954 4440; x_wconf 87' lang='lat' dir='ltr'>Priscillam</span> <span class='ocrx_word' id='word_1_577' title='bbox 1977 4385 2084 4440; x_wconf 89' lang='lat' dir='ltr'>ad-</span> 
     </span>
    </p>
   </div>
   <div class='ocr_carea' id='block_1_76' title="bbox 475 4455 2084 4544">
    <p class='ocr_par' dir='ltr' id='par_1_76' title="bbox 475 4455 2084 4544">
     <span class='ocr_line' id='line_1_76' title="bbox 475 4455 2084 4544; baseline 0.004 -20"><span class='ocrx_word' id='word_1_578' title='bbox 475 4455 687 4530; x_wconf 76' lang='lat' dir='ltr'>iutores</span> <span class='ocrx_word' id='word_1_579' title='bbox 718 4484 869 4523; x_wconf 89' lang='lat' dir='ltr'>meos</span> <span class='ocrx_word' id='word_1_580' title='bbox 900 4468 958 4522; x_wconf 92' lang='lat' dir='ltr'>in</span> <span class='ocrx_word' id='word_1_581' title='bbox 989 4468 1210 4526; x_wconf 86' lang='lat' dir='ltr'>Christo</span> <span class='ocrx_word' id='word_1_582' title='bbox 1254 4455 1401 4539; x_wconf 72' lang='lat' dir='ltr'>Iesu,</span> <span class='ocrx_word' id='word_1_583' title='bbox 1452 4473 1544 4544; x_wconf 91' lang='lat' dir='ltr'>qui</span> <span class='ocrx_word' id='word_1_584' title='bbox 1590 4490 1689 4544; x_wconf 91' lang='lat' dir='ltr'>pro</span> <span class='ocrx_word' id='word_1_585' title='bbox 1729 4473 1916 4530; x_wconf 90' lang='lat' dir='ltr'>anima</span> <span class='ocrx_word' id='word_1_586' title='bbox 1963 4490 2084 4531; x_wconf 85' lang='lat' dir='ltr'>mea</span> 
     </span>
    </p>
   </div>
   <div class='ocr_carea' id='block_1_77' title="bbox 478 4555 2082 4637">
    <p class='ocr_par' dir='ltr' id='par_1_77' title="bbox 478 4555 2082 4637">
     <span class='ocr_line' id='line_1_77' title="bbox 478 4555 2082 4637; baseline 0.004 -24"><span class='ocrx_word' id='word_1_587' title='bbox 478 4573 603 4613; x_wconf 89' lang='lat' dir='ltr'>suae</span> <span class='ocrx_word' id='word_1_588' title='bbox 632 4555 873 4612; x_wconf 87' lang='lat' dir='ltr'>cervices</span> <span class='ocrx_word' id='word_1_589' title='bbox 919 4565 1346 4628; x_wconf 89' lang='lat' dir='ltr'>supposuerunt,</span> <span class='ocrx_word' id='word_1_590' title='bbox 1385 4560 1586 4631; x_wconf 91' lang='lat' dir='ltr'>quibus</span> <span class='ocrx_word' id='word_1_591' title='bbox 1627 4578 1741 4616; x_wconf 90' lang='lat' dir='ltr'>non</span> <span class='ocrx_word' id='word_1_592' title='bbox 1774 4563 1951 4618; x_wconf 91' lang='lat' dir='ltr'>solum</span> <span class='ocrx_word' id='word_1_593' title='bbox 1982 4580 2082 4637; x_wconf 89' lang='lat' dir='ltr'>ego</span> 
     </span>
    </p>
   </div>
   <div class='ocr_carea' id='block_1_78' title="bbox 481 4645 2079 4721">
    <p class='ocr_par' dir='ltr' id='par_1_78' title="bbox 481 4645 2079 4721">
     <span class='ocr_line' id='line_1_78' title="bbox 481 4645 2079 4721; baseline 0.006 -21"><span class='ocrx_word' id='word_1_594' title='bbox 481 4645 686 4717; x_wconf 87' lang='lat' dir='ltr'>gratias</span> <span class='ocrx_word' id='word_1_595' title='bbox 714 4660 834 4717; x_wconf 86' lang='lat' dir='ltr'>ago,</span> <span class='ocrx_word' id='word_1_596' title='bbox 869 4645 963 4701; x_wconf 89' lang='lat' dir='ltr'>sed</span> <span class='ocrx_word' id='word_1_597' title='bbox 994 4654 1048 4701; x_wconf 90' lang='lat' dir='ltr'>et</span> <span class='ocrx_word' id='word_1_598' title='bbox 1071 4653 1285 4703; x_wconf 85' lang='lat' dir='ltr'>cunctae</span> <span class='ocrx_word' id='word_1_599' title='bbox 1317 4648 1578 4704; x_wconf 85' lang='lat' dir='ltr'>Ecclesiae</span> <span class='ocrx_word' id='word_1_600' title='bbox 1609 4650 1874 4721; x_wconf 87' lang='lat' dir='ltr'>gentium,</span> <span class='ocrx_word' id='word_1_601' title='bbox 1903 4661 1957 4708; x_wconf 90' lang='lat' dir='ltr'>et</span> <span class='ocrx_word' id='word_1_602' title='bbox 1986 4652 2079 4708; x_wconf 92' lang='lat' dir='ltr'>do-</span> 
     </span>
    </p>
   </div>
   <div class='ocr_carea' id='block_1_79' title="bbox 477 4735 2076 4811">
    <p class='ocr_par' dir='ltr' id='par_1_79' title="bbox 477 4735 2076 4811">
     <span class='ocr_line' id='line_1_79' title="bbox 477 4735 2076 4811; baseline 0.005 -20"><span class='ocrx_word' id='word_1_603' title='bbox 477 4735 761 4792; x_wconf 90' lang='lat' dir='ltr'>mesticam</span> <span class='ocrx_word' id='word_1_604' title='bbox 784 4753 971 4793; x_wconf 90' lang='lat' dir='ltr'>eorum</span> <span class='ocrx_word' id='word_1_605' title='bbox 1001 4738 1325 4796; x_wconf 90' lang='lat' dir='ltr'>Ecclesiam.</span> <span class='ocrx_word' id='word_1_606' title='bbox 1352 4763 1370 4786; x_wconf 74' lang='grc' dir='ltr'><strong><em>ι</em></strong></span> <span class='ocrx_word' id='word_1_607' title='bbox 1412 4739 1480 4795; x_wconf 88' lang='lat' dir='ltr'>Hi</span> <span class='ocrx_word' id='word_1_608' title='bbox 1502 4756 1572 4795; x_wconf 86' lang='lat' dir='ltr'>ex</span> <span class='ocrx_word' id='word_1_609' title='bbox 1600 4741 1803 4799; x_wconf 87' lang='lat' dir='ltr'>Judaeis</span> <span class='ocrx_word' id='word_1_610' title='bbox 1832 4743 2076 4811; x_wconf 89' lang='lat' dir='ltr'>fuerunt,</span> 
     </span>
    </p>
   </div>
   <div class='ocr_carea' id='block_1_80' title="bbox 477 4825 2078 4903">
    <p class='ocr_par' dir='ltr' id='par_1_80' title="bbox 477 4825 2078 4903">
     <span class='ocr_line' id='line_1_80' title="bbox 477 4825 2078 4903; baseline 0.004 -23"><span class='ocrx_word' id='word_1_611' title='bbox 477 4825 573 4897; x_wconf 89' lang='lat' dir='ltr'>qui</span> <span class='ocrx_word' id='word_1_612' title='bbox 604 4825 890 4883; x_wconf 87' lang='lat' dir='ltr'>credentes</span> <span class='ocrx_word' id='word_1_613' title='bbox 921 4826 1048 4885; x_wconf 88' lang='lat' dir='ltr'>facti</span> <span class='ocrx_word' id='word_1_614' title='bbox 1078 4836 1209 4885; x_wconf 87' lang='lat' dir='ltr'>sunt</span> <span class='ocrx_word' id='word_1_615' title='bbox 1252 4829 1386 4886; x_wconf 90' lang='lat' dir='ltr'>socii</span> <span class='ocrx_word' id='word_1_616' title='bbox 1415 4830 1619 4886; x_wconf 90' lang='lat' dir='ltr'>laboris</span> <span class='ocrx_word' id='word_1_617' title='bbox 1649 4832 1932 4903; x_wconf 84' lang='lat' dir='ltr'>Apostoli;</span> <span class='ocrx_word' id='word_1_618' title='bbox 1984 4831 2078 4903; x_wconf 90' lang='lat' dir='ltr'>qui</span> 
     </span>
    </p>
   </div>
   <div class='ocr_carea' id='block_1_81' title="bbox 477 4915 2078 4992">
    <p class='ocr_par' dir='ltr' id='par_1_81' title="bbox 477 4915 2078 4992">
     <span class='ocr_line' id='line_1_81' title="bbox 477 4915 2078 4992; baseline 0.004 -22"><span class='ocrx_word' id='word_1_619' title='bbox 477 4915 555 4971; x_wconf 89' lang='lat' dir='ltr'>ita</span> <span class='ocrx_word' id='word_1_620' title='bbox 575 4923 721 4971; x_wconf 88' lang='lat' dir='ltr'>recte</span> <span class='ocrx_word' id='word_1_621' title='bbox 741 4915 1105 4984; x_wconf 88' lang='lat' dir='ltr'>crediderant,</span> <span class='ocrx_word' id='word_1_622' title='bbox 1131 4928 1189 4974; x_wconf 91' lang='lat' dir='ltr'>ut</span> <span class='ocrx_word' id='word_1_623' title='bbox 1212 4921 1378 4975; x_wconf 91' lang='lat' dir='ltr'>etiam</span> <span class='ocrx_word' id='word_1_624' title='bbox 1403 4920 1508 4992; x_wconf 90' lang='lat' dir='ltr'>ipsi</span> <span class='ocrx_word' id='word_1_625' title='bbox 1530 4920 1961 4978; x_wconf 83' lang='lat' dir='ltr'>exhortarentur</span> <span class='ocrx_word' id='word_1_626' title='bbox 1979 4939 2078 4978; x_wconf 77' lang='lat' dir='ltr'>cae-</span> 
     </span>
    </p>
   </div>
   <div class='ocr_carea' id='block_1_82' title="bbox 476 5003 2077 5082">
    <p class='ocr_par' dir='ltr' id='par_1_82' title="bbox 476 5003 2077 5082">
     <span class='ocr_line' id='line_1_82' title="bbox 476 5003 2077 5082; baseline 0.004 -22"><span class='ocrx_word' id='word_1_627' title='bbox 476 5004 719 5061; x_wconf 84' lang='lat' dir='ltr'>teros-ad</span> <span class='ocrx_word' id='word_1_628' title='bbox 746 5003 910 5061; x_wconf 89' lang='lat' dir='ltr'>ﬁdem</span> <span class='ocrx_word' id='word_1_629' title='bbox 941 5015 1166 5062; x_wconf 87' lang='lat' dir='ltr'>rectam.</span> <span class='ocrx_word' id='word_1_630' title='bbox 1190 5008 1438 5081; x_wconf 89' lang='lat' dir='ltr'>Denique</span> <span class='ocrx_word' id='word_1_631' title='bbox 1454 5009 1653 5080; x_wconf 88' lang='lat' dir='ltr'>Apollo</span> <span class='ocrx_word' id='word_1_632' title='bbox 1683 5010 1936 5082; x_wconf 86' lang='lat' dir='ltr'>quamvis</span> <span class='ocrx_word' id='word_1_633' title='bbox 1963 5010 2077 5067; x_wconf 86' lang='lat' dir='ltr'>fue-</span> 
     </span>
    </p>
   </div>
   <div class='ocr_carea' id='block_1_83' title="bbox 574 5236 1575 5310">
    <p class='ocr_par' dir='ltr' id='par_1_83' title="bbox 574 5236 1575 5310">
     <span class='ocr_line' id='line_1_83' title="bbox 574 5236 1575 5310; baseline 0.005 -19"><span class='ocrx_word' id='word_1_634' title='bbox 574 5236 666 5310; x_wconf 62' lang='lat'>5!)</span> <span class='ocrx_word' id='word_1_635' title='bbox 706 5236 973 5310; x_wconf 70' lang='lat' dir='ltr'>Nonnulli</span> <span class='ocrx_word' id='word_1_636' title='bbox 1004 5236 1160 5302; x_wconf 68' lang='lat' dir='ltr'>mss.,</span> <span class='ocrx_word' id='word_1_637' title='bbox 1191 5239 1248 5293; x_wconf 73' lang='lat' dir='ltr'>id</span> <span class='ocrx_word' id='word_1_638' title='bbox 1277 5245 1368 5307; x_wconf 85' lang='lat' dir='ltr'>est,</span> <span class='ocrx_word' id='word_1_639' title='bbox 1401 5240 1575 5310; x_wconf 74' lang='lat' dir='ltr'>diligi.</span> 
     </span>
    </p>
   </div>
   <div class='ocr_carea' id='block_1_84' title="bbox 575 5308 2078 5437">
    <p class='ocr_par' dir='ltr' id='par_1_84' title="bbox 575 5308 2078 5437">
     <span class='ocr_line' id='line_1_84' title="bbox 575 5308 2078 5437; baseline 0.003 -72"><span class='ocrx_word' id='word_1_640' title='bbox 575 5308 704 5437; x_wconf 56' lang='lat' dir='ltr'>E221)ﬁ</span> <span class='ocrx_word' id='word_1_641' title='bbox 711 5309 841 5436; x_wconf 68' lang='lat' dir='ltr'>hliss.</span> <span class='ocrx_word' id='word_1_642' title='bbox 875 5308 1024 5365; x_wconf 90' lang='lat' dir='ltr'>Flor.</span> <span class='ocrx_word' id='word_1_643' title='bbox 1054 5324 1118 5366; x_wconf 83' lang='lat' dir='ltr'>ac</span> <span class='ocrx_word' id='word_1_644' title='bbox 1151 5310 1342 5378; x_wconf 89' lang='lat' dir='ltr'>Vind.,</span> <span class='ocrx_word' id='word_1_645' title='bbox 1383 5308 1586 5381; x_wconf 65' lang='lat' dir='ltr'>Aquila</span> <span class='ocrx_word' id='word_1_646' title='bbox 1615 5312 1724 5368; x_wconf 73' lang='lat' dir='ltr'>viri</span> <span class='ocrx_word' id='word_1_647' title='bbox 1751 5319 1798 5368; x_wconf 85' lang='lat' dir='ltr'>et</span> <span class='ocrx_word' id='word_1_648' title='bbox 1822 5312 2078 5369; x_wconf 76' lang='lat' dir='ltr'>Priscilla</span> 
     </span>
     <span class='ocr_line' id='line_1_85' title="bbox 607 5397 810 5437; baseline -0.01 0"><span class='ocrx_word' id='word_1_649' title='bbox 607 5425 619 5437; x_wconf 96' lang='lat'>.</span> <span class='ocrx_word' id='word_1_650' title='bbox 706 5398 738 5437; x_wconf 82' lang='lat' dir='ltr'>a</span> <span class='ocrx_word' id='word_1_651' title='bbox 759 5397 810 5436; x_wconf 93' lang='lat' dir='ltr'>e.</span> 
     </span>
    </p>
   </div>
   <div class='ocr_carea' id='block_1_85' title="bbox 477 5387 810 5439">
    <p class='ocr_par' dir='ltr' id='par_1_85' title="bbox 477 5387 810 5439">
     <span class='ocr_line' id='line_1_86' title="bbox 477 5387 810 5439; baseline -0.012 0"><span class='ocrx_word' id='word_1_652' title='bbox 477 5387 619 5439; x_wconf 65' lang='lat' dir='ltr'>amt.</span> <span class='ocrx_word' id='word_1_653' title='bbox 651 5387 810 5438; x_wconf 85' lang='lat' dir='ltr'>Male.</span> 
     </span>
    </p>
   </div>
   <div class='ocr_carea' id='block_1_86' title="bbox 550 5451 2072 5524">
    <p class='ocr_par' dir='ltr' id='par_1_86' title="bbox 550 5451 2072 5524">
     <span class='ocr_line' id='line_1_87' title="bbox 550 5451 2072 5524; baseline 0.002 -14"><span class='ocrx_word' id='word_1_654' title='bbox 550 5452 666 5524; x_wconf 91' lang='lat'>(53)</span> <span class='ocrx_word' id='word_1_655' title='bbox 709 5451 860 5510; x_wconf 81' lang='lat' dir='ltr'>Edit.</span> <span class='ocrx_word' id='word_1_656' title='bbox 892 5467 1138 5524; x_wconf 65' lang='lat' dir='ltr'>omnes,</span> <span class='ocrx_word' id='word_1_657' title='bbox 1198 5459 1245 5508; x_wconf 85' lang='lat' dir='ltr'>et</span> <span class='ocrx_word' id='word_1_658' title='bbox 1297 5452 1582 5524; x_wconf 82' lang='lat' dir='ltr'>dignitosos</span> <span class='ocrx_word' id='word_1_659' title='bbox 1638 5455 1876 5520; x_wconf 76' lang='lat' dir='ltr'>credere;</span> <span class='ocrx_word' id='word_1_660' title='bbox 1941 5473 2072 5513; x_wconf 89' lang='lat' dir='ltr'>mss.</span> 
     </span>
    </p>
   </div>
   <div class='ocr_carea' id='block_1_87' title="bbox 475 5523 2077 5596">
    <p class='ocr_par' dir='ltr' id='par_1_87' title="bbox 475 5523 2077 5596">
     <span class='ocr_line' id='line_1_88' title="bbox 475 5523 2077 5596; baseline 0.005 -20"><span class='ocrx_word' id='word_1_661' title='bbox 475 5523 607 5596; x_wconf 77' lang='lat' dir='ltr'>vero</span> <span class='ocrx_word' id='word_1_662' title='bbox 635 5524 754 5592; x_wconf 83' lang='lat' dir='ltr'>alii,</span> <span class='ocrx_word' id='word_1_663' title='bbox 775 5529 846 5580; x_wconf 78' lang='grc' dir='ltr'>,οε</span> <span class='ocrx_word' id='word_1_664' title='bbox 869 5523 1053 5595; x_wconf 67' lang='lat' dir='ltr'>dignos</span> <span class='ocrx_word' id='word_1_665' title='bbox 1093 5525 1209 5593; x_wconf 75' lang='lat' dir='ltr'>hos,</span> <span class='ocrx_word' id='word_1_666' title='bbox 1257 5523 1369 5581; x_wconf 76' lang='lat' dir='ltr'>aut</span> <span class='ocrx_word' id='word_1_667' title='bbox 1397 5525 1664 5596; x_wconf 66' lang='lat' dir='ltr'>digniores</span> <span class='ocrx_word' id='word_1_668' title='bbox 1711 5527 1804 5582; x_wconf 77' lang='lat' dir='ltr'>hos</span> <span class='ocrx_word' id='word_1_669' title='bbox 1832 5527 2077 5594; x_wconf 85' lang='lat' dir='ltr'>credere;</span> 
     </span>
    </p>
   </div>
   <div class='ocr_carea' id='block_1_88' title="bbox 472 5593 2074 5672">
    <p class='ocr_par' dir='ltr' id='par_1_88' title="bbox 472 5593 2074 5672">
     <span class='ocr_line' id='line_1_89' title="bbox 472 5593 2074 5672; baseline -0.012 1"><span class='ocrx_word' id='word_1_670' title='bbox 472 5593 916 5672; x_wconf 53' lang='grc' dir='ltr'>Ψὶισιριίςηαεοε</span> <span class='ocrx_word' id='word_1_671' title='bbox 930 5593 1024 5654; x_wconf 58' lang='lat' dir='ltr'>hos</span> <span class='ocrx_word' id='word_1_672' title='bbox 1043 5596 1282 5672; x_wconf 53' lang='lat' dir='ltr'>credere;</span> <span class='ocrx_word' id='word_1_673' title='bbox 1307 5593 1563 5672; x_wconf 64' lang='lat' dir='ltr'>nonnulli</span> <span class='ocrx_word' id='word_1_674' title='bbox 1583 5597 1829 5672; x_wconf 65' lang='lat' dir='ltr'>demum,</span> <span class='ocrx_word' id='word_1_675' title='bbox 1841 5593 2074 5672; x_wconf 61' lang='lat' dir='ltr'>gtdigni;</span> 
     </span>
    </p>
   </div>
   <div class='ocr_carea' id='block_1_89' title="bbox 477 5665 2079 5739">
    <p class='ocr_par' dir='ltr' id='par_1_89' title="bbox 477 5665 2079 5739">
     <span class='ocr_line' id='line_1_90' title="bbox 477 5665 2079 5739; baseline 0.006 -19"><span class='ocrx_word' id='word_1_676' title='bbox 477 5665 599 5722; x_wconf 71' lang='lat' dir='ltr'>tatis</span> <span class='ocrx_word' id='word_1_677' title='bbox 622 5665 768 5722; x_wconf 56' lang='lat' dir='ltr'>viro)</span> <span class='ocrx_word' id='word_1_678' title='bbox 794 5668 1019 5739; x_wconf 74' lang='lat' dir='ltr'>credere,</span> <span class='ocrx_word' id='word_1_679' title='bbox 1042 5666 1138 5726; x_wconf 86' lang='lat' dir='ltr'>ubi</span> <span class='ocrx_word' id='word_1_680' title='bbox 1159 5668 1325 5726; x_wconf 86' lang='lat' dir='ltr'>etiam</span> <span class='ocrx_word' id='word_1_681' title='bbox 1345 5667 1501 5728; x_wconf 86' lang='lat' dir='ltr'>addit</span> <span class='ocrx_word' id='word_1_682' title='bbox 1513 5668 1685 5730; x_wconf 85' lang='lat' dir='ltr'>.Corb.</span> <span class='ocrx_word' id='word_1_683' title='bbox 1713 5687 1779 5732; x_wconf 85' lang='lat' dir='ltr'>ac</span> <span class='ocrx_word' id='word_1_684' title='bbox 1793 5665 2009 5732; x_wconf 65' lang='lat' dir='ltr'>rem.</span> <span class='ocrx_word' id='word_1_685' title='bbox 2027 5678 2079 5730; x_wconf 78' lang='lat' dir='ltr'>et</span> 
     </span>
    </p>
   </div>
   <div class='ocr_carea' id='block_1_90' title="bbox 548 5164 1788 5380">
    <p class='ocr_par' dir='ltr' id='par_1_90' title="bbox 548 5164 1788 5380">
     <span class='ocr_line' id='line_1_91' title="bbox 548 5164 1788 5380; baseline 0.002 -156"><span class='ocrx_word' id='word_1_686' title='bbox 548 5164 668 5380; x_wconf 43' lang='lat'>£50;</span> <span class='ocrx_word' id='word_1_687' title='bbox 709 5165 809 5224; x_wconf 84' lang='lat' dir='ltr'>Ms.</span> <span class='ocrx_word' id='word_1_688' title='bbox 841 5164 1033 5244; x_wconf 82' lang='lat' dir='ltr'>Corb.,</span> <span class='ocrx_word' id='word_1_689' title='bbox 1063 5165 1384 5248; x_wconf 64' lang='lat' dir='ltr'>impossibile</span> <span class='ocrx_word' id='word_1_690' title='bbox 1409 5169 1788 5250; x_wconf 57' lang='lat' dir='ltr'>estcontemni.</span> 
     </span>
     <span class='ocr_line' id='line_1_92' title="bbox 574 5237 1575 5310; baseline 0.003 -17"><span class='ocrx_word' id='word_1_691' title='bbox 574 5238 635 5294; x_wconf 79' lang='grc'>51</span> <span class='ocrx_word' id='word_1_692' title='bbox 706 5237 973 5293; x_wconf 83' lang='lat' dir='ltr'>Nonnulli</span> <span class='ocrx_word' id='word_1_693' title='bbox 1004 5254 1160 5302; x_wconf 91' lang='lat' dir='ltr'>mss.,</span> <span class='ocrx_word' id='word_1_694' title='bbox 1191 5239 1248 5293; x_wconf 77' lang='lat' dir='ltr'>td</span> <span class='ocrx_word' id='word_1_695' title='bbox 1277 5245 1368 5307; x_wconf 85' lang='lat' dir='ltr'>est,</span> <span class='ocrx_word' id='word_1_696' title='bbox 1401 5240 1575 5310; x_wconf 68' lang='lat' dir='ltr'>dtltgi.</span> 
     </span>
     <span class='ocr_line' id='line_1_93' title="bbox 575 5308 1788 5380; baseline 0.001 -15"><span class='ocrx_word' id='word_1_697' title='bbox 575 5308 677 5376; x_wconf 81' lang='lat'>52)</span> <span class='ocrx_word' id='word_1_698' title='bbox 711 5309 841 5365; x_wconf 83' lang='lat' dir='ltr'>Mss.</span> <span class='ocrx_word' id='word_1_699' title='bbox 875 5308 1024 5365; x_wconf 90' lang='lat' dir='ltr'>Flor.</span> <span class='ocrx_word' id='word_1_700' title='bbox 1054 5324 1118 5366; x_wconf 83' lang='lat' dir='ltr'>ac</span> <span class='ocrx_word' id='word_1_701' title='bbox 1151 5310 1342 5378; x_wconf 89' lang='lat' dir='ltr'>Vind.,</span> <span class='ocrx_word' id='word_1_702' title='bbox 1383 5312 1586 5380; x_wconf 78' lang='lat' dir='ltr'>Aquila</span> <span class='ocrx_word' id='word_1_703' title='bbox 1615 5312 1724 5368; x_wconf 73' lang='lat' dir='ltr'>viri</span> <span class='ocrx_word' id='word_1_704' title='bbox 1751 5319 1788 5368; x_wconf 78' lang='lat' dir='ltr'>et</span> 
     </span>
    </p>
   </div>
   <div class='ocr_carea' id='block_1_91' title="bbox 2198 3206 3142 3282">
    <p class='ocr_par' dir='ltr' id='par_1_91' title="bbox 2198 3206 3142 3282">
     <span class='ocr_line' id='line_1_94' title="bbox 2198 3206 3142 3282; baseline 0.002 -21"><span class='ocrx_word' id='word_1_705' title='bbox 2198 3206 2492 3276; x_wconf 89' lang='lat' dir='ltr'>laborasse,</span> <span class='ocrx_word' id='word_1_706' title='bbox 2523 3215 2585 3264; x_wconf 91' lang='lat' dir='ltr'>ut</span> <span class='ocrx_word' id='word_1_707' title='bbox 2613 3208 2817 3281; x_wconf 86' lang='lat' dir='ltr'>gratias</span> <span class='ocrx_word' id='word_1_708' title='bbox 2847 3209 2928 3264; x_wconf 93' lang='lat' dir='ltr'>illi</span> <span class='ocrx_word' id='word_1_709' title='bbox 2961 3219 3142 3282; x_wconf 87' lang='lat' dir='ltr'>agant.</span> 
     </span>
    </p>
   </div>
   <div class='ocr_carea' id='block_1_92' title="bbox 2268 3294 3790 3368">
    <p class='ocr_par' dir='ltr' id='par_1_92' title="bbox 2268 3294 3790 3368">
     <span class='ocr_line' id='line_1_95' title="bbox 2268 3294 3790 3368; baseline 0.003 -18"><span class='ocrx_word' id='word_1_710' title='bbox 2268 3294 2451 3366; x_wconf 85' lang='lat' dir='ltr'>(Vere.</span> <span class='ocrx_word' id='word_1_711' title='bbox 2488 3297 2565 3368; x_wconf 94' lang='lat'>7.)</span> <span class='ocrx_word' id='word_1_712' title='bbox 2624 3322 2642 3342; x_wconf 76' lang='grc' dir='ltr'>ι</span> <span class='ocrx_word' id='word_1_713' title='bbox 2676 3298 2918 3355; x_wconf 87' lang='lat' dir='ltr'>Salutate</span> <span class='ocrx_word' id='word_1_714' title='bbox 2949 3297 3332 3355; x_wconf 86' lang='lat' dir='ltr'>Andronicum</span> <span class='ocrx_word' id='word_1_715' title='bbox 3361 3304 3416 3354; x_wconf 89' lang='lat' dir='ltr'>et</span> <span class='ocrx_word' id='word_1_716' title='bbox 3441 3297 3645 3354; x_wconf 73' lang='lat' dir='ltr'>Iuliam</span> <span class='ocrx_word' id='word_1_717' title='bbox 3683 3313 3790 3354; x_wconf 91' lang='lat' dir='ltr'>co-</span> 
     </span>
    </p>
   </div>
   <div class='ocr_carea' id='block_1_93' title="bbox 2191 3385 3796 3459">
    <p class='ocr_par' dir='ltr' id='par_1_93' title="bbox 2191 3385 3796 3459">
     <span class='ocr_line' id='line_1_96' title="bbox 2191 3385 3796 3459; baseline 0.003 -22"><span class='ocrx_word' id='word_1_718' title='bbox 2191 3391 2384 3453; x_wconf 84' lang='lat' dir='ltr'>gnatos</span> <span class='ocrx_word' id='word_1_719' title='bbox 2431 3391 2485 3439; x_wconf 92' lang='lat' dir='ltr'>et</span> <span class='ocrx_word' id='word_1_720' title='bbox 2532 3388 2891 3458; x_wconf 82' lang='lat' dir='ltr'>concaptivos</span> <span class='ocrx_word' id='word_1_721' title='bbox 2932 3403 3101 3454; x_wconf 89' lang='lat' dir='ltr'>meos,</span> <span class='ocrx_word' id='word_1_722' title='bbox 3150 3386 3245 3459; x_wconf 90' lang='lat' dir='ltr'>qui</span> <span class='ocrx_word' id='word_1_723' title='bbox 3282 3394 3411 3443; x_wconf 90' lang='lat' dir='ltr'>sunt</span> <span class='ocrx_word' id='word_1_724' title='bbox 3457 3385 3698 3457; x_wconf 86' lang='lat' dir='ltr'>insignes</span> <span class='ocrx_word' id='word_1_725' title='bbox 3736 3385 3796 3442; x_wconf 89' lang='lat' dir='ltr'>in</span> 
     </span>
    </p>
   </div>
   <div class='ocr_carea' id='block_1_94' title="bbox 2189 3472 3788 3549">
    <p class='ocr_par' dir='ltr' id='par_1_94' title="bbox 2189 3472 3788 3549">
     <span class='ocr_line' id='line_1_97' title="bbox 2189 3472 3788 3549; baseline 0.003 -20"><span class='ocrx_word' id='word_1_726' title='bbox 2189 3472 2473 3545; x_wconf 88' lang='lat' dir='ltr'>apostolis,</span> <span class='ocrx_word' id='word_1_727' title='bbox 2521 3476 2618 3549; x_wconf 90' lang='lat' dir='ltr'>qui</span> <span class='ocrx_word' id='word_1_728' title='bbox 2667 3485 2794 3533; x_wconf 89' lang='lat' dir='ltr'>ante</span> <span class='ocrx_word' id='word_1_729' title='bbox 2837 3493 2924 3532; x_wconf 90' lang='lat' dir='ltr'>me</span> <span class='ocrx_word' id='word_1_730' title='bbox 2953 3476 3178 3533; x_wconf 89' lang='lat' dir='ltr'>fuerunt</span> <span class='ocrx_word' id='word_1_731' title='bbox 3224 3478 3282 3533; x_wconf 89' lang='lat' dir='ltr'>in</span> <span class='ocrx_word' id='word_1_732' title='bbox 3312 3477 3534 3535; x_wconf 88' lang='lat' dir='ltr'>Christo</span> <span class='ocrx_word' id='word_1_733' title='bbox 3579 3477 3728 3533; x_wconf 85' lang='lat' dir='ltr'>Jesu.</span> <span class='ocrx_word' id='word_1_734' title='bbox 3767 3501 3788 3527; x_wconf 73' lang='grc' dir='ltr'><strong><em>ι</em></strong></span> 
     </span>
    </p>
   </div>
   <div class='ocr_carea' id='block_1_95' title="bbox 2191 3565 3800 3639">
    <p class='ocr_par' dir='ltr' id='par_1_95' title="bbox 2191 3565 3800 3639">
     <span class='ocr_line' id='line_1_98' title="bbox 2191 3565 3800 3639; baseline 0.001 -19"><span class='ocrx_word' id='word_1_735' title='bbox 2191 3566 2302 3621; x_wconf 87' lang='lat' dir='ltr'>Hos</span> <span class='ocrx_word' id='word_1_736' title='bbox 2345 3575 2604 3638; x_wconf 88' lang='lat' dir='ltr'>cognatos</span> <span class='ocrx_word' id='word_1_737' title='bbox 2640 3575 2694 3622; x_wconf 89' lang='lat' dir='ltr'>et</span> <span class='ocrx_word' id='word_1_738' title='bbox 2730 3565 2894 3638; x_wconf 85' lang='lat' dir='ltr'>juxta</span> <span class='ocrx_word' id='word_1_739' title='bbox 2941 3583 3160 3624; x_wconf 90' lang='lat' dir='ltr'>carnem</span> <span class='ocrx_word' id='word_1_740' title='bbox 3206 3575 3260 3623; x_wconf 90' lang='lat' dir='ltr'>et</span> <span class='ocrx_word' id='word_1_741' title='bbox 3301 3567 3604 3624; x_wconf 88' lang='lat' dir='ltr'>secundum</span> <span class='ocrx_word' id='word_1_742' title='bbox 3637 3565 3800 3639; x_wconf 84' lang='lat' dir='ltr'>spiri-</span> 
     </span>
    </p>
   </div>
   <div class='ocr_carea' id='block_1_96' title="bbox 2189 3653 3799 3728">
    <p class='ocr_par' dir='ltr' id='par_1_96' title="bbox 2189 3653 3799 3728">
     <span class='ocr_line' id='line_1_99' title="bbox 2189 3653 3799 3728; baseline 0.002 -20"><span class='ocrx_word' id='word_1_743' title='bbox 2189 3660 2332 3722; x_wconf 89' lang='lat' dir='ltr'>tum,</span> <span class='ocrx_word' id='word_1_744' title='bbox 2364 3653 2640 3727; x_wconf 89' lang='lat' dir='ltr'>quomodo</span> <span class='ocrx_word' id='word_1_745' title='bbox 2670 3663 2724 3711; x_wconf 89' lang='lat' dir='ltr'>et</span> <span class='ocrx_word' id='word_1_746' title='bbox 2748 3657 2975 3728; x_wconf 89' lang='lat' dir='ltr'>angelus</span> <span class='ocrx_word' id='word_1_747' title='bbox 3001 3655 3149 3713; x_wconf 86' lang='lat' dir='ltr'>dixit</span> <span class='ocrx_word' id='word_1_748' title='bbox 3177 3656 3246 3712; x_wconf 93' lang='lat' dir='ltr'>ad</span> <span class='ocrx_word' id='word_1_749' title='bbox 3274 3655 3500 3712; x_wconf 85' lang='lat' dir='ltr'>Mariam</span> <span class='ocrx_word' id='word_1_750' title='bbox 3534 3673 3547 3711; x_wconf 91' lang='lat'>:</span> <span class='ocrx_word' id='word_1_751' title='bbox 3608 3679 3626 3702; x_wconf 74' lang='grc' dir='ltr'>ι</span> <span class='ocrx_word' id='word_1_752' title='bbox 3655 3655 3799 3712; x_wconf 90' lang='lat' dir='ltr'>Ecce</span> 
     </span>
    </p>
   </div>
   <div class='ocr_carea' id='block_1_97' title="bbox 2190 3744 3798 3818">
    <p class='ocr_par' dir='ltr' id='par_1_97' title="bbox 2190 3744 3798 3818">
     <span class='ocr_line' id='line_1_100' title="bbox 2190 3744 3798 3818; baseline 0.001 -19"><span class='ocrx_word' id='word_1_753' title='bbox 2190 3744 2484 3802; x_wconf 86' lang='lat' dir='ltr'>Elizabeth</span> <span class='ocrx_word' id='word_1_754' title='bbox 2530 3753 2766 3816; x_wconf 87' lang='lat' dir='ltr'>cognata</span> <span class='ocrx_word' id='word_1_755' title='bbox 2813 3753 2929 3814; x_wconf 89' lang='lat' dir='ltr'>tua,</span> <span class='ocrx_word' id='word_1_756' title='bbox 2981 3754 3088 3803; x_wconf 91' lang='lat' dir='ltr'>etc.</span> <span class='ocrx_word' id='word_1_757' title='bbox 3135 3746 3289 3816; x_wconf 83' lang='lat' dir='ltr'>(Luc.</span> <span class='ocrx_word' id='word_1_758' title='bbox 3331 3763 3371 3812; x_wconf 82' lang='grc' dir='ltr'>ι,</span> <span class='ocrx_word' id='word_1_759' title='bbox 3419 3745 3536 3815; x_wconf 87' lang='grc'>36),</span> <span class='ocrx_word' id='word_1_760' title='bbox 3577 3771 3594 3792; x_wconf 80' lang='grc' dir='ltr'>ι</span> <span class='ocrx_word' id='word_1_761' title='bbox 3657 3760 3798 3818; x_wconf 85' lang='lat' dir='ltr'>quos</span> 
     </span>
    </p>
   </div>
   <div class='ocr_carea' id='block_1_98' title="bbox 2191 3833 3793 3910">
    <p class='ocr_par' dir='ltr' id='par_1_98' title="bbox 2191 3833 3793 3910">
     <span class='ocr_line' id='line_1_101' title="bbox 2191 3833 3793 3910; baseline 0.002 -22"><span class='ocrx_word' id='word_1_762' title='bbox 2191 3835 2356 3890; x_wconf 88' lang='lat' dir='ltr'>etiam</span> <span class='ocrx_word' id='word_1_763' title='bbox 2387 3835 2652 3906; x_wconf 91' lang='lat' dir='ltr'>apostolis</span> <span class='ocrx_word' id='word_1_764' title='bbox 2683 3834 2962 3910; x_wconf 85' lang='lat' dir='ltr'>prioribus</span> <span class='ocrx_word' id='word_1_765' title='bbox 2987 3835 3278 3892; x_wconf 89' lang='lat' dir='ltr'>obsecutos</span> <span class='ocrx_word' id='word_1_766' title='bbox 3306 3851 3432 3890; x_wconf 87' lang='lat' dir='ltr'>cum</span> <span class='ocrx_word' id='word_1_767' title='bbox 3469 3833 3793 3891; x_wconf 85' lang='lat' dir='ltr'>testimonio</span> 
     </span>
    </p>
   </div>
   <div class='ocr_carea' id='block_1_99' title="bbox 2189 3911 3792 3996">
    <p class='ocr_par' dir='ltr' id='par_1_99' title="bbox 2189 3911 3792 3996">
     <span class='ocr_line' id='line_1_102' title="bbox 2189 3911 3792 3996; baseline 0.002 -19"><span class='ocrx_word' id='word_1_768' title='bbox 2189 3921 2276 3977; x_wconf 92' lang='lat' dir='ltr'>sui</span> <span class='ocrx_word' id='word_1_769' title='bbox 2317 3922 2576 3991; x_wconf 87' lang='lat' dir='ltr'>declarat,</span> <span class='ocrx_word' id='word_1_770' title='bbox 2629 3932 2682 3980; x_wconf 88' lang='lat' dir='ltr'>et</span> <span class='ocrx_word' id='word_1_771' title='bbox 2728 3911 2912 3980; x_wconf 72' lang='lat' dir='ltr'>secum</span> <span class='ocrx_word' id='word_1_772' title='bbox 2958 3941 3141 3995; x_wconf 88' lang='lat' dir='ltr'>parem</span> <span class='ocrx_word' id='word_1_773' title='bbox 3180 3923 3560 3996; x_wconf 87' lang='lat' dir='ltr'>captivitatem</span> <span class='ocrx_word' id='word_1_774' title='bbox 3603 3939 3792 3996; x_wconf 86' lang='lat' dir='ltr'>passos</span> 
     </span>
    </p>
   </div>
   <div class='ocr_carea' id='block_1_100' title="bbox 2191 4011 3622 4085">
    <p class='ocr_par' dir='ltr' id='par_1_100' title="bbox 2191 4011 3622 4085">
     <span class='ocr_line' id='line_1_103' title="bbox 2191 4011 3622 4085; baseline 0 -18"><span class='ocrx_word' id='word_1_775' title='bbox 2191 4011 2320 4068; x_wconf 88' lang='lat' dir='ltr'>ﬁdei</span> <span class='ocrx_word' id='word_1_776' title='bbox 2350 4029 2541 4079; x_wconf 90' lang='lat' dir='ltr'>causa;</span> <span class='ocrx_word' id='word_1_777' title='bbox 2575 4012 2808 4085; x_wconf 90' lang='lat' dir='ltr'>ideoque</span> <span class='ocrx_word' id='word_1_778' title='bbox 2841 4012 2976 4069; x_wconf 89' lang='lat' dir='ltr'>istos</span> <span class='ocrx_word' id='word_1_779' title='bbox 3004 4012 3220 4085; x_wconf 89' lang='lat' dir='ltr'>plenius</span> <span class='ocrx_word' id='word_1_780' title='bbox 3250 4011 3622 4069; x_wconf 87' lang='lat' dir='ltr'>honorandos.</span> 
     </span>
    </p>
   </div>
   <div class='ocr_carea' id='block_1_101' title="bbox 2267 4101 3795 4174">
    <p class='ocr_par' dir='ltr' id='par_1_101' title="bbox 2267 4101 3795 4174">
     <span class='ocr_line' id='line_1_104' title="bbox 2267 4101 3795 4174; baseline 0 -16"><span class='ocrx_word' id='word_1_781' title='bbox 2267 4102 2450 4173; x_wconf 74' lang='lat' dir='ltr'>(Vere.</span> <span class='ocrx_word' id='word_1_782' title='bbox 2486 4102 2567 4174; x_wconf 91' lang='lat'>8.)</span> <span class='ocrx_word' id='word_1_783' title='bbox 2626 4126 2643 4147; x_wconf 77' lang='grc' dir='ltr'><strong>ι</strong></span> <span class='ocrx_word' id='word_1_784' title='bbox 2679 4101 2924 4158; x_wconf 88' lang='lat' dir='ltr'>Salutate</span> <span class='ocrx_word' id='word_1_785' title='bbox 2969 4102 3312 4174; x_wconf 88' lang='lat' dir='ltr'>Ampliatum</span> <span class='ocrx_word' id='word_1_786' title='bbox 3357 4101 3474 4174; x_wconf 74' lang='grc'>(54)</span> <span class='ocrx_word' id='word_1_787' title='bbox 3525 4101 3795 4159; x_wconf 84' lang='lat' dir='ltr'>dilectum</span> 
     </span>
    </p>
   </div>
   <div class='ocr_carea' id='block_1_102' title="bbox 2192 4190 3795 4264">
    <p class='ocr_par' dir='ltr' id='par_1_102' title="bbox 2192 4190 3795 4264">
     <span class='ocr_line' id='line_1_105' title="bbox 2192 4190 3795 4264; baseline 0.002 -19"><span class='ocrx_word' id='word_1_788' title='bbox 2192 4206 2375 4246; x_wconf 89' lang='lat' dir='ltr'>meum</span> <span class='ocrx_word' id='word_1_789' title='bbox 2407 4192 2464 4246; x_wconf 94' lang='lat' dir='ltr'>in</span> <span class='ocrx_word' id='word_1_790' title='bbox 2493 4191 2738 4249; x_wconf 89' lang='lat' dir='ltr'>Christo.</span> <span class='ocrx_word' id='word_1_791' title='bbox 2767 4218 2785 4239; x_wconf 77' lang='grc' dir='ltr'><strong><em>ι</em></strong></span> <span class='ocrx_word' id='word_1_792' title='bbox 2822 4193 2981 4248; x_wconf 86' lang='lat' dir='ltr'>Hunc</span> <span class='ocrx_word' id='word_1_793' title='bbox 3009 4192 3164 4264; x_wconf 87' lang='lat' dir='ltr'>quasi</span> <span class='ocrx_word' id='word_1_794' title='bbox 3193 4192 3431 4248; x_wconf 91' lang='lat' dir='ltr'>amicum</span> <span class='ocrx_word' id='word_1_795' title='bbox 3454 4192 3680 4260; x_wconf 84' lang='lat' dir='ltr'>salutat,</span> <span class='ocrx_word' id='word_1_796' title='bbox 3699 4190 3795 4248; x_wconf 87' lang='lat' dir='ltr'>sed</span> 
     </span>
    </p>
   </div>
   <div class='ocr_carea' id='block_1_103' title="bbox 2191 4279 3796 4354">
    <p class='ocr_par' dir='ltr' id='par_1_103' title="bbox 2191 4279 3796 4354">
     <span class='ocr_line' id='line_1_106' title="bbox 2191 4279 3796 4354; baseline 0 -18"><span class='ocrx_word' id='word_1_797' title='bbox 2191 4281 2249 4336; x_wconf 92' lang='lat' dir='ltr'>in</span> <span class='ocrx_word' id='word_1_798' title='bbox 2281 4279 2519 4338; x_wconf 91' lang='lat' dir='ltr'>Domino</span> <span class='ocrx_word' id='word_1_799' title='bbox 2549 4281 2821 4347; x_wconf 91' lang='lat' dir='ltr'>amicum;</span> <span class='ocrx_word' id='word_1_800' title='bbox 2866 4297 2977 4337; x_wconf 90' lang='lat' dir='ltr'>non</span> <span class='ocrx_word' id='word_1_801' title='bbox 3011 4289 3195 4337; x_wconf 88' lang='lat' dir='ltr'>tamen</span> <span class='ocrx_word' id='word_1_802' title='bbox 3229 4281 3325 4354; x_wconf 90' lang='lat' dir='ltr'>qui</span> <span class='ocrx_word' id='word_1_803' title='bbox 3372 4279 3692 4337; x_wconf 86' lang='lat' dir='ltr'>interfuerit</span> <span class='ocrx_word' id='word_1_804' title='bbox 3722 4280 3796 4336; x_wconf 84' lang='lat' dir='ltr'>la-</span> 
     </span>
    </p>
   </div>
   <div class='ocr_carea' id='block_1_104' title="bbox 2191 4370 2938 4443">
    <p class='ocr_par' dir='ltr' id='par_1_104' title="bbox 2191 4370 2938 4443">
     <span class='ocr_line' id='line_1_107' title="bbox 2191 4370 2938 4443; baseline -0.001 -16"><span class='ocrx_word' id='word_1_805' title='bbox 2191 4371 2312 4428; x_wconf 89' lang='lat' dir='ltr'>bori</span> <span class='ocrx_word' id='word_1_806' title='bbox 2341 4370 2459 4442; x_wconf 90' lang='lat' dir='ltr'>ejus</span> <span class='ocrx_word' id='word_1_807' title='bbox 2487 4379 2580 4427; x_wconf 90' lang='lat' dir='ltr'>aut</span> <span class='ocrx_word' id='word_1_808' title='bbox 2608 4372 2938 4443; x_wconf 87' lang='lat' dir='ltr'>captivitati.</span> 
     </span>
    </p>
   </div>
   <div class='ocr_carea' id='block_1_105' title="bbox 2266 4463 3794 4536">
    <p class='ocr_par' dir='ltr' id='par_1_105' title="bbox 2266 4463 3794 4536">
     <span class='ocr_line' id='line_1_108' title="bbox 2266 4463 3794 4536; baseline 0.001 -18"><span class='ocrx_word' id='word_1_809' title='bbox 2266 4463 2447 4536; x_wconf 81' lang='lat' dir='ltr'>(Vere.</span> <span class='ocrx_word' id='word_1_810' title='bbox 2479 4463 2574 4536; x_wconf 87' lang='lat'>9.)</span> <span class='ocrx_word' id='word_1_811' title='bbox 2621 4487 2638 4508; x_wconf 85' lang='grc'><strong><em>‹</em></strong></span> <span class='ocrx_word' id='word_1_812' title='bbox 2667 4465 2910 4534; x_wconf 51' lang='lat' dir='ltr'>Salutate</span> <span class='ocrx_word' id='word_1_813' title='bbox 2944 4463 3225 4520; x_wconf 88' lang='lat' dir='ltr'>Urbanum</span> <span class='ocrx_word' id='word_1_814' title='bbox 3269 4463 3576 4535; x_wconf 75' lang='lat' dir='ltr'>adiutorem</span> <span class='ocrx_word' id='word_1_815' title='bbox 3609 4479 3794 4520; x_wconf 87' lang='lat' dir='ltr'>meum</span> 
     </span>
    </p>
   </div>
   <div class='ocr_carea' id='block_1_106' title="bbox 2191 4553 3794 4627">
    <p class='ocr_par' dir='ltr' id='par_1_106' title="bbox 2191 4553 3794 4627">
     <span class='ocr_line' id='line_1_109' title="bbox 2191 4553 3794 4627; baseline 0.001 -18"><span class='ocrx_word' id='word_1_816' title='bbox 2191 4554 2249 4610; x_wconf 92' lang='lat' dir='ltr'>in</span> <span class='ocrx_word' id='word_1_817' title='bbox 2279 4553 2498 4612; x_wconf 89' lang='lat' dir='ltr'>Christo</span> <span class='ocrx_word' id='word_1_818' title='bbox 2531 4555 2670 4627; x_wconf 88' lang='lat'>(55).</span> <span class='ocrx_word' id='word_1_819' title='bbox 2695 4580 2711 4603; x_wconf 77' lang='grc' dir='ltr'><strong>ι</strong></span> <span class='ocrx_word' id='word_1_820' title='bbox 2741 4557 2861 4612; x_wconf 85' lang='grc' dir='ltr'>Νοη</span> <span class='ocrx_word' id='word_1_821' title='bbox 2887 4556 3066 4613; x_wconf 90' lang='lat' dir='ltr'>solum</span> <span class='ocrx_word' id='word_1_822' title='bbox 3097 4556 3264 4613; x_wconf 89' lang='lat' dir='ltr'>istum</span> <span class='ocrx_word' id='word_1_823' title='bbox 3293 4572 3454 4612; x_wconf 89' lang='lat' dir='ltr'>suum</span> <span class='ocrx_word' id='word_1_824' title='bbox 3483 4555 3794 4627; x_wconf 83' lang='lat' dir='ltr'>adjutorem</span> 
     </span>
    </p>
   </div>
   <div class='ocr_carea' id='block_1_107' title="bbox 2189 4647 3795 4718">
    <p class='ocr_par' dir='ltr' id='par_1_107' title="bbox 2189 4647 3795 4718">
     <span class='ocr_line' id='line_1_110' title="bbox 2189 4647 3795 4718; baseline 0.001 -14"><span class='ocrx_word' id='word_1_825' title='bbox 2189 4647 2350 4718; x_wconf 90' lang='lat' dir='ltr'>dicit,</span> <span class='ocrx_word' id='word_1_826' title='bbox 2405 4649 2500 4705; x_wconf 89' lang='lat' dir='ltr'>sed</span> <span class='ocrx_word' id='word_1_827' title='bbox 2529 4656 2585 4706; x_wconf 90' lang='lat' dir='ltr'>et</span> <span class='ocrx_word' id='word_1_828' title='bbox 2622 4656 2944 4705; x_wconf 89' lang='lat' dir='ltr'>caeterorum</span> <span class='ocrx_word' id='word_1_829' title='bbox 2979 4649 3148 4706; x_wconf 83' lang='lat' dir='ltr'>fuisse</span> <span class='ocrx_word' id='word_1_830' title='bbox 3189 4651 3400 4706; x_wconf 89' lang='lat' dir='ltr'>socium</span> <span class='ocrx_word' id='word_1_831' title='bbox 3431 4650 3488 4706; x_wconf 90' lang='lat' dir='ltr'>in</span> <span class='ocrx_word' id='word_1_832' title='bbox 3519 4649 3795 4706; x_wconf 82' lang='lat' dir='ltr'>exhorta-</span> 
     </span>
    </p>
   </div>
   <div class='ocr_carea' id='block_1_108' title="bbox 2189 4737 3790 4812">
    <p class='ocr_par' dir='ltr' id='par_1_108' title="bbox 2189 4737 3790 4812">
     <span class='ocr_line' id='line_1_111' title="bbox 2189 4737 3790 4812; baseline 0.002 -18"><span class='ocrx_word' id='word_1_833' title='bbox 2189 4738 2340 4795; x_wconf 88' lang='lat' dir='ltr'>tione</span> <span class='ocrx_word' id='word_1_834' title='bbox 2409 4737 2774 4796; x_wconf 86' lang='lat' dir='ltr'>credulitatie.</span> <span class='ocrx_word' id='word_1_835' title='bbox 2853 4763 2870 4785; x_wconf 82' lang='grc' dir='ltr'>ι</span> <span class='ocrx_word' id='word_1_836' title='bbox 2936 4738 3180 4812; x_wconf 88' lang='lat' dir='ltr'>Stachyn</span> <span class='ocrx_word' id='word_1_837' title='bbox 3241 4755 3458 4812; x_wconf 87' lang='lat' dir='ltr'>quoque</span> <span class='ocrx_word' id='word_1_838' title='bbox 3522 4738 3790 4796; x_wconf 87' lang='lat' dir='ltr'>dilectum</span> 
     </span>
    </p>
   </div>
   <div class='ocr_carea' id='block_1_109' title="bbox 2167 4826 3789 4900">
    <p class='ocr_par' dir='ltr' id='par_1_109' title="bbox 2167 4826 3789 4900">
     <span class='ocr_line' id='line_1_112' title="bbox 2167 4826 3789 4900; baseline 0 -18"><span class='ocrx_word' id='word_1_839' title='bbox 2167 4842 2393 4882; x_wconf 83' lang='lat' dir='ltr'>meum.</span> <span class='ocrx_word' id='word_1_840' title='bbox 2426 4851 2444 4874; x_wconf 76' lang='grc' dir='ltr'><strong><em>ι</em></strong></span> <span class='ocrx_word' id='word_1_841' title='bbox 2506 4827 2664 4896; x_wconf 74' lang='lat' dir='ltr'>Hunc</span> <span class='ocrx_word' id='word_1_842' title='bbox 2711 4826 2954 4900; x_wconf 88' lang='lat' dir='ltr'>Stachyn</span> <span class='ocrx_word' id='word_1_843' title='bbox 2997 4827 3252 4900; x_wconf 90' lang='lat' dir='ltr'>quamvis</span> <span class='ocrx_word' id='word_1_844' title='bbox 3300 4827 3565 4884; x_wconf 88' lang='lat' dir='ltr'>dilectum</span> <span class='ocrx_word' id='word_1_845' title='bbox 3607 4833 3789 4894; x_wconf 88' lang='lat' dir='ltr'>vocet,</span> 
     </span>
    </p>
   </div>
   <div class='ocr_carea' id='block_1_110' title="bbox 2188 4914 3788 4990">
    <p class='ocr_par' dir='ltr' id='par_1_110' title="bbox 2188 4914 3788 4990">
     <span class='ocr_line' id='line_1_113' title="bbox 2188 4914 3788 4990; baseline 0.001 -19"><span class='ocrx_word' id='word_1_846' title='bbox 2188 4923 2374 4972; x_wconf 88' lang='lat' dir='ltr'>tamen</span> <span class='ocrx_word' id='word_1_847' title='bbox 2404 4914 2633 4988; x_wconf 83' lang='lat' dir='ltr'>subjicit</span> <span class='ocrx_word' id='word_1_848' title='bbox 2662 4915 2822 4972; x_wconf 90' lang='lat' dir='ltr'>illum</span> <span class='ocrx_word' id='word_1_849' title='bbox 2850 4916 3073 4975; x_wconf 79' lang='lat' dir='ltr'>Urbano</span> <span class='ocrx_word' id='word_1_850' title='bbox 3104 4917 3360 4990; x_wconf 87' lang='lat' dir='ltr'>participi</span> <span class='ocrx_word' id='word_1_851' title='bbox 3391 4916 3574 4990; x_wconf 87' lang='lat' dir='ltr'>operis</span> <span class='ocrx_word' id='word_1_852' title='bbox 3621 4931 3788 4974; x_wconf 82' lang='lat' dir='ltr'>evan-</span> 
     </span>
    </p>
   </div>
   <div class='ocr_carea' id='block_1_111' title="bbox 2188 5005 2366 5078">
    <p class='ocr_par' dir='ltr' id='par_1_111' title="bbox 2188 5005 2366 5078">
     <span class='ocr_line' id='line_1_114' title="bbox 2188 5005 2366 5078; baseline 0.006 -17"><span class='ocrx_word' id='word_1_853' title='bbox 2188 5005 2366 5078; x_wconf 88' lang='lat' dir='ltr'>gelici.</span> 
     </span>
    </p>
   </div>
   <div class='ocr_carea' id='block_1_112' title="bbox 2188 5168 3791 5311">
    <p class='ocr_par' dir='ltr' id='par_1_112' title="bbox 2188 5168 3791 5311">
     <span class='ocr_line' id='line_1_115' title="bbox 2188 5168 2744 5238; baseline -0.005 -13"><span class='ocrx_word' id='word_1_854' title='bbox 2188 5168 2440 5225; x_wconf 77' lang='lat' dir='ltr'>inclinari</span> <span class='ocrx_word' id='word_1_855' title='bbox 2468 5168 2541 5225; x_wconf 85' lang='lat' dir='ltr'>ad</span> <span class='ocrx_word' id='word_1_856' title='bbox 2567 5168 2744 5238; x_wconf 84' lang='lat' dir='ltr'>ﬁdem.</span> 
     </span>
     <span class='ocr_line' id='line_1_116' title="bbox 2259 5238 3791 5311; baseline 0.001 -14"><span class='ocrx_word' id='word_1_857' title='bbox 2259 5241 2375 5311; x_wconf 74' lang='grc'>(54)</span> <span class='ocrx_word' id='word_1_858' title='bbox 2413 5238 2632 5296; x_wconf 85' lang='lat' dir='ltr'>Amerb.</span> <span class='ocrx_word' id='word_1_859' title='bbox 2657 5254 2783 5294; x_wconf 89' lang='lat' dir='ltr'>cum</span> <span class='ocrx_word' id='word_1_860' title='bbox 2809 5254 2921 5311; x_wconf 84' lang='lat' dir='ltr'>uno</span> <span class='ocrx_word' id='word_1_861' title='bbox 2950 5240 3035 5297; x_wconf 90' lang='lat' dir='ltr'>vel</span> <span class='ocrx_word' id='word_1_862' title='bbox 3062 5241 3234 5298; x_wconf 92' lang='lat' dir='ltr'>altero</span> <span class='ocrx_word' id='word_1_863' title='bbox 3262 5257 3389 5309; x_wconf 87' lang='lat' dir='ltr'>ms.,</span> <span class='ocrx_word' id='word_1_864' title='bbox 3414 5238 3754 5310; x_wconf 77' lang='lat' dir='ltr'>Ampliatum</span> <span class='ocrx_word' id='word_1_865' title='bbox 3769 5260 3791 5307; x_wconf 89' lang='lat'>;</span> 
     </span>
    </p>
   </div>
   <div class='ocr_carea' id='block_1_113' title="bbox 2185 5309 3789 5385">
    <p class='ocr_par' dir='ltr' id='par_1_113' title="bbox 2185 5309 3789 5385">
     <span class='ocr_line' id='line_1_117' title="bbox 2185 5309 3789 5385; baseline -0.001 -16"><span class='ocrx_word' id='word_1_866' title='bbox 2185 5313 2317 5370; x_wconf 90' lang='lat' dir='ltr'>Gill.</span> <span class='ocrx_word' id='word_1_867' title='bbox 2341 5309 2395 5368; x_wconf 88' lang='lat' dir='ltr'>et</span> <span class='ocrx_word' id='word_1_868' title='bbox 2423 5313 2580 5385; x_wconf 83' lang='lat' dir='ltr'>Erae.</span> <span class='ocrx_word' id='word_1_869' title='bbox 2603 5309 3021 5385; x_wconf 79' lang='lat' dir='ltr'>cumaliiecod.</span> <span class='ocrx_word' id='word_1_870' title='bbox 3049 5309 3753 5385; x_wconf 75' lang='lat' dir='ltr'>nonnullis,Ampliandum</span> <span class='ocrx_word' id='word_1_871' title='bbox 3767 5331 3789 5378; x_wconf 88' lang='lat'>;</span> 
     </span>
    </p>
   </div>
   <div class='ocr_carea' id='block_1_114' title="bbox 2567 5167 2744 5238">
    <p class='ocr_par' dir='ltr' id='par_1_114' title="bbox 2567 5167 2744 5238">
     <span class='ocr_line' id='line_1_118' title="bbox 2567 5167 2744 5238; baseline 0.011 -18"><span class='ocrx_word' id='word_1_872' title='bbox 2567 5167 2720 5238; x_wconf 80' lang='lat' dir='ltr'>ﬁdem</span> <span class='ocrx_word' id='word_1_873' title='bbox 2731 5209 2744 5222; x_wconf 98' lang='lat'>.</span> 
     </span>
    </p>
   </div>
   <div class='ocr_carea' id='block_1_115' title="bbox 2165 5382 3792 5465">
    <p class='ocr_par' dir='ltr' id='par_1_115' title="bbox 2165 5382 3792 5465">
     <span class='ocr_line' id='line_1_119' title="bbox 2165 5382 3792 5465; baseline 0.002 -28"><span class='ocrx_word' id='word_1_874' title='bbox 2165 5386 2344 5442; x_wconf 26' lang='lat' dir='ltr'>.Rom.</span> <span class='ocrx_word' id='word_1_875' title='bbox 2375 5384 2507 5465; x_wconf 80' lang='lat' dir='ltr'>edit.</span> <span class='ocrx_word' id='word_1_876' title='bbox 2541 5382 2678 5465; x_wconf 72' lang='lat' dir='ltr'>sola,</span> <span class='ocrx_word' id='word_1_877' title='bbox 2710 5383 3034 5465; x_wconf 46' lang='lat' dir='ltr'>Ampliam‘;</span> <span class='ocrx_word' id='word_1_878' title='bbox 3068 5384 3413 5465; x_wconf 7' lang='lat' dir='ltr'>caeterigmse.</span> <span class='ocrx_word' id='word_1_879' title='bbox 3445 5382 3792 5465; x_wconf 67' lang='lat' dir='ltr'>magnariu-</span> 
     </span>
    </p>
   </div>
   <div class='ocr_carea' id='block_1_116' title="bbox 2185 5454 3697 5527">
    <p class='ocr_par' dir='ltr' id='par_1_116' title="bbox 2185 5454 3697 5527">
     <span class='ocr_line' id='line_1_120' title="bbox 2185 5454 3697 5527; baseline 0.001 -15"><span class='ocrx_word' id='word_1_880' title='bbox 2185 5473 2356 5520; x_wconf 88' lang='lat' dir='ltr'>mero,</span> <span class='ocrx_word' id='word_1_881' title='bbox 2388 5456 2752 5527; x_wconf 78' lang='lat' dir='ltr'>Ampliatum;</span> <span class='ocrx_word' id='word_1_882' title='bbox 2782 5454 3037 5510; x_wconf 91' lang='lat' dir='ltr'>nonnulli</span> <span class='ocrx_word' id='word_1_883' title='bbox 3067 5454 3278 5512; x_wconf 85' lang='lat' dir='ltr'>addunt</span> <span class='ocrx_word' id='word_1_884' title='bbox 3305 5454 3697 5513; x_wconf 69' lang='lat' dir='ltr'>charissimam.</span> 
     </span>
    </p>
   </div>
   <div class='ocr_carea' id='block_1_117' title="bbox 2182 5527 3787 5657">
    <p class='ocr_par' dir='ltr' id='par_1_117' title="bbox 2182 5527 3787 5657">
     <span class='ocr_line' id='line_1_121' title="bbox 2211 5527 3787 5657; baseline -0.013 -67"><span class='ocrx_word' id='word_1_885' title='bbox 2211 5529 2376 5657; x_wconf 24' lang='lat'>“(&#39;55)</span> <span class='ocrx_word' id='word_1_886' title='bbox 2415 5529 2544 5585; x_wconf 84' lang='lat' dir='ltr'>Mss.</span> <span class='ocrx_word' id='word_1_887' title='bbox 2578 5527 2811 5600; x_wconf 85' lang='lat' dir='ltr'>aliquot,</span> <span class='ocrx_word' id='word_1_888' title='bbox 2849 5527 3119 5583; x_wconf 77' lang='lat' dir='ltr'>Urbanum</span> <span class='ocrx_word' id='word_1_889' title='bbox 3141 5528 3461 5601; x_wconf 77' lang='lat' dir='ltr'>participem</span> <span class='ocrx_word' id='word_1_890' title='bbox 3489 5527 3664 5600; x_wconf 71' lang='lat' dir='ltr'>operis</span> <span class='ocrx_word' id='word_1_891' title='bbox 3695 5545 3787 5584; x_wconf 70' lang='grc' dir='ltr'>πο.</span> 
     </span>
     <span class='ocr_line' id='line_1_122' title="bbox 2182 5616 2304 5656; baseline -0.008 0"><span class='ocrx_word' id='word_1_892' title='bbox 2182 5616 2208 5656; x_wconf 78' lang='lat' dir='ltr'>s</span> <span class='ocrx_word' id='word_1_893' title='bbox 2265 5617 2304 5656; x_wconf 73' lang='grc' dir='ltr'>ι.</span> 
     </span>
    </p>
   </div>
  </div>
