4112 6178
319 311 411 370 189
1409 309 1771 370 COMMENT.
1813 312 1887 370 IN
1923 311 2143 370 EPIST.
2183 313 2281 371 AD
2316 311 2485 372 ΒΟΜ.

3512 325 3612 382 190

391 443 566 514 (Vere.
615 440 731 513 10.)
805 465 825 490 ε
880 440 1126 500 Salutate
1178 441 1430 515 Apellem
1495 440 1786 514 probatum
1845 441 1906 498 in
1937 443 1991 503 Α
2020 450 2198 510 erant,
2247 441 2636 514 dignoscitur;
2679 453 2899 502 sanctos
2929 446 3078 504 enim
3123 456 3520 522 nuncupateos,
3550 459 3616 508 ut

315 532 545 590 Christo.
583 555 603 581 ι
653 532 820 589 Hunc
844 532 1095 604 Apellem
1134 549 1246 589 non
1265 533 1420 606 quasi
1447 535 1686 588 amicum
1715 549 1900 602 suum,

311 631 398 679 aut
438 623 764 696 participem
812 622 991 696 operis
1047 623 1284 680 salutat:
1341 623 1436 680 sed
1499 632 1720 695 propter
1757 622 1906 696 quod

310 713 706 772 tentationibus
751 714 1011 786 probatus
1039 722 1143 782 est,
1172 721 1228 770 et
1259 714 1318 769 in
1349 713 1569 770 Christo
1599 712 1779 770 ﬁdelis
1808 715 1907 769 in-

312 811 525 861 ventus.

383 892 564 964 (Vers.
612 893 726 963 ll.)
773 916 792 941 ι
822 892 1074 949 Salutate
1099 908 1194 948 eos
1221 891 1317 964 qui
1348 899 1479 948 sunt
1505 907 1576 948 ex
1601 892 1907 950 Aristobuli

307 982 488 1038 domo.
524 1007 544 1029 ι
584 982 946 1040 Aristobulus
975 981 1078 1038 iste
1096 989 1460 1053 congregator
1489 981 1657 1039 fuisse
1687 982 1907 1039 intelli-

309 1072 452 1143 gitur
496 1073 733 1130 fratrum
783 1073 842 1128 in
873 1073 1113 1130 Christo:
1162 1072 1320 1144 cujus
1347 1073 1551 1129 factum
1581 1073 1660 1129 sic
1689 1073 1906 1145 probat,

309 1170 366 1218 ut
403 1177 497 1219 eos
551 1177 692 1234 quos
757 1161 1138 1234 congregabat,
1194 1159 1390 1232 dignos
1443 1162 1774 1219 salutatione
1811 1178 1909 1219 sua

307 1249 582 1322 designet.
659 1275 677 1297 ‹
728 1249 970 1307 Salutate
1028 1250 1396 1308 Herodionem
1447 1261 1742 1324 cognatum
1797 1269 1909 1309 no-

308 1346 506 1396 strum.
537 1363 556 1386 -
598 1339 758 1396 Hunc
783 1356 943 1412 quem
973 1347 1265 1412 cognatum
1281 1349 1494 1398 tantum
1525 1350 1706 1402 vocat.
1729 1350 1910 1399 osten-

307 1427 394 1484 dit
442 1427 704 1486 devotum
761 1429 820 1485 in
851 1428 1120 1486 charitate
1150 1431 1601 1489 renascibilitatis
1631 1450 1642 1488 :
1675 1448 1788 1488 non
1817 1442 1912 1490 ta-

307 1533 432 1574 men
461 1517 808 1590 vigilantiam
839 1519 999 1576 illius
1027 1518 1358 1590 designavit.

394 1632 412 1657 ι
469 1609 712 1666 Salutate
758 1626 853 1667 eos
907 1611 1003 1684 qui
1033 1621 1162 1667 sunt
1189 1628 1261 1668 ex
1300 1613 1538 1670 Narcissi
1580 1611 1766 1680 domo,
1814 1611 1909 1684 qui

307 1709 440 1758 sunt
467 1701 526 1758 in
555 1701 820 1758 Domino.
850 1725 870 1749 ›
912 1701 1200 1758 Narcissus
1229 1701 1324 1758 hic
1356 1703 1454 1759 illo
1480 1713 1725 1775 tempore
1763 1718 1909 1775 pres-

2018 530 2217 588 merito
2247 531 2373 586 illos
2399 532 2636 588 salutare
2659 533 2934 592 videatur.

2087 621 2270 692 (Vers.
2307 621 2422 688 16.)
2469 647 2486 670 ι
2515 623 2757 680 Salutate
2785 624 3026 683 invicem
3057 625 3115 682 in
3141 628 3332 684 osculo
3365 637 3598 686 sancto.-

2015 709 2218 766 Omnes
2276 710 2481 783 quibus
2517 711 2729 780 scribit,
2781 721 2834 769 et
2860 731 2999 788 quos
3029 717 3304 786 nominat,
3332 717 3492 790 jubet
3518 735 3615 776 sa-

2017 798 2194 856 lutare
2235 816 2292 857 se
2344 800 2587 857 invicem
2645 801 2700 856 in
2730 804 2919 859 osculo
2952 813 3160 874 sancto,
3193 807 3246 862 id
3279 815 3361 864 est
3398 808 3456 864 in
3484 825 3617 880 pace

2017 889 2248 957 Christi,
2301 906 2411 945 non
2473 891 2530 946 in
2592 890 2866 947 desiderio
2911 895 3115 962 carnis,
3163 897 3256 951 sed
3303 896 3360 952 in
3405 897 3616 970 Spiritu

2019 986 2242 1046 sancto;
2275 985 2336 1034 ut
2365 979 2621 1051 religiosa
2651 980 2764 1035 sint
2793 982 3002 1047 oscula,
3034 999 3145 1038 non
3185 987 3443 1043 carnalia.

2103 1091 2121 1115 ι
2150 1066 2400 1123 Salutant
2427 1083 2526 1123 vos
2546 1083 2740 1123 omnes
2769 1069 3031 1125 Ecclesiae
3058 1069 3285 1128 Christi.
3317 1097 3334 1120 ι
3391 1075 3493 1130 Per
3513 1076 3619 1132 hoc

2017 1155 2349 1228 intelligitur
2403 1155 2513 1212 dici
2576 1157 2908 1226 Ecclesiam,
2971 1175 3090 1231 quae
3129 1175 3243 1215 non
3290 1160 3362 1218 sit
3389 1161 3616 1220 Christi.

2017 1247 2172 1306 Unde
2201 1254 2256 1302 et
2283 1246 2461 1304 David
2480 1247 2955 1320 conspirationem
2977 1249 3294 1322 iniquorum
3316 1251 3617 1309 Ecclesiam

2019 1336 2443 1409 malignantium
2488 1345 2648 1394 vocat
2697 1338 2873 1409 (Psal.
2921 1356 3059 1407 xxv,
3086 1339 3166 1411 5).
3200 1339 3463 1397 Omnium
3493 1358 3620 1415 ergo

2020 1427 2270 1484 locorum
2321 1427 2544 1483 illorum
2601 1427 2878 1485 Ecclesias
2933 1427 3069 1485 dicit
3121 1446 3214 1485 eos
3261 1430 3521 1501 salutare,
3559 1439 3623 1488 ut

2019 1527 2271 1574 crescant
2318 1518 2375 1573 in
2415 1517 2542 1574 ﬁde.
2592 1519 2708 1574 Hoc
2744 1534 2874 1590 ergo
2903 1517 2969 1573 ad
3019 1518 3360 1590 superiorem
3398 1538 3619 1578 sensum

2020 1609 2234 1675 retulit,
2265 1616 2328 1664 ut
2351 1608 2604 1665 ostendat
2632 1608 2916 1665 Christum
2959 1625 3098 1676 esse,
3125 1608 3184 1664 in
3210 1625 3321 1681 quo
3341 1611 3487 1666 salus
3517 1618 3620 1679 est,

2020 1706 2076 1753 et
2103 1696 2254 1753 hunc
2282 1714 2397 1753 esse
2421 1697 2580 1770 cujus
2610 1698 2849 1770 populus
2878 1697 3059 1754 ﬁdelis
3085 1707 3187 1767 est,
3215 1707 3268 1754 et
3299 1697 3459 1770 cujus
3484 1709 3625 1757 nutu

307 1794 473 1866 byter
490 1790 697 1848 dicitur
724 1789 917 1859 fuisse,
947 1791 1093 1847 sicut
1122 1791 1324 1862 legitur
1363 1792 1418 1848 in
1449 1793 1576 1850 aliis
1601 1791 1907 1849 codicibus.
1939 1807 1985 1868 Β
2020 1785 2164 1842 vivit
2190 1795 2388 1842 cuncta
2414 1794 2680 1868 creatura.
2717 1793 2859 1848 110
2904 1787 3113 1843 Auctor
3163 1787 3313 1844 enim
3362 1788 3491 1846 vita;
3533 1788 3628 1848 hic

289 1883 382 1940 Et
424 1881 556 1956 quia
583 1896 824 1954 praesens
859 1896 974 1936 non
1021 1887 1157 1950 erat,
1187 1881 1391 1938 videtis
1416 1899 1524 1955 qua
1545 1899 1709 1938 causa
1727 1899 1818 1938 eos
1845 1882 1905 1937 in

310 1972 556 2031 Domino
583 1970 784 2026 salutet
812 1979 875 2027 ut
911 1979 1149 2038 sanctos,
1181 1971 1278 2044 qui
1314 1987 1383 2028 ex
1412 1972 1531 2045 ejus
1546 1971 1903 2028 erantdomo.

316 2063 420 2121 Hic
447 2069 628 2118 autem
657 2059 944 2118 Narcissus
976 2060 1260 2133 presbyter
1286 2061 1468 2118 ofﬁcio
1497 2061 1764 2133 peregrini
1789 2060 1908 2116 fun-

312 2151 542 2224 gebatur
572 2150 712 2223 (56),
745 2149 1228 2206 exhortationibus
1256 2149 1484 2206 ﬁrmans
1512 2150 1830 2216 credentes;
1853 2157 1907 2205 et

311 2243 575 2317 quoniam
636 2257 747 2297 non
799 2239 1005 2296 sciebat
1059 2241 1358 2312 Apostolus
1409 2241 1604 2297 merita
1660 2241 1904 2306 illorum,

312 2333 406 2406 qui
443 2348 574 2390 cum
613 2330 713 2386 illo
741 2329 984 2397 fuerant,
1033 2328 1112 2385 sic
1151 2327 1330 2385 dixit:
1380 2353 1398 2377 ι
1427 2330 1668 2386 Salutate
1692 2345 1786 2385 eos
1811 2327 1908 2402 qui

311 2430 441 2477 sunt
472 2436 544 2476 ex
573 2417 810 2476 Narcissi
837 2416 1003 2474 domo
1029 2415 1088 2472 in
1120 2417 1395 2484 Domino;
1433 2441 1451 2464 ν
1505 2417 1611 2473 hoc
1638 2425 1741 2485 est,
1771 2431 1910 2488 quos

315 2510 469 2567 scitis
525 2525 641 2565 esse
678 2508 876 2581 dignos
920 2523 991 2563 ex
1038 2506 1127 2562 bis
1171 2506 1504 2562 salutatione
1537 2521 1677 2572 mea,
1725 2505 1821 2578 qui
1852 2505 1910 2561 in

316 2600 558 2658 Domino
599 2606 916 2673 posuerunt
967 2611 1118 2669 spem
1155 2613 1332 2664 suam,
1365 2596 1491 2652 illos
1533 2596 1764 2651 salutate
1797 2611 1911 2651 no—

311 2691 466 2748 mine
482 2706 626 2747 meo.

388 2783 574 2853 (Vers.
609 2779 722 2850 12.)
769 2803 788 2826 ε
815 2779 1057 2835 Salutate
1085 2775 1452 2850 Tryphaenam
1469 2783 1524 2831 et
1543 2774 1910 2847 Tryphosam,

319 2889 444 2947 quae
484 2870 736 2928 laborant
769 2870 826 2926 in
854 2869 1113 2926 Domino.
1145 2892 1163 2916 ι
1208 2868 1315 2922 Has
1343 2881 1457 2922 uno
1485 2865 1692 2922 honore
1721 2863 1914 2936 dignas

317 2963 563 3019 declarat
585 2961 644 3016 in
672 2959 915 3018 Christo.

2017 1893 2119 1953 est,
2153 1884 2299 1940 sicut
2329 1883 2466 1939 dicit
2511 1884 2705 1939 Petrus
2741 1883 3027 1956 apostolus
3075 1884 3217 1954 (Act.
3249 1901 3332 1953 ιη,
3367 1885 3481 1955 15),
3513 1903 3627 1942 non

2020 1973 2114 2029 lex
2143 1973 2198 2028 in
2229 1990 2336 2046 qua
2368 1973 2589 2046 quidam
2621 1974 2850 2030 illorum
2882 1973 3152 2047 putabant
3173 1991 3388 2047 sperare
3407 1974 3624 2033 debere.

2094 2071 2273 2143 (Vers.
2307 2070 2516 2142 17-19.)
2565 2096 2582 2117 ‹
2615 2071 2725 2127 Oro
2756 2080 2938 2128 autem
2971 2089 3091 2137 vos,
3117 2071 3333 2141 fratres,
3356 2079 3417 2128 ut
3447 2071 3625 2128 obser-

2021 2159 2160 2216 vetis
2214 2176 2328 2226 eos,
2373 2161 2467 2232 qui
2520 2159 2889 2216 dissensiones
2944 2166 2998 2214 et
3054 2160 3386 2216 offendicula
3434 2170 3629 2234 praeter

2017 2250 2394 2323 disciplinam,
2426 2266 2588 2322 quam
2625 2267 2721 2306 vos
2764 2249 3059 2317 didicistis,
3091 2250 3328 2318 faciunt,
3361 2258 3414 2306 et
3460 2250 3626 2307 decli-

2018 2351 2143 2398 nate
2173 2342 2239 2397 ab
2268 2341 2399 2397 illis.
2438 2343 2501 2397 Hi
2526 2342 2673 2398 enim
2699 2343 2835 2398 tales
2856 2341 3075 2398 Christo
3097 2342 3332 2398 Domino
3354 2341 3478 2399 Jesu
3505 2360 3618 2399 non

2019 2432 2288 2500 serviunt,
2321 2431 2416 2487 sed
2445 2449 2543 2487 suo
2567 2432 2748 2487 ventri
2781 2449 2793 2499 ;
2826 2440 2878 2487 et
2907 2447 3004 2505 per
3051 2431 3336 2487 illecebras
3360 2449 3423 2488 ac
3460 2431 3630 2488 blan-

2019 2523 2265 2579 dimenta
2287 2539 2602 2578 sermonum
2659 2523 2964 2592 depravant
3021 2523 3188 2578 corda
3232 2523 3630 2578 innocentium.

2019 2612 2218 2668 Vestro
2277 2610 2425 2665 enim
2481 2609 2796 2664 obedientia
2850 2608 2910 2662 in
2977 2610 3128 2663 omni
3160 2610 3281 2664 loco
3349 2610 3633 2682 divulgata

2021 2709 2123 2756 est.
2177 2725 2195 2746 ›
2255 2701 2370 2754 Hoc
2417 2700 2537 2754 loco
2583 2697 2650 2752 de
2696 2697 2949 2768 personis
3000 2696 3259 2767 prorupit
3304 2698 3633 2770 pseudoapo-

2023 2791 2315 2854 stolorum,
2348 2803 2486 2858 quos
2526 2787 2582 2840 in
2629 2792 2748 2839 tota
2789 2783 3020 2855 epistola
3071 2784 3343 2841 cavendos
3383 2788 3620 2854 monuit,

2023 2879 2168 2936 sicut
2195 2886 2248 2933 et
2279 2893 2428 2933 nunc
2461 2895 2474 2943 ;
2511 2875 2602 2933 sed
2635 2874 2751 2931 sine
2783 2873 3224 2930 manifestatione
3274 2873 3628 2931 traditionem

2024 2969 2248 3025 illorum
2300 2966 2643 3037 compressit.
2694 2964 2762 3021 Hi
2813 2961 2962 3018 enim
3010 2961 3280 3034 cogebant
3346 2962 3629 3021 credentes

404 3076 424 3098 ε
470 3051 715 3106 Salutate
759 3047 1041 3104 Ρθτείάθω
1088 3045 1492 3113 οῖιπίεείωθω,
1525 3060 1646 3117 quae
1675 3043 1911 3099 mullum
2014 3055 2322 3131 judaizare,
2364 3062 2426 3110 ut
2484 3054 2582 3111 Dei
2637 3052 2967 3109 beneﬁcium
3019 3050 3165 3107 circa
3221 3067 3277 3107 se
3324 3051 3625 3113 inanirent,

282 3181 286 3186 .
320 3139 599 3197 laboravit
644 3139 702 3193 in
743 3136 1004 3193 Domino.
1037 3159 1054 3182 ι
1117 3136 1223 3190 Ista
1252 3133 1556 3206 anteposita
1582 3133 1801 3189 videtur
1825 3149 1912 3190 su-

2031 3147 2174 3204 sicut
2205 3162 2369 3217 supra
2410 3143 2707 3200 memoravi
2733 3160 2747 3209 ;
2780 3140 3105 3213 compositis
3127 3139 3272 3195 enim
3298 3142 3628 3214 genealogiaa

329 3229 601 3302 pradictis
647 3229 779 3302 quia
846 3251 864 3275 ι
921 3228 1154 3284 multum
1200 3227 1470 3283 laboravit
1513 3227 1570 3282 in
1601 3224 1856 3282 Domino.
1888 3251 1906 3273 ι

323 3320 511 3376 Labor
539 3318 629 3376 hic
657 3319 716 3374 in
753 3315 1139 3372 exhortatione
1156 3324 1256 3384 est,
1291 3323 1345 3371 et
1375 3315 1432 3370 in
1464 3314 1772 3371 ministerio
1802 3331 1920 3370 san-

321 3415 570 3476 ctorum,
601 3416 658 3463 et
680 3407 739 3462 in
769 3421 1042 3478 pressura,
1072 3413 1128 3461 et
1155 3405 1212 3459 in
1245 3412 1480 3476 egestate
1506 3412 1728 3476 propter
1749 3402 1922 3459 Chri-

317 3506 490 3556 stum.
531 3495 661 3572 quia
690 3495 887 3553 domos
931 3511 1058 3550 suas
1098 3494 1483 3567 relinquebant
1527 3494 1700 3566 fugati
1728 3501 1782 3549 et
1809 3508 1919 3564 op-

319 3587 549 3661 probrio
587 3593 743 3642 erant
775 3583 984 3640 inﬁdis.
1597 3589 1602 3592 '

392 3677 580 3750 (Vera.
615 3675 729 3746 13.)
776 3699 796 3722 ε
819 3672 1281 3730 SalutateRufum
1303 3672 1535 3736 electum
1568 3669 1626 3726 in
1659 3669 1918 3737 Domino,

322 3776 372 3824 et
397 3775 635 3824 matrem
665 3764 784 3836 ejus
821 3772 876 3820 et
904 3780 1101 3820 meam.
1145 3787 1162 3809 ι
1206 3762 1335 3819 Ideo
1357 3761 1521 3818 istum
1555 3760 1758 3818 Rufum
1787 3776 1920 3831 pras-

307 3858 510 3931 aposuit
557 3855 721 3913 matri
780 3861 1002 3928 propter
1056 3851 1378 3908 electionem
1430 3848 1924 3906 administrationis

323 3947 511 4020 gratim
542 3944 664 4014 Dei,
697 3945 755 4000 in
783 3959 892 4016 qua
921 3940 1121 3998 mulier
1146 3941 1327 3998 locum
1358 3956 1468 3996 non
1499 3938 1695 4006 habet;
1715 3937 1921 3994 electus

321 4039 463 4095 enim
519 4044 656 4104 erat,
706 4035 765 4091 id
806 4043 908 4102 est,
929 4041 1216 4107 promotus
1243 4050 1276 4088 a
1304 4031 1544 4088 Domino
1571 4029 1638 4086 ad
1677 4045 1763 4086 res
1803 4027 1922 4100 ejus

324 4125 580 4199 agendas.
638 4124 869 4181 Matrem
916 4129 1102 4178 tamen
1157 4130 1269 4178 tam
1321 4129 1566 4178 sanctam
1614 4116 1829 4185 habuit,
1860 4124 1923 4173 ut

325 4216 628 4290 Apostolus
665 4229 824 4270 suam
851 4228 1068 4285 quoque
1099 4219 1329 4267 matrem
1361 4209 1506 4267 hanc
1534 4216 1777 4265 vocaret.

395 4317 589 4389 (Vere.
620 4312 734 4383 14.)
782 4337 802 4358 ε
821 4311 1062 4369 Salutate
1091 4309 1452 4382 Asyncletum
1482 4309 1624 4379 (57),
1656 4307 1922 4380 Phlegon-

327 4414 453 4473 tem,
513 4405 773 4470 Herman,
829 4399 1141 4467 Patrobam,
1175 4399 1433 4465 Hermen,
1471 4405 1524 4454 et
1557 4398 1651 4471 qui
1677 4415 1803 4455 cum
1845 4397 1925 4453 eis

327 4502 472 4563 sunt,
510 4492 725 4548 fratres.
771 4514 788 4538 ι
835 4491 949 4546 Hos
971 4487 1142 4545 simul
1173 4487 1398 4554 salutat,
1430 4487 1562 4583 quia
1599 4487 1806 4543 sciebat
1831 4501 1926 4583 eos
1949 4524 2000 4583 Β

2031 3235 2235 3304 verbis,
2257 3241 2521 3290 tractatus
2550 3231 2658 3288 sibi
2686 3230 3014 3304 coeptabant
3061 3227 3129 3284 ad
3180 3228 3627 3286 commendatio—

2031 3343 2157 3382 nem
2205 3324 2522 3382 traditionis
2569 3339 2700 3390 suze,
2746 3336 2842 3393 per
2888 3336 3026 3392 quos
3071 3319 3412 3391 simplicium
3461 3319 3627 3376 corda

2029 3416 2362 3488 deciperent.

2117 3530 2134 3554 ι
2173 3506 2368 3562 Vestra
2415 3501 2564 3559 enim
2617 3499 2953 3567 obedientia,
3023 3497 3226 3571 inquit,
3288 3497 3346 3553 in
3405 3513 3626 3554 omnem

2031 3596 2215 3651 locum
2245 3594 2532 3664 divulgata
2559 3599 2657 3647 est.
2696 3615 2714 3638 ι
2761 3590 2877 3646 Hoc
2909 3597 2990 3646 est
3033 3588 3179 3662 quod
3219 3588 3275 3644 in
3322 3586 3626 3660 primordio

2031 3686 2275 3760 epistolas
2335 3684 2494 3752 dicit,
2540 3708 2558 3731 α
2587 3683 2717 3758 quia
2758 3681 2893 3739 ﬁdes
2949 3689 3131 3738 vestra
3187 3679 3514 3752 praedicatur
3569 3677 3625 3733 in

2029 3777 2291 3833 universo
2321 3775 2529 3831 mundo
2563 3774 2738 3844 (Rom.
2773 3790 2813 3841 ι,
2843 3773 2926 3840 8),
2957 3795 2976 3818 ι
3020 3770 3124 3827 hoc
3153 3769 3446 3842 signiﬁcat,
3479 3767 3626 3840 quod

2031 3881 2255 3922 securus
2283 3864 2356 3920 sit
2386 3862 2454 3918 de
2475 3860 2789 3918 obedientia
2817 3855 3030 3915 eorum.
3078 3860 3212 3915 Erat
3260 3857 3408 3914 enim
3454 3856 3626 3913 incre-

2031 3955 2224 4011 dulum
2284 3953 2432 4026 quod
2485 3967 2541 4008 se
2593 3949 2936 4023 subjicerent
2987 3949 3104 4018 (59)
3174 3955 3298 4020 post
3347 3944 3622 4016 cognitam

2031 4046 2318 4104 veritatem
2350 4044 2426 4100 rei
2457 4045 2638 4101 stultze
2666 4041 2820 4116 quasi
2851 4039 3167 4113 prudentes.

2118 4161 2136 4182 ι
2157 4133 2380 4191 Gaudeo
2410 4134 2576 4206 igitur
2605 4132 2664 4188 in
2692 4131 2899 4187 vobis.»
2937 4128 3010 4183 Et
3038 4125 3130 4181 hic
3158 4138 3348 4178 sensus
3375 4120 3445 4177 de
3472 4136 3627 4194 supe-

2031 4224 2176 4282 riore
2204 4233 2356 4298 parte
2385 4224 2630 4295 epistolae
2661 4229 2743 4277 est
2775 4239 2789 4287 ;
2827 4216 3024 4290 gaudet
3051 4213 3198 4268 enim
3243 4210 3372 4286 quia
3419 4211 3629 4270 Roma-

2030 4317 2112 4387 ni,
2161 4316 2258 4391 qui
2310 4330 2542 4387 regnum
2599 4311 2800 4367 habere
2855 4306 3136 4375 videntur,
3179 4301 3532 4378 subiecerunt
3570 4319 3628 4360 se

2031 4408 2160 4465 ﬁdei
2191 4405 2538 4464 Christianae.

2120 4521 2138 4543 ι
2168 4498 2314 4554 Volo
2342 4512 2443 4552 vos
2468 4491 2750 4567 proﬁcere,
2787 4497 2851 4549 ut
2878 4487 3083 4547 eruditi
3132 4485 3254 4543 sitis
3298 4484 3356 4541 in
3395 4484 3624 4553 bonum,

328 4598 438 4638 esse
462 4579 770 4640 concordes
797 4580 856 4635 in
896 4577 1140 4644 Christo.
1183 4575 1289 4632 1100
1317 4582 1418 4642 est.
1443 4573 1666 4646 iunctos
1695 4575 1754 4629 in
1779 4573 1996 4630 alni"-
2038 4585 2199 4642 rudes
2228 4602 2357 4641 vero
2385 4584 2443 4640 in
2473 4584 2698 4640 malum.
2737 4607 2755 4631 ι
2798 4577 3066 4637 Eruditus
3087 4577 3145 4633 in
3196 4576 3342 4631 bono
3385 4574 3479 4631 hic
3524 4580 3624 4641 est,

325 4673 516 4730 citiam
556 4671 945 4730 Christianam.
997 4668 1212 4725 Salutat
1268 4665 1434 4722 simul
1468 4672 1522 4721 et
1570 4664 1786 4733 fratres,
1829 4662 1924 4737 qui

327 4771 478 4820 erant
512 4777 639 4818 cum
669 4759 766 4828 eis,
799 4775 1033 4833 quorum
1065 4758 1293 4814 nomina
1325 4753 1694 4828 prmtermisit.

398 4861 585 4933 (Vers.
622 4859 736 4931 l5.)
792 4882 810 4904 ε
839 4857 1083 4914 Salutate
1130 4855 1482 4928 Philologum
1514 4865 1568 4914 et
1597 4854 1821 4924 Iuliam,
1871 4861 1927 4912 et

328 4950 586 5019 Nereum,
616 4957 670 5006 et
696 4965 935 5006 sororem
967 4945 1085 5018 ejus
1114 4945 1500 5018 Olympiadem
1526 4945 1668 5017 (38),
1705 4952 1759 5001 et
1795 4963 1926 5002 om-

331 5057 426 5099 nes
470 5041 570 5116 qui
618 5058 742 5097 cum
774 5040 854 5095 eis
882 5046 1031 5105 sunt,
1063 5044 1299 5094 sanctos.
1335 5061 1353 5084 ι
1398 5037 1464 5093 Hi
1497 5053 1688 5093 omnes
1717 5037 1928 5094 unani-

331 5149 444 5192 mes
467 5133 864 5207 intelliguntur
895 5129 1086 5199 fuisse,
1106 5147 1243 5204 quos
1263 5130 1367 5188 hac
1395 5146 1557 5188 causa
1574 5129 1739 5186 simul
1767 5129 1927 5187 salu-

329 5229 427 5293 tat,
485 5240 723 5297 quorum
769 5221 1030 5278 meritum
1088 5235 1157 5275 ex
1201 5220 1292 5290 iis,
1329 5220 1426 5295 qui
1477 5219 1644 5276 simul
1692 5235 1816 5276 cum
1848 5219 1928 5276 eis

405 5421 522 5498 (56)
553 5421 678 5478 Vet.
703 5418 835 5498 edit.
855 5433 978 5498 cum
997 5415 1196 5498 pan-cis
1226 5415 1594 5498 mss.‘,.eideris
1615 5433 1723 5498 qua
1741 5432 1924 5498 causa.

332 5487 527 5549 Paucis
574 5508 706 5549 vero
757 5487 1062 5562 interjectis
1105 5488 1268 5562 Bom.
1303 5487 1437 5544 edit.
1468 5489 1604 5557 sola,
1624 5487 1924 5547 Narcissus

329 5565 619 5637 presbyteri
649 5563 812 5637 ofﬁcio
837 5558 1052 5637 peregre
1088 5558 1426 5637 fungebatur.

406 5582 484 5619 380
521 5582 619 5621 ten
649 5582 812 5637 οῃιοιο
837 5582 1052 5634 peregre
1088 5582 1426 5630 [ungeuatun

406 5582 523 5711 (ἕᾷ)
546 5637 637 5711 _Ita
665 5643 774 5711 vet.
805 5633 943 5711 edit_.
971 5649 1033 5688 ac
1063 5631 1245 5711 plures
1273 5645 1428 5711 m‘ss.;
1461 5628 1558 5711 alii
1586 5639 1769 5690 autem
1791 5646 1927 5689 non-

335 5701 880 5782 nulli,'Asyndetum;
908 5701 1081 5762 Romf
1098 5701 1258 5772 edit.,
1292 5701 1655 5774 Asyncritum.

2169 4853 2286 4908 iunt

2074 4871 2102 4910 e
2133 4869 2286 4910 olunt

2033 4870 2070 4911 η
2105 4871 2432 5018 ῗνθι-ε.’20.)
2477 4965 2496 4990 ι
2526 4943 2675 4999 Deus
2704 4946 2887 4996 autem
2908 4935 3058 5010 pacis
3082 4941 3329 4993 mutaret
3373 4933 3625 5018 Satanam

2033 5034 2136 5091 sub
2165 5033 2396 5108 pedibus
2431 5030 2629 5088 vestris
2654 5029 2937 5096 velociter,
2960 5053 2978 5076 ι
3022 5026 3079 5082 id
3109 5033 3190 5082 est
3217 5021 3394 5080 brevi.
3419 5023 3533 5078 Hoc
3561 5017 3628 5076 de

2035 5124 2275 5181 adventu
2305 5138 2404 5180 suo
2433 5121 2590 5189 dicit,
2641 5121 2771 5194 quia
2810 5118 3081 5175 adventus
3129 5113 3248 5186 ejus
3295 5111 3627 5185 opprimeret

2035 5216 2316 5276 diabolum
2353 5216 2424 5272 ob
2454 5215 2579 5284 hoc,
2610 5213 2757 5288 quod
2783 5213 2874 5270 isti
2903 5211 3205 5285 spiritalem
3253 5207 3483 5280 gratiam
3523 5216 3626 5257 ac-

2109 5415 2226 5487 (58)
2260 5413 2393 5487 Gill.
2425 5429 2490 5470 ac
2521 5413 2678 5487 Rom.
2712 5409 2848 5487 edit.
2877 5424 3006 5466 cum
3038 5421 3169 5462 mss.
3201 5396 3551 5475 quibusdam,
3581 5404 3629 5453 et

2035 5483 2270 5569 sationem
2279 5485 2410 5569 "ejus
2439 5491 2486 5540 et
2513 5483 2829 5569 Olympiam.

2109 5541 2242 5631 (39—)
2277 5541 2368 5615 Sic
2415 5541 2607 5613 omnes
2649 5541 2783 5631 edit.
2813 5572 2827 5620 ;
2878 5558 2950 5631 at_
2978 5553 3168 5606 contra
3203 5557 3332 5598 mss.
3363 5556 3532 5616 prope
3556 5541 3626 5599 ad

2034 5625 2230 5700 unum,
2259 5631 2400 5701 quod
2426 5645 2534 5685 non
2558 5644 2610 5682 se
2639 5625 2970 5697 subjicerent.
