4090 6182
456 302 554 361 191
1434 299 1530 355 ΑΙ)
1569 296 1802 355 OPERA
1839 295 1896 352 S.
1937 293 2059 351 AM]

2164 292 2273 351 )SII
2310 290 2696 351 APPENDIX.

3648 291 3757 349 192

451 437 664 506 cepturi
704 437 894 498 erant;
939 429 1028 488 cui
1071 427 1149 486 rei
1198 425 1414 484 invidet
1463 425 1710 491 Satanas,
1743 421 1875 496 quia
1931 421 2057 488 vult
2084 424 2137 484 Α
2165 437 2260 478 nes
2309 421 2433 478 ideo
2477 418 2806 478 nominatim
2855 424 3141 477 enumerat
3178 417 3236 475 in
3284 415 3616 475 salutatione
3659 419 3764 477 Ro-

453 521 708 579 homines
741 536 1058 594 permanere
1107 518 1165 575 in
1211 531 1438 583 errore;
1489 521 1684 570 caetera
1727 518 1789 567 ut
1835 511 2052 568 discre—

453 619 605 684 pent,
635 627 762 668 cum
793 610 906 666 sint
930 610 1097 666 unius
1123 603 1495 681 professionis.

540 724 561 746 ‹
603 698 791 756 Gratia
832 697 1055 755 Domini
1096 695 1269 754 nostri
1296 693 1422 750 Jesu
1449 689 1655 748 Christi
1681 689 1985 746 vobiscum.
2022 708 2049 740 »

426 791 698 848 Gratiam
729 805 892 863 quam
937 786 1192 861 promisit
1237 783 1354 840 illis
1395 781 1453 837 in
1497 780 1739 836 adventu
1787 796 1907 845 suo,
1936 776 2051 851 jam

453 889 605 953 optat
646 896 761 937 esse
815 893 941 934 cum
993 875 1139 941 illis;
1198 873 1244 928 si
1295 871 1445 928 enim
1478 876 1758 926 merentur
1786 869 2052 941 accipere,

449 967 560 1040 jam
592 984 715 1025 cum
747 967 862 1022 illis
889 972 969 1020 est
991 963 1047 1019 in
1078 978 1191 1035 spe.

539 1080 557 1104 ι
590 1057 770 1128 (Vers.
790 1052 906 1124 2l.)
946 1077 964 1100 ι
1010 1052 1222 1109 Salutat
1250 1066 1350 1105 vos
1377 1047 1700 1104 Timotheus
1727 1062 1951 1103 consors
1980 1045 2054 1100 la-

454 1144 645 1200 borum
676 1157 946 1208 meorum,
977 1147 1031 1195 et
1071 1139 1294 1206 Lucius,
1341 1145 1395 1192 et
1450 1138 1635 1204 Jason,
1677 1143 1731 1191 et
1778 1134 2056 1205 Sosipater

451 1231 668 1306 cognati
710 1231 836 1286 mei.
872 1255 889 1277 ι
929 1227 1254 1284 Timotheus
1283 1242 1508 1283 consors
1555 1227 1802 1283 laborum
1835 1222 1954 1295 ejus
1973 1230 2056 1280 est

454 1321 609 1396 quasi
655 1318 1029 1392 coepiscopus,
1079 1316 1174 1390 qui
1229 1333 1353 1372 cum
1411 1332 1608 1388 magna
1676 1313 2056 1371 sollicitudine

460 1408 764 1466 Ecclesiam
797 1405 1156 1480 gubernabat,
1187 1405 1399 1478 positus
1446 1405 1505 1461 in
1547 1404 1816 1461 invidiam
1846 1402 2056 1460 Judaao-

456 1515 580 1554 rum
634 1513 806 1569 usque
850 1495 1008 1564 adeo,
1056 1502 1120 1551 ut
1169 1496 1312 1552 inter
1360 1493 1521 1552 initia
1569 1493 2056 1552 circumcideretur

456 1594 681 1660 propter
709 1584 1029 1644 scandalum
1051 1584 1398 1652 Iudaeorum;
1432 1593 1495 1641 ut
1514 1583 1643 1659 quia
1673 1591 1843 1638 matre
1869 1581 2057 1637 Iudaea

456 1683 590 1745 erat,
621 1675 815 1732 doctor
860 1691 978 1732 esse
1019 1691 1131 1731 non
1186 1681 1369 1747 posset
1434 1673 1876 1738 incircumcisus.
1927 1673 2057 1728 Illos

2161 528 2469 580 manorum,
2501 519 2564 567 ut
2592 510 2796 568 scirent
2822 511 3010 585 quales
3042 517 3097 566 et
3123 508 3315 583 quanti
3353 509 3766 582 congauderent

2159 599 2307 656 bono
2335 608 2515 672 coepto
2544 600 2790 656 illorum.

2235 690 2417 760 (Vers.
2441 689 2654 762 25-27.)
2702 713 2719 736 ε
2754 687 2822 744 Ei
2852 695 3035 744 autem
3067 687 3160 761 qui
3190 693 3370 760 potest
3397 703 3498 744 vos
3516 687 3766 746 stabilire

2163 777 2462 834 secundum
2493 777 2856 850 Evangelium
2887 792 3069 832 meum
3093 782 3145 832 et
3162 774 3613 848 praedicationem
3635 777 3765 834 Jesu

2163 865 2392 932 Christi,
2410 865 2716 922 secundum
2750 865 3141 921 revelationem
3171 865 3420 936 mysterii
3454 865 3594 937 (61),
3617 865 3767 939 quod

2161 955 2502 1028 temporibus
2544 953 2766 1010 internis
2814 954 2870 1009 in
2923 953 3145 1009 silentio
3205 953 3350 1021 fuit;
3410 954 3766 1012 manifestum

2167 1051 2303 1106 111
2357 1052 2440 1100 est
2485 1051 2666 1100 autem
2715 1059 2864 1099 nunc
2917 1059 3012 1115 per
3058 1042 3358 1115 scripturas
3417 1043 3768 1116 propheticas

2164 1142 2465 1200 secundum
2532 1141 2824 1213 imperium
2882 1140 3071 1196 aeterni
3120 1140 3219 1196 Dei
3267 1139 3334 1197 ad
3395 1141 3766 1198 obedientiam

2163 1231 2295 1289 ﬁdei
2325 1231 2384 1286 in
2411 1247 2606 1287 omnes
2642 1239 2846 1304 gentes,
2884 1230 3167 1302 cognitum
3214 1229 3320 1286 soli
3367 1230 3604 1302 sapienti
3653 1231 3768 1286 Deo

2165 1337 2260 1394 per
2286 1321 2471 1377 Iesum
2503 1319 2808 1386 Christum,
2841 1319 2933 1374 cui
2980 1319 3153 1390 gloria
3194 1319 3252 1374 in
3299 1319 3499 1374 saecula
3540 1320 3765 1376 saeculo-

2163 1426 2307 1467 rum.
2339 1413 2538 1466 Amen.
2571 1434 2588 1457 ι
2631 1410 2745 1464 Deo
2787 1407 2936 1463 Patri
2978 1423 3047 1463 ex
3092 1423 3201 1480 quo
3245 1416 3374 1464 sunt
3419 1407 3624 1476 omnia,
3673 1407 3772 1466 dat

2164 1500 2428 1571 gloriam;
2462 1506 2524 1554 ut
2551 1505 2790 1570 emptum
2824 1499 3220 1565 Romanorum,
3251 1496 3382 1569 quia
3413 1503 3606 1568 potens
3659 1505 3767 1566 est,

2163 1587 2420 1661 dignetur
2485 1587 2735 1658 implere,
2807 1584 3187 1643 conﬁrmando
3253 1585 3312 1640 in
3377 1583 3486 1642 ﬁde
3553 1585 3770 1643 animos

2163 1693 2353 1746 eorum
2411 1677 2481 1733 ad
2520 1676 2825 1749 profectum
2884 1675 3192 1747 Evangelii,
3254 1681 3308 1730 et
3373 1675 3770 1732 revelationem

457 1781 588 1822 vero
625 1773 884 1838 cognatos
924 1762 1084 1832 dicit,
1130 1763 1331 1836 partim
1402 1763 1635 1836 generis,
1684 1762 1882 1835 partim
1927 1760 2056 1817 ﬁdei
2088 1782 2135 1842 Β
2166 1765 2416 1840 mysterii
2445 1763 2753 1822 absconditi
2785 1781 2817 1819 a
2844 1763 3061 1820 saeculis
3095 1763 3314 1834 (Ephea.
3342 1780 3424 1831 ιιι,
3465 1764 3550 1834 9).
3578 1765 3771 1821 Mani-

457 1871 638 1911 03083.

530 1943 711 2015 (Vers.
746 1942 861 2013 22.)
927 1965 946 1988 ‹
977 1941 1169 1999 Saluto
1205 1958 1307 1999 vos
1356 1959 1456 2015 ego
1502 1941 1738 2010 Tertius,
1781 1938 1874 2012 qui
1917 1939 2060 1996 hanc

457 2030 743 2105 epistolam
774 2031 966 2104 scripsi
991 2030 1046 2086 in
1078 2031 1335 2088 Domino.
1368 2057 1385 2077 ι
1429 2030 1646 2086 Tertius
1674 2027 1921 2094 nomine,
1944 2043 2055 2084 non

458 2139 690 2180 numero
723 2141 735 2178 :
773 2122 867 2178 hic
899 2132 980 2179 est
1008 2122 1187 2179 scriba
1217 2119 1483 2193 epistola,
1515 2117 1602 2174 cui
1648 2119 1923 2175 concessit
1959 2135 2058 2175 suo

459 2212 684 2269 nomine
713 2212 952 2268 salutare
983 2210 1199 2283 plebem
1230 2211 1551 2275 Romanam,
1572 2207 1640 2264 ad
1657 2224 1819 2281 quam
1842 2207 2052 2275 scribit;

457 2310 518 2358 ut
546 2309 770 2360 caeteros
803 2301 1062 2368 salutent,
1088 2316 1226 2372 quos
1253 2298 1526 2354 nominat.
1547 2297 1746 2354 Adhuc
1773 2297 1922 2353 enim
1946 2313 2058 2354 rec-

460 2399 605 2447 tores
627 2389 894 2446 Ecclesiis
924 2387 1114 2461 paucis
1138 2397 1293 2444 erant
1323 2387 1380 2444 in
1411 2387 1569 2444 locis.

531 2488 714 2560 (Vers.
757 2487 875 2558 23.)
934 2511 952 2533 ι
999 2486 1213 2543 Salutat
1254 2503 1357 2543 vos
1416 2484 1580 2557 Cajus
1633 2483 1832 2558 hospes
1882 2499 2056 2553 meus,

457 2584 513 2634 et
540 2577 812 2634 universae
839 2574 1122 2633 Ecclesiae.
1155 2601 1172 2622 ι
1218 2574 1319 2631 Hic
1348 2583 1430 2631 est
1462 2573 1644 2645 Cajus,
1691 2582 1754 2630 ut
1797 2573 2055 2644 arbitror,

458 2666 526 2724 ad
573 2683 735 2740 quem
775 2664 972 2722 scribit
1014 2665 1250 2720 Joannes
1297 2663 1576 2736 apostolus
1635 2663 1751 2732 (III
1789 2663 1928 2718 Joan
1978 2663 2058 2733 1),

460 2756 741 2812 exsultans
771 2754 827 2810 in
858 2752 1128 2811 charitate
1157 2751 1296 2825 ejus,
1329 2767 1494 2824 quam
1523 2749 1824 2807 exhibebat
1869 2749 2058 2806 frater-

459 2845 642 2914 nitati,
694 2844 944 2919 praebens
979 2853 1233 2915 sumptus
1277 2842 1392 2900 illis
1435 2842 1790 2899 necessarios.
1824 2842 1896 2896 Et
1932 2857 2058 2897 cum

460 2937 711 3009 superius
757 2936 903 2992 dicat
953 2954 964 2991 :
1026 2961 1043 2982 ι
1089 2935 1343 2991 Salutant
1397 2951 1496 2990 vos
1548 2950 1740 2990 omnes
1798 2933 2060 2990 Ecclesiae

461 3025 714 3094 Christi,-
732 3043 880 3083 nunc
909 3026 1071 3083 iterat
1098 3024 1288 3082 dicens
1313 3043 1325 3080 :
1359 3049 1377 3070 ε
1398 3025 1651 3080 Salutant
1668 3041 1766 3080 vos
1785 3024 2060 3081 universae

461 3115 779 3184 Ecclesiae,»
836 3115 983 3188 quod
1020 3131 1132 3169 non
1181 3121 1315 3185 puto
1362 3112 1535 3168 otiose
1583 3114 1878 3179 iteratum;
1915 3112 2059 3168 nihil

461 3205 608 3260 enim
635 3213 822 3261 tantus
852 3206 940 3261 vir
965 3214 1018 3262 et
1038 3211 1148 3260 tam
1181 3203 1486 3259 tractabilis
1520 3202 1869 3274 superﬂuum
1897 3217 2061 3274 pone-

462 3296 574 3352 bat.
621 3296 726 3353 Sed
767 3297 898 3370 quia
958 3323 976 3344 ε
1021 3296 1264 3353 salutant
1307 3310 1426 3358 vos,
1477 3292 1682 3365 inquit,
1735 3308 1926 3348 omnes
1956 3292 2059 3348 Ec-

460 3386 640 3442 clesiae
688 3385 916 3453 Christi,
950 3411 968 3433 ι
1030 3383 1088 3441 id
1135 3391 1240 3452 est,
1283 3397 1476 3440 omnes
1519 3380 1716 3449 sancti,
1763 3380 1906 3436 sicut
1949 3380 2058 3436 alio

465 3477 584 3531 loco
616 3474 754 3530 dicit
787 3493 798 3530 :
848 3473 997 3545 gQui
1026 3480 1209 3530 autem
1241 3479 1371 3528 sunt
1401 3469 1630 3540 Christi,
1661 3486 1880 3526 carnem
1903 3486 2057 3526 suam

461 3563 858 3621 cruciﬁxerunt
887 3563 1095 3633 (Galat.
1129 3580 1186 3629 v,
1219 3561 1313 3626 2-4)
1342 3580 1354 3622 ;
1390 3586 1408 3607 ι
1449 3576 1599 3616 nunc
1628 3558 1863 3630 subjecit
1891 3557 2057 3614 etiam

462 3651 561 3708 hos
603 3651 858 3720 salutare,
891 3652 986 3725 qui
1036 3659 1324 3724 sequentes
1371 3659 1533 3716 sunt;
1592 3659 1654 3706 ut
1703 3649 2056 3706 benedictum

463 3741 728 3812 populum
773 3740 1045 3813 signiﬁcet
1094 3740 1210 3812 (60)
1260 3740 1540 3808 Ecclesiae,
1591 3739 1722 3812 quia
1781 3737 1838 3794 in
1905 3738 2058 3794 omni

463 3829 708 3887 Ecclesia
736 3828 847 3886 duo
878 3837 1007 3886 sunt
1055 3830 1266 3902 populi.
1320 3829 1504 3885 Potest
1551 3835 1606 3885 et
1652 3827 1883 3884 duarum
1937 3843 2059 3900 pro-

463 3919 770 3978 vinciarum
801 3919 1113 3976 nominasse
1147 3919 1444 3988 Ecclesias,
1479 3927 1541 3974 ut
1585 3919 1824 3991 primum
1872 3917 2056 3988 unius,

462 4009 661 4067 deinde
687 4010 914 4066 alterius
965 4007 1070 4065 loci
1112 4007 1344 4064 dixisset
1393 4023 1583 4062 omnes
1635 4006 1928 4075 Ecclesias,
1966 4013 2062 4062 aut

462 4105 608 4156 certe
639 4098 953 4155 Judaiorum
987 4105 1040 4154 et
1070 4095 1382 4170 gentilium,

537 4196 860 4269 (νει-314.)
911 4197 1124 4253 Salutat
1165 4212 1265 4252 vos
1311 4195 1540 4251 Erastus
1581 4191 1927 4264 dispensator
1969 4191 2062 4247 ci-

465 4285 674 4354 vitatis,
729 4294 784 4342 et
833 4287 1070 4354 Quartus
1113 4286 1300 4343 frater.
1340 4304 1367 4337 »
1417 4283 1773 4356 Dispensator
1818 4281 2062 4339 civitatis

464 4385 546 4435 est
569 4377 723 4450 quasi
753 4387 992 4446 curator,
1027 4378 1144 4451 qui,
1168 4379 1411 4435 dictante
1439 4375 1680 4450 justitia,
1723 4374 2062 4448 gubernabat

463 4464 766 4532 civitatem,
803 4465 1044 4521 maxime
1070 4465 1130 4520 in
1159 4465 1352 4537 pretiis
1382 4463 1754 4521 moderandis.
1788 4464 1900 4520 Hos
1932 4479 2063 4520 om-
2091 4501 2139 4561 Β

539 4660 655 4732 (60)
688 4657 875 4718 Codex
904 4658 1144 4729 Thuan.,
1174 4665 1235 4715 ut
1280 4659 1357 4715 bis
1402 4659 1599 4716 dictum
1645 4677 1656 4716 :
1703 4659 1877 4730 Flor.,
1912 4665 1972 4716 ut
1998 4675 2064 4716 ea:

465 4732 558 4814 his,
568 4732 916 4814 dictitatum
949 4732 1203 4814 populum
1217 4732 1502 4814 signiﬁcet.

681 4803 797 4884 lites
839 4803 1069 4884 aliquot,
1093 4803 1398 4884 ministerii.
1421 4805 1543 4860 Non
1573 4805 1705 4884 satis
1724 4815 1890 4884 recte.

538 4874 656 5018 (62)
680 4875 837 4931 Rom.
864 4874 997 4956 edit.
1027 4876 1161 4943 sola,
1192 4884 1240 4932 et
1267 4877 1486 4934 Verbum
1514 4884 1561 4932 et
1589 4879 1917 4934 Paraclitus.

564 4944 657 5018 62)
690 4946 954 5003 Nonnulli
975 4962 1105 5002 mss.
1141 4948 1332 5004 Gloria
1358 4948 1577 5004 Domini
1603 4949 1795 5017 nostri,
1826 4955 1913 5004 etc

564 4944 657 5018 62)
690 4944 954 5003 Nonnulli
975 4962 1105 5002 mss.
1141 4948 1332 5004 Gloria
1358 4948 1577 5004 Domini
1603 4949 1795 5017 nostri,
1826 4955 1932 5004 etc.

2165 1855 2347 1912 festati
2377 1864 2557 1912 autem
2585 1870 2680 1926 per
2711 1851 3016 1920 Christum,
3048 1852 3136 1908 vel
3168 1851 3227 1907 in
3274 1850 3513 1910 Christo.
3565 1852 3771 1910 Sacra-
3827 1867 3840 1877 ί

2166 1953 2413 2002 mentum
2443 1945 2591 2002 enim
2622 1943 2769 2018 quod
2820 1943 2982 2000 latuit
3020 1959 3234 2015 semper
3281 1943 3338 1998 in
3384 1944 3498 2000 Deo
3551 1943 3772 2016 (Ibid.),

2169 2036 2509 2107 temporibus
2581 2034 2792 2094 Christi
2866 2033 3203 2092 declaratum
3278 2041 3382 2101 est,
3454 2034 3585 2109 quia
3657 2052 3771 2092 non

2165 2125 2461 2198 singularis
2483 2134 2564 2180 est
2593 2126 2758 2192 Deus,
2790 2123 2921 2196 quia
2945 2132 3028 2179 est
3055 2121 3201 2193 apud
3238 2122 3397 2178 illum
3426 2138 3497 2179 ex
3548 2122 3773 2179 aeternis

2166 2223 2220 2270 et
2242 2213 2547 2271 Paraclitus
2570 2213 2712 2284 (62),
2747 2211 2804 2268 in
2825 2228 2934 2286 qua
2955 2211 3188 2268 veritate
3217 2227 3437 2267 omnem
3457 2219 3768 2268 creaturam

2166 2303 2410 2361 decrevit
2447 2304 2654 2360 salvam
2686 2301 2806 2358 ﬁeri
2837 2317 2934 2374 per
2959 2300 3317 2374 agnitionem.
3350 2299 3521 2373 Cujus
3542 2301 3771 2374 quidem

2167 2393 2496 2452 sacramenti
2527 2393 2732 2449 veritas
2777 2409 2874 2466 per
2924 2393 3216 2466 prophetas
3263 2393 3442 2448 fuerat
3487 2391 3774 2464 designata

2165 2484 2357 2558 ﬁguris
2401 2481 2752 2556 quibusdam,
2805 2481 2911 2538 soli
2951 2483 3065 2538 Deo
3125 2481 3407 2554 cognitum
3465 2480 3701 2553 sapienti
3754 2499 3766 2538 :

2166 2572 2326 2645 cujus
2337 2571 2524 2645 gratiae
2546 2570 2842 2643 participes
2871 2571 3051 2626 voluit
3072 2586 3188 2626 esse
3207 2578 3416 2642 gentes,
3439 2570 3586 2643 quod
3606 2569 3772 2628 latuit

2168 2677 2337 2733 genus
2386 2660 2696 2717 hominum.
2747 2659 2908 2716 Solus
2951 2675 3080 2732 ergo
3122 2667 3204 2732 est
3244 2658 3481 2731 sapiens,
3528 2658 3659 2732 quia
3699 2657 3771 2715 ab

2169 2751 2288 2824 ipso
2316 2759 2400 2807 est
2427 2749 2611 2806 omnis
2637 2753 2776 2810 112
2805 2748 3094 2820 sapientia,
3125 2748 3268 2805 sicut
3288 2747 3428 2805 dicit
3459 2748 3720 2806 Salomon
3753 2765 3767 2803 :

2179 2871 2198 2894 ε
2243 2847 2436 2906 Omnis
2481 2847 2752 2920 sapientia
2796 2863 2827 2902 a
2873 2847 3112 2903 Domino
3139 2847 3253 2903 Deo
3283 2853 3387 2912 est,
3415 2853 3469 2902 et
3497 2861 3622 2901 cum
3649 2844 3773 2918 ipso

2168 2938 2275 2994 fuit
2297 2954 2510 3011 semper
2540 2938 2732 3006 (Eccli.
2773 2954 2812 3004 ι,
2853 2936 2930 3008 1).
2963 2960 2982 2984 ›
3034 2935 3313 3008 Sapientia
3358 2934 3465 2991 ista
3509 2933 3773 2992 Christus

2168 3034 2269 3097 est,
2324 3027 2454 3100 quia
2491 3025 2561 3082 de
2614 3026 2733 3098 ipsa
2786 3034 2888 3094 est,
2937 3033 2991 3081 et
3044 3041 3173 3081 cum
3226 3024 3325 3080 illo
3379 3029 3491 3081 erat
3526 3036 3771 3096 semper,

2088 3141 2132 3202 ρ
2171 3133 2264 3188 per
2291 3133 2452 3188 quem
2478 3115 2581 3188 ipsi
2613 3116 2787 3187 gloria
2826 3116 2882 3171 in
2929 3115 3129 3172 saecula
3171 3115 3518 3171 saeculorum.
3565 3113 3770 3169 Amen.

2167 3205 2294 3262 Ideo
2338 3205 2482 3262 nihil
2522 3206 2640 3263 sine
2688 3206 2912 3264 Christo
2960 3206 3204 3277 plenum,
3259 3204 3392 3277 quia
3435 3217 3529 3275 per
3585 3202 3769 3275 ipsum

2167 3295 2386 3363 omnia;
2438 3295 2529 3368 qui
2553 3312 2676 3351 cum
2710 3295 3044 3368 agnoscitur,
3083 3294 3246 3350 datur
3290 3295 3404 3350 Deo
3449 3293 3598 3349 Patri
3649 3293 3771 3348 laus

2167 3399 2264 3455 per
2289 3383 2493 3455 ipsum,
2525 3383 2655 3457 quia
2684 3384 3015 3456 intelligitur
3044 3399 3140 3456 per
3169 3381 3476 3450 Christum,
3495 3381 3652 3454 quasi
3671 3395 3771 3452 per

2168 3473 2494 3546 sapientiam
2543 3490 2720 3541 suam,
2769 3473 2829 3529 in
2878 3490 2986 3546 qua
3032 3474 3217 3529 salvos
3269 3471 3402 3528 fecit
3463 3469 3768 3528 credentes.

2168 3563 2355 3619 Gloria
2393 3579 2522 3636 ergo
2553 3563 2700 3619 Patri
2749 3580 2848 3636 per
2905 3563 3131 3631 Filium,
3189 3561 3295 3618 hoc
3349 3569 3453 3630 est,
3503 3561 3773 3618 ambobus

2169 3652 2343 3725 gloria
2401 3651 2458 3707 in
2503 3651 2713 3724 Spiritu
2757 3659 2994 3719 sancto;
3065 3650 3194 3724 quia
3241 3657 3473 3724 uterque
3534 3649 3592 3705 in
3661 3666 3774 3707 una

2169 3742 2342 3816 gloria
2370 3750 2470 3800 est.

2241 3831 2423 3905 (Vers.
2445 3832 2562 3904 28.)
2583 3857 2600 3879 ι
2621 3831 2811 3888 Gratia
2837 3830 3059 3887 Domini
3082 3830 3255 3888 nostri
3277 3831 3394 3904 (62)
3418 3831 3548 3887 Jesu
3564 3828 3772 3888 Christi

2168 3938 2294 3979 cum
2343 3921 2602 3979 omnibus
2644 3921 2824 3978 vobis.
2875 3946 2892 3968 ι
2963 3921 3027 3977 In
3079 3919 3434 3977 conclusione
3487 3919 3771 3978 Christum

2169 4010 2345 4082 ponit,
2373 4026 2468 4084 per
2491 4027 2654 4085 quem
2703 4011 2858 4080 facti,
2907 4018 2961 4067 et
3009 4009 3212 4066 iterum
3250 4009 3532 4068 reformati
3581 4024 3774 4066 sumus

2171 4101 2340 4175 gratia
2369 4100 2507 4173 ejus,
2557 4109 2620 4157 ut
2667 4099 2946 4157 mentibus
2991 4099 3195 4157 nostris
3243 4099 3485 4169 haereat;
3537 4097 3667 4174 quia
3725 4097 3774 4155 si

2169 4188 2562 4245 beneﬁciorum
2583 4188 2702 4261 ejus
2732 4205 3001 4246 memores
3030 4189 3224 4258 simus,
3268 4206 3486 4263 semper
3527 4206 3630 4245 nos
3659 4196 3773 4245 tue-

2169 4275 2340 4346 bitur,
2367 4277 2509 4334 sicut
2530 4277 2676 4333 dixit
2705 4297 2716 4334 :
2754 4303 2770 4324 ε
2797 4279 2868 4333 Et
2897 4293 3040 4346 ecce,
3068 4303 3087 4327 ι
3126 4278 3311 4352 inquit
3333 4279 3770 4352 (Matth.xxvm,

2169 4369 2288 4441 20),
2343 4393 2361 4416 ι
2389 4386 2488 4442 ego
2515 4370 2800 4428 vobiscum
2833 4387 2955 4426 sum
2985 4369 3247 4426 omnibus
3281 4369 3476 4426 diebus
3500 4384 3678 4443 usque
3704 4367 3772 4425 ad

2169 4459 2698 4517 consummationem
2727 4458 2936 4516 seculi.
2963 4484 2982 4509 ›
3025 4459 3202 4515 Amen
3235 4461 3375 4534 (63).

2246 4662 2361 4744 (63)
2391 4663 2520 4720 Mss.
2554 4661 2792 4744 Remig.,
2819 4660 3083 4744 Mich._ac
3112 4655 3506 4744 _Col‘bert..hic
3552 4656 3770 4744 longam

2172 4727 2424 4791 laciniam
2449 4727 2852 4813 assuuntfquae
2892 4731 3250 4813 pertinet‘ad
3296 4727 3558 4813 ultimum
3593 4732 3772 4813 caput

2169 4805 2550 4876 commentarii
2583 4804 2638 4859 in
2685 4797 3252 4876 prioremgepistolam
3299 4801 3369 4858 ad
3420 4797 3770 4866 Corinthios;

2169 4893 2277 4949 qua
2303 4875 2370 4932 de
2407 4891 2466 4934 re
2491 4892 2590 4931 suo
2613 4876 2733 4932 loco
2760 4875 3056 4933 dicendum
3084 4875 3210 4932 erit.
