4090 6182
278 305 370 372 193

1347 293 1708 363 COMMENT.
1750 297 1823 360 IN
1858 290 2076 358 EPIST.
2119 299 2141 356 Ι
2179 299 2277 354 ΑΙ)
2317 295 2473 356 COR.

3463 294 3564 355 194

275 469 3552 506 _____________________________——————.________

386 637 502 725 IN
594 631 1232 723 EPISTOLAM
1321 631 1422 721 B.
1517 613 1874 719 PAULI]
1931 633 2081 719 AD
2175 631 2867 720 CORINTHIOS
2951 630 3431 717 PRIMAM.

691 953 830 1011 111
861 944 1228 1003 PROLOGUS
1262 944 1428 1017 (63‘).

335 1065 608 1138 Pmcepto
649 1063 880 1121 Domini
934 1062 1242 1120 admenitus
1290 1061 1590 1134 Apostolus
1645 1060 1848 1117 resedit

272 1155 407 1229 apud
436 1153 764 1215 Corinthios
792 1170 992 1211 annum
1014 1169 1190 1209 unum
1212 1161 1266 1208 et
1293 1167 1506 1208 menses
1534 1151 1861 1220 sex,docens

274 1245 412 1302 inter
438 1261 534 1301 eos
579 1244 806 1300 verbum
853 1242 972 1299 Dei.
1025 1242 1168 1299 Hinc
1195 1249 1277 1298 est
1323 1241 1472 1298 unde
1511 1257 1706 1312 magna
1734 1258 1856 1297 cum

276 1333 471 1392 ﬁducia
499 1343 551 1390 et
578 1331 859 1390 charitatis
887 1331 1084 1388 aﬂ'ectu
1123 1332 1236 1402 agit
1278 1348 1404 1387 cum
1434 1331 1533 1399 eis,
1566 1330 1862 1404 aliquando

275 1439 638 1490 commonens,
666 1421 965 1496 aliquando
1019 1437 1275 1494 arguens,
1335 1421 1636 1493 aliquando
1694 1420 1862 1476 blan-

272 1511 439 1582 diens,
470 1519 531 1568 ut
558 1511 726 1568 ﬁlios.
777 1511 913 1568 Nam
973 1511 1161 1567 multa:
1218 1527 1398 1566 causae
1448 1517 1597 1579 sunt,
1641 1518 1863 1583 propter

270 1619 394 1677 quas
419 1602 614 1659 scribit
636 1600 708 1657 ad
730 1618 844 1657 eos.
897 1600 1141 1668 Quarum
1197 1600 1370 1672 prima
1415 1599 1533 1656 haec
1565 1607 1667 1668 est,
1715 1598 1862 1672 quod

271 1707 410 1747 more
432 1690 821 1748 hareticorum
847 1687 1233 1744 dissentientes
1261 1689 1328 1744 ab
1377 1687 1638 1756 invicem,
1671 1687 1863 1743 homi-

271 1782 426 1839 nibus
471 1782 682 1850 devoti,
712 1780 958 1848 Paulini,
1006 1789 1062 1836 et
1117 1779 1381 1847 Petriani,
1411 1786 1466 1834 et
1511 1777 1859 1850 Apolloniaci

271 1871 376 1928 dici
406 1870 690 1938 volebant,
709 1886 822 1925 non
843 1868 1146 1925 Christiani
1174 1886 1184 1922 :
1212 1867 1359 1940 quod
1388 1864 1548 1921 valde
1567 1865 1862 1936 exprobrat

275 1961 588 2035 Apostolus.
623 1960 791 2015 Erant
825 1967 1006 2014 tamen
1037 1958 1181 2013 inter
1209 1973 1322 2024 eos,
1349 1956 1444 2030 qui
1502 1956 1570 2012 ab
1609 1954 1696 2010 his
1739 1953 1862 2011 dis—

274 2053 570 2119 sentirent,
620 2049 840 2108 Christo
899 2048 1004 2106 soli
1066 2047 1254 2106 dicati.
1288 2046 1539 2104 Secunda
1599 2045 1718 2102 haec
1758 2053 1860 2114 est,

271 2142 398 2215 quia
426 2139 741 2213 eloquentia
795 2137 1057 2194 delectari
1087 2143 1364 2209 cmperant
1400 2142 1453 2190 et
1481 2143 1696 2191 terrena
1725 2132 1862 2206 phi-

270 2229 539 2302 losophia,
569 2236 631 2284 ut
660 2227 764 2284 sub
820 2227 1044 2284 nomine
1099 2225 1328 2293 Christi,
1353 2224 1422 2280 iis
1459 2223 1859 2290 imbuerentur,

1884 945 1936 1006 A
1964 943 2324 1016 Evangelium
2383 942 2588 999 Christi
2617 959 2717 1014 pro
2769 957 2961 998 sensus
3012 942 3102 998 sui
3155 941 3392 999 aabitrio
3447 940 3566 1015 (65)

1969 1033 2302 1099 asserebant,
2333 1048 2402 1087 ex
2427 1029 2628 1103 quibus
2660 1029 2800 1086 rami
2828 1028 2969 1084 aridi
3013 1036 3243 1085 exstant
3285 1045 3436 1086 nunc
3464 1046 3569 1086 us-

1971 1136 2095 1193 que,
2143 1135 2376 1193 quarum
2419 1127 2714 1175 assertores
2741 1116 3013 1172 Ecclesias
3042 1119 3378 1175 evertebant.
3428 1118 3570 1176 Hinc

1969 1210 2270 1282 Apostolus
2317 1208 2522 1274 omnia,
2576 1223 2697 1279 quae
2744 1204 3048 1260 hmresibus
3095 1206 3373 1261 contraria
3417 1215 3566 1276 sunt,

1971 1297 2148 1371 ponit,
2199 1313 2262 1353 ac
2304 1312 2360 1352 se
2403 1311 2596 1350 verum
2644 1292 3060 1366 praedicatorem
3107 1308 3202 1364 per
3246 1292 3305 1347 id
3347 1293 3491 1366 quod
3539 1311 3569 1349 a

1973 1386 2191 1446 Christo
2219 1386 2319 1442 Dei
2349 1385 2633 1441 voluntate
2666 1381 2864 1438 missus
2884 1387 2986 1448 est,
3019 1389 3311 1437 asseverat.

2046 1477 2228 1548 (Vers.
2260 1475 2312 1532 2.
2348 1474 2367 1546 )
2417 1498 2435 1522 ‹
2461 1474 2534 1529 Et
2565 1472 2859 1528 Sosthenes
2887 1468 3079 1524 frater.
3113 1492 3132 1517 ι
3182 1469 3366 1525 Etiam
3403 1468 3571 1525 istum

1971 1582 2072 1623 sua
2145 1561 2493 1621 commendat
2565 1561 2843 1617 societate.
2907 1561 3046 1618 112
3125 1582 3144 1606 ε
3174 1557 3431 1614 Ecclesiae
3450 1559 3572 1627 Dei,

1970 1677 2091 1733 quas
2120 1669 2200 1715 est
2223 1657 2500 1726 Corinthi,
2549 1654 2908 1712 sanctiﬁcatis
2956 1654 3016 1708 in
3079 1651 3300 1710 Christo
3342 1652 3490 1710 Jesu.
3541 1680 3558 1700 -

1971 1750 2262 1821 Propterea
2315 1745 2573 1804 Ecclesiae
2632 1744 2846 1812 scribit,
2907 1743 3037 1817 quia
3117 1742 3299 1799 adhuc
3344 1743 3577 1815 singulis

1969 1839 2233 1895 Ecclesiis
2292 1845 2530 1894 rectores
2583 1851 2697 1890 non
2747 1841 2904 1890 erant
2957 1834 3265 1890 constituti.
3321 1834 3393 1888 Et
3447 1851 3570 1890 cum

1972 1931 2030 1986 in
2061 1930 2254 1986 multis
2281 1935 2472 1999 arguat
2500 1941 2613 1994 eos,
2645 1926 2723 1980 ait
2753 1943 2764 1980 :
2805 1949 2823 1972 ι
2853 1925 2964 1980 San
2987 1923 3245 1980 ctiﬁcatis
3273 1923 3332 1979 in
3360 1922 3580 1980 Christo

1970 2023 2118 2078 Jesu.
2146 2047 2164 2069 ι
2199 2020 2307 2077 Sed
2336 2019 2460 2075 ideo
2498 2018 2628 2092 quia
2657 2017 2964 2089 regenerati
2999 2016 3059 2071 in
3097 2015 3318 2074 Christo
3363 2015 3576 2071 sancti-

1972 2109 2119 2166 ﬁcati
2149 2117 2279 2166 sunt
2310 2126 2322 2164 :
2355 2114 2479 2178 post
2524 2114 2708 2162 autem
2743 2111 3035 2177 coeperant
3067 2105 3210 2160 male
3237 2105 3575 2174 conversari,

1972 2207 2034 2256 ut
2058 2198 2368 2255 ostenderet
2409 2212 2628 2252 omnem
2668 2194 2981 2251 Ecclesiam
3010 2193 3406 2250 sanctiiicatam
3427 2192 3576 2249 fuis-

269 2284 696 2393 quaa‘coniraria
724 2326 854 2373 sunt
909 2316 1058 2372 ﬁdei.
1096 2284 1326 2382 Tertia;
1356 2330 1421 2369 eo
1477 2312 1626 2386 quod
1683 2284 1860 2367 inﬂati

1979 2307 2026 2347 se
2054 2291 2111 2346 in
2143 2290 2383 2357 Christo,
2417 2287 2512 2345 sed
2541 2287 2806 2361 quosdam
2840 2286 3066 2342 illorum
3111 2301 3278 2356 prava
3323 2284 3576 2341 doctrina

2130 2379 2144 2393 .
2323 2386 2334 2393 .
2383 2379 2392 2393 .
2621 2392 2626 2393 ,
2691 2392 2698 2393 ,
2815 2392 2818 2393 ν
2885 2391 2897 2393 _
2951 2373 3245 2393 ,μμ-η-
3299 2373 3545 2393 _-__,._.,-

266 2417 466 2475 essent,
489 2406 637 2479 quod
694 2422 806 2462 non
857 2406 964 2462 iret
1005 2404 1072 2461 ad
1121 2405 1247 2460 illos
1277 2403 1590 2475 Apostolus.
1641 2401 1863 2469 Quarta,

268 2505 490 2570 propter
521 2496 938 2562 fornicatorem,
970 2509 1132 2567 quem
1164 2493 1310 2548 inter
1343 2507 1402 2547 se
1427 2505 1546 2547 esse
1576 2487 1870 2562 patieban-

271 2591 374 2639 tur.
420 2581 651 2649 Quinta,
677 2591 745 2638 ut
790 2589 1169 2638 commoneret
1201 2578 1268 2634 de
1296 2576 1572 2650 praeterita
1614 2574 1866 2648 epistola.

270 2691 434 2748 quam
484 2683 614 2731 ante
673 2675 817 2730 hanc
871 2690 992 2746 qua
1034 2673 1212 2745 prima
1261 2670 1487 2737 dicitur,
1556 2667 1866 2738 scripserat.

268 2763 454 2832 Sexta,
496 2765 626 2837 quia
670 2763 910 2818 invicem
941 2761 1047 2818 sibi
1105 2758 1336 2831 injurias
1361 2765 1417 2813 et
1447 2756 1666 2812 fraudes
1693 2755 1870 2811 facere

268 2861 576 2929 cmporant,
623 2862 677 2909 et
724 2850 1030 2908 inﬁdelium
1082 2849 1266 2922 potius
1319 2846 1574 2903 examina
1615 2845 1871 2916 require-

276 2947 436 3004 bant.
468 2943 715 3017 Septima
741 2955 904 2998 causa
931 2945 1035 3007 est,
1067 2937 1123 2992 in
1153 2952 1261 3009 qua
1283 2935 1533 3007 designat
1581 2933 1746 2991 licere
1762 2931 1871 2987 sibi

274 3043 532 3107 sumptus
557 3030 822 3104 accipere,
854 3027 949 3084 sed
977 3034 1330 3084 contemnere
1355 3042 1369 3091 ;
1412 3039 1481 3079 ne
1511 3023 1689 3079 forma
1732 3027 1873 3078 esset

270 3125 566 3197 rapacibus
622 3117 1113 3194 pseudoapostolis.
1187 3115 1393 3170 Octava
1460 3129 1591 3169 vero
1646 3119 1746 3179 est,
1810 3117 1873 3166 ut

272 3210 604 3285 respondeat
629 3208 870 3281 epistolae
897 3205 1122 3262 illorum
1147 3221 1161 3270 ;
1194 3200 1500 3274 perturbari
1532 3200 1678 3256 enim
1701 3215 1874 3270 ccupe-

271 3309 403 3359 rant
453 3299 522 3356 ab
575 3297 844 3355 haereticis
901 3294 969 3350 de
1030 3290 1418 3349 matrimoniis.
1476 3290 1631 3346 Nona
1681 3295 1785 3356 est,
1814 3287 1874 3343 in

269 3408 372 3466 qua
407 3389 650 3448 declarat
691 3388 772 3445 sic
809 3385 1010 3444 debere
1047 3394 1500 3455 unumquemque
1538 3393 1778 3443 manere,
1815 3383 1878 3432 ut

268 3465 532 3540 credidit.
589 3477 815 3535 Decima
874 3481 1054 3531 autem
1116 3471 1183 3528 de
1228 3469 1559 3542 virginibus,
1618 3484 1684 3524 eo
1729 3465 1877 3539 quod

267 3570 415 3627 nihil
462 3569 535 3626 sit
571 3566 679 3624 sibi
731 3573 1086 3640 praeceptum.
1132 3561 1202 3618 Et
1252 3559 1478 3633 reliquae
1529 3565 1660 3614 sunt
1701 3571 1878 3613 causas

267 3677 387 3737 qua:
432 3659 488 3716 in
517 3673 746 3731 corpore
777 3654 1136 3712 videbuntur.

799 3799 1026 3859 CAPUT
1065 3797 1360 3856 PRIMUM.

337 3931 536 4006 (Vers.
563 3930 642 4001 1.)
688 3954 706 3977 ε
726 3927 928 3983 Paulus
957 3932 1185 3981 vocatus
1214 3923 1496 3996 apostolus
1525 3919 1735 3978 Christi
1755 3921 1882 3978 Jesu

231 4039 364 4096 -per
396 4021 753 4078 voluntatem
781 4016 904 4073 Dei.
944 4039 963 4064 ι
1019 4014 1107 4072 Ad
1156 4015 1429 4072 Romanos
1476 4011 1637 4068 aliter
1683 4011 1880 4082 coepit,

263 4113 410 4186 quia
438 4110 611 4166 altera
636 4122 800 4165 causa
827 4113 910 4162 est
945 4123 956 4160 :
1003 4104 1093 4160 his
1127 4119 1252 4160 vero
1282 4102 1619 4174 apostolum,
1669 4116 1727 4155 se
1766 4115 1883 4156 esse

262 4196 499 4258 Christi
526 4196 652 4251 Jesu
679 4196 778 4251 Dei
802 4196 1086 4251 voluntate
1116 4193 1344 4261 scribit;
1391 4191 1520 4266 quia
1551 4190 1739 4247 omnia
1761 4205 1882 4263 quae

263 4289 422 4364 egit,
455 4283 585 4341 Filii
627 4284 726 4340 Dei
755 4284 865 4354 egit
907 4284 1209 4350 voluntate,
1253 4283 1346 4354 qui
1396 4282 1542 4338 dixit
1581 4281 1651 4337 ad
1700 4296 1827 4336 eum
1867 4297 1878 4336 :

280 4372 521 4441 .‘Vade,
553 4388 652 4446 ego
681 4371 845 4443 longe
873 4368 942 4424 ad
972 4376 1158 4441 gentes
1187 4369 1400 4424 mittam
1431 4379 1481 4426 te
1513 4371 1532 4442 (
1564 4371 1682 4426 Act.
1725 4385 1872 4437 xxn,

268 4466 418 4536 21).
448 4487 468 4510 ι
516 4463 656 4520 Hinc
704 4466 934 4517 vocatus
979 4464 1064 4512 est
1110 4457 1426 4530 Apostolus,
1475 4457 1580 4515 hoc
1628 4466 1728 4527 est,
1784 4458 1883 4514 Dei

270 4555 575 4611 voluntate
615 4551 815 4607 missus
843 4547 912 4606 ad
941 4553 1148 4620 gentes.
1187 4545 1289 4601 Per
1314 4544 1461 4618 quod
1503 4545 1666 4600 etiam
1700 4546 1882 4618 tangit

274 4646 434 4712 illos,
491 4658 628 4715 quos
663 4656 839 4714 neque
888 4637 1141 4697 Christus
1182 4636 1425 4702 miserat,
1480 4649 1656 4706 neque
1695 4652 1883 4692 verum

273 4743 426 4799 erat,
453 4729 604 4804 quod
631 4728 903 4785 dicebant.
935 4729 1112 4784 Deum
1156 4725 1305 4782 enim
1352 4731 1406 4780 et
1436 4722 1716 4780 Christum
1763 4723 1883 4781 ideo

278 4825 608 4897 frequenter
637 4818 906 4886 nominat,
937 4825 997 4873 ut
1030 4816 1313 4874 Christum
1346 4817 1519 4871 Deum
1552 4829 1661 4869 non
1703 4813 1881 4886 ipsum

279 4915 507 4972 Patrem
536 4907 816 4975 ostendat,
843 4907 936 4962 sed
973 4923 1090 4963 esse
1119 4905 1404 4964 Christum
1437 4904 1664 4971 Filium,
1699 4921 1814 4961 esse
1831 4915 1885 4962 et

279 5003 466 5060 Deum
497 4998 738 5066 Patrem,
767 5011 880 5050 non
908 4996 1168 5050 unionem
1202 4993 1321 5065 (64)
1356 5013 1369 5061 ;
1415 5010 1540 5049 cum
1570 4992 1884 5049 ostenditur
1913 5024 1961 5082 Β

281 5091 501 5148 Filium
542 5087 677 5146 dici.
724 5085 914 5143 Multae
961 5084 1108 5140 enim
1166 5093 1324 5141 secta:
1364 5091 1721 5151 emerseram,
1762 5097 1883 5154 quas

364 5250 685 5325 (63‘)“Vet.
733 5246 891 5325 edit.,
952 5242 1247 5325 Praefatio;
1276 5245 1456 5325 Rom,
1511 5241 1888 5325 Prooemium,-

285 5315 553 5383 nonnulli
610 5336 766 5387 mss.,
812 5320 1247 5390 Argumentum;
1302 5316 1397 5372 alii
1453 5317 1630 5372 multo
1680 5315 1887 5386 plures,

291 5397 584 5466 Prologus.

370 5457 500 5550 (βεεν)Δ
522 5467 604 5550 Ita
630 5472 740 5521 vet.
772 5463 998 5550 edit;.ac
1023 5476 1158 5550 mss;
1178 5458 1466 5550 aliqugt3‘a
1495 5457 1698 5531 quibus
1726 5457 1887 5539 Bom.

291 5529 433 5595 edit.
471 5529 698 5594 tantum
747 5533 972 5601 recedit,
1015 5531 1163 5606 quod
1210 5529 1449 5606 prmfcrt,
1495 5529 1602 5606 rion
1657 5529 1888 5606 unione:

293 5610 482 5666 cateri
527 5617 710 5666 autem
753 5622 883 5663 mss.
935 5599 1153 5676 partim,
1206 5599 1315 5657 itan
1356 5600 1413 5655 in
1451 5599 1895 5676 unionem,_g_uia

295 5697 422 5739 cum
447 5679 764 5751 extenditur,
786 5672 1158 5754 ﬁlius—dicitur
1188 5692 1212 5742 ;
1259 5672 1541 5740 nonnulli,
1605 5672 1893 5746 .....ﬁlium

1979 2379 2558 2453 pseudoapostolorum
2608 2392 2830 2432 aversos
2877 2391 2910 2430 a
2951 2373 3250 2450 traditione
3299 2373 3573 2429 veritatis.

2065 2493 2084 2516 ι
2113 2468 2337 2525 Vocatis
2365 2467 2589 2523 sanctis.
2618 2489 2636 2512 ι
2680 2465 2795 2522 Hoc
2815 2471 2918 2532 est,
2961 2462 3147 2519 vocati
3179 2461 3329 2530 estis,
3357 2470 3419 2518 ut
3442 2478 3577 2517 san—

1981 2558 2055 2615 cti
2085 2557 2207 2613 sitis
2238 2575 2250 2612 :
2283 2556 2432 2630 quod
2461 2562 2563 2623 est,
2595 2563 2656 2610 ut
2686 2569 2796 2608 non
2851 2551 3115 2608 recedatis
3148 2568 3180 2606 a
3209 2551 3394 2622 régula
3440 2566 3577 2607 san-

1981 2646 2357 2704 ctiﬁcationis.
2396 2671 2414 2692 -
2445 2644 2582 2701 Cum
2613 2642 2873 2698 omnibus
2916 2641 3012 2711 qui
3064 2639 3326 2695 invocant
3371 2655 3572 2694 nomen

1981 2734 2203 2792 Domini
2235 2735 2362 2790 Jesu
2401 2731 2629 2798 Christi,
2655 2729 2713 2784 in
2744 2729 2898 2785 omni
2942 2731 3064 2784 loco
3109 2728 3354 2798 ipsorum
3383 2736 3437 2783 et
3468 2743 3580 2781 no-

1982 2831 2116 2880 stro.
2150 2850 2168 2872 ιι
2213 2822 2274 2878 Id
2303 2829 2403 2890 est,
2436 2837 2563 2878 cum
2592 2817 2796 2874 Iudaeis
2843 2814 2990 2871 veris
3045 2814 3235 2886 jungit
3281 2823 3334 2870 et
3373 2823 3582 2886 gentes,

1983 2913 2113 2987 quia
2144 2936 2162 2959 ι
2183 2913 2329 2968 salus
2353 2927 2424 2966 ex
2451 2907 2654 2964 Iudaeis
2681 2912 2762 2962 est
2793 2905 2976 2976 (Iona.
3001 2920 3077 2970 ιν,
3096 2903 3188 2971 22)
3214 2920 3228 2968 ;
3257 2910 3318 2957 ut
3346 2903 3403 2956 in
3425 2903 3578 2958 omni

1983 3003 2106 3059 loco
2135 3001 2230 3056 ubi
2261 3008 2469 3072 gentes,
2502 3012 2623 3069 quae
2654 2996 2917 3050 invocant
2935 3006 3140 3047 nomen
3159 2989 3382 3045 Domini
3403 2991 3577 3046 nostri

1983 3094 2111 3150 Jesu
2142 3090 2350 3148 Christi
2383 3107 2396 3145 :
2427 3095 2483 3144 et
2529 3085 2627 3142 ubi
2655 3083 2830 3140 Judaei
2876 3097 3041 3154 supra
3084 3087 3374 3136 memorati
3418 3087 3566 3148 sunt,

1985 3189 2242 3246 similiter
2270 3195 2399 3244 sunt
2430 3200 2627 3241 omnes
2665 3197 2862 3238 unum.
2913 3177 3361 3251 Pseudoapostoli
3399 3177 3570 3245 enim,

1988 3279 2083 3354 qui
2113 3294 2313 3335 nomen
2344 3275 2550 3334 Christi
2581 3290 2676 3346 per
2705 3271 3055 3344 prudentiam
3088 3267 3281 3324 mundi
3315 3267 3573 3340 pradica-

1987 3368 2142 3435 bant,
2173 3367 2232 3425 id
2261 3376 2360 3435 est,
2415 3364 2651 3421 admista
2697 3357 3070 3433 philosophia,
3116 3364 3355 3411 veterem
3411 3355 3580 3427 legem

1989 3469 2043 3516 et
2061 3460 2354 3532 prophetas
2382 3454 2745 3528 reprobabant
2771 3470 2784 3519 ;
2817 3448 3090 3522 negabant
3118 3448 3267 3502 enim
3299 3444 3579 3503 Christum

1991 3565 2118 3605 vere
2146 3546 2500 3612 cruciﬁxum,
2531 3543 2624 3599 sed
2653 3550 2868 3597 tantum
2901 3539 3082 3593 visum
3113 3533 3393 3608 cruciﬁgi,
3441 3534 3585 3590 sicut

1906 3662 1951 3723 ο
1989 3641 2233 3698 Marcion
2267 3636 2382 3710 (66)
2414 3644 2469 3692 et
2497 3632 2853 3690 Manichacus.
2876 3625 3356 3723 Unde-Apostolus
3379 3642 3399 3723 ε.
3414 3649 3459 3723 Λα
3476 3625 3586 3682 Nos

1991 3737 2197 3797 autem,
2241 3725 2443 3798 inquit,
2491 3721 2854 3796 praedicamus
2917 3715 3204 3774 Christum
3252 3713 3584 3770 cruciﬁxum

1995 3820 2054 3894 (Ι
2096 3820 2221 3876 Cor.
2256 3836 2293 3885 1,
2325 3816 2440 3887 23).
2482 3839 2500 3860 ι
2544 3812 2728 3884 Neque
2756 3806 2937 3867 carnis
2989 3805 3446 3863 resurrectionem
3495 3803 3586 3858 fa-

1989 3892 2269 3974 tebantur,
2319 3903 2466 3978 quod
2526 3899 2795 3974 propheta
2842 3895 3009 3952 Isaias
3055 3895 3275 3962 clamat,
3334 3892 3526 3950 dicens
3565 3910 3579 3947 :

2005 4021 2024 4046 ι
2041 3998 2148 4068 Qui
2166 3998 2224 4052 in
2242 3992 2617 4052 monumentis
2636 3995 2766 4046 sunt
2782 3993 3069 4058 resurgent
3087 3986 3222 4056 (Isa.
3245 3998 3404 4048 xxvi,
3425 3982 3538 4052 19).
3554 4005 3573 4028 ι

2068 4088 2250 4162 (Vers.
2290 4086 2347 4159 3)
2400 4111 2418 4132 ι
2447 4081 2634 4140 Gratia
2671 4079 2832 4135 vobis
2865 4084 2919 4132 et
2949 4091 3055 4148 pax
3081 4091 3112 4130 a
3139 4074 3253 4162 Deo
3280 4071 3437 4162 Patre
3477 4087 3589 4126 no-

1993 4159 2128 4246 stro,
2160 4183 2214 4232 et
2243 4174 2482 4232 Domino
2508 4173 2636 4229 Jesu
2667 4167 2911 4227 Christo.
2956 4189 2973 4212 ι
3016 4163 3115 4230 Ne,
3147 4160 3277 4233 quia
3317 4159 3535 4216 dixerat
3571 4178 3582 4216 :

2006 4291 2025 4314 ι
2051 4266 2157 4336 Qui
2188 4267 2450 4321 invocant
2480 4275 2681 4318 nomen
2707 4255 2933 4314 Domini
2964 4252 3140 4309 nostri
3168 4251 3296 4308 Jesu
3320 4249 3574 4308 Christi..

1991 4354 2168 4411 Patris
2210 4361 2305 4409 aut
2348 4366 2550 4408 nomen
2600 4353 2694 4403 aut
2739 4345 2948 4401 donum
2999 4340 3233 4398 tacuisse
3276 4338 3584 4396 videretur.

1992 4454 2046 4502 et
2073 4443 2440 4516 suspicionem
2460 4439 2600 4495 forte
2624 4443 2719 4492 aut
2753 4432 3144 4490 occasionnem
3176 4428 3333 4485 daret
3355 4427 3580 4487 unionis

1993 4535 2151 4593 docet
2179 4532 2402 4608 quidem
2429 4529 2714 4587 Christum
2775 4523 2849 4578 ite
2877 4521 3085 4577 invoca
3101 4517 3297 4586 ndum,
3333 4516 3428 4574 sed
3458 4534 3590 4575 om-

1993 4643 2119 4685 nem
2169 4624 2398 4698 gratiam
2456 4635 2571 4676 esse
2617 4613 2818 4681 Patris,
2867 4620 2929 4667 ut
2970 4617 3024 4665 et
3070 4608 3230 4676 duos,
3279 4608 3375 4682 qui
3414 4624 3586 4667 unum

1992 4725 2122 4774 sunt
2153 4714 2268 4786 (67)
2304 4728 2400 4784 per
2431 4706 2810 4772 divinitatem,
2841 4698 3176 4766 ostenderet,
3203 4707 3257 4754 et
3285 4698 3460 4756 Patris
3482 4717 3590 4758 au-

1991 4804 2302 4864 ctoritatem
2333 4799 2634 4872 praeferret.

2067 4889 2331 4967 (Versa)
2399 4913 2417 4935 ι
2482 4883 2704 4942 Gratias
2753 4896 2853 4954 ago
2905 4879 3022 4967 Deo
3067 4891 3191 4967 meo
3236 4891 3450 4967 semper
3493 4894 3592 4967 pro

1991 4965 2193 5039 vobis.»
2242 4979 2565 5048 Quanquam
2593 4970 2852 5028 omnibus
2881 4969 2940 5024 in
2970 4965 3218 5022 Ecclesia
3243 4965 3468 5034 scribat,
3497 4965 3590 5022 sed

1996 5073 2074 5129 ita
2101 5067 2400 5143 signiﬁcat,
2455 5080 2581 5121 cum
2634 5057 2936 5134 aliquando
2979 5053 3231 5126 corripit,
3293 5054 3592 5128 aliquando

1997 5239 2123 5296 dici.

2097 5309 2188 5379 65)
2220 5307 2330 5364 Mss
2357 5304 2546 5379 Corb.,
2573 5318 2839 5377 propensa
2869 5297 3239 5379 suiqrbrim'i.
3489 5362 3500 5375 ,

2097 5311 2188 5379 65)
2221 5311 2330 5364 Mss
2357 5311 2546 5371 Corb.,
2573 5318 2839 5377 propensa
2869 5311 3239 5358 θυίαν-θηται.

2072 5311 2379 5454 €66)_Rom.
2419 5377 2552 5454 edit.
2585 5391 2712 5432 cum
2757 5389 2870 5429 uno
2917 5373 3033 5454 vel“
3052 5374 3228 5454 altero
3272 5362 3588 5454 Attis..-

1999 5433 2426 5510 ambitambit.
2460 5449 2610 5506 Infra
2653 5461 2784 5504 vero
2813 5460 2940 5502 ms..
2995 5443 3158 5504 Corb.
3188 5451 3317 5514 quos
3332 5433 3592 5508 propheta

2004 5525 2181 5585 Isaias
2208 5524 2448 5580 damnat.

2073 5597 2200 5670 (67)
2232 5595 2489 5669 Quinque
2512 5609 2669 5660 mss.,
2693 5588 2785 5662 qui
2807 5588 2862 5644 in
2894 5602 3059 5644 unum
3087 5589 3227 5640 sunt.
