4090 6182
416 272 519 334 195

1415 271 1513 331 AD
1550 273 1786 330 OPERA
1821 271 1878 327 S.
1944 264 2280 329 AMBROSII
2316 263 2696 330 APPENDIX.

3631 260 3738 325 196

415 401 620 472 laudat,
651 405 711 458 ut
739 416 883 458 unus
904 400 1136 475 quisque
1164 417 1288 459 cum
1319 399 1550 472 epistola
1579 396 1799 468 legitur,
1831 395 2008 452 intel—
2036 401 2086 458 A
2131 397 2412 472 quomodo
2439 397 2606 454 ﬁdem
2639 397 2739 455 Dei
2795 395 3135 456 incolumem
3165 394 3223 452 in
3250 393 3356 451 hac
3384 409 3550 450 causa
3573 395 3737 454 nobis

417 491 549 563 ligat
584 490 719 564 quid
761 507 860 562 pro
889 507 967 559 se,
1009 490 1144 564 quid
1200 489 1492 546 adversum
1550 502 1607 543 se
1655 486 1891 544 dicatur.
1950 487 2014 543 In

417 592 528 632 una
556 577 704 633 enim
735 576 892 650 plebe
919 578 1136 636 duobus
1175 577 1392 651 populis
1423 573 1638 642 scribit,
1673 581 1735 630 ut
1761 591 1886 631 cum
1916 591 2016 631 ar-

419 665 559 738 guit,
587 667 682 738 qui
712 667 853 722 male
883 676 1189 736 versantur,
1241 666 1417 721 sciant
1478 663 1587 720 sibi
1620 663 1738 720 haec
1765 664 1970 736 scripta
2000 684 2012 721 :

419 754 678 811 similiter
701 765 756 812 et
782 774 908 813 cum
964 756 1170 820 laudat,
1219 753 1356 810 sciat
1401 753 1497 826 qui
1549 753 1607 807 in
1656 754 1847 825 regula
1892 769 2019 808 ma-

418 852 512 900 net
543 845 685 917 (68),
715 846 784 901 ad
812 863 869 902 se
893 847 1010 902 haec
1035 845 1166 900 dici.
1201 843 1438 915 Ideoque
1468 831 1655 915 inquit
1679 860 1691 898 :

502 959 520 983 ι
548 934 764 990 Gratias
793 950 892 1005 ago
917 934 1029 988 Deo
1060 947 1180 988 meo
1230 948 1446 1003 semper
1493 947 1591 1002 pro
1643 930 1801 986 vobis
1849 946 2015 1003 super

423 1024 594 1096 gratia
621 1024 741 1090 Dei,
774 1038 894 1095 qua;
933 1022 1060 1078 data
1085 1030 1170 1078 est
1209 1022 1370 1077 vobis
1414 1021 1475 1076 in
1522 1019 1744 1077 Christo
1787 1020 1936 1076 Iesu.
1988 1045 2007 1067 ›

419 1114 612 1168 Datam
657 1111 796 1168 dicit
841 1112 1071 1185 gratiam
1099 1128 1130 1166 a
1159 1113 1274 1166 Deo
1317 1110 1376 1165 in
1423 1109 1644 1166 Christo
1697 1110 1846 1178 Jesu,
1900 1125 2020 1182 quae

422 1201 594 1273 gratia
615 1200 698 1257 sic
723 1201 850 1257 data
885 1200 1046 1256 estin
1076 1199 1300 1257 Christo
1339 1199 1487 1266 Jesu,
1547 1197 1681 1271 quia
1727 1197 1834 1254 hoc
1879 1213 2024 1254 con-

421 1291 672 1346 stitutum
705 1296 787 1345 est
815 1305 848 1344 a
875 1291 1010 1354 Deo,
1039 1296 1101 1344 ut
1130 1289 1224 1362 qui
1254 1287 1430 1344 credit
1460 1286 1518 1341 in
1562 1286 1870 1354 Christum,
1902 1286 2022 1341 sal-

429 1397 532 1437 vus
561 1387 633 1436 sit
661 1379 782 1436 sine
811 1395 974 1451 opere
1002 1397 1015 1436 :
1045 1381 1162 1435 sola
1205 1378 1312 1435 ﬁde
1358 1379 1527 1451 gratis
1572 1376 1774 1450 accipit
1817 1377 2026 1432 remis-

423 1473 633 1529 sionem
665 1477 1034 1543 peccatorum.

499 1560 681 1635 (Vers.
701 1561 782 1632 5.)
837 1583 856 1606 ι
888 1560 1027 1628 Quia
1058 1559 1117 1616 in
1147 1558 1409 1616 omnibus
1439 1557 1602 1614 ditati
1633 1557 1766 1614 estis
1796 1556 1854 1611 in
1883 1556 2024 1628 ipso,

427 1652 485 1707 in
514 1650 666 1709 omni
695 1649 886 1718 verbo,
912 1659 966 1707 et
986 1651 1043 1706 in
1075 1651 1229 1706 omni
1250 1649 1499 1706 scientia.
1527 1674 1546 1697 ι
1581 1648 1696 1704 Hoc
1727 1638 2024 1718 signiﬁcat,

2128 491 2371 548 futuram
2401 491 2666 558 ostendit,
2701 491 2776 545 ita
2828 505 2929 545 nos
2965 503 3076 544 non
3105 484 3418 542 difﬁdentes
3467 492 3521 541 et
3541 483 3738 558 perﬁdi

2129 582 2504 650 inveniamur,
2537 581 2632 637 sed
2662 585 3069 653 perseverantes
3092 576 3150 632 in
3179 573 3496 648 adoptione.

2201 671 2382 743 (Vers.
2443 670 2555 742 10.)
2615 695 2631 717 ε
2679 671 2916 727 Obsecro
2957 676 3140 724 autem
3189 683 3308 735 vos,
3359 665 3584 734 fratres,
3641 680 3741 738 per

2128 777 2330 818 nomen
2361 760 2583 816 Domini
2625 760 2799 816 nostri
2829 761 2954 815 Jesu
2985 758 3216 826 Christi,
3245 765 3308 812 ut
3337 755 3395 812 id
3417 756 3600 829 ipsum
3642 754 3743 811 di-

2127 851 2264 909 catis
2289 867 2498 907 omnes.
2531 876 2549 898 »
2594 851 2797 906 Omnes
2827 866 2976 905 nunc
3003 857 3143 917 orat,
3176 855 3238 903 ut
3264 864 3440 903 unum
3464 846 3731 916 sentiant,

2129 939 2236 997 hoc
2263 939 2454 1012 utique
2479 940 2537 995 in
2568 956 2678 1013 quo
2707 938 2882 994 renati
2905 939 3002 995 Dei
3027 936 3161 994 Filii
3193 937 3455 1009 appellati
3478 945 3628 993 sunt.
3655 934 3744 992 Ad

2130 1045 2348 1086 omnem
2377 1030 2682 1087 Ecclesiam
2712 1029 2878 1085 modo
2907 1027 3180 1101 loquitur,
3213 1035 3275 1082 ut
3307 1026 3349 1081 ii
3391 1026 3486 1100 qui
3517 1025 3744 1081 dissen-

2130 1118 2236 1175 tire
2300 1125 2597 1191 coeperant,
2663 1125 3075 1174 reverterentur
3125 1115 3196 1172 ad
3258 1122 3495 1188 emptam
3547 1114 3739 1183 ﬁdem,

2132 1225 2296 1284 quam
2343 1210 2608 1266 videbant
2635 1209 2696 1266 in
2725 1207 2814 1265 his
2848 1207 3084 1275 laudari,
3136 1207 3236 1281 qui
3271 1207 3330 1262 in
3357 1206 3454 1261 illa
3481 1220 3747 1279 perseve-

2133 1299 2353 1356 rabant.

2216 1411 2235 1434 ε
2271 1388 2341 1444 Et
2369 1404 2482 1444 non
2530 1389 2644 1444 sint
2696 1389 2755 1444 in
2809 1387 2972 1445 vobis
3020 1386 3344 1454 schismata,
3393 1384 3517 1440 sitis
3558 1391 3744 1440 autem

2134 1477 2363 1552 perfecti
2390 1478 2449 1534 in
2476 1478 2666 1536 eodem
2695 1495 2860 1535 sensu
2880 1486 2934 1535 et
2963 1478 3023 1534 in
3050 1478 3238 1535 eadem
3260 1476 3510 1534 scientia.
3543 1501 3562 1523 ι
3603 1475 3750 1532 Per-

2136 1567 2310 1624 fectos
2340 1569 2464 1624 vult
2492 1584 2584 1625 eos
2612 1585 2728 1624 esse
2767 1569 2827 1624 in
2857 1568 3050 1625 eodem
3081 1583 3267 1636 sensu,
3297 1581 3461 1640 quem
3488 1565 3603 1622 illis
3631 1573 3743 1622 tra-

2135 1656 2372 1727 diderat,
2430 1665 2492 1714 ut
2558 1674 2668 1714 non
2737 1657 3129 1731 discreparent.
3180 1655 3268 1712 Ad
3315 1657 3541 1712 illorum
3587 1655 3741 1712 enim

426 1740 558 1814 quia
586 1739 646 1796 in
676 1746 901 1812 accepta
921 1739 1115 1812 gratia,
1145 1748 1200 1796 et
1225 1738 1284 1795 in
1305 1738 1474 1795 verbo
1496 1737 1744 1794 veritatis
1763 1733 2027 1793 doctrinm
2064 1761 2107 1821 Β
2137 1749 2475 1822 exemplum,
2507 1765 2645 1823 quos
2665 1764 2830 1821 supra
2849 1747 3055 1817 laudat,
3090 1747 3192 1804 hos
3212 1753 3509 1821 provocat;
3545 1755 3606 1803 ιιι
3626 1745 3736 1803 hoc

424 1829 710 1888 scientiam
740 1830 1043 1902 spiritalem
1065 1831 1301 1886 assecuti
1325 1835 1763 1902 permanserunt;
1795 1826 2030 1898 ideoque

433 1919 634 1993 gratias
662 1919 774 1991 agit
801 1919 861 1974 in
890 1919 978 1975 his
1007 1921 1142 1977 Deo.

509 2014 652 2072 113
689 2009 872 2080 (Vers.
922 2009 974 2066 6.
1023 2009 1043 2080 )
1106 2033 1126 2056 ι
1178 2006 1332 2064 Sicut
1381 2005 1763 2063 testimonium
1820 2002 2030 2063 Christi

432 2105 818 2164 conﬁrmatum
867 2114 950 2162 est
988 2105 1046 2161 in
1072 2104 1251 2162 vobis.
1278 2128 1296 2152 ι
1365 2102 1770 2161 Testimonium
1817 2099 2023 2160 Christi

430 2196 816 2253 conﬁrmatum
866 2206 952 2254 est
978 2195 1037 2252 in
1067 2195 1176 2266 his,
1207 2194 1337 2268 quia
1364 2193 1609 2250 roborati
1640 2194 1697 2249 in
1728 2191 1856 2261 ﬁde,
1887 2189 2031 2247 nihil

431 2286 497 2342 de
527 2284 847 2342 hominibus
881 2285 1198 2357 sperabant:
1233 2284 1328 2340 sed
1355 2282 1539 2339 omnis
1569 2298 1692 2354 spes
1720 2283 1946 2337 illorum
1971 2281 2029 2336 in

436 2375 656 2434 Christo
681 2384 817 2444 erat,
851 2375 1030 2430 nullis
1049 2374 1350 2446 Vpluptatis
1380 2374 1656 2430 illecebris
1684 2372 1850 2443 capti.

507 2466 690 2535 (Vers.
727 2466 804 2537 7'.)
851 2488 870 2512 ε
901 2465 982 2520 Ita
1015 2471 1076 2520 ut
1105 2464 1264 2519 vobis
1292 2464 1349 2518 in
1381 2464 1537 2518 nullo
1555 2462 1698 2518 desit
1715 2461 1900 2532 aliqua
1921 2474 2036 2532 gra-

443 2559 544 2625 tia,
575 2558 996 2632 expectantibus
1021 2557 1410 2614 revelationem
1439 2555 1664 2612 Domini
1694 2554 1870 2609 nostri
1901 2552 2030 2608 Jesu

441 2647 668 2706 Christi.
707 2672 728 2696 ι
787 2647 1140 2704 Manifestum
1205 2655 1287 2702 est
1355 2646 1504 2701 hunc
1531 2652 1832 2716 expectare
1884 2641 2032 2697 diem

427 2737 654 2810 judicii,
704 2736 798 2810 qui
845 2737 1256 2809 circonspectus
1297 2734 1572 2792 sollicitus
1613 2740 1715 2789 est.
1759 2733 2030 2788 Futurum

429 2825 705 2897 judicium
736 2827 836 2883 Dei
884 2827 1044 2896 dicit,
1073 2829 1130 2881 in
1163 2842 1271 2898 quo
1300 2825 1570 2881 Dominus
1599 2831 1786 2880 noster
1815 2821 2040 2877 revela-

432 2915 604 2984 bitur,
636 2924 747 2970 tam
789 2915 936 2984 ﬁdis,
976 2932 1140 2988 quam
1186 2915 1374 2969 inﬁdis
1404 2916 1547 2986 (69),
1576 2921 1638 2968 ut
1695 2916 2040 2983 cognoscant

436 3004 709 3062 increduli
740 3021 803 3062 ac
831 3005 1007 3060 sciant
1035 3019 1226 3060 verum
1255 3018 1391 3072 esse,
1424 3002 1571 3075 quod
1600 3001 1819 3058 credere
1849 3001 2040 3054 nolue—

435 3104 586 3163 runt,
638 3103 692 3151 et
733 3104 1002 3167 pereant:
1048 3092 1147 3149 ﬁdi
1204 3109 1334 3150 vero
1391 3091 1663 3165 gaudeant
1725 3093 1851 3164 plus
1907 3089 2040 3146 boni

441 3184 803 3252 invenientes,
833 3199 996 3256 quam
1029 3191 1380 3256 putaverant.

512 3291 693 3367 (Vers.
723 3291 806 3364 8.)
847 3277 1000 3358 (Qui
1033 3297 1088 3347 et
1133 3288 1486 3347 conﬁrmabit
1525 3305 1624 3344 vos
1660 3303 1835 3362 usque
1862 3286 1931 3343 ad
1961 3285 2040 3342 ﬁ-

441 3399 566 3442 nem
609 3384 728 3441 sine
778 3383 1013 3441 crimine
1051 3381 1109 3438 in
1140 3382 1383 3437 adventu
1429 3378 1657 3436 Domini
1701 3379 1875 3436 nostri
1909 3378 2039 3434 Jesu

439 3473 665 3530 Christi.
726 3497 746 3521 ι
806 3472 990 3528 Alacri
1048 3472 1233 3527 animo
1263 3469 1503 3526 conﬁsus
1549 3469 1617 3525 de
1671 3485 1766 3542 spe
1817 3469 2039 3523 illorum

440 3580 662 3621 securus
699 3570 800 3630 est,
832 3563 962 3634 quia
991 3561 1250 3617 inviolati
1297 3577 1470 3634 usque
1500 3559 1569 3616 ad
1598 3558 1850 3614 futurum
1875 3555 2043 3628 judi-

439 3653 588 3712 cium
618 3659 800 3708 erunt.
828 3651 935 3718 Qui
956 3649 1103 3706 enim
1134 3649 1279 3705 inter
1308 3657 1389 3706 tot
1413 3649 1738 3706 discrimina
1756 3662 2040 3715 sensuum,

439 3749 494 3798 et
551 3740 992 3816 perturbationes
1021 3738 1406 3796 diversitatum
1465 3737 1748 3796 immutari
1811 3735 2043 3793 minime

439 3842 757 3908 potuerunt,
816 3833 1007 3907 procul
1059 3833 1230 3889 dubio
1295 3832 1354 3888 in
1405 3832 1596 3889 eodem
1644 3847 1932 3888 mansuros
1986 3845 2044 3886 se

440 3925 757 3982 ostendunt.
791 3923 929 3981 Cum
959 3923 1061 3980 hos
1092 3922 1298 3992 laudat,
1328 3924 1454 3980 illos
1482 3926 1576 3997 qui
1600 3923 1659 3979 in
1689 3937 1871 3979 errore
1895 3935 2046 3994 pseu.

438 4014 510 4071 do
538 4014 911 4087 apostolorum
951 4013 1234 4086 depravati
1312 4012 1531 4069 fuerant
1584 4013 1733 4083 (70),
1800 4009 2038 4083 invitat;

438 4103 570 4160 dum
590 4104 739 4160 enim
778 4102 977 4161 horum
1003 4103 1171 4160 ﬁdem
1192 4102 1474 4176 praedicat,
1509 4102 1633 4158 illos
1662 4100 1732 4157 ad
1757 4099 2046 4174 pmniten—

442 4194 578 4250 tiam
607 4202 788 4252 vocat.

515 4301 696 4374 (Vers.
730 4301 812 4374 9.)
860 4326 879 4350 ι
907 4302 1114 4359 Fidelis
1159 4310 1242 4358 est
1289 4303 1454 4370 Deus,
1504 4316 1601 4373 per
1648 4315 1810 4374 quem
1863 4299 2043 4355 vocati

439 4391 572 4448 estis
609 4390 668 4446 in
709 4391 1040 4448 societatem
1067 4392 1198 4448 Filii
1230 4391 1352 4463 ejus
1379 4391 1496 4463 (71)
1527 4391 1652 4448 Jesu
1687 4389 1892 4449 Christi
1923 4391 2044 4446 Do-

2137 1839 2376 1894 sentiant
2397 1854 2463 1895 ac
2481 1837 2801 1893 defendant.

2212 1921 2394 2001 (Vers.
2429 1927 2542 1997 11.)
2590 1953 2607 1976 ι
2631 1928 2907 1982 Perlatum
2939 1935 3021 1983 est
3071 1926 3226 1982 enim
3278 1923 3419 1981 mihi
3459 1923 3527 1982 de
3565 1923 3749 1997 vobis,

2138 2018 2336 2074 fratres
2359 2017 2428 2072 ab
2482 2017 2551 2073 iis
2581 2018 2676 2090 qui
2723 2025 2874 2072 sunt.
2914 2016 3117 2074 Chloes
3163 2015 3314 2090 quod
3363 2015 3754 2072 contentiones

2140 2107 2287 2164 inter
2336 2123 2436 2163 vos
2486 2106 2618 2162 sint.
2653 2131 2671 2154 ιι
2715 2105 2991 2172 Quamvis
3044 2105 3226 2162 eversi
3281 2105 3522 2173 fuerant,
3563 2111 3751 2160 tamen

2141 2194 2336 2252 fratres
2387 2194 2515 2252 illos
2564 2196 2801 2267 appellat
2848 2214 2861 2262 ;
2921 2195 3067 2252 sicut
3095 2203 3149 2250 et
3181 2195 3240 2249 in
3271 2195 3412 2251 Isaia
3468 2193 3740 2266 propheta

2143 2283 2281 2341 dicit
2309 2286 2456 2340 Deus
2483 2283 2553 2340 ad
2599 2284 2747 2353 illos,
2794 2283 2890 2358 qui
2933 2299 3126 2341 secum
3178 2291 3355 2352 erant,
3407 2292 3469 2340 ut
3514 2285 3594 2340 eis
3646 2284 3745 2357 qui

2145 2373 2635 2447 pseudoprophetis
2697 2373 3012 2442 credebant,
3071 2373 3318 2430 dicerent
3376 2392 3388 2430 :
3461 2396 3480 2420 ι
3532 2374 3753 2428 Fratres

2146 2463 2322 2519 nostri
2353 2465 2508 2520 eritis
2552 2481 2649 2520 vos
2686 2464 2804 2535 (72)
2849 2464 2984 2535 (Isa.
3015 2478 3169 2530 urvr,
3201 2462 3259 2533 5)
3294 2479 3351 2530 ;-
3422 2469 3486 2517 ut
3544 2477 3641 2535 per
3697 2462 3755 2518 id

2148 2569 2260 2609 non
2294 2553 2652 2610 dissentirent
2697 2553 2764 2608 ab
2793 2552 2901 2620 his,
2933 2551 3088 2625 quasi
3117 2551 3334 2607 fratres.
3367 2549 3528 2619 Quod
3563 2558 3753 2606 autem

2147 2643 2285 2702 dicit
2315 2663 2326 2701 :
2377 2669 2395 2692 ι
2419 2645 2505 2700 Ab
2535 2645 2605 2701 iis
2637 2645 2735 2717 qui
2764 2651 2894 2700 sunt
2914 2643 3150 2710 Chloes;
3177 2667 3195 2690 ι
3238 2641 3538 2715 aliquibus
3569 2641 3763 2698 viden.

2143 2741 2238 2790 tur
2292 2734 2544 2790 homines
2613 2750 2729 2790 esse
2777 2741 3058 2788 manentes
3107 2739 3163 2788 et
3223 2730 3640 2788 fructiﬁcantes
3700 2731 3762 2786 in

2147 2823 2258 2880 ﬁde
2299 2825 2396 2880 Dei
2432 2843 2444 2880 :
2477 2823 2760 2897 aliquibus
2799 2823 3065 2879 videntur
3093 2823 3250 2878 locus
3286 2838 3432 2890 esse,
3465 2829 3528 2876 ut
3556 2830 3688 2894 puta
3715 2820 3763 2876 si

2148 2913 2368 2970 dicatur
2396 2933 2410 2982 ;
2443 2913 2530 2969 Ab
2559 2914 2628 2970 iis
2657 2913 2752 2986 qui
2787 2922 2918 2969 sunt
2948 2911 3262 2968 Antiochiae
3295 2928 3306 2966 :
3340 2911 3623 2985 aliquibus
3650 2926 3764 2966 au-

2147 3011 2258 3060 tem
2296 3004 2520 3062 videtur
2549 3005 2809 3060 feminam
2833 3004 3004 3059 fuisse
3036 3004 3151 3059 Deo
3181 3001 3464 3070 devotam,
3494 3017 3619 3057 cum
3641 3015 3757 3073 qua

2075 3129 2120 3190 Ο
2150 3095 2314 3150 multi
2343 3102 2524 3151 essent
2563 3096 2805 3152 colentes
2833 3095 3030 3160 Deum,
3063 3092 3267 3165 quibus
3314 3091 3447 3148 ﬁdes
3475 3106 3588 3146 non
3637 3106 3756 3148 ne—

2148 3191 2368 3256 garetur
2397 3202 2412 3252 ;
2445 3192 2508 3240 ut
2537 3185 2684 3258 quod
2733 3185 3012 3241 deferrent
3059 3182 3128 3238 de
3175 3181 3503 3243 Corinthiis.
3550 3196 3746 3238 verum

2146 3283 2307 3345 esset,
2337 3275 2481 3349 quod
2513 3274 2897 3333 contentiones
2923 3282 3106 3330 essent
3147 3273 3295 3330 inter
3321 3289 3413 3329 eos
3444 3271 3587 3345 (73).
3615 3272 3760 3330 Con-

2147 3367 2424 3424 tentiones
2447 3367 2593 3424 inter
2621 3383 2712 3422 eos
2741 3383 2857 3423 esse
2886 3365 3052 3434 dixit,
3099 3373 3160 3421 ut
3200 3364 3514 3422 ostenderet
3566 3362 3758 3421 diver‘

2149 3455 2367 3512 sitatem
2415 3456 2614 3514 mentis
2659 3456 2883 3514 illorum
2914 3456 2982 3512 de
3009 3454 3307 3529 disciplina
3333 3454 3645 3512 Dominica.
3686 3454 3761 3509 Et

2151 3562 2272 3621 quas
2295 3554 2458 3614 esset,
2492 3546 2756 3618 subjecit,
2794 3546 3016 3602 dicens:

2224 3636 2407 3710 (Vers.
2438 3633 2552 3707 12.)
2602 3660 2621 3684 ι
2663 3637 2779 3692 Hoc
2807 3645 2992 3693 autem
3022 3636 3170 3705 dico,
3200 3635 3348 3710 quod
3375 3635 3760 3710 unusquisque

2155 3735 2401 3785 vestrum
2429 3727 2566 3784 dicit
2599 3745 2610 3782 :
2652 3727 2768 3800 Ego
2800 3719 3024 3800 quidem
3055 3742 3177 3782 sum
3206 3725 3384 3795 Pauli,
3429 3743 3528 3800 ego
3566 3734 3753 3783 autem

2149 3821 2368 3892 Apollo,
2398 3835 2498 3891 ego
2541 3834 2672 3874 vero
2719 3818 2939 3890 Cephea,
2976 3834 3074 3891 ego
3099 3825 3282 3874 autem
3324 3817 3554 3876 Christi.
3595 3844 3614 3867 ι
3654 3819 3760 3874 Er-

2151 3925 2333 3968 rorem
2364 3909 2626 3979 ostendit,
2665 3907 2761 3965 sed
2790 3915 3081 3964 auctorum
3134 3907 3361 3963 nomina
3407 3924 3520 3964 non
3567 3907 3757 3981 prodi-

2151 4001 2235 4059 dit
2267 4020 2282 4070 ;
2314 4018 2414 4059 nec
2442 4001 2591 4058 enim
2623 4001 2682 4057 in
2740 4001 2861 4056 loco
2906 3997 3145 4066 stabant,
3175 3997 3270 4054 sed
3297 3999 3667 4056 circumibant
3684 3999 3757 4056 ad

2152 4093 2494 4149 eversionem
2548 4089 2906 4164 simplicium.
2967 4089 3105 4144 Nam
3154 4086 3257 4143 hos
3299 4105 3437 4162 quos
3475 4088 3755 4160 nominat,

2151 4183 2270 4239 sine
2304 4181 2475 4239 dubio
2538 4179 2674 4237 boni
2723 4186 2888 4236 erant
2939 4179 3226 4247 doctores;
3263 4178 3359 4235 sed
3404 4180 3510 4237 sub
3559 4195 3757 4236 eorum

2152 4274 2331 4346 specie
2389 4273 2555 4329 falsos
2602 4271 2878 4344 apostolos
2917 4267 3116 4341 tangit.
3166 4267 3223 4324 Si
3255 4269 3406 4325 enim
3440 4269 3499 4326 in
3530 4269 3619 4326 his
3641 4269 3757 4341 glo-

2151 4362 2408 4419 riandum
2436 4369 2635 4435 negat,
2665 4373 2872 4437 quanto
2901 4365 3071 4438 magis
3115 4362 3173 4418 in
3206 4360 3367 4418 malis
3401 4358 3755 4427 doctoribus,

439 4447 580 4538 mini
611 4481 805 4536 nostri.
840 4502 858 4526 ι
902 4479 1038 4545 Quis
1083 4447 1326 4552 ambigat
1368 4447 1435 4535 de
1476 4447 1766 4552 promissis
1820 4487 1874 4535 et
1929 4479 2036 4536 ﬁde
2068 4499 2117 4559 D
2153 4469 2389 4559 ξιυιοηλφ
2421 4452 2739 4559 dof’trinam‘
2761 4469 2986 4526 Pravam
3019 4457 3075 4511 in
3118 4452 3398 4559 “mea,”
3420 4447 3750 4559 ,Sisnjﬁc“!

437 4567 559 4628 Dei.
592 4568 722 4643 quia
747 4583 860 4623 non
889 4566 994 4623 erit
1021 4567 1183 4622 aliter
1211 4584 1375 4640 quam
1408 4567 1572 4635 dixit,
1621 4566 1764 4624 ﬁlios
1793 4584 1887 4624 eos
1913 4568 2041 4624 ado-

439 4664 621 4730 ptatos
645 4657 751 4714 sibi
779 4657 1063 4713 credentes
1097 4656 1156 4711 in
1185 4655 1467 4714 Christum
1489 4657 1516 4712 ‘I
1554 4657 1670 4713 Hoc
1696 4659 1844 4714 enim
1875 4658 2036 4715 nobis

441 4747 631 4817 donat,
660 4747 808 4821 quod
834 4747 1113 4805 credimus
1141 4765 1156 4816 ;
1190 4755 1250 4803 ut
1277 4748 1408 4821 quia
1437 4748 1718 4805 credimus
1748 4747 2032 4806 Christum

441 4836 646 4895 Filium
675 4853 792 4893 esse
815 4836 934 4904 Dei,
958 4836 1064 4892 hoc
1076 4853 1175 4893 nos
1197 4853 1314 4894 esse
1335 4837 1688 4910 incipiamus,
1711 4838 1956 4895 mansuri
1979 4837 2036 4893 in

440 4925 630 4984 eadem
672 4924 958 4997 dignitate,
988 4926 1136 4982 sicut
1169 4936 1352 4983 manet
1377 4927 1653 4997 Christus,
1702 4943 1865 4999 quem
1925 4942 2038 4982 cre-

441 5017 627 5076 dimus
656 5017 862 5074 Filium
891 5018 1014 5075 Dei.
1047 5017 1298 5082 Societas
1322 5017 1471 5108 enim
1503 5015 1821 5074 fraternitas
1847 5024 1951 5083 est,
1977 5023 2040 5072 ut

539 5218 632 5291 68)
665 5216 852 5291 Codex
879 5215 1067 5291 Corb.,
1097 5216 1156 5270 in
1171 5217 1360 5291 regula
1389 5216 1527 5291 ﬁdet
1546 5222 1742 5291 manet.

543 5288 634 5362 69)
668 5288 993 5362 Idemhcod”
1025 5304 1132 5362 non
1150 5289 1410 5362 ﬁdis,_sed
1438 5288 1638 5362 inﬁdis.

543 5357 635 5432 70)
664 5362 767 5418 Ms.
806 5357 996 5429 Corb.,
1024 5357 1314 5432 deprwdati
1339 5357 1577 5432 fuerant.
1624 5357 1889 5431 Sequenti
1918 5373 2031 5415 au-

444 5430 554 5490 tem
576 5430 739 5490 versu
766 5433 890 5490 cod.
922 5430 1118 5499 Laud.,
1159 5432 1232 5487 ad
1257 5431 1573 5502 patientiam
1599 5430 1768 5486 vocat.

519 5505 635 5574 (71)
687 5507 847 5562 Rom.
894 5505 1057 5573 edit.,
1086 5504 1144 5558 in
1173 5501 1586 5558 aohtmunionem
1643 5503 1746 5574 filii
1789 5501 1922 5574 ejus.
1967 5502 2041 5557 Et

445 5572 672 5644 iterum,
702 5578 997 5633 communio
1025 5572 1165 5632 enim
1211 5575 1577 5646 fraternitatis
1607 5572 1700 5630 est.
1735 5572 2039 5646 Utrobique

447 5661 578 5704 mss.
608 5663 674 5706 ac
700 5658 812 5708 vet.
859 5649 994 5709 edit.
1025 5657 1090 5707 ut
1131 5645 1414 5718 in'textu,
1456 5646 1568 5704 nisi
1621 5645 1771 5720 quod
1814 5645 2040 5724 Eras.ac

637 5794 646 5842 ἡ

2156 4544 2306 4599 Inter
2351 4558 2444 4598 eos
2493 4549 2677 4598 tamen
2725 4542 2826 4599 hos
2866 4551 3277 4615 perseverantes
3318 4539 3590 4614 designat,
3653 4539 3754 4612 qui

2142 4631 2398 4688 dicebant
2425 4649 2483 4688 se
2512 4631 2718 4688 Christi
2751 4649 2889 4698 esse,
2925 4649 3036 4689 non
3079 4631 3343 4701 hominis,
3392 4647 3532 4704 quos
3593 4642 3752 4700 supe-

2145 4720 2261 4777 rius
2283 4721 2490 4777 laudat.

2218 4811 2398 4881 (Vers.
2436 4809 2542 4877 l3.)
2589 4833 2606 4855 ι
2638 4809 2860 4866 Divisus
2890 4818 2976 4867 est
3008 4809 3262 4868 Christus
3317 4837 3335 4860 ι
3374 4807 3630 4865 Divisum
3664 4803 3752 4861 di-

2144 4901 2221 4958 cit
2250 4899 2553 4966 Christum,
2587 4900 2715 4972 quia
2743 4901 2970 4972 gloriam
2997 4900 3116 4972 ejus
3135 4899 3390 4957 homines
3409 4896 3518 4954 sibi
3551 4895 3751 4970 partiti

2144 4997 2292 5047 sunt.
2345 4988 2498 5046 Sicut
2548 4988 2917 5063 haeretici,qui
2965 5006 3022 5048 se
3064 4998 3162 5048 aut
3202 4985 3594 5054 Photinianos,
3653 4992 3752 5043 aut

2141 5191 2273 5248 Gill.
2306 5189 2512 5246 habent
2541 5189 2730 5258 etiam,
2759 5186 3156 5259 fraternitatis.

2219 5279 2329 5360 (72)
2361 5279 2562 5360 Omlnes
2582 5277 2714 5360 edit.
2736 5295 2811 5360 .ac
2824 5277 3267 5360 “mem-nonani],
3317 5274 3526 5348 fratres
3567 5274 3750 5360 nostri

2145 5348 2264 5406 estis
2293 5348 2401 5406 vos.
2429 5351 2500 5405 Et
2530 5350 2694 5415 infra,
2727 5350 2783 5404 in
2811 5351 2923 5422 fide
2949 5351 3171 5406 Christi.
3214 5349 3345 5407 Mss.
3395 5362 3529 5403 vero
3555 5348 3748 5420 plum

2145 5439 2209 5480 ac
2235 5422 2473 5494 potiores
2506 5423 2793 5478 nobiscum
2824 5421 3054 5494 faciunt,

2219 5489 2336 5567 ('73)
2359 5495 2441 5549 Ita
2471 5510 2601 5552 mss.
2635 5495 2794 5566 longe
2828 5492 3076 5566 plurimi,
3105 5508 3169 5550 ac
3188 5490 3568 5567 probatissimi
3595 5507 3608 5546 :
3632 5489 3738 5550 alii

2145 5565 2298 5635 vero,
2328 5573 2383 5621 et
2411 5582 2600 5624 omnes
2641 5565 2776 5623 edit.
2802 5565 3033 5635 ,"verum
3058 5572 3187 5620 esset
3215 5582 3236 5632 ;
3267 5565 3460 5632 Corb.,
3506 5579 3616 5620 non
3663 5579 3748 5619 ea-

2147 5645 2240 5698 ut.
2276 5638 2429 5710 Quod
2454 5639 2808 5699 contentiones
2834 5637 2976 5696 inter
2997 5653 3092 5697 eos
3107 5637 3240 5697 sint.
