4112 6178
268 307 363 368 197

1345 307 1711 370 COMMENT.
1751 311 1825 369 IN
1860 303 2079 368 EPIST.
2121 313 2278 368 I-AD
2317 313 2474 370 COR.

3465 316 3566 378 198

259 434 508 503 Arianos,
539 443 633 491 aut
663 435 1058 510 Cataphrygas,
1093 445 1186 492 aut
1220 437 1574 507 Novatianos,
1606 446 1702 494 aut
1749 437 1852 493 Do-
1882 438 1934 496 A
1962 436 2032 492 ab
2065 436 2178 493 illis
2207 438 2427 495 fuerant
2455 439 2712 511 baptizati
2744 442 2888 513 (Act.
2921 457 2979 511 χ,
3010 437 3143 514 48);
3177 449 3243 499 ut
3273 458 3343 498 ex
3375 459 3442 500 eo
3469 446 3574 501 sci-

262 531 529 597 natianos,
569 541 664 588 aut
705 533 1035 592 Manichaos
1068 535 1251 592 vocari
1280 552 1390 591 non
1420 535 1677 603 horrent;
1718 533 1874 589 114'

259 618 411 675 itaet
435 619 715 678 Corinthii
745 622 1090 680 diversorum
1114 623 1501 681 hareticorum
1534 625 1858 681 nominibus

257 707 453 781 subjici
487 721 784 784 coeperant,
815 723 874 771 ut
904 714 1229 770 viderentur
1260 715 1380 771 loco
1412 713 1623 772 Christi
1667 713 1860 769 homi—

255 815 349 855 nes
377 804 624 858 venerari
649 821 660 858 :
695 805 785 878 qui
813 805 943 862 dum
968 807 1188 863 diversa
1210 807 1276 863 de
1303 807 1526 864 Christo
1557 808 1857 878 accipiunt,

253 888 514 947 dividunt
560 892 861 951 Christum.
914 896 1071 952 Unus
1108 897 1258 952 enim
1308 895 1594 951 hominem
1643 902 1855 950 tantum

252 979 452 1051 accipit
483 981 790 1053 Christum,
843 985 985 1040 alter
1028 988 1203 1041 Deum
1248 1002 1447 1058 purum
1478 985 1596 1040 sine
1634 983 1858 1039 homine

251 1067 337 1122 vel
371 1085 596 1142 corpore
645 1073 854 1128 fatetur
903 1074 1046 1146 (74),
1093 1075 1233 1130 alius
1275 1075 1410 1130 dicit
1440 1091 1537 1146 per
1565 1073 1855 1146 prophetas

251 1157 575 1227 pradictum
659 1161 964 1232 Christum,
1031 1165 1170 1220 alter
1216 1173 1375 1236 negat
1429 1163 1722 1235 prophetas
1787 1162 1854 1218 de

248 1243 475 1304 Christo
524 1251 759 1308 locutos.
803 1253 938 1309 Cum
988 1270 1112 1326 ergo
1139 1253 1394 1310 Christus
1421 1269 1566 1308 unus
1608 1253 1678 1308 sit
1709 1253 1854 1307 Deus

245 1341 301 1390 et
332 1334 525 1406 homo,
560 1339 653 1396 isti
677 1341 781 1397 sibi
812 1341 953 1398 alius
986 1341 1136 1398 aliud
1160 1341 1279 1415 ejus
1312 1342 1678 1410 vindicantes,
1709 1341 1850 1398 divi-

244 1423 390 1481 dunt
422 1428 702 1486 Christum
731 1450 742 1498 ;
774 1441 826 1488 et
857 1433 986 1505 quia
1014 1433 1116 1489 sub
1169 1433 1396 1488 nomine
1434 1448 1535 1488 suo
1579 1432 1853 1489 Ecclesias

246 1513 459 1574 faciunt
488 1519 710 1589 multas,
739 1520 941 1594 adjecit
962 1539 973 1576 :

330 1631 349 1653 -
385 1606 665 1681 Numquid
712 1610 916 1666 Paulus
959 1611 1264 1668 cruciﬁxus
1307 1618 1387 1667 est
1431 1628 1531 1683 pro
1580 1610 1781 1667 vobis?
1819 1637 1837 1659 ι

245 1691 374 1750 Ideo
424 1711 455 1751 a
498 1713 554 1753 se
593 1699 782 1771 capit,
823 1717 891 1757 ne
942 1700 1080 1757 forte
1123 1708 1408 1774 putaretur
1445 1700 1680 1756 aliorum
1729 1699 1851 1756 ideo

1966 535 2089 584 rent
2119 543 2230 583 non
2267 544 2521 600 magnum
2560 546 2674 586 esse
2717 530 3015 603 baptizare,
3073 533 3202 606 quia
3250 548 3361 589 non
3391 535 3574 592 omnis

1968 619 2062 691 qui
2113 618 2375 688 baptizat,
2420 619 2649 675 idoneus
2710 630 2793 677 est
2842 631 2897 678 et
2942 623 3340 694 evangelizare.
3392 623 3574 680 Verba

1968 712 2115 767 enim
2172 712 2443 766 solemnia
2491 720 2637 780 sunt,
2683 729 2804 784 qua
2832 715 3098 771 dicuntur
3127 715 3183 770 in
3219 717 3568 788 baptismate.

1969 800 2215 871 Denique
2246 801 2524 870 apostolus
2554 801 2746 856 Petrus
2765 804 3074 860 credentem
3099 805 3419 863 Cornelium
3442 823 3568 862 cum

1968 889 2083 942 suis
2121 887 2288 958 jussit
2343 888 2631 958 baptizari,
2685 904 2788 945 nec
2837 889 3093 960 dignatus
3138 898 3238 960 est,
3300 891 3572 947 ministris

1967 976 2294 1043 astantibus,
2340 975 2448 1030 hoc
2499 992 2638 1046 opus
2683 977 2900 1044 facere;
2951 979 2996 1034 si
3040 980 3187 1034 enim
3245 979 3570 1048 defuissent,

1967 1063 2081 1135 ipse
2113 1064 2215 1119 hoc
2242 1064 2459 1134 egisset,
2491 1065 2815 1121 necessitate
2845 1069 3187 1138 compulsus.
3221 1068 3435 1135 Quanto
3475 1086 3573 1124 er-

1966 1169 2032 1224 go
2063 1153 2257 1208 melior
2287 1152 2373 1208 bis
2399 1153 2490 1220 sit,
2523 1170 2661 1225 quos
2704 1155 2791 1209 illi
2828 1157 3258 1226 venerabantur,
3296 1157 3568 1213 ostendit:

1964 1249 2018 1297 et
2064 1259 2176 1297 non
2229 1250 2414 1298 tamen
2467 1243 2573 1300 hoc
2612 1245 2825 1299 nomini
2879 1262 2981 1300 suo
3023 1245 3243 1302 decerni
3289 1248 3567 1318 permisit,

1964 1330 2144 1386 sciens
2177 1331 2548 1402 periculosum
2575 1349 2690 1388 esse
2738 1333 2966 1405 gloriam
2999 1334 3096 1390 Dei
3126 1335 3343 1390 nomini
3377 1335 3571 1390 homi-

1964 1422 2052 1478 nis
2080 1422 2364 1478 vindicare
2388 1441 2401 1490 ;
2433 1431 2516 1479 est
2541 1424 2687 1479 enim
2715 1425 2870 1497 quasi
2902 1424 3230 1481 idololatria.

2049 1536 2068 1560 ι
2105 1513 2226 1568 Νοη
2257 1512 2314 1566 in
2344 1512 2611 1584 sapientia
2649 1514 2838 1584 Verbi,
2877 1522 3072 1570 utnon
3100 1527 3400 1571 evacuatur
3427 1530 3564 1570 crux

1961 1600 2189 1658 Christi.
2223 1626 2240 1650 ι
2298 1602 2439 1669 Quia
2477 1603 2795 1674 pradicatio
2844 1604 3160 1662 Christiana
3197 1620 3308 1660 non
3352 1604 3562 1676 indiget

1963 1707 2162 1762 pompa
2190 1700 2245 1746 et
2283 1693 2436 1748 cultu
2467 1695 2758 1763 sermonis,
2794 1694 3028 1767 ideoque
3058 1695 3356 1766 piscatores
3376 1692 3567 1748 homi-

244 1784 482 1843 refutare
530 1802 811 1858 personas,
859 1795 922 1844 ιιι
968 1805 1122 1844 suam
1151 1789 1580 1845 commendaret_
1613 1788 1670 1844 Si
1700 1792 1848 1844 enim
1882 1795 1929 1854 Β
1964 1796 2062 1837 nes
2088 1782 2333 1854 imperiti
2363 1783 2524 1839 electi
2555 1793 2705 1851 sunt,
2740 1785 2835 1858 qui
2875 1785 3349 1857 evangelizarent;
3382 1792 3446 1840 ut
3475 1783 3570 1839 dn-

245 1873 501 1932 Christus
528 1893 629 1949 pro
657 1879 841 1946 nobis,
885 1879 1087 1951 inquit,
1137 1888 1387 1935 mortuus
1424 1887 1523 1946 est,
1575 1878 1851 1951 quomodo

241 1965 481 2036 gratiam
525 1964 645 2036 ejus
691 1973 745 2022 et
790 1967 1120 2024 beneﬁcium
1152 1967 1475 2025 hominibus
1515 1967 1854 2040 imputamus

239 2052 314 2109 ad
347 2053 466 2126 ejus
496 2054 757 2126 injuriam
783 2056 811 2112 ‘P

328 2167 348 2190 α
378 2145 494 2199 Aut
536 2144 594 2199 in
625 2145 849 2202 nomine
875 2146 1033 2204 Pauli
1062 2146 1322 2220 baptizati
1356 2148 1486 2203 estis
1507 2147 1536 2203 ‘I
1565 2172 1583 2195 ι
1626 2147 1682 2203 Si
1725 2163 1854 2204 cre-

242 2231 435 2290 dentes
477 2243 685 2304 autem,
729 2234 934 2308 inquit,
984 2236 1042 2291 in
1076 2236 1359 2294 Christum
1391 2237 1757 2310 baptizamur,
1790 2245 1852 2293 ut

244 2323 299 2379 in
330 2324 572 2383 nomine.
591 2325 710 2397 ejus
733 2325 1125 2398 justiﬁcemur,
1159 2329 1292 2402 quid
1321 2337 1400 2385 est
1431 2337 1494 2386 ut
1523 2329 1649 2385 ﬁdei
1683 2328 1850 2401 hujus

243 2409 499 2470 homines
528 2414 687 2471 nobis
717 2425 967 2472 auctores
1018 2417 1301 2488 faciamus,
1334 2418 1686 2474 immemores
1729 2435 1850 2474 ca-

244 2509 347 2573 pta
378 2503 746 2561 credulitatis.

316 2591 503 2662 (Vers.
530 2593 758 2667 14-16.)
804 2620 821 2641 ι
853 2595 1069 2652 Gratias
1097 2613 1196 2669 ago
1225 2599 1359 2665 Deo,
1389 2596 1537 2670 quod
1569 2597 1847 2654 neminem

249 2689 498 2737 vestrum
537 2681 832 2755 baptizavi,
863 2685 970 2741 nisi
1001 2686 1252 2759 Crispum
1282 2697 1334 2744 et
1360 2686 1592 2754 Caium;
1626 2704 1694 2743 ne
1723 2688 1847 2761 quis

242 2766 390 2826 dicat
422 2771 570 2844 quod
603 2774 660 2828 in
690 2775 915 2830 nomine
943 2793 1063 2831 meo
1094 2777 1365 2848 baptizavi
1399 2777 1538 2848 (75).
1563 2776 1847 2848 Baptizavi

241 2867 424 2916 autem
473 2869 527 2916 et
573 2861 861 2935 Stephana
899 2865 1160 2920 domum:
1208 2875 1533 2922 caterorum
1585 2867 1771 2923 nescio
1800 2866 1846 2922 si

238 2961 399 3019 quem
433 2948 605 3005 alium
635 2951 1050 3024 baptizaverim.
1083 2979 1101 3000 »
1145 2954 1360 3011 Gratias
1389 2955 1502 3026 agit
1533 2955 1668 3022 Deo,
1719 2954 1848 3026 quia

238 3051 346 3091 non
387 3039 597 3094 multos
645 3056 715 3096 ex
773 3043 886 3097 illis
925 3042 1246 3113 baptizavit,
1298 3060 1366 3098 ne
1394 3044 1524 3116 quia
1564 3059 1716 3098 error
1745 3043 1848 3098 sub

1963 1870 2153 1927 ctrina
2184 1872 2389 1927 veritas
2419 1873 2536 1944 ipsa
2575 1875 2694 1945 (78)
2727 1890 2782 1930 se
2810 1874 3244 1942 commendaret,
3273 1880 3411 1929 teste
3442 1874 3571 1927 vir-

1960 1967 2114 2026 tute;
2164 1977 2233 2016 ne
2269 1961 2557 2019 hominum
2588 1964 2830 2020 versutia
2859 1975 2912 2022 et
2957 1965 3260 2022 calliditate
3307 1964 3564 2020 humana

1961 2049 2244 2121 sapientia
2273 2053 2626 2124 acceptabilis
2663 2054 2965 2121 videretur,
2997 2072 3108 2110 non
3138 2055 3390 2122 veritate,
3421 2053 3568 2111 sicut

1961 2137 2271 2212 disciplina
2318 2141 2385 2197 ab
2431 2142 2752 2200 hominibus
2799 2144 3059 2212 inventa,
3113 2145 3171 2199 in
3206 2145 3409 2216 quibus
3445 2160 3556 2199 non

1961 2231 2122 2300 ratio,
2154 2248 2267 2287 non
2316 2233 2514 2303 virtus,
2546 2235 2639 2292 sed
2677 2236 2970 2292 verborum
3006 2236 3273 2309 quaritur
3293 2235 3563 2308 composi-

1959 2317 2071 2373 tio:
2121 2335 2183 2374 ac
2230 2336 2326 2390 per
2379 2321 2484 2379 hoc
2529 2323 2758 2394 gloriam
2808 2341 2962 2380 suam
3010 2325 3204 2397 quari,
3259 2325 3353 2398 qui
3397 2325 3564 2382 ﬁdem

1959 2406 2165 2464 Christi
2196 2410 2379 2466 verbis
2422 2428 2689 2468 exornare
2724 2414 2865 2469 vult.
2901 2414 3170 2474 Obscurat
3208 2416 3356 2470 enim
3405 2415 3558 2470 illam

1957 2498 2247 2568 splendore
2278 2500 2594 2569 verborum,
2626 2509 2687 2557 ut
2718 2519 2828 2558 non
2862 2503 2978 2570 illa,
3012 2504 3105 2559 sed
3137 2505 3251 2576 ipse
3275 2503 3559 2571 laudetur;

1956 2586 2098 2642 sicut
2125 2594 2180 2642 et
2201 2588 2664 2660 pseudoapostoli,
2697 2607 2764 2645 ne
2789 2592 2948 2646 stulti
2978 2591 3302 2647 viderentur
3324 2593 3558 2663 pruden-

1957 2674 2105 2731 tibus
2137 2677 2352 2744 mundi,
2387 2677 2444 2730 in
2475 2679 2744 2748 sapientia
2773 2679 3063 2733 hominum
3109 2680 3392 2737 Christum
3423 2699 3564 2752 pra-

1956 2766 2216 2823 dicabant
2234 2767 2444 2837 duplici
2463 2783 2657 2839 genere
2682 2786 2695 2834 ;
2728 2776 2789 2823 ut
2816 2769 3152 2840 eloquentia
3179 2770 3488 2835 studerent,
3509 2779 3562 2826 et

1958 2873 2021 2911 ea
2067 2874 2189 2928 qua
2239 2855 2480 2911 mundus
2533 2856 2592 2912 in
2625 2856 2788 2913 nobis
2815 2858 2984 2914 stulta
3006 2857 3220 2930 judicat
3249 2858 3557 2918 evitarent:

1957 2953 2020 3001 ut
2043 2961 2222 3019 neque
2251 2946 2596 3002 incarnatum
2620 2949 2716 3003 Dei
2744 2948 2972 3017 Filium,
3010 2957 3066 3004 et
3093 2950 3160 3005 de
3191 2949 3419 3021 Virgine
3453 2965 3562 3005 na-

1959 3043 2078 3092 tum
2102 3036 2384 3106 docerent,
2408 3053 2582 3109 neque
2611 3037 2791 3093 carnis
2813 3039 3057 3094 futuram
3089 3041 3554 3108 resurectionem;

237 3123 338 3181 hac
404 3142 466 3182 re
520 3137 779 3200 coeperat,
833 3148 903 3188 ex
959 3131 1184 3187 nomine
1242 3131 1359 3203 ejus
1403 3148 1556 3187 error
1602 3139 1740 3188 esset
1787 3131 1845 3186 in
1877 3157 1921 3217 Ο
1959 3125 2089 3198 quia
2119 3126 2312 3182 mundi
2340 3128 2488 3183 istud
2517 3127 2785 3200 sapientia
2806 3135 2860 3183 et
2882 3129 3022 3183 ratio
3042 3131 3276 3184 stultum
3319 3128 3554 3201 judicat:

237 3213 528 3285 plurimis,
560 3233 656 3288 per
696 3218 801 3274 hoc
837 3220 1145 3291 arguendos
1177 3223 1292 3292 (76)
1333 3230 1386 3277 et
1415 3222 1752 3293 baptizantes
1796 3231 1850 3278 et

235 3299 571 3375 baptizatos,
604 3307 698 3379 qui
731 3306 799 3363 ad
849 3307 1111 3380 injuriam
1160 3311 1460 3368 Salvatoris
1507 3312 1849 3384 baptismatis

239 3389 356 3462 ejus
403 3394 637 3466 gratiam
690 3396 1012 3454 hominibus
1041 3398 1394 3471 deputabant,
1424 3400 1537 3456 illis
1575 3401 1849 3458 dissimu-

239 3478 486 3538 lantibus
535 3483 720 3556 gloria
768 3503 952 3543 causa.
1003 3487 1094 3544 Sic
1145 3489 1292 3544 enim
1325 3497 1500 3558 erant,
1532 3489 1675 3545 sicut
1698 3506 1847 3548 nunc

241 3566 537 3627 Novatiani
564 3581 618 3628 et
654 3574 975 3644 Donatiani,
1008 3577 1101 3650 qui
1145 3576 1481 3650 baptismum
1513 3579 1618 3635 sibi
1649 3579 1846 3636 vindi-

241 3667 380 3728 cant,
413 3677 451 3716 a
478 3664 680 3720 nostris
709 3665 1011 3737 baptizatos
1051 3669 1441 3739 reprobantes:
1487 3678 1543 3726 et
1584 3669 1845 3742 baptizati

220 3751 302 3807 ab
330 3753 421 3809 his
454 3755 759 3826 gloriantur
796 3758 853 3812 in
892 3759 1140 3830 personis
1174 3776 1384 3816 eorum.
1411 3761 1659 3834 Denique
1689 3762 1844 3819 Chri-

242 3842 304 3896 sti
335 3844 565 3900 nomine
609 3846 864 3903 abdicato
912 3849 1248 3907 Novatianos
1279 3859 1333 3906 et
1361 3852 1700 3906 Donatianos
1736 3867 1847 3906 vo-

244 3932 344 3986 cari
371 3949 434 3989 se
465 3933 790 4004 gloriantur.
820 3936 1046 4010 Crispus
1090 3955 1216 4011 ergo
1256 3948 1308 3995 et
1352 3940 1515 3996 Caius
1565 3938 1844 3996 Corinthii

245 4029 380 4090 sunt,
419 4038 559 4095 quos
588 4023 658 4080 ad
679 4020 1062 4083 testimonium
1091 4028 1341 4084 nominat
1366 4047 1378 4095 ;
1411 4029 1541 4103 quia
1589 4030 1670 4084 sic
1700 4028 1843 4100 bap-

244 4107 388 4166 tizati
444 4120 573 4168 sunt
616 4114 684 4170 ad
727 4117 1016 4188 Apostolo,
1052 4125 1114 4172 ut
1157 4119 1368 4173 nullam
1402 4119 1486 4174 illi
1514 4119 1744 4190 gloriam
1775 4134 1846 4175 ex

244 4195 336 4255 hac
361 4216 531 4258 causa
568 4201 805 4260 dandam
838 4217 1141 4264 assererent
1174 4209 1316 4279 (77).
1351 4208 1638 4281 Stephana
1661 4216 1844 4264 autem

241 4285 435 4346 domus
475 4291 735 4362 primitia
789 4303 920 4349 sunt
969 4295 1212 4364 Achaia,
1273 4298 1417 4354 sicut
1465 4300 1522 4353 in
1571 4307 1846 4370 postrema

242 4389 389 4450 parte
434 4381 675 4452 epistola
710 4381 1006 4455 signiﬁcat,
1057 4386 1259 4458 quibus
1308 4389 1684 4444 testimonium
1728 4389 1840 4458 dat,

242 4482 346 4540 quo
376 4471 438 4525 in
465 4471 835 4529 ministerium
865 4474 1072 4531 sanctis
1101 4493 1156 4532 se
1185 4478 1604 4533 constituerant.

309 4559 493 4632 (Vers.
531 4562 646 4633 17.)
692 4586 710 4609 ι
738 4563 860 4619 Non
887 4564 1032 4621 enim
1066 4565 1219 4623 misit
1253 4582 1340 4622 me
1367 4567 1620 4624 Christus
1650 4568 1842 4640 bapti-

241 4663 375 4716 zare,
408 4648 506 4706 sed
541 4655 933 4725 evangelizare.
962 4681 978 4704 ι
1033 4656 1306 4724 Quoniam
1347 4658 1526 4731 majus
1556 4667 1637 4715 est
1666 4676 1846 4714 evan-

245 4738 487 4810 gelizare,
541 4757 707 4813 quam
762 4743 1075 4816 baptizare;
1135 4748 1259 4804 ideo
1318 4765 1429 4805 non
1499 4766 1555 4805 se
1613 4749 1843 4804 missum

243 4827 512 4902 baptizare
542 4833 700 4901 dicit,
750 4835 843 4890 sed
890 4839 1264 4910 evangelizare
1293 4857 1304 4894 :
1339 4840 1469 4914 quia
1500 4841 1555 4895 in
1586 4840 1842 4914 episcopo

243 4923 484 4977 omnium
517 4922 932 4982 ordinationum
959 4926 1201 4999 dignitas
1236 4939 1317 4986 est
1345 4949 1358 4997 ;
1392 4939 1556 5003 caput
1586 4942 1666 4988 est
1693 4933 1839 4988 enim

243 5019 559 5069 caterorum
610 5016 1007 5072 membrorum.
1062 5019 1165 5076 Per
1194 5021 1340 5093 quod
1372 5022 1535 5076 etiam
1569 5023 1692 5078 illos
1725 5022 1842 5077 hu-

247 5103 440 5176 miliat,
490 5107 692 5181 quibus
725 5105 812 5164 illi
852 5110 1090 5166 multum
1122 5111 1346 5183 dabant,
1379 5120 1664 5186 propterea
1693 5114 1840 5187 quod

309 5311 427 5384 (74)
480 5314 562 5370 Ita
601 5312 735 5371 edit.
787 5332 998 5386 omnes,
1047 5325 1101 5372 et
1143 5316 1264 5373 cod.
1308 5319 1508 5388 Corb.;
1561 5319 1658 5375 alii
1707 5337 1839 5378 vero

245 5396 775 5460 summoAconsensu,
800 5406 1000 5460 purum
1029 5389 1140 5443 sine
1169 5406 1385 5459 corpore
1403 5392 1622 5460 fatetur.

312 5455 426 5534 (ῖὸ)
454 5457 660 5515 Omnes
689 5455 821 5516 edit:
853 5477 917 5518 ac
944 5477 1075 5516 mss.
1108 5455 1671 5534 nonn'ulli,_'baptizati
1693 5465 1834 5520 estis.

245 5525 484 5584 At'infra
518 5546 625 5607 pro
667 5538 975 5588 cancrorum
1021 5533 1210 5601 nescio,
1242 5525 1412 5604 aliqui
1453 5525 1641 5607 legunt
1680 5543 1838 5593 cate—

251 5611 364 5670 rum
388 5604 582 5670 nescio,
602 5611 709 5660 etc.

314 5669 427 5743 (76)
447 5669 604 5733 Eras.
637 5682 693 5733 et
722 5691 835 5750 seq.
866 5675 1024 5746 edit.,
1059 5693 1160 5749 per
1191 5677 1285 5735 hoc
1313 5691 1579 5751 argum;
1604 5681 1834 5740 Amcrb.

1873 4515 1922 4573 D

1959 3231 2021 3272 ac
2053 3231 2147 3287 per
2177 3217 2283 3273 hoc
2310 3218 2609 3289 Apostolus
2644 3233 2753 3272 non
2784 3234 2840 3273 se
2871 3216 2930 3272 in
2963 3217 3232 3290 sapientia
3267 3218 3556 3274 hominum

1957 3304 2096 3361 dicit
2124 3306 2406 3363 Christum
2439 3307 2735 3379 pradicare
2762 3326 2773 3362 :
2822 3331 2840 3354 ι
2871 3309 2950 3364 Ne
2983 3315 3299 3376 evacuetur,
3351 3308 3556 3380 inquit,

1957 3411 2094 3452 crux
2155 3394 2398 3463 Christi;
2445 3421 2463 3443 ι
2534 3396 2665 3468 quia
2719 3396 2814 3470 qui
2876 3397 2934 3451 in
2989 3397 3258 3468 sapientia
3316 3397 3559 3451 hominis

1956 3490 2241 3548 Christum
2296 3490 2436 3546 115
2476 3491 2791 3557 annuntiat,
2825 3498 2986 3564 negat
3029 3491 3317 3549 veritatem
3348 3493 3560 3566 pradi-

1956 3581 2210 3650 cationis,
2242 3579 2386 3636 sicut
2413 3597 2576 3653 supra
2612 3581 2934 3636 memoravi.

2029 3672 2213 3742 (Vers.
2271 3672 2385 3743 18.)
2437 3697 2454 3719 ι
2496 3671 2738 3728 Verbum
2779 3673 2928 3728 enim
2977 3672 3157 3730 crucis
3198 3673 3558 3746 pereuntibus

1954 3762 2175 3836 quidem
2205 3764 2441 3819 stultitia
2466 3771 2567 3819 est.
2602 3789 2621 3812 ι
2664 3764 3011 3820 Manifestum
3041 3772 3146 3831 est,
3186 3766 3318 3838 quia
3347 3766 3560 3839 quibus

1954 3867 2092 3907 crux
2122 3852 2328 3909 Christi
2357 3853 2594 3908 stultitia
2621 3861 2722 3919 est,
2744 3855 2800 3908 in
2821 3854 3133 3924 perditione
3153 3865 3315 3923 sunt;
3339 3855 3546 3912 inferni

1955 3942 2104 3997 enim
2138 3950 2312 3998 morte
2342 3943 2457 4015 (79)
2490 3959 2602 3999 non
2631 3952 2760 4000 sunt
2787 3945 2979 4017 erepti.

2029 4032 2214 4104 (Vers.
2249 4032 2364 4104 19.)
2411 4057 2430 4079 ι
2460 4033 2558 4089 His
2605 4041 2787 4090 autem
2828 4035 2924 4107 qui
2965 4035 3106 4090 salvi
3163 4033 3327 4099 ﬁunt,
3377 4033 3556 4086 virtus

1952 4119 2052 4176 Dei
2085 4128 2187 4177 est.
2229 4147 2248 4171 ο
2288 4123 2412 4179 Non
2447 4133 2528 4180 est
2558 4125 2854 4180 obscurum
2885 4125 3015 4196 quia
3045 4123 3134 4189 iis,
3175 4121 3269 4192 qui
3300 4118 3554 4189 credunt,

1953 4211 2050 4267 Dei
2081 4212 2260 4269 virtus
2288 4221 2406 4282 est;
2441 4214 2674 4270 credunt
2706 4215 2855 4269 enim
2888 4230 2998 4268 non
3029 4210 3409 4266 inﬁrmitatem
3440 4225 3556 4266 esse

1954 4315 2171 4357 crucem
2202 4302 2431 4371 Christi,
2463 4303 2556 4359 sed
2588 4303 2876 4368 virtutem,
2918 4300 3289 4372 intelligentes
3319 4307 3553 4356 mortem

1952 4390 2158 4446 victam
2201 4407 2318 4448 esse
2365 4393 2422 4446 in
2466 4407 2666 4447 cruce:
2722 4389 2881 4462 cujus
2927 4389 3145 4463 signum
3184 4390 3278 4463 qui
3324 4389 3550 4461 habent,

1953 4481 2089 4535 salvi
2122 4491 2278 4549 sunt;
2313 4482 2443 4555 quia
2470 4481 2540 4538 ab
2572 4482 2668 4538 illa
2695 4482 2870 4538 teneri
2902 4499 3013 4539 non
3044 4491 3292 4556 possunt.

2038 4595 2054 4617 ε
2093 4572 2368 4645 Scriptum
2418 4581 2499 4628 est
2543 4573 2690 4628 enim
2737 4572 2795 4628 in
2838 4574 3012 4630 Isaia:
3060 4574 3289 4629 Perdam
3321 4574 3552 4645 sapien-

1953 4661 2086 4716 tiam
2117 4663 2447 4733 sapientium
2482 4673 2535 4720 et
2567 4665 2911 4722 intellectum
2949 4665 3316 4736 prudentium
3350 4679 3550 4736 repro—

1951 4755 2096 4810 babo
2144 4756 2277 4825 (Isa.
2325 4757 2631 4829 xxxx,1li).
2666 4783 2683 4804 ι
2734 4757 2919 4813 Perdit
2957 4759 3281 4829 sapientiam
3325 4758 3553 4830 sapieu-

1953 4846 2111 4914 tium,
2154 4845 2286 4901 dum
2330 4863 2452 4919 qua
2503 4847 2599 4902 illa
2646 4855 2807 4918 negat
2857 4863 3010 4919 posse
3053 4847 3197 4917 ﬁeri,
3263 4848 3434 4914 facit;
3499 4858 3553 4906 et

1952 4936 2205 5007 reprobat
2255 4936 2597 4992 intellectum
2646 4937 3031 5007 prudentium,
3085 4935 3306 5011 quando
3349 4938 3546 5004 Deum,

1951 5041 2112 5098 quem
2143 5025 2487 5085 incuriosum
2519 5025 2735 5096 dicunt,
2769 5043 3081 5100 aggressum
3113 5026 3310 5098 probat
3335 5041 3397 5080 ea
3428 5039 3551 5097 qua

1949 5118 2118 5172 stulta
2170 5126 2388 5190 putant,
2425 5126 2486 5174 ut
2528 5117 2628 5173 Dei
2675 5116 2851 5172 Filius
2879 5117 3196 5175 incarnatus
3223 5114 3290 5171 de
3321 5113 3556 5185 Virgine

1949 5332 2000 5379 et
2030 5322 2217 5380 cuncti
2249 5339 2405 5390 mss.,
2422 5339 2521 5393 per
2546 5323 2638 5377 hoc
2663 5322 2985 5392 unguendos.

2023 5396 2140 5466 (77)
2200 5394 2404 5450 Omnes
2467 5394 2626 5461 edit.,
2683 5394 2916 5448 dandam
2975 5396 3301 5458 assererent;
3353 5401 3544 5444 omnes

1949 5467 2356 5540 mss.,dandam
2389 5466 2774 5540 addiscerent._
2903 5537 2913 5540 _
3115 5533 3144 5540 ,γ
3193 5529 3226 5540 Α
3281 5528 3290 5538 ,

2021 5538 2138 5614 (gs)
2171 5539 2298 5614 Mss.
2325 5553 2435 5592 non
2461 5537 2640 5614 pauci,
2662 5544 2723 5614 ut
2741 5537 2986 5614 doctrina
3011 5533 3410 5614 veritatiaipsa,
3432 5538 3541 5589 etc.

2019 5607 2138 5682 (79)
2171 5610 2361 5667 Plures
2391 5607 2520 5668 mss.
2542 5652 2557 5678 ,
2581 5611 2807 5680 inferna
2834 5607 3312 5670 enimmortiyotc.
