  <div class='ocr_page' id='page_1' title='image "/cluster/home/n/w/nwhite01/storage/ocr_20150623/17/hvd.32044096580436/105.png"; bbox 0 0 4090 6182; ppageno 0'>
   <div class='ocr_carea' id='block_1_1' title="bbox 510 276 611 336">
    <p class='ocr_par' dir='ltr' id='par_1_1' title="bbox 510 276 611 336">
     <span class='ocr_line' id='line_1_1' title="bbox 510 276 611 336; baseline 0 0"><span class='ocrx_word' id='word_1_1' title='bbox 510 276 611 336; x_wconf 85' lang='grc'><strong>199</strong></span> 
     </span>
    </p>
   </div>
   <div class='ocr_carea' id='block_1_2' title="bbox 1477 265 2736 344">
    <p class='ocr_par' dir='ltr' id='par_1_2' title="bbox 1477 265 2736 344">
     <span class='ocr_line' id='line_1_2' title="bbox 1477 265 2736 344; baseline 0.004 -5"><span class='ocrx_word' id='word_1_2' title='bbox 1477 283 1574 339; x_wconf 83' lang='lat' dir='ltr'><strong>AD</strong></span> <span class='ocrx_word' id='word_1_3' title='bbox 1615 272 1851 340; x_wconf 82' lang='lat' dir='ltr'><strong>OPERA</strong></span> <span class='ocrx_word' id='word_1_4' title='bbox 1889 282 1956 338; x_wconf 84' lang='lat' dir='ltr'><strong>s.</strong></span> <span class='ocrx_word' id='word_1_5' title='bbox 1983 265 2320 342; x_wconf 79' lang='lat' dir='ltr'><strong>AMBROSiI</strong></span> <span class='ocrx_word' id='word_1_6' title='bbox 2355 274 2736 344; x_wconf 79' lang='lat' dir='ltr'><strong>APPENDIX.</strong></span> 
     </span>
    </p>
   </div>
   <div class='ocr_carea' id='block_1_3' title="bbox 3698 284 3808 347">
    <p class='ocr_par' dir='ltr' id='par_1_3' title="bbox 3698 284 3808 347">
     <span class='ocr_line' id='line_1_3' title="bbox 3698 284 3808 347; baseline 0 0"><span class='ocrx_word' id='word_1_7' title='bbox 3698 284 3808 347; x_wconf 83' lang='grc'><strong>200</strong></span> 
     </span>
    </p>
   </div>
   <div class='ocr_carea' id='block_1_4' title="bbox 506 391 3813 490">
    <p class='ocr_par' dir='ltr' id='par_1_4' title="bbox 506 391 3813 490">
     <span class='ocr_line' id='line_1_4' title="bbox 506 391 3813 490; baseline 0.002 -24"><span class='ocrx_word' id='word_1_8' title='bbox 506 405 918 481; x_wconf 79' lang='lat' dir='ltr'><strong>cruciﬁgeretur</strong></span> <span class='ocrx_word' id='word_1_9' title='bbox 960 424 1059 481; x_wconf 90' lang='lat' dir='ltr'><strong>pro</strong></span> <span class='ocrx_word' id='word_1_10' title='bbox 1123 407 1368 464; x_wconf 90' lang='lat' dir='ltr'><strong>humana</strong></span> <span class='ocrx_word' id='word_1_11' title='bbox 1422 408 1630 476; x_wconf 89' lang='lat' dir='ltr'><strong>salute;</strong></span> <span class='ocrx_word' id='word_1_12' title='bbox 1685 407 1834 480; x_wconf 93' lang='lat' dir='ltr'><strong>quod</strong></span> <span class='ocrx_word' id='word_1_13' title='bbox 1885 391 2093 466; x_wconf 84' lang='lat' dir='ltr'><strong>factum</strong></span> <span class='ocrx_word' id='word_1_14' title='bbox 2125 413 2173 472; x_wconf 85' lang='lat' dir='ltr'><strong>A</strong></span> <span class='ocrx_word' id='word_1_15' title='bbox 2208 420 2358 476; x_wconf 86' lang='lat' dir='ltr'><strong>runt.</strong></span> <span class='ocrx_word' id='word_1_16' title='bbox 2391 418 2454 468; x_wconf 92' lang='lat' dir='ltr'><strong>ut</strong></span> <span class='ocrx_word' id='word_1_17' title='bbox 2481 411 2692 486; x_wconf 90' lang='lat' dir='ltr'><strong>aliquid</strong></span> <span class='ocrx_word' id='word_1_18' title='bbox 2740 413 2848 470; x_wconf 86' lang='lat' dir='ltr'><strong>tale</strong></span> <span class='ocrx_word' id='word_1_19' title='bbox 2878 411 3123 481; x_wconf 78' lang='lat' dir='ltr'><strong>videant,</strong></span> <span class='ocrx_word' id='word_1_20' title='bbox 3169 413 3330 486; x_wconf 83' lang='lat' dir='ltr'><strong>quale</strong></span> <span class='ocrx_word' id='word_1_21' title='bbox 3375 422 3457 470; x_wconf 88' lang='lat' dir='ltr'><strong>est</strong></span> <span class='ocrx_word' id='word_1_22' title='bbox 3487 413 3629 471; x_wconf 90' lang='lat' dir='ltr'><strong>illud</strong></span> <span class='ocrx_word' id='word_1_23' title='bbox 3662 415 3813 490; x_wconf 88' lang='lat' dir='ltr'><strong>quod</strong></span> 
     </span>
    </p>
   </div>
   <div class='ocr_carea' id='block_1_5' title="bbox 508 495 1521 566">
    <p class='ocr_par' dir='ltr' id='par_1_5' title="bbox 508 495 1521 566">
     <span class='ocr_line' id='line_1_5' title="bbox 508 495 1521 566; baseline 0.001 -15"><span class='ocrx_word' id='word_1_24' title='bbox 508 513 635 554; x_wconf 85' lang='lat' dir='ltr'><strong>vere</strong></span> <span class='ocrx_word' id='word_1_25' title='bbox 659 504 890 553; x_wconf 80' lang='lat' dir='ltr'><strong>testatur</strong></span> <span class='ocrx_word' id='word_1_26' title='bbox 919 495 1148 566; x_wconf 87' lang='lat' dir='ltr'><strong>virtute,</strong></span> <span class='ocrx_word' id='word_1_27' title='bbox 1176 513 1288 553; x_wconf 91' lang='lat' dir='ltr'><strong>non</strong></span> <span class='ocrx_word' id='word_1_28' title='bbox 1319 496 1521 553; x_wconf 85' lang='lat' dir='ltr'><strong>verbis.</strong></span> 
     </span>
    </p>
   </div>
   <div class='ocr_carea' id='block_1_6' title="bbox 580 592 2098 668">
    <p class='ocr_par' dir='ltr' id='par_1_6' title="bbox 580 592 2098 668">
     <span class='ocr_line' id='line_1_6' title="bbox 580 592 2098 668; baseline -0.003 -14"><span class='ocrx_word' id='word_1_29' title='bbox 580 597 763 668; x_wconf 89' lang='lat' dir='ltr'><strong>(Vers.</strong></span> <span class='ocrx_word' id='word_1_30' title='bbox 795 595 912 668; x_wconf 87' lang='lat'><strong>20.)</strong></span> <span class='ocrx_word' id='word_1_31' title='bbox 959 621 978 644; x_wconf 78' lang='grc' dir='ltr'>ι</span> <span class='ocrx_word' id='word_1_32' title='bbox 1007 596 1112 653; x_wconf 90' lang='lat' dir='ltr'><strong>Ubi</strong></span> <span class='ocrx_word' id='word_1_33' title='bbox 1143 595 1404 668; x_wconf 79' lang='lat' dir='ltr'><strong>sapiens?</strong></span> <span class='ocrx_word' id='word_1_34' title='bbox 1433 593 1528 649; x_wconf 90' lang='lat' dir='ltr'><strong>ubi</strong></span> <span class='ocrx_word' id='word_1_35' title='bbox 1560 592 1742 650; x_wconf 89' lang='lat' dir='ltr'><strong>scriba</strong></span> <span class='ocrx_word' id='word_1_36' title='bbox 1763 593 1791 651; x_wconf 75' lang='lat' dir='ltr'><strong>‘i</strong></span> <span class='ocrx_word' id='word_1_37' title='bbox 1824 594 1918 650; x_wconf 90' lang='lat' dir='ltr'><strong>ubi</strong></span> <span class='ocrx_word' id='word_1_38' title='bbox 1965 611 2098 651; x_wconf 85' lang='lat' dir='ltr'><strong>con-</strong></span> 
     </span>
    </p>
   </div>
   <div class='ocr_carea' id='block_1_7' title="bbox 507 683 2101 760">
    <p class='ocr_par' dir='ltr' id='par_1_7' title="bbox 507 683 2101 760">
     <span class='ocr_line' id='line_1_7' title="bbox 507 683 2101 760; baseline -0.001 -19"><span class='ocrx_word' id='word_1_39' title='bbox 507 683 743 760; x_wconf 90' lang='lat' dir='ltr'><strong>quisitor</strong></span> <span class='ocrx_word' id='word_1_40' title='bbox 771 683 937 758; x_wconf 86' lang='lat' dir='ltr'><strong>hujus</strong></span> <span class='ocrx_word' id='word_1_41' title='bbox 969 686 1205 742; x_wconf 73' lang='lat' dir='ltr'><strong>saeculi?</strong></span> <span class='ocrx_word' id='word_1_42' title='bbox 1237 710 1253 731; x_wconf 82' lang='lat'><strong><em>-</em></strong></span> <span class='ocrx_word' id='word_1_43' title='bbox 1299 684 1396 740; x_wconf 88' lang='lat' dir='ltr'><strong>His</strong></span> <span class='ocrx_word' id='word_1_44' title='bbox 1440 683 1604 739; x_wconf 90' lang='lat' dir='ltr'><strong>dictis</strong></span> <span class='ocrx_word' id='word_1_45' title='bbox 1644 692 1753 739; x_wconf 90' lang='lat' dir='ltr'><strong>tam</strong></span> <span class='ocrx_word' id='word_1_46' title='bbox 1798 683 1855 739; x_wconf 91' lang='lat' dir='ltr'><strong>in</strong></span> <span class='ocrx_word' id='word_1_47' title='bbox 1886 684 2101 740; x_wconf 76' lang='lat' dir='ltr'><strong>Iudaeos</strong></span> 
     </span>
    </p>
   </div>
   <div class='ocr_carea' id='block_1_8' title="bbox 505 774 2103 848">
    <p class='ocr_par' dir='ltr' id='par_1_8' title="bbox 505 774 2103 848">
     <span class='ocr_line' id='line_1_8' title="bbox 505 774 2103 848; baseline 0.001 -19"><span class='ocrx_word' id='word_1_48' title='bbox 505 789 668 845; x_wconf 90' lang='lat' dir='ltr'><strong>quam</strong></span> <span class='ocrx_word' id='word_1_49' title='bbox 701 774 759 831; x_wconf 90' lang='lat' dir='ltr'><strong>in</strong></span> <span class='ocrx_word' id='word_1_50' title='bbox 791 775 1021 848; x_wconf 84' lang='lat' dir='ltr'><strong>gentiles</strong></span> <span class='ocrx_word' id='word_1_51' title='bbox 1043 775 1346 843; x_wconf 85' lang='lat' dir='ltr'><strong>invehitur,</strong></span> <span class='ocrx_word' id='word_1_52' title='bbox 1383 775 1510 847; x_wconf 87' lang='lat' dir='ltr'><strong>quia</strong></span> <span class='ocrx_word' id='word_1_53' title='bbox 1535 783 1589 830; x_wconf 90' lang='lat' dir='ltr'><strong>et</strong></span> <span class='ocrx_word' id='word_1_54' title='bbox 1609 775 1924 830; x_wconf 68' lang='lat' dir='ltr'><strong>Iudaeorum</strong></span> <span class='ocrx_word' id='word_1_55' title='bbox 1956 775 2103 831; x_wconf 92' lang='lat' dir='ltr'><strong>scri-</strong></span> 
     </span>
    </p>
   </div>
   <div class='ocr_carea' id='block_1_9' title="bbox 505 860 2102 935">
    <p class='ocr_par' dir='ltr' id='par_1_9' title="bbox 505 860 2102 935">
     <span class='ocr_line' id='line_1_9' title="bbox 505 860 2102 935; baseline 0.002 -18"><span class='ocrx_word' id='word_1_56' title='bbox 505 860 589 918; x_wconf 60' lang='lat' dir='ltr'><strong>bat</strong></span> <span class='ocrx_word' id='word_1_57' title='bbox 617 869 672 917; x_wconf 89' lang='lat' dir='ltr'><strong>et</strong></span> <span class='ocrx_word' id='word_1_58' title='bbox 701 863 833 935; x_wconf 85' lang='lat' dir='ltr'><strong>legis</strong></span> <span class='ocrx_word' id='word_1_59' title='bbox 863 864 1114 920; x_wconf 88' lang='lat' dir='ltr'><strong>doctores</strong></span> <span class='ocrx_word' id='word_1_60' title='bbox 1143 866 1318 919; x_wconf 90' lang='lat' dir='ltr'><strong>Deum</strong></span> <span class='ocrx_word' id='word_1_61' title='bbox 1367 863 1572 918; x_wconf 89' lang='lat' dir='ltr'><strong>Filium</strong></span> <span class='ocrx_word' id='word_1_62' title='bbox 1625 863 1823 920; x_wconf 89' lang='lat' dir='ltr'><strong>habere</strong></span> <span class='ocrx_word' id='word_1_63' title='bbox 1869 866 2102 920; x_wconf 89' lang='lat' dir='ltr'><strong>stultum</strong></span> 
     </span>
    </p>
   </div>
   <div class='ocr_carea' id='block_1_10' title="bbox 506 951 2098 1023">
    <p class='ocr_par' dir='ltr' id='par_1_10' title="bbox 506 951 2098 1023">
     <span class='ocr_line' id='line_1_10' title="bbox 506 951 2098 1023; baseline 0.001 -17"><span class='ocrx_word' id='word_1_64' title='bbox 506 959 700 1023; x_wconf 90' lang='lat' dir='ltr'><strong>putant</strong></span> <span class='ocrx_word' id='word_1_65' title='bbox 730 951 899 1008; x_wconf 91' lang='lat' dir='ltr'><strong>credi.</strong></span> <span class='ocrx_word' id='word_1_66' title='bbox 937 951 1118 1006; x_wconf 87' lang='lat' dir='ltr'>Simili</span> <span class='ocrx_word' id='word_1_67' title='bbox 1151 951 1316 1006; x_wconf 90' lang='lat' dir='ltr'><strong>modo</strong></span> <span class='ocrx_word' id='word_1_68' title='bbox 1347 959 1401 1006; x_wconf 93' lang='lat' dir='ltr'><strong>et</strong></span> <span class='ocrx_word' id='word_1_69' title='bbox 1429 960 1616 1022; x_wconf 82' lang='lat' dir='ltr'><strong>gentes</strong></span> <span class='ocrx_word' id='word_1_70' title='bbox 1645 951 1794 1007; x_wconf 83' lang='lat' dir='ltr'><strong>istud</strong></span> <span class='ocrx_word' id='word_1_71' title='bbox 1824 951 1961 1008; x_wconf 89' lang='lat' dir='ltr'><strong>risui</strong></span> <span class='ocrx_word' id='word_1_72' title='bbox 2000 952 2098 1008; x_wconf 90' lang='lat' dir='ltr'><strong>de-</strong></span> 
     </span>
    </p>
   </div>
   <div class='ocr_carea' id='block_1_11' title="bbox 505 1035 2102 1112">
    <p class='ocr_par' dir='ltr' id='par_1_11' title="bbox 505 1035 2102 1112">
     <span class='ocr_line' id='line_1_11' title="bbox 505 1035 2102 1112; baseline 0.003 -20"><span class='ocrx_word' id='word_1_73' title='bbox 505 1046 719 1109; x_wconf 90' lang='lat' dir='ltr'><strong>putant.</strong></span> <span class='ocrx_word' id='word_1_74' title='bbox 765 1037 870 1092; x_wconf 89' lang='lat' dir='ltr'><strong>Sed</strong></span> <span class='ocrx_word' id='word_1_75' title='bbox 907 1035 1106 1103; x_wconf 63' lang='lat' dir='ltr'><strong>Judaei,</strong></span> <span class='ocrx_word' id='word_1_76' title='bbox 1154 1039 1285 1109; x_wconf 82' lang='lat' dir='ltr'><strong>quia</strong></span> <span class='ocrx_word' id='word_1_77' title='bbox 1330 1038 1436 1094; x_wconf 90' lang='lat' dir='ltr'><strong>hoc</strong></span> <span class='ocrx_word' id='word_1_78' title='bbox 1493 1055 1603 1094; x_wconf 92' lang='lat' dir='ltr'><strong>non</strong></span> <span class='ocrx_word' id='word_1_79' title='bbox 1648 1047 1763 1094; x_wconf 89' lang='lat' dir='ltr'><strong>tam</strong></span> <span class='ocrx_word' id='word_1_80' title='bbox 1812 1049 1994 1112; x_wconf 90' lang='lat' dir='ltr'><strong>aperte</strong></span> <span class='ocrx_word' id='word_1_81' title='bbox 2043 1041 2102 1096; x_wconf 91' lang='lat' dir='ltr'><strong>in</strong></span> 
     </span>
    </p>
   </div>
   <div class='ocr_carea' id='block_1_12' title="bbox 504 1125 2104 1203">
    <p class='ocr_par' dir='ltr' id='par_1_12' title="bbox 504 1125 2104 1203">
     <span class='ocr_line' id='line_1_12' title="bbox 504 1125 2104 1203; baseline 0.003 -21"><span class='ocrx_word' id='word_1_82' title='bbox 504 1128 620 1200; x_wconf 90' lang='lat' dir='ltr'><strong>lege</strong></span> <span class='ocrx_word' id='word_1_83' title='bbox 644 1127 1017 1200; x_wconf 90' lang='lat' dir='ltr'><strong>signiﬁcatum</strong></span> <span class='ocrx_word' id='word_1_84' title='bbox 1048 1135 1150 1194; x_wconf 86' lang='lat' dir='ltr'><strong>est,</strong></span> <span class='ocrx_word' id='word_1_85' title='bbox 1177 1125 1438 1183; x_wconf 85' lang='lat' dir='ltr'><strong>diﬁidunt</strong></span> <span class='ocrx_word' id='word_1_86' title='bbox 1466 1145 1477 1182; x_wconf 77' lang='grc' dir='ltr'>ε</span> <span class='ocrx_word' id='word_1_87' title='bbox 1533 1129 1765 1200; x_wconf 84' lang='lat' dir='ltr'><strong>gentiles</strong></span> <span class='ocrx_word' id='word_1_88' title='bbox 1791 1146 1944 1198; x_wconf 78' lang='lat' dir='ltr'><strong>vero,</strong></span> <span class='ocrx_word' id='word_1_89' title='bbox 1976 1129 2104 1203; x_wconf 87' lang='lat' dir='ltr'><strong>quia</strong></span> 
     </span>
    </p>
   </div>
   <div class='ocr_carea' id='block_1_13' title="bbox 504 1216 2104 1290">
    <p class='ocr_par' dir='ltr' id='par_1_13' title="bbox 504 1216 2104 1290">
     <span class='ocr_line' id='line_1_13' title="bbox 504 1216 2104 1290; baseline 0.004 -20"><span class='ocrx_word' id='word_1_90' title='bbox 504 1216 698 1273; x_wconf 89' lang='lat' dir='ltr'><strong>mundi</strong></span> <span class='ocrx_word' id='word_1_91' title='bbox 736 1217 876 1273; x_wconf 83' lang='lat' dir='ltr'><strong>ratio</strong></span> <span class='ocrx_word' id='word_1_92' title='bbox 919 1233 1031 1272; x_wconf 92' lang='lat' dir='ltr'><strong>non</strong></span> <span class='ocrx_word' id='word_1_93' title='bbox 1074 1217 1224 1272; x_wconf 90' lang='lat' dir='ltr'><strong>istud</strong></span> <span class='ocrx_word' id='word_1_94' title='bbox 1269 1217 1504 1290; x_wconf 88' lang='lat' dir='ltr'><strong>recipit;</strong></span> <span class='ocrx_word' id='word_1_95' title='bbox 1559 1218 1700 1273; x_wconf 89' lang='lat' dir='ltr'><strong>nihil</strong></span> <span class='ocrx_word' id='word_1_96' title='bbox 1755 1220 1904 1274; x_wconf 91' lang='lat' dir='ltr'><strong>enim</strong></span> <span class='ocrx_word' id='word_1_97' title='bbox 1965 1218 2104 1276; x_wconf 87' lang='lat' dir='ltr'><strong>dicit</strong></span> 
     </span>
    </p>
   </div>
   <div class='ocr_carea' id='block_1_14' title="bbox 507 1306 2100 1380">
    <p class='ocr_par' dir='ltr' id='par_1_14' title="bbox 507 1306 2100 1380">
     <span class='ocr_line' id='line_1_14' title="bbox 507 1306 2100 1380; baseline 0.002 -18"><span class='ocrx_word' id='word_1_98' title='bbox 507 1323 663 1378; x_wconf 89' lang='lat' dir='ltr'><strong>posse</strong></span> <span class='ocrx_word' id='word_1_99' title='bbox 709 1306 828 1364; x_wconf 90' lang='lat' dir='ltr'><strong>ﬁeri</strong></span> <span class='ocrx_word' id='word_1_100' title='bbox 881 1307 1000 1362; x_wconf 89' lang='lat' dir='ltr'><strong>sine</strong></span> <span class='ocrx_word' id='word_1_101' title='bbox 1034 1306 1442 1375; x_wconf 86' lang='lat' dir='ltr'><strong>commistione,</strong></span> <span class='ocrx_word' id='word_1_102' title='bbox 1488 1315 1543 1363; x_wconf 93' lang='lat' dir='ltr'><strong>et</strong></span> <span class='ocrx_word' id='word_1_103' title='bbox 1571 1308 1801 1364; x_wconf 83' lang='lat' dir='ltr'><strong>stultum</strong></span> <span class='ocrx_word' id='word_1_104' title='bbox 1827 1307 2100 1380; x_wconf 91' lang='lat' dir='ltr'><strong>judicant.</strong></span> 
     </span>
    </p>
   </div>
   <div class='ocr_carea' id='block_1_15' title="bbox 507 1398 2105 1474">
    <p class='ocr_par' dir='ltr' id='par_1_15' title="bbox 507 1398 2105 1474">
     <span class='ocr_line' id='line_1_15' title="bbox 507 1398 2105 1474; baseline 0.002 -18"><span class='ocrx_word' id='word_1_105' title='bbox 507 1398 864 1471; x_wconf 89' lang='lat' dir='ltr'><strong>Conquisitor</strong></span> <span class='ocrx_word' id='word_1_106' title='bbox 891 1406 1078 1455; x_wconf 89' lang='lat' dir='ltr'><strong>tamen</strong></span> <span class='ocrx_word' id='word_1_107' title='bbox 1113 1401 1300 1457; x_wconf 61' lang='lat' dir='ltr'><strong>seculi</strong></span> <span class='ocrx_word' id='word_1_108' title='bbox 1337 1400 1430 1456; x_wconf 88' lang='lat' dir='ltr'><strong>hic</strong></span> <span class='ocrx_word' id='word_1_109' title='bbox 1459 1411 1562 1470; x_wconf 90' lang='lat' dir='ltr'><strong>est,</strong></span> <span class='ocrx_word' id='word_1_110' title='bbox 1592 1403 1687 1474; x_wconf 89' lang='lat' dir='ltr'><strong>qui</strong></span> <span class='ocrx_word' id='word_1_111' title='bbox 1718 1404 2105 1460; x_wconf 90' lang='lat' dir='ltr'><strong>constellatio—</strong></span> 
     </span>
    </p>
   </div>
   <div class='ocr_carea' id='block_1_16' title="bbox 505 1486 2106 1564">
    <p class='ocr_par' dir='ltr' id='par_1_16' title="bbox 505 1486 2106 1564">
     <span class='ocr_line' id='line_1_16' title="bbox 505 1486 2106 1564; baseline 0.005 -21"><span class='ocrx_word' id='word_1_112' title='bbox 505 1486 668 1544; x_wconf 90' lang='lat' dir='ltr'><strong>nibus</strong></span> <span class='ocrx_word' id='word_1_113' title='bbox 712 1488 799 1559; x_wconf 88' lang='lat' dir='ltr'><strong>agi</strong></span> <span class='ocrx_word' id='word_1_114' title='bbox 848 1489 1138 1558; x_wconf 89' lang='lat' dir='ltr'><strong>mundum,</strong></span> <span class='ocrx_word' id='word_1_115' title='bbox 1193 1497 1248 1546; x_wconf 91' lang='lat' dir='ltr'><strong>et</strong></span> <span class='ocrx_word' id='word_1_116' title='bbox 1293 1488 1584 1546; x_wconf 90' lang='lat' dir='ltr'><strong>duodecim</strong></span> <span class='ocrx_word' id='word_1_117' title='bbox 1633 1491 1805 1564; x_wconf 83' lang='lat' dir='ltr'><strong>signis</strong></span> <span class='ocrx_word' id='word_1_118' title='bbox 1851 1501 2006 1551; x_wconf 89' lang='lat' dir='ltr'><strong>ortus</strong></span> <span class='ocrx_word' id='word_1_119' title='bbox 2051 1503 2106 1551; x_wconf 89' lang='lat' dir='ltr'><strong>et</strong></span> 
     </span>
    </p>
   </div>
   <div class='ocr_carea' id='block_1_17' title="bbox 505 1577 2103 1648">
    <p class='ocr_par' dir='ltr' id='par_1_17' title="bbox 505 1577 2103 1648">
     <span class='ocr_line' id='line_1_17' title="bbox 505 1577 2103 1648; baseline 0.004 -17"><span class='ocrx_word' id='word_1_120' title='bbox 505 1591 730 1633; x_wconf 87' lang='lat' dir='ltr'><strong>occasus</strong></span> <span class='ocrx_word' id='word_1_121' title='bbox 769 1577 890 1634; x_wconf 91' lang='lat' dir='ltr'><strong>ﬁeri</strong></span> <span class='ocrx_word' id='word_1_122' title='bbox 930 1577 1177 1634; x_wconf 89' lang='lat' dir='ltr'><strong>decernit</strong></span> <span class='ocrx_word' id='word_1_123' title='bbox 1217 1580 1468 1648; x_wconf 83' lang='lat' dir='ltr'><strong>calculis,</strong></span> <span class='ocrx_word' id='word_1_124' title='bbox 1515 1579 1661 1635; x_wconf 89' lang='lat' dir='ltr'><strong>nihil</strong></span> <span class='ocrx_word' id='word_1_125' title='bbox 1712 1581 1941 1638; x_wconf 90' lang='lat' dir='ltr'><strong>omnino</strong></span> <span class='ocrx_word' id='word_1_126' title='bbox 1983 1582 2103 1639; x_wconf 88' lang='lat' dir='ltr'><strong>sine</strong></span> 
     </span>
    </p>
   </div>
   <div class='ocr_carea' id='block_1_18' title="bbox 509 1664 1487 1740">
    <p class='ocr_par' dir='ltr' id='par_1_18' title="bbox 509 1664 1487 1740">
     <span class='ocr_line' id='line_1_18' title="bbox 509 1664 1487 1740; baseline 0.004 -20"><span class='ocrx_word' id='word_1_127' title='bbox 509 1664 709 1722; x_wconf 89' lang='lat' dir='ltr'><strong>horum</strong></span> <span class='ocrx_word' id='word_1_128' title='bbox 740 1676 896 1725; x_wconf 91' lang='lat' dir='ltr'><strong>motu</strong></span> <span class='ocrx_word' id='word_1_129' title='bbox 924 1675 1123 1740; x_wconf 89' lang='lat' dir='ltr'><strong>putans</strong></span> <span class='ocrx_word' id='word_1_130' title='bbox 1162 1683 1316 1740; x_wconf 86' lang='lat' dir='ltr'><strong>posse</strong></span> <span class='ocrx_word' id='word_1_131' title='bbox 1346 1667 1487 1725; x_wconf 89' lang='lat' dir='ltr'><strong>ﬁeri.</strong></span> 
     </span>
    </p>
   </div>
   <div class='ocr_carea' id='block_1_19' title="bbox 2209 500 3813 575">
    <p class='ocr_par' dir='ltr' id='par_1_19' title="bbox 2209 500 3813 575">
     <span class='ocr_line' id='line_1_19' title="bbox 2209 500 3813 575; baseline 0.004 -19"><span class='ocrx_word' id='word_1_132' title='bbox 2209 500 2355 557; x_wconf 83' lang='lat' dir='ltr'><strong>vidit</strong></span> <span class='ocrx_word' id='word_1_133' title='bbox 2397 502 2631 575; x_wconf 86' lang='lat' dir='ltr'><strong>Moyses,</strong></span> <span class='ocrx_word' id='word_1_134' title='bbox 2684 504 2856 558; x_wconf 92' lang='lat' dir='ltr'><strong>Deum</strong></span> <span class='ocrx_word' id='word_1_135' title='bbox 2894 501 2954 558; x_wconf 92' lang='lat' dir='ltr'><strong>in</strong></span> <span class='ocrx_word' id='word_1_136' title='bbox 2986 503 3147 575; x_wconf 89' lang='lat' dir='ltr'><strong>igne;</strong></span> <span class='ocrx_word' id='word_1_137' title='bbox 3197 501 3343 559; x_wconf 91' lang='lat' dir='ltr'><strong>unde</strong></span> <span class='ocrx_word' id='word_1_138' title='bbox 3373 502 3603 562; x_wconf 91' lang='lat' dir='ltr'><strong>dicunt:</strong></span> <span class='ocrx_word' id='word_1_139' title='bbox 3652 529 3672 553; x_wconf 85' lang='grc'><em>‹</em></span> <span class='ocrx_word' id='word_1_140' title='bbox 3700 505 3813 563; x_wconf 88' lang='lat' dir='ltr'><strong>Nos</strong></span> 
     </span>
    </p>
   </div>
   <div class='ocr_carea' id='block_1_20' title="bbox 2210 590 3800 668">
    <p class='ocr_par' dir='ltr' id='par_1_20' title="bbox 2210 590 3800 668">
     <span class='ocr_line' id='line_1_20' title="bbox 2210 590 3800 668; baseline -0.001 -22"><span class='ocrx_word' id='word_1_141' title='bbox 2210 590 2416 647; x_wconf 89' lang='lat' dir='ltr'><strong>scimus</strong></span> <span class='ocrx_word' id='word_1_142' title='bbox 2431 592 2578 666; x_wconf 91' lang='lat' dir='ltr'><strong>quod</strong></span> <span class='ocrx_word' id='word_1_143' title='bbox 2608 591 3014 664; x_wconf 87' lang='lat' dir='ltr'><strong>Moysilocutus</strong></span> <span class='ocrx_word' id='word_1_144' title='bbox 3043 599 3124 648; x_wconf 91' lang='lat' dir='ltr'><strong>est</strong></span> <span class='ocrx_word' id='word_1_145' title='bbox 3143 593 3286 648; x_wconf 91' lang='lat' dir='ltr'><strong>Deus</strong></span> <span class='ocrx_word' id='word_1_146' title='bbox 3314 592 3497 663; x_wconf 86' lang='lat' dir='ltr'><strong>(Joan.</strong></span> <span class='ocrx_word' id='word_1_147' title='bbox 3523 610 3602 662; x_wconf 82' lang='lat' dir='ltr'><strong>rx,</strong></span> <span class='ocrx_word' id='word_1_148' title='bbox 3625 593 3719 668; x_wconf 85' lang='lat'><strong>29)</strong></span> <span class='ocrx_word' id='word_1_149' title='bbox 3743 613 3756 663; x_wconf 91' lang='lat'><strong>;</strong></span> <span class='ocrx_word' id='word_1_150' title='bbox 3781 621 3800 645; x_wconf 80' lang='grc'>›</span> 
     </span>
    </p>
   </div>
   <div class='ocr_carea' id='block_1_21' title="bbox 2210 679 3814 754">
    <p class='ocr_par' dir='ltr' id='par_1_21' title="bbox 2210 679 3814 754">
     <span class='ocr_line' id='line_1_21' title="bbox 2210 679 3814 754; baseline 0.002 -19"><span class='ocrx_word' id='word_1_151' title='bbox 2210 694 2337 735; x_wconf 91' lang='lat' dir='ltr'><strong>cum</strong></span> <span class='ocrx_word' id='word_1_152' title='bbox 2367 679 2542 752; x_wconf 89' lang='lat' dir='ltr'><strong>majus</strong></span> <span class='ocrx_word' id='word_1_153' title='bbox 2578 681 2670 749; x_wconf 87' lang='lat' dir='ltr'><strong>sit,</strong></span> <span class='ocrx_word' id='word_1_154' title='bbox 2721 689 3002 737; x_wconf 91' lang='lat' dir='ltr'><strong>mortuum</strong></span> <span class='ocrx_word' id='word_1_155' title='bbox 3034 681 3297 737; x_wconf 86' lang='lat' dir='ltr'><strong>Lazarum</strong></span> <span class='ocrx_word' id='word_1_156' title='bbox 3351 679 3586 736; x_wconf 85' lang='lat' dir='ltr'><strong>fetidum</strong></span> <span class='ocrx_word' id='word_1_157' title='bbox 3617 691 3814 754; x_wconf 89' lang='lat' dir='ltr'><strong>quarto</strong></span> 
     </span>
    </p>
   </div>
   <div class='ocr_carea' id='block_1_22' title="bbox 2211 766 3813 846">
    <p class='ocr_par' dir='ltr' id='par_1_22' title="bbox 2211 766 3813 846">
     <span class='ocr_line' id='line_1_22' title="bbox 2211 766 3813 846; baseline 0.004 -24"><span class='ocrx_word' id='word_1_158' title='bbox 2211 766 2302 822; x_wconf 92' lang='lat' dir='ltr'><strong>die</strong></span> <span class='ocrx_word' id='word_1_159' title='bbox 2351 767 2544 823; x_wconf 88' lang='lat' dir='ltr'><strong>vivum</strong></span> <span class='ocrx_word' id='word_1_160' title='bbox 2597 768 2664 824; x_wconf 92' lang='lat' dir='ltr'><strong>de</strong></span> <span class='ocrx_word' id='word_1_161' title='bbox 2717 778 3075 826; x_wconf 89' lang='lat' dir='ltr'><strong>monumento</strong></span> <span class='ocrx_word' id='word_1_162' title='bbox 3113 770 3296 826; x_wconf 80' lang='lat' dir='ltr'><strong>exisse</strong></span> <span class='ocrx_word' id='word_1_163' title='bbox 3349 769 3532 837; x_wconf 79' lang='lat' dir='ltr'><strong>(Joan.</strong></span> <span class='ocrx_word' id='word_1_164' title='bbox 3581 787 3663 839; x_wconf 78' lang='lat' dir='ltr'><strong>x1,</strong></span> <span class='ocrx_word' id='word_1_165' title='bbox 3694 771 3813 846; x_wconf 66' lang='lat' dir='ltr'><strong>M).</strong></span> 
     </span>
    </p>
   </div>
   <div class='ocr_carea' id='block_1_23' title="bbox 2213 857 3818 933">
    <p class='ocr_par' dir='ltr' id='par_1_23' title="bbox 2213 857 3818 933">
     <span class='ocr_line' id='line_1_23' title="bbox 2213 857 3818 933; baseline 0.003 -20"><span class='ocrx_word' id='word_1_166' title='bbox 2213 857 2385 914; x_wconf 68' lang='lat' dir='ltr'><strong>Graeci</strong></span> <span class='ocrx_word' id='word_1_167' title='bbox 2432 873 2563 914; x_wconf 91' lang='lat' dir='ltr'><strong>vero</strong></span> <span class='ocrx_word' id='word_1_168' title='bbox 2601 860 2924 931; x_wconf 90' lang='lat' dir='ltr'><strong>sapientiam</strong></span> <span class='ocrx_word' id='word_1_169' title='bbox 2973 869 3247 933; x_wconf 73' lang='lat' dir='ltr'><strong>quaerunt,</strong></span> <span class='ocrx_word' id='word_1_170' title='bbox 3299 859 3429 932; x_wconf 90' lang='lat' dir='ltr'><strong>quia</strong></span> <span class='ocrx_word' id='word_1_171' title='bbox 3482 861 3680 917; x_wconf 90' lang='lat' dir='ltr'><strong>nolunt</strong></span> <span class='ocrx_word' id='word_1_172' title='bbox 3707 877 3818 918; x_wconf 91' lang='lat' dir='ltr'><strong>au-</strong></span> 
     </span>
    </p>
   </div>
   <div class='ocr_carea' id='block_1_24' title="bbox 2213 946 3817 1023">
    <p class='ocr_par' dir='ltr' id='par_1_24' title="bbox 2213 946 3817 1023">
     <span class='ocr_line' id='line_1_24' title="bbox 2213 946 3817 1023; baseline 0.002 -20"><span class='ocrx_word' id='word_1_173' title='bbox 2213 946 2352 1017; x_wconf 89' lang='lat' dir='ltr'><strong>dire,</strong></span> <span class='ocrx_word' id='word_1_174' title='bbox 2410 957 2772 1022; x_wconf 74' lang='lat' dir='ltr'><strong>praeterquam</strong></span> <span class='ocrx_word' id='word_1_175' title='bbox 2831 967 2951 1023; x_wconf 86' lang='lat' dir='ltr'><strong>quae</strong></span> <span class='ocrx_word' id='word_1_176' title='bbox 3009 949 3202 1006; x_wconf 91' lang='lat' dir='ltr'><strong>mundi</strong></span> <span class='ocrx_word' id='word_1_177' title='bbox 3262 949 3475 1006; x_wconf 91' lang='lat' dir='ltr'><strong>ratione</strong></span> <span class='ocrx_word' id='word_1_178' title='bbox 3529 949 3817 1022; x_wconf 89' lang='lat' dir='ltr'><strong>possibilia</strong></span> 
     </span>
    </p>
   </div>
   <div class='ocr_carea' id='block_1_25' title="bbox 2214 1047 2362 1094">
    <p class='ocr_par' dir='ltr' id='par_1_25' title="bbox 2214 1047 2362 1094">
     <span class='ocr_line' id='line_1_25' title="bbox 2214 1047 2362 1094; baseline 0 0"><span class='ocrx_word' id='word_1_179' title='bbox 2214 1047 2362 1094; x_wconf 89' lang='lat' dir='ltr'><strong>sunt.</strong></span> 
     </span>
    </p>
   </div>
   <div class='ocr_carea' id='block_1_26' title="bbox 2289 1125 3816 1200">
    <p class='ocr_par' dir='ltr' id='par_1_26' title="bbox 2289 1125 3816 1200">
     <span class='ocr_line' id='line_1_26' title="bbox 2289 1125 3816 1200; baseline 0.001 -18"><span class='ocrx_word' id='word_1_180' title='bbox 2289 1126 2468 1197; x_wconf 90' lang='lat' dir='ltr'><strong>(Vers.</strong></span> <span class='ocrx_word' id='word_1_181' title='bbox 2503 1127 2619 1200; x_wconf 85' lang='lat'><strong>23.)</strong></span> <span class='ocrx_word' id='word_1_182' title='bbox 2665 1153 2683 1176; x_wconf 77' lang='grc' dir='ltr'>ι</span> <span class='ocrx_word' id='word_1_183' title='bbox 2713 1129 2821 1185; x_wconf 88' lang='lat' dir='ltr'><strong>Nos</strong></span> <span class='ocrx_word' id='word_1_184' title='bbox 2878 1137 3062 1185; x_wconf 88' lang='lat' dir='ltr'><strong>autem</strong></span> <span class='ocrx_word' id='word_1_185' title='bbox 3115 1125 3480 1200; x_wconf 64' lang='lat' dir='ltr'><strong>praedicamus</strong></span> <span class='ocrx_word' id='word_1_186' title='bbox 3527 1126 3816 1186; x_wconf 86' lang='lat' dir='ltr'><strong>Christum</strong></span> 
     </span>
    </p>
   </div>
   <div class='ocr_carea' id='block_1_27' title="bbox 2213 1209 3818 1290">
    <p class='ocr_par' dir='ltr' id='par_1_27' title="bbox 2213 1209 3818 1290">
     <span class='ocr_line' id='line_1_27' title="bbox 2213 1209 3818 1290; baseline 0.001 -18"><span class='ocrx_word' id='word_1_187' title='bbox 2213 1214 2569 1282; x_wconf 88' lang='lat' dir='ltr'><strong>cruciﬁxum,</strong></span> <span class='ocrx_word' id='word_1_188' title='bbox 2617 1209 2822 1274; x_wconf 71' lang='lat' dir='ltr'><strong>Judreis</strong></span> <span class='ocrx_word' id='word_1_189' title='bbox 2879 1217 3103 1290; x_wconf 91' lang='lat' dir='ltr'><strong>quidem</strong></span> <span class='ocrx_word' id='word_1_190' title='bbox 3157 1216 3502 1286; x_wconf 87' lang='lat' dir='ltr'><strong>scandalum,</strong></span> <span class='ocrx_word' id='word_1_191' title='bbox 3561 1216 3818 1290; x_wconf 87' lang='lat' dir='ltr'><strong>gentibus</strong></span> 
     </span>
    </p>
   </div>
   <div class='ocr_carea' id='block_1_28' title="bbox 2213 1305 3816 1374">
    <p class='ocr_par' dir='ltr' id='par_1_28' title="bbox 2213 1305 3816 1374">
     <span class='ocr_line' id='line_1_28' title="bbox 2213 1305 3816 1374; baseline 0.002 -14"><span class='ocrx_word' id='word_1_192' title='bbox 2213 1313 2396 1361; x_wconf 87' lang='lat' dir='ltr'><strong>autem</strong></span> <span class='ocrx_word' id='word_1_193' title='bbox 2452 1306 2766 1362; x_wconf 87' lang='lat' dir='ltr'><strong>stultitiam.</strong></span> <span class='ocrx_word' id='word_1_194' title='bbox 2805 1332 2822 1354; x_wconf 82' lang='grc'>›</span> <span class='ocrx_word' id='word_1_195' title='bbox 2886 1305 3216 1362; x_wconf 90' lang='lat' dir='ltr'><strong>Scandalum</strong></span> <span class='ocrx_word' id='word_1_196' title='bbox 3275 1312 3358 1362; x_wconf 88' lang='lat' dir='ltr'><strong>est</strong></span> <span class='ocrx_word' id='word_1_197' title='bbox 3401 1305 3623 1374; x_wconf 64' lang='lat' dir='ltr'><strong>Iudaeis,</strong></span> <span class='ocrx_word' id='word_1_198' title='bbox 3681 1305 3816 1364; x_wconf 89' lang='lat' dir='ltr'><strong>dum</strong></span> 
     </span>
    </p>
   </div>
   <div class='ocr_carea' id='block_1_29' title="bbox 2213 1392 3819 1466">
    <p class='ocr_par' dir='ltr' id='par_1_29' title="bbox 2213 1392 3819 1466">
     <span class='ocr_line' id='line_1_29' title="bbox 2213 1392 3819 1466; baseline 0.002 -17"><span class='ocrx_word' id='word_1_199' title='bbox 2213 1392 2447 1450; x_wconf 91' lang='lat' dir='ltr'><strong>audiunt</strong></span> <span class='ocrx_word' id='word_1_200' title='bbox 2503 1394 2785 1453; x_wconf 89' lang='lat' dir='ltr'><strong>Christum</strong></span> <span class='ocrx_word' id='word_1_201' title='bbox 2837 1395 3044 1450; x_wconf 89' lang='lat' dir='ltr'><strong>Filium</strong></span> <span class='ocrx_word' id='word_1_202' title='bbox 3083 1395 3183 1451; x_wconf 91' lang='lat' dir='ltr'><strong>Dei</strong></span> <span class='ocrx_word' id='word_1_203' title='bbox 3242 1411 3298 1451; x_wconf 92' lang='lat' dir='ltr'><strong>se</strong></span> <span class='ocrx_word' id='word_1_204' title='bbox 3345 1393 3714 1466; x_wconf 86' lang='lat' dir='ltr'><strong>proﬁtentem,</strong></span> <span class='ocrx_word' id='word_1_205' title='bbox 3765 1405 3819 1452; x_wconf 90' lang='lat' dir='ltr'><strong>et</strong></span> 
     </span>
    </p>
   </div>
   <div class='ocr_carea' id='block_1_30' title="bbox 2212 1483 3818 1542">
    <p class='ocr_par' dir='ltr' id='par_1_30' title="bbox 2212 1483 3818 1542">
     <span class='ocr_line' id='line_1_30' title="bbox 2212 1483 3818 1542; baseline 0.001 -2"><span class='ocrx_word' id='word_1_206' title='bbox 2212 1483 2507 1542; x_wconf 88' lang='lat' dir='ltr'><strong>Sabbatum</strong></span> <span class='ocrx_word' id='word_1_207' title='bbox 2553 1493 2958 1542; x_wconf 89' lang='lat' dir='ltr'><strong>evacuantem:</strong></span> <span class='ocrx_word' id='word_1_208' title='bbox 3026 1509 3043 1531; x_wconf 75' lang='grc' dir='ltr'>ι</span> <span class='ocrx_word' id='word_1_209' title='bbox 3087 1484 3356 1541; x_wconf 88' lang='lat' dir='ltr'><strong>Gentibus</strong></span> <span class='ocrx_word' id='word_1_210' title='bbox 3403 1492 3588 1540; x_wconf 90' lang='lat' dir='ltr'><strong>autem</strong></span> <span class='ocrx_word' id='word_1_211' title='bbox 3635 1485 3818 1542; x_wconf 89' lang='lat' dir='ltr'><strong>stulti-</strong></span> 
     </span>
    </p>
   </div>
   <div class='ocr_carea' id='block_1_31' title="bbox 2211 1572 3819 1647">
    <p class='ocr_par' dir='ltr' id='par_1_31' title="bbox 2211 1572 3819 1647">
     <span class='ocr_line' id='line_1_31' title="bbox 2211 1572 3819 1647; baseline 0.001 -19"><span class='ocrx_word' id='word_1_212' title='bbox 2211 1572 2308 1641; x_wconf 88' lang='lat' dir='ltr'><strong>tia,</strong></span> <span class='ocrx_word' id='word_1_213' title='bbox 2341 1599 2360 1622; x_wconf 67' lang='lat'><strong><em>»</em></strong></span> <span class='ocrx_word' id='word_1_214' title='bbox 2399 1575 2530 1647; x_wconf 90' lang='lat' dir='ltr'><strong>quia</strong></span> <span class='ocrx_word' id='word_1_215' title='bbox 2557 1591 2619 1630; x_wconf 90' lang='lat' dir='ltr'><strong>ea</strong></span> <span class='ocrx_word' id='word_1_216' title='bbox 2656 1574 2893 1631; x_wconf 90' lang='lat' dir='ltr'><strong>audiunt</strong></span> <span class='ocrx_word' id='word_1_217' title='bbox 2924 1573 3234 1646; x_wconf 67' lang='lat' dir='ltr'><strong>praedicari,</strong></span> <span class='ocrx_word' id='word_1_218' title='bbox 3267 1591 3388 1646; x_wconf 65' lang='lat' dir='ltr'><strong>qua:</strong></span> <span class='ocrx_word' id='word_1_219' title='bbox 3427 1573 3561 1630; x_wconf 90' lang='lat' dir='ltr'><strong>dum</strong></span> <span class='ocrx_word' id='word_1_220' title='bbox 3614 1574 3819 1630; x_wconf 89' lang='lat' dir='ltr'><strong>rationi</strong></span> 
     </span>
    </p>
   </div>
   <div class='ocr_carea' id='block_1_32' title="bbox 2213 1661 3818 1736">
    <p class='ocr_par' dir='ltr' id='par_1_32' title="bbox 2213 1661 3818 1736">
     <span class='ocr_line' id='line_1_32' title="bbox 2213 1661 3818 1736; baseline 0.002 -19"><span class='ocrx_word' id='word_1_221' title='bbox 2213 1661 2507 1719; x_wconf 71' lang='lat' dir='ltr'><strong>mundanas</strong></span> <span class='ocrx_word' id='word_1_222' title='bbox 2553 1679 2662 1719; x_wconf 92' lang='lat' dir='ltr'><strong>non</strong></span> <span class='ocrx_word' id='word_1_223' title='bbox 2719 1671 3051 1736; x_wconf 90' lang='lat' dir='ltr'><strong>congruunt,</strong></span> <span class='ocrx_word' id='word_1_224' title='bbox 3104 1663 3380 1720; x_wconf 90' lang='lat' dir='ltr'><strong>insensata</strong></span> <span class='ocrx_word' id='word_1_225' title='bbox 3427 1663 3711 1733; x_wconf 89' lang='lat' dir='ltr'><strong>videntur,</strong></span> <span class='ocrx_word' id='word_1_226' title='bbox 3757 1673 3818 1720; x_wconf 85' lang='lat' dir='ltr'><strong>ut</strong></span> 
     </span>
    </p>
   </div>
   <div class='ocr_carea' id='block_1_33' title="bbox 589 1752 3544 1838">
    <p class='ocr_par' dir='ltr' id='par_1_33' title="bbox 589 1752 3544 1838">
     <span class='ocr_line' id='line_1_33' title="bbox 589 1752 3544 1838; baseline 0.002 -34"><span class='ocrx_word' id='word_1_227' title='bbox 589 1779 606 1804; x_wconf 73' lang='grc' dir='ltr'>ι</span> <span class='ocrx_word' id='word_1_228' title='bbox 637 1757 830 1812; x_wconf 81' lang='lat' dir='ltr'><strong>Nonne</strong></span> <span class='ocrx_word' id='word_1_229' title='bbox 876 1757 1103 1813; x_wconf 75' lang='lat' dir='ltr'><strong>stultam</strong></span> <span class='ocrx_word' id='word_1_230' title='bbox 1162 1757 1296 1814; x_wconf 72' lang='lat' dir='ltr'><strong>fecit</strong></span> <span class='ocrx_word' id='word_1_231' title='bbox 1354 1759 1501 1815; x_wconf 78' lang='lat' dir='ltr'><strong>Dens</strong></span> <span class='ocrx_word' id='word_1_232' title='bbox 1563 1759 1889 1834; x_wconf 70' lang='lat' dir='ltr'><strong>sapientiam</strong></span> <span class='ocrx_word' id='word_1_233' title='bbox 1935 1758 2106 1833; x_wconf 78' lang='lat' dir='ltr'><strong>hujus</strong></span> <span class='ocrx_word' id='word_1_234' title='bbox 2136 1777 2182 1838; x_wconf 80' lang='grc' dir='ltr'>Β</span> <span class='ocrx_word' id='word_1_235' title='bbox 2211 1759 2401 1826; x_wconf 90' lang='lat' dir='ltr'><strong>partus</strong></span> <span class='ocrx_word' id='word_1_236' title='bbox 2429 1752 2700 1826; x_wconf 84' lang='lat' dir='ltr'><strong>Virginis,</strong></span> <span class='ocrx_word' id='word_1_237' title='bbox 2731 1763 2785 1811; x_wconf 89' lang='lat' dir='ltr'><strong>et</strong></span> <span class='ocrx_word' id='word_1_238' title='bbox 2815 1752 3146 1810; x_wconf 89' lang='lat' dir='ltr'><strong>resurrectio</strong></span> <span class='ocrx_word' id='word_1_239' title='bbox 3175 1761 3544 1811; x_wconf 90' lang='lat' dir='ltr'><strong>mortuorum.</strong></span> 
     </span>
    </p>
   </div>
   <div class='ocr_carea' id='block_1_34' title="bbox 391 1847 2101 1925">
    <p class='ocr_par' dir='ltr' id='par_1_34' title="bbox 391 1847 2101 1925">
     <span class='ocr_line' id='line_1_34' title="bbox 391 1847 2101 1925; baseline 0.005 -26"><span class='ocrx_word' id='word_1_240' title='bbox 391 1865 406 1876; x_wconf 60' lang='grc' dir='ltr'><strong>ε</strong></span> <span class='ocrx_word' id='word_1_241' title='bbox 507 1847 699 1903; x_wconf 91' lang='lat' dir='ltr'><strong>mundi</strong></span> <span class='ocrx_word' id='word_1_242' title='bbox 721 1848 749 1902; x_wconf 78' lang='lat' dir='ltr'><strong>‘I</strong></span> <span class='ocrx_word' id='word_1_243' title='bbox 778 1873 796 1896; x_wconf 74' lang='grc' dir='ltr'><strong><em>ι</em></strong></span> <span class='ocrx_word' id='word_1_244' title='bbox 855 1848 1036 1905; x_wconf 91' lang='lat' dir='ltr'><strong>Stulta</strong></span> <span class='ocrx_word' id='word_1_245' title='bbox 1078 1858 1160 1906; x_wconf 91' lang='lat' dir='ltr'><strong>est</strong></span> <span class='ocrx_word' id='word_1_246' title='bbox 1206 1850 1350 1906; x_wconf 89' lang='lat' dir='ltr'><strong>facta</strong></span> <span class='ocrx_word' id='word_1_247' title='bbox 1378 1852 1646 1924; x_wconf 89' lang='lat' dir='ltr'><strong>sapientia</strong></span> <span class='ocrx_word' id='word_1_248' title='bbox 1675 1853 1844 1925; x_wconf 89' lang='lat' dir='ltr'><strong>hujus</strong></span> <span class='ocrx_word' id='word_1_249' title='bbox 1872 1852 2101 1920; x_wconf 90' lang='lat' dir='ltr'><strong>mundi;</strong></span> 
     </span>
    </p>
   </div>
   <div class='ocr_carea' id='block_1_35' title="bbox 505 1939 2101 2018">
    <p class='ocr_par' dir='ltr' id='par_1_35' title="bbox 505 1939 2101 2018">
     <span class='ocr_line' id='line_1_35' title="bbox 505 1939 2101 2018; baseline 0.005 -26"><span class='ocrx_word' id='word_1_250' title='bbox 505 1945 706 2010; x_wconf 89' lang='lat' dir='ltr'><strong>putans</strong></span> <span class='ocrx_word' id='word_1_251' title='bbox 757 1939 906 1996; x_wconf 91' lang='lat' dir='ltr'><strong>enim</strong></span> <span class='ocrx_word' id='word_1_252' title='bbox 964 1957 1020 1996; x_wconf 89' lang='lat' dir='ltr'><strong>se</strong></span> <span class='ocrx_word' id='word_1_253' title='bbox 1073 1957 1282 2014; x_wconf 88' lang='lat' dir='ltr'><strong>sapere,</strong></span> <span class='ocrx_word' id='word_1_254' title='bbox 1342 1943 1568 2000; x_wconf 88' lang='lat' dir='ltr'><strong>inventa</strong></span> <span class='ocrx_word' id='word_1_255' title='bbox 1626 1951 1708 1998; x_wconf 89' lang='lat' dir='ltr'><strong>est</strong></span> <span class='ocrx_word' id='word_1_256' title='bbox 1758 1944 2101 2018; x_wconf 89' lang='lat' dir='ltr'><strong>imprudens.</strong></span> 
     </span>
    </p>
   </div>
   <div class='ocr_carea' id='block_1_36' title="bbox 504 2025 2104 2104">
    <p class='ocr_par' dir='ltr' id='par_1_36' title="bbox 504 2025 2104 2104">
     <span class='ocr_line' id='line_1_36' title="bbox 504 2025 2104 2104; baseline 0.004 -21"><span class='ocrx_word' id='word_1_257' title='bbox 504 2025 664 2093; x_wconf 87' lang='lat' dir='ltr'><strong>Quod</strong></span> <span class='ocrx_word' id='word_1_258' title='bbox 718 2028 867 2084; x_wconf 91' lang='lat' dir='ltr'><strong>enim</strong></span> <span class='ocrx_word' id='word_1_259' title='bbox 914 2030 1254 2102; x_wconf 89' lang='lat' dir='ltr'><strong>impossibile</strong></span> <span class='ocrx_word' id='word_1_260' title='bbox 1293 2030 1579 2103; x_wconf 87' lang='lat' dir='ltr'><strong>judicabat</strong></span> <span class='ocrx_word' id='word_1_261' title='bbox 1624 2033 1884 2104; x_wconf 87' lang='lat' dir='ltr'><strong>possibile</strong></span> <span class='ocrx_word' id='word_1_262' title='bbox 1927 2033 2104 2090; x_wconf 85' lang='lat' dir='ltr'><strong>decla-</strong></span> 
     </span>
    </p>
   </div>
   <div class='ocr_carea' id='block_1_37' title="bbox 508 2119 2106 2187">
    <p class='ocr_par' dir='ltr' id='par_1_37' title="bbox 508 2119 2106 2187">
     <span class='ocr_line' id='line_1_37' title="bbox 508 2119 2106 2187; baseline 0.005 -17"><span class='ocrx_word' id='word_1_263' title='bbox 508 2122 689 2171; x_wconf 89' lang='lat' dir='ltr'><strong>ratum</strong></span> <span class='ocrx_word' id='word_1_264' title='bbox 760 2125 860 2187; x_wconf 90' lang='lat' dir='ltr'><strong>est,</strong></span> <span class='ocrx_word' id='word_1_265' title='bbox 933 2119 1107 2174; x_wconf 91' lang='lat' dir='ltr'><strong>Deum</strong></span> <span class='ocrx_word' id='word_1_266' title='bbox 1187 2119 1530 2177; x_wconf 89' lang='lat' dir='ltr'><strong>incuriosum</strong></span> <span class='ocrx_word' id='word_1_267' title='bbox 1603 2121 1948 2178; x_wconf 80' lang='lat' dir='ltr'><strong>existimans.</strong></span> <span class='ocrx_word' id='word_1_268' title='bbox 2007 2121 2106 2178; x_wconf 86' lang='lat' dir='ltr'><strong>Est</strong></span> 
     </span>
    </p>
   </div>
   <div class='ocr_carea' id='block_1_38' title="bbox 513 2207 2104 2280">
    <p class='ocr_par' dir='ltr' id='par_1_38' title="bbox 513 2207 2104 2280">
     <span class='ocr_line' id='line_1_38' title="bbox 513 2207 2104 2280; baseline 0.003 -17"><span class='ocrx_word' id='word_1_269' title='bbox 513 2207 725 2280; x_wconf 90' lang='lat' dir='ltr'><strong>aliquid</strong></span> <span class='ocrx_word' id='word_1_270' title='bbox 784 2213 884 2266; x_wconf 86' lang='lat' dir='ltr'><strong>hac</strong></span> <span class='ocrx_word' id='word_1_271' title='bbox 941 2211 1343 2267; x_wconf 90' lang='lat' dir='ltr'><strong>asseveratione</strong></span> <span class='ocrx_word' id='word_1_272' title='bbox 1414 2211 1682 2279; x_wconf 88' lang='lat' dir='ltr'><strong>stultius,</strong></span> <span class='ocrx_word' id='word_1_273' title='bbox 1772 2221 1834 2268; x_wconf 92' lang='lat' dir='ltr'><strong>ut</strong></span> <span class='ocrx_word' id='word_1_274' title='bbox 1910 2212 2104 2268; x_wconf 57' lang='lat' dir='ltr'><strong>fecisse</strong></span> 
     </span>
    </p>
   </div>
   <div class='ocr_carea' id='block_1_39' title="bbox 511 2297 2104 2373">
    <p class='ocr_par' dir='ltr' id='par_1_39' title="bbox 511 2297 2104 2373">
     <span class='ocr_line' id='line_1_39' title="bbox 511 2297 2104 2373; baseline 0.003 -21"><span class='ocrx_word' id='word_1_275' title='bbox 511 2297 728 2353; x_wconf 88' lang='lat' dir='ltr'><strong>dicatur</strong></span> <span class='ocrx_word' id='word_1_276' title='bbox 768 2299 1060 2367; x_wconf 89' lang='lat' dir='ltr'><strong>mundum,</strong></span> <span class='ocrx_word' id='word_1_277' title='bbox 1121 2307 1176 2356; x_wconf 91' lang='lat' dir='ltr'><strong>et</strong></span> <span class='ocrx_word' id='word_1_278' title='bbox 1221 2317 1410 2357; x_wconf 90' lang='lat' dir='ltr'><strong>curam</strong></span> <span class='ocrx_word' id='word_1_279' title='bbox 1463 2300 1582 2372; x_wconf 90' lang='lat' dir='ltr'><strong>ejus</strong></span> <span class='ocrx_word' id='word_1_280' title='bbox 1637 2317 1749 2356; x_wconf 90' lang='lat' dir='ltr'><strong>non</strong></span> <span class='ocrx_word' id='word_1_281' title='bbox 1799 2301 2003 2373; x_wconf 80' lang='lat' dir='ltr'><strong>agere?</strong></span> <span class='ocrx_word' id='word_1_282' title='bbox 2032 2300 2104 2356; x_wconf 95' lang='lat' dir='ltr'><strong>Ut</strong></span> 
     </span>
    </p>
   </div>
   <div class='ocr_carea' id='block_1_40' title="bbox 508 2386 2105 2463">
    <p class='ocr_par' dir='ltr' id='par_1_40' title="bbox 508 2386 2105 2463">
     <span class='ocr_line' id='line_1_40' title="bbox 508 2386 2105 2463; baseline 0.004 -23"><span class='ocrx_word' id='word_1_283' title='bbox 508 2386 644 2458; x_wconf 90' lang='lat' dir='ltr'><strong>quid</strong></span> <span class='ocrx_word' id='word_1_284' title='bbox 685 2387 838 2456; x_wconf 87' lang='lat' dir='ltr'><strong>fecit,</strong></span> <span class='ocrx_word' id='word_1_285' title='bbox 887 2388 933 2443; x_wconf 91' lang='lat' dir='ltr'><strong>si</strong></span> <span class='ocrx_word' id='word_1_286' title='bbox 965 2404 1077 2444; x_wconf 90' lang='lat' dir='ltr'><strong>non</strong></span> <span class='ocrx_word' id='word_1_287' title='bbox 1119 2389 1187 2444; x_wconf 89' lang='lat' dir='ltr'><strong>ad</strong></span> <span class='ocrx_word' id='word_1_288' title='bbox 1227 2390 1386 2444; x_wconf 87' lang='lat' dir='ltr'><strong>illum</strong></span> <span class='ocrx_word' id='word_1_289' title='bbox 1436 2390 1692 2462; x_wconf 82' lang='lat' dir='ltr'><strong>pertinet,</strong></span> <span class='ocrx_word' id='word_1_290' title='bbox 1746 2391 1894 2463; x_wconf 91' lang='lat' dir='ltr'><strong>quod</strong></span> <span class='ocrx_word' id='word_1_291' title='bbox 1924 2391 2105 2447; x_wconf 81' lang='lat' dir='ltr'><strong>fecit?</strong></span> 
     </span>
    </p>
   </div>
   <div class='ocr_carea' id='block_1_41' title="bbox 504 2475 2100 2551">
    <p class='ocr_par' dir='ltr' id='par_1_41' title="bbox 504 2475 2100 2551">
     <span class='ocr_line' id='line_1_41' title="bbox 504 2475 2100 2551; baseline 0.003 -20"><span class='ocrx_word' id='word_1_292' title='bbox 504 2475 610 2532; x_wconf 90' lang='lat' dir='ltr'><strong>Sed</strong></span> <span class='ocrx_word' id='word_1_293' title='bbox 662 2477 792 2550; x_wconf 87' lang='lat' dir='ltr'><strong>quia</strong></span> <span class='ocrx_word' id='word_1_294' title='bbox 841 2477 1034 2535; x_wconf 90' lang='lat' dir='ltr'><strong>vident</strong></span> <span class='ocrx_word' id='word_1_295' title='bbox 1088 2479 1354 2551; x_wconf 90' lang='lat' dir='ltr'><strong>quosdam</strong></span> <span class='ocrx_word' id='word_1_296' title='bbox 1418 2479 1653 2536; x_wconf 89' lang='lat' dir='ltr'><strong>feliciter</strong></span> <span class='ocrx_word' id='word_1_297' title='bbox 1705 2481 1913 2536; x_wconf 89' lang='lat' dir='ltr'><strong>mundo</strong></span> <span class='ocrx_word' id='word_1_298' title='bbox 1967 2480 2100 2550; x_wconf 84' lang='lat' dir='ltr'><strong>frui,</strong></span> 
     </span>
    </p>
   </div>
   <div class='ocr_carea' id='block_1_42' title="bbox 508 2566 2104 2641">
    <p class='ocr_par' dir='ltr' id='par_1_42' title="bbox 508 2566 2104 2641">
     <span class='ocr_line' id='line_1_42' title="bbox 508 2566 2104 2641; baseline 0.001 -20"><span class='ocrx_word' id='word_1_299' title='bbox 508 2566 775 2639; x_wconf 89' lang='lat' dir='ltr'><strong>quosdam</strong></span> <span class='ocrx_word' id='word_1_300' title='bbox 825 2566 1083 2638; x_wconf 90' lang='lat' dir='ltr'><strong>deprimi,</strong></span> <span class='ocrx_word' id='word_1_301' title='bbox 1129 2575 1183 2623; x_wconf 89' lang='lat' dir='ltr'><strong>et</strong></span> <span class='ocrx_word' id='word_1_302' title='bbox 1227 2567 1367 2623; x_wconf 91' lang='lat' dir='ltr'><strong>bene</strong></span> <span class='ocrx_word' id='word_1_303' title='bbox 1414 2577 1634 2640; x_wconf 85' lang='lat' dir='ltr'><strong>agentes</strong></span> <span class='ocrx_word' id='word_1_304' title='bbox 1661 2568 1890 2641; x_wconf 91' lang='lat' dir='ltr'><strong>despici,</strong></span> <span class='ocrx_word' id='word_1_305' title='bbox 1923 2567 2104 2624; x_wconf 86' lang='lat' dir='ltr'><strong>male-</strong></span> 
     </span>
    </p>
   </div>
   <div class='ocr_carea' id='block_1_43' title="bbox 511 2655 2096 2727">
    <p class='ocr_par' dir='ltr' id='par_1_43' title="bbox 511 2655 2096 2727">
     <span class='ocr_line' id='line_1_43' title="bbox 511 2655 2096 2727; baseline 0.002 -17"><span class='ocrx_word' id='word_1_306' title='bbox 511 2656 667 2712; x_wconf 91' lang='lat' dir='ltr'><strong>volos</strong></span> <span class='ocrx_word' id='word_1_307' title='bbox 705 2655 965 2727; x_wconf 80' lang='lat' dir='ltr'><strong>gloriari;</strong></span> <span class='ocrx_word' id='word_1_308' title='bbox 1014 2655 1221 2712; x_wconf 89' lang='lat' dir='ltr'><strong>idcirco</strong></span> <span class='ocrx_word' id='word_1_309' title='bbox 1254 2657 1596 2713; x_wconf 88' lang='lat' dir='ltr'><strong>incuriosum</strong></span> <span class='ocrx_word' id='word_1_310' title='bbox 1629 2659 1804 2714; x_wconf 93' lang='lat' dir='ltr'><strong>Deum</strong></span> <span class='ocrx_word' id='word_1_311' title='bbox 1835 2674 1952 2714; x_wconf 91' lang='lat' dir='ltr'><strong>esse</strong></span> <span class='ocrx_word' id='word_1_312' title='bbox 1980 2674 2096 2714; x_wconf 87' lang='lat' dir='ltr'><strong>cre-</strong></span> 
     </span>
    </p>
   </div>
   <div class='ocr_carea' id='block_1_44' title="bbox 503 2743 2103 2818">
    <p class='ocr_par' dir='ltr' id='par_1_44' title="bbox 503 2743 2103 2818">
     <span class='ocr_line' id='line_1_44' title="bbox 503 2743 2103 2818; baseline 0.002 -18"><span class='ocrx_word' id='word_1_313' title='bbox 503 2743 783 2801; x_wconf 85' lang='lat' dir='ltr'><strong>diderunt.</strong></span> <span class='ocrx_word' id='word_1_314' title='bbox 832 2745 940 2812; x_wconf 90' lang='lat' dir='ltr'><strong>Qui</strong></span> <span class='ocrx_word' id='word_1_315' title='bbox 986 2744 1331 2801; x_wconf 89' lang='lat' dir='ltr'><strong>incuriosum</strong></span> <span class='ocrx_word' id='word_1_316' title='bbox 1384 2748 1559 2803; x_wconf 92' lang='lat' dir='ltr'><strong>Deum</strong></span> <span class='ocrx_word' id='word_1_317' title='bbox 1609 2745 1768 2815; x_wconf 85' lang='lat' dir='ltr'><strong>dicit,</strong></span> <span class='ocrx_word' id='word_1_318' title='bbox 1801 2762 1911 2802; x_wconf 91' lang='lat' dir='ltr'><strong>non</strong></span> <span class='ocrx_word' id='word_1_319' title='bbox 1943 2755 2103 2818; x_wconf 89' lang='lat' dir='ltr'><strong>negat</strong></span> 
     </span>
    </p>
   </div>
   <div class='ocr_carea' id='block_1_45' title="bbox 503 2833 2102 2908">
    <p class='ocr_par' dir='ltr' id='par_1_45' title="bbox 503 2833 2102 2908">
     <span class='ocr_line' id='line_1_45' title="bbox 503 2833 2102 2908; baseline 0.001 -17"><span class='ocrx_word' id='word_1_320' title='bbox 503 2834 840 2891; x_wconf 87' lang='lat' dir='ltr'><strong>malevolum</strong></span> <span class='ocrx_word' id='word_1_321' title='bbox 869 2843 964 2890; x_wconf 91' lang='lat' dir='ltr'><strong>aut</strong></span> <span class='ocrx_word' id='word_1_322' title='bbox 991 2833 1258 2906; x_wconf 91' lang='lat' dir='ltr'><strong>injustum</strong></span> <span class='ocrx_word' id='word_1_323' title='bbox 1283 2855 1296 2903; x_wconf 93' lang='lat'><strong>;</strong></span> <span class='ocrx_word' id='word_1_324' title='bbox 1327 2844 1422 2891; x_wconf 92' lang='lat' dir='ltr'><strong>aut</strong></span> <span class='ocrx_word' id='word_1_325' title='bbox 1449 2837 1596 2892; x_wconf 90' lang='lat' dir='ltr'><strong>enim</strong></span> <span class='ocrx_word' id='word_1_326' title='bbox 1623 2835 1976 2908; x_wconf 88' lang='lat' dir='ltr'><strong>judicaturus</strong></span> <span class='ocrx_word' id='word_1_327' title='bbox 2019 2846 2102 2893; x_wconf 91' lang='lat' dir='ltr'><strong>est</strong></span> 
     </span>
    </p>
   </div>
   <div class='ocr_carea' id='block_1_46' title="bbox 502 2923 2102 2995">
    <p class='ocr_par' dir='ltr' id='par_1_46' title="bbox 502 2923 2102 2995">
     <span class='ocr_line' id='line_1_46' title="bbox 502 2923 2102 2995; baseline 0.003 -17"><span class='ocrx_word' id='word_1_328' title='bbox 502 2923 796 2992; x_wconf 88' lang='lat' dir='ltr'><strong>mundum,</strong></span> <span class='ocrx_word' id='word_1_329' title='bbox 832 2931 887 2978; x_wconf 92' lang='lat' dir='ltr'><strong>et</strong></span> <span class='ocrx_word' id='word_1_330' title='bbox 914 2923 1153 2995; x_wconf 90' lang='lat' dir='ltr'><strong>injustus</strong></span> <span class='ocrx_word' id='word_1_331' title='bbox 1200 2932 1302 2992; x_wconf 88' lang='lat' dir='ltr'><strong>est,</strong></span> <span class='ocrx_word' id='word_1_332' title='bbox 1331 2925 1690 2981; x_wconf 88' lang='lat' dir='ltr'><strong>dissimulans</strong></span> <span class='ocrx_word' id='word_1_333' title='bbox 1719 2925 1787 2980; x_wconf 91' lang='lat' dir='ltr'><strong>de</strong></span> <span class='ocrx_word' id='word_1_334' title='bbox 1835 2924 2018 2994; x_wconf 88' lang='lat' dir='ltr'><strong>bonis,</strong></span> <span class='ocrx_word' id='word_1_335' title='bbox 2047 2933 2102 2982; x_wconf 91' lang='lat' dir='ltr'><strong>et</strong></span> 
     </span>
    </p>
   </div>
   <div class='ocr_carea' id='block_1_47' title="bbox 503 3010 2103 3084">
    <p class='ocr_par' dir='ltr' id='par_1_47' title="bbox 503 3010 2103 3084">
     <span class='ocr_line' id='line_1_47' title="bbox 503 3010 2103 3084; baseline 0.002 -18"><span class='ocrx_word' id='word_1_336' title='bbox 503 3011 715 3083; x_wconf 91' lang='lat' dir='ltr'><strong>patiens</strong></span> <span class='ocrx_word' id='word_1_337' title='bbox 754 3010 873 3066; x_wconf 84' lang='lat' dir='ltr'><strong>ﬁeri</strong></span> <span class='ocrx_word' id='word_1_338' title='bbox 921 3012 1081 3067; x_wconf 88' lang='lat' dir='ltr'><strong>mala.</strong></span> <span class='ocrx_word' id='word_1_339' title='bbox 1134 3012 1191 3066; x_wconf 93' lang='lat' dir='ltr'><strong>Si</strong></span> <span class='ocrx_word' id='word_1_340' title='bbox 1235 3013 1406 3082; x_wconf 89' lang='lat' dir='ltr'><strong>igitur</strong></span> <span class='ocrx_word' id='word_1_341' title='bbox 1444 3011 1891 3068; x_wconf 90' lang='lat' dir='ltr'><strong>animadvertant</strong></span> <span class='ocrx_word' id='word_1_342' title='bbox 1933 3029 2103 3084; x_wconf 84' lang='lat' dir='ltr'><strong>sepo-</strong></span> 
     </span>
    </p>
   </div>
   <div class='ocr_carea' id='block_1_48' title="bbox 502 3097 2101 3171">
    <p class='ocr_par' dir='ltr' id='par_1_48' title="bbox 502 3097 2101 3171">
     <span class='ocr_line' id='line_1_48' title="bbox 502 3097 2101 3171; baseline 0.003 -17"><span class='ocrx_word' id='word_1_343' title='bbox 502 3099 609 3156; x_wconf 89' lang='lat' dir='ltr'><strong>sito</strong></span> <span class='ocrx_word' id='word_1_344' title='bbox 638 3097 765 3154; x_wconf 93' lang='lat' dir='ltr'><strong>odio</strong></span> <span class='ocrx_word' id='word_1_345' title='bbox 795 3099 1000 3154; x_wconf 72' lang='lat' dir='ltr'><strong>divinae</strong></span> <span class='ocrx_word' id='word_1_346' title='bbox 1032 3099 1188 3171; x_wconf 87' lang='lat' dir='ltr'><strong>legis,</strong></span> <span class='ocrx_word' id='word_1_347' title='bbox 1220 3107 1449 3171; x_wconf 87' lang='lat' dir='ltr'><strong>possunt</strong></span> <span class='ocrx_word' id='word_1_348' title='bbox 1473 3099 1660 3155; x_wconf 92' lang='lat' dir='ltr'><strong>videre</strong></span> <span class='ocrx_word' id='word_1_349' title='bbox 1688 3117 1907 3158; x_wconf 89' lang='lat' dir='ltr'><strong>causam</strong></span> <span class='ocrx_word' id='word_1_350' title='bbox 1941 3103 2101 3160; x_wconf 90' lang='lat' dir='ltr'><strong>istam</strong></span> 
     </span>
    </p>
   </div>
   <div class='ocr_carea' id='block_1_49' title="bbox 502 3187 2095 3263">
    <p class='ocr_par' dir='ltr' id='par_1_49' title="bbox 502 3187 2095 3263">
     <span class='ocr_line' id='line_1_49' title="bbox 502 3187 2095 3263; baseline 0.003 -20"><span class='ocrx_word' id='word_1_351' title='bbox 502 3203 535 3242; x_wconf 89' lang='lat' dir='ltr'><strong>a</strong></span> <span class='ocrx_word' id='word_1_352' title='bbox 583 3187 742 3244; x_wconf 90' lang='lat' dir='ltr'><strong>nobis</strong></span> <span class='ocrx_word' id='word_1_353' title='bbox 791 3188 1097 3258; x_wconf 86' lang='lat' dir='ltr'><strong>terminari,</strong></span> <span class='ocrx_word' id='word_1_354' title='bbox 1129 3189 1226 3262; x_wconf 91' lang='lat' dir='ltr'><strong>qui</strong></span> <span class='ocrx_word' id='word_1_355' title='bbox 1261 3189 1360 3245; x_wconf 93' lang='lat' dir='ltr'><strong>Dei</strong></span> <span class='ocrx_word' id='word_1_356' title='bbox 1385 3187 1661 3260; x_wconf 89' lang='lat' dir='ltr'><strong>judicium</strong></span> <span class='ocrx_word' id='word_1_357' title='bbox 1691 3199 2095 3263; x_wconf 85' lang='lat' dir='ltr'><strong>exspectamus,</strong></span> 
     </span>
    </p>
   </div>
   <div class='ocr_carea' id='block_1_50' title="bbox 501 3277 2096 3352">
    <p class='ocr_par' dir='ltr' id='par_1_50' title="bbox 501 3277 2096 3352">
     <span class='ocr_line' id='line_1_50' title="bbox 501 3277 2096 3352; baseline 0.003 -19"><span class='ocrx_word' id='word_1_358' title='bbox 501 3277 560 3334; x_wconf 90' lang='lat' dir='ltr'><strong>in</strong></span> <span class='ocrx_word' id='word_1_359' title='bbox 589 3294 698 3352; x_wconf 91' lang='lat' dir='ltr'><strong>quo</strong></span> <span class='ocrx_word' id='word_1_360' title='bbox 742 3277 799 3334; x_wconf 92' lang='lat' dir='ltr'><strong>vi</strong></span> <span class='ocrx_word' id='word_1_361' title='bbox 841 3277 1082 3351; x_wconf 89' lang='lat' dir='ltr'><strong>depressi</strong></span> <span class='ocrx_word' id='word_1_362' title='bbox 1119 3277 1534 3348; x_wconf 81' lang='lat' dir='ltr'><strong>exaltabuntur,</strong></span> <span class='ocrx_word' id='word_1_363' title='bbox 1568 3287 1622 3335; x_wconf 93' lang='lat' dir='ltr'><strong>et</strong></span> <span class='ocrx_word' id='word_1_364' title='bbox 1653 3279 1881 3336; x_wconf 88' lang='lat' dir='ltr'><strong>violenti</strong></span> <span class='ocrx_word' id='word_1_365' title='bbox 1915 3281 2096 3337; x_wconf 87' lang='lat' dir='ltr'><strong>humi-</strong></span> 
     </span>
    </p>
   </div>
   <div class='ocr_carea' id='block_1_51' title="bbox 502 3366 2097 3443">
    <p class='ocr_par' dir='ltr' id='par_1_51' title="bbox 502 3366 2097 3443">
     <span class='ocr_line' id='line_1_51' title="bbox 502 3366 2097 3443; baseline 0.002 -19"><span class='ocrx_word' id='word_1_366' title='bbox 502 3366 808 3438; x_wconf 87' lang='lat' dir='ltr'><strong>liabuntur,</strong></span> <span class='ocrx_word' id='word_1_367' title='bbox 852 3367 982 3443; x_wconf 90' lang='lat' dir='ltr'><strong>quia</strong></span> <span class='ocrx_word' id='word_1_368' title='bbox 1043 3391 1063 3415; x_wconf 74' lang='grc' dir='ltr'>ι</span> <span class='ocrx_word' id='word_1_369' title='bbox 1107 3384 1221 3424; x_wconf 90' lang='lat' dir='ltr'><strong>non</strong></span> <span class='ocrx_word' id='word_1_370' title='bbox 1285 3377 1366 3425; x_wconf 92' lang='lat' dir='ltr'><strong>est</strong></span> <span class='ocrx_word' id='word_1_371' title='bbox 1419 3385 1778 3442; x_wconf 90' lang='lat' dir='ltr'><strong>personarum</strong></span> <span class='ocrx_word' id='word_1_372' title='bbox 1851 3371 2097 3443; x_wconf 89' lang='lat' dir='ltr'><strong>acceptio</strong></span> 
     </span>
    </p>
   </div>
   <div class='ocr_carea' id='block_1_52' title="bbox 498 3457 1343 3530">
    <p class='ocr_par' dir='ltr' id='par_1_52' title="bbox 498 3457 1343 3530">
     <span class='ocr_line' id='line_1_52' title="bbox 498 3457 1343 3530; baseline -0.002 -17"><span class='ocrx_word' id='word_1_373' title='bbox 498 3457 644 3530; x_wconf 88' lang='lat' dir='ltr'><strong>apud</strong></span> <span class='ocrx_word' id='word_1_374' title='bbox 669 3459 844 3514; x_wconf 92' lang='lat' dir='ltr'><strong>Deum</strong></span> <span class='ocrx_word' id='word_1_375' title='bbox 875 3458 1057 3530; x_wconf 87' lang='lat' dir='ltr'><strong>(Rom.</strong></span> <span class='ocrx_word' id='word_1_376' title='bbox 1087 3475 1150 3527; x_wconf 79' lang='grc' dir='ltr'><strong>ιι,</strong></span> <span class='ocrx_word' id='word_1_377' title='bbox 1177 3457 1291 3529; x_wconf 91' lang='grc'><strong>11).</strong></span> <span class='ocrx_word' id='word_1_378' title='bbox 1325 3483 1343 3506; x_wconf 81' lang='grc'><strong>›</strong></span> 
     </span>
    </p>
   </div>
   <div class='ocr_carea' id='block_1_53' title="bbox 573 3553 2095 3629">
    <p class='ocr_par' dir='ltr' id='par_1_53' title="bbox 573 3553 2095 3629">
     <span class='ocr_line' id='line_1_53' title="bbox 573 3553 2095 3629; baseline 0 -17"><span class='ocrx_word' id='word_1_379' title='bbox 573 3555 754 3625; x_wconf 89' lang='lat' dir='ltr'><strong>(Vers.</strong></span> <span class='ocrx_word' id='word_1_380' title='bbox 787 3555 901 3629; x_wconf 82' lang='lat' dir='ltr'><strong>2i.)</strong></span> <span class='ocrx_word' id='word_1_381' title='bbox 949 3579 968 3603; x_wconf 74' lang='grc' dir='ltr'>ι</span> <span class='ocrx_word' id='word_1_382' title='bbox 995 3555 1131 3612; x_wconf 91' lang='lat' dir='ltr'><strong>Nam</strong></span> <span class='ocrx_word' id='word_1_383' title='bbox 1153 3554 1414 3629; x_wconf 89' lang='lat' dir='ltr'><strong>quoniam</strong></span> <span class='ocrx_word' id='word_1_384' title='bbox 1470 3553 1528 3610; x_wconf 93' lang='lat' dir='ltr'><strong>in</strong></span> <span class='ocrx_word' id='word_1_385' title='bbox 1557 3555 1826 3627; x_wconf 90' lang='lat' dir='ltr'><strong>sapientia</strong></span> <span class='ocrx_word' id='word_1_386' title='bbox 1854 3555 1954 3612; x_wconf 92' lang='lat' dir='ltr'><strong>Dei</strong></span> <span class='ocrx_word' id='word_1_387' title='bbox 1983 3572 2095 3612; x_wconf 91' lang='lat' dir='ltr'><strong>non</strong></span> 
     </span>
    </p>
   </div>
   <div class='ocr_carea' id='block_1_54' title="bbox 497 3643 2097 3717">
    <p class='ocr_par' dir='ltr' id='par_1_54' title="bbox 497 3643 2097 3717">
     <span class='ocr_line' id='line_1_54' title="bbox 497 3643 2097 3717; baseline 0 -17"><span class='ocrx_word' id='word_1_388' title='bbox 497 3644 758 3715; x_wconf 86' lang='lat' dir='ltr'><strong>cognovit</strong></span> <span class='ocrx_word' id='word_1_389' title='bbox 813 3645 1054 3701; x_wconf 89' lang='lat' dir='ltr'><strong>mundus</strong></span> <span class='ocrx_word' id='word_1_390' title='bbox 1105 3660 1202 3717; x_wconf 88' lang='lat' dir='ltr'><strong>per</strong></span> <span class='ocrx_word' id='word_1_391' title='bbox 1255 3643 1579 3716; x_wconf 88' lang='lat' dir='ltr'><strong>sapientiam</strong></span> <span class='ocrx_word' id='word_1_392' title='bbox 1633 3645 1831 3712; x_wconf 91' lang='lat' dir='ltr'><strong>Deum,</strong></span> <span class='ocrx_word' id='word_1_393' title='bbox 1889 3645 2097 3716; x_wconf 87' lang='lat' dir='ltr'><strong>placuit</strong></span> 
     </span>
    </p>
   </div>
   <div class='ocr_carea' id='block_1_55' title="bbox 499 3733 2097 3807">
    <p class='ocr_par' dir='ltr' id='par_1_55' title="bbox 499 3733 2097 3807">
     <span class='ocr_line' id='line_1_55' title="bbox 499 3733 2097 3807; baseline 0.001 -18"><span class='ocrx_word' id='word_1_394' title='bbox 499 3734 613 3789; x_wconf 91' lang='lat' dir='ltr'><strong>Deo</strong></span> <span class='ocrx_word' id='word_1_395' title='bbox 643 3749 739 3806; x_wconf 91' lang='lat' dir='ltr'><strong>per</strong></span> <span class='ocrx_word' id='word_1_396' title='bbox 775 3733 1075 3790; x_wconf 89' lang='lat' dir='ltr'><strong>stultitiam</strong></span> <span class='ocrx_word' id='word_1_397' title='bbox 1116 3733 1526 3807; x_wconf 65' lang='lat' dir='ltr'><strong>praedicationis</strong></span> <span class='ocrx_word' id='word_1_398' title='bbox 1554 3734 1734 3791; x_wconf 89' lang='lat' dir='ltr'><strong>salvos</strong></span> <span class='ocrx_word' id='word_1_399' title='bbox 1764 3735 1940 3791; x_wconf 83' lang='lat' dir='ltr'><strong>facere</strong></span> <span class='ocrx_word' id='word_1_400' title='bbox 1969 3751 2097 3792; x_wconf 92' lang='lat' dir='ltr'><strong>cre-</strong></span> 
     </span>
    </p>
   </div>
   <div class='ocr_carea' id='block_1_56' title="bbox 497 3821 2094 3894">
    <p class='ocr_par' dir='ltr' id='par_1_56' title="bbox 497 3821 2094 3894">
     <span class='ocr_line' id='line_1_56' title="bbox 497 3821 2094 3894; baseline 0.003 -18"><span class='ocrx_word' id='word_1_401' title='bbox 497 3821 710 3878; x_wconf 88' lang='lat' dir='ltr'><strong>dentes.</strong></span> <span class='ocrx_word' id='word_1_402' title='bbox 744 3847 762 3870; x_wconf 78' lang='lat'><strong><em>-</em></strong></span> <span class='ocrx_word' id='word_1_403' title='bbox 802 3821 926 3878; x_wconf 90' lang='lat' dir='ltr'><strong>Non</strong></span> <span class='ocrx_word' id='word_1_404' title='bbox 955 3822 1215 3894; x_wconf 89' lang='lat' dir='ltr'><strong>cognovit</strong></span> <span class='ocrx_word' id='word_1_405' title='bbox 1263 3821 1526 3889; x_wconf 87' lang='lat' dir='ltr'><strong>mundus,</strong></span> <span class='ocrx_word' id='word_1_406' title='bbox 1575 3822 1633 3878; x_wconf 91' lang='lat' dir='ltr'><strong>id</strong></span> <span class='ocrx_word' id='word_1_407' title='bbox 1673 3831 1776 3890; x_wconf 86' lang='lat' dir='ltr'><strong>est,</strong></span> <span class='ocrx_word' id='word_1_408' title='bbox 1820 3823 2094 3894; x_wconf 89' lang='lat' dir='ltr'><strong>homines,</strong></span> 
     </span>
    </p>
   </div>
   <div class='ocr_carea' id='block_1_57' title="bbox 497 3910 2094 3986">
    <p class='ocr_par' dir='ltr' id='par_1_57' title="bbox 497 3910 2094 3986">
     <span class='ocr_line' id='line_1_57' title="bbox 497 3910 2094 3986; baseline 0.001 -20"><span class='ocrx_word' id='word_1_409' title='bbox 497 3911 672 3966; x_wconf 91' lang='lat' dir='ltr'><strong>Deum</strong></span> <span class='ocrx_word' id='word_1_410' title='bbox 722 3910 782 3967; x_wconf 92' lang='lat' dir='ltr'><strong>in</strong></span> <span class='ocrx_word' id='word_1_411' title='bbox 833 3912 1104 3985; x_wconf 86' lang='lat' dir='ltr'><strong>sapientia</strong></span> <span class='ocrx_word' id='word_1_412' title='bbox 1148 3911 1300 3984; x_wconf 91' lang='lat' dir='ltr'><strong>ejus;</strong></span> <span class='ocrx_word' id='word_1_413' title='bbox 1333 3911 1462 3984; x_wconf 92' lang='lat' dir='ltr'><strong>quia</strong></span> <span class='ocrx_word' id='word_1_414' title='bbox 1502 3912 1724 3970; x_wconf 91' lang='lat' dir='ltr'><strong>unicam</strong></span> <span class='ocrx_word' id='word_1_415' title='bbox 1756 3912 2094 3986; x_wconf 88' lang='lat' dir='ltr'><strong>majestatem</strong></span> 
     </span>
    </p>
   </div>
   <div class='ocr_carea' id='block_1_58' title="bbox 497 3998 2095 4074">
    <p class='ocr_par' dir='ltr' id='par_1_58' title="bbox 497 3998 2095 4074">
     <span class='ocr_line' id='line_1_58' title="bbox 497 3998 2095 4074; baseline 0.003 -19"><span class='ocrx_word' id='word_1_416' title='bbox 497 3998 618 4072; x_wconf 89' lang='lat' dir='ltr'><strong>ejus</strong></span> <span class='ocrx_word' id='word_1_417' title='bbox 673 4000 952 4074; x_wconf 87' lang='lat' dir='ltr'><strong>ﬁgmentis</strong></span> <span class='ocrx_word' id='word_1_418' title='bbox 1006 4001 1278 4058; x_wconf 89' lang='lat' dir='ltr'><strong>dederunt</strong></span> <span class='ocrx_word' id='word_1_419' title='bbox 1335 4002 1422 4057; x_wconf 90' lang='lat' dir='ltr'><strong>vel</strong></span> <span class='ocrx_word' id='word_1_420' title='bbox 1474 4002 1782 4072; x_wconf 88' lang='lat' dir='ltr'><strong>elementis,</strong></span> <span class='ocrx_word' id='word_1_421' title='bbox 1837 4003 2095 4060; x_wconf 89' lang='lat' dir='ltr'><strong>dissimu-</strong></span> 
     </span>
    </p>
   </div>
   <div class='ocr_carea' id='block_1_59' title="bbox 497 4090 2096 4165">
    <p class='ocr_par' dir='ltr' id='par_1_59' title="bbox 497 4090 2096 4165">
     <span class='ocr_line' id='line_1_59' title="bbox 497 4090 2096 4165; baseline 0.003 -19"><span class='ocrx_word' id='word_1_422' title='bbox 497 4091 674 4148; x_wconf 89' lang='lat' dir='ltr'><strong>lantes</strong></span> <span class='ocrx_word' id='word_1_423' title='bbox 729 4091 798 4148; x_wconf 91' lang='lat' dir='ltr'><strong>de</strong></span> <span class='ocrx_word' id='word_1_424' title='bbox 836 4107 921 4161; x_wconf 93' lang='lat' dir='ltr'><strong>eo,</strong></span> <span class='ocrx_word' id='word_1_425' title='bbox 980 4107 1078 4165; x_wconf 90' lang='lat' dir='ltr'><strong>per</strong></span> <span class='ocrx_word' id='word_1_426' title='bbox 1123 4090 1448 4164; x_wconf 88' lang='lat' dir='ltr'><strong>sapientiam</strong></span> <span class='ocrx_word' id='word_1_427' title='bbox 1483 4092 1665 4148; x_wconf 88' lang='lat' dir='ltr'><strong>carnis</strong></span> <span class='ocrx_word' id='word_1_428' title='bbox 1694 4100 1947 4164; x_wconf 86' lang='lat' dir='ltr'><strong>putantes</strong></span> <span class='ocrx_word' id='word_1_429' title='bbox 1976 4094 2096 4150; x_wconf 73' lang='lat' dir='ltr'><strong>haec</strong></span> 
     </span>
    </p>
   </div>
   <div class='ocr_carea' id='block_1_60' title="bbox 497 4181 2096 4255">
    <p class='ocr_par' dir='ltr' id='par_1_60' title="bbox 497 4181 2096 4255">
     <span class='ocr_line' id='line_1_60' title="bbox 497 4181 2096 4255; baseline 0.002 -19"><span class='ocrx_word' id='word_1_430' title='bbox 497 4181 694 4237; x_wconf 88' lang='lat' dir='ltr'><strong>debere</strong></span> <span class='ocrx_word' id='word_1_431' title='bbox 742 4182 872 4251; x_wconf 91' lang='lat' dir='ltr'><strong>coli,</strong></span> <span class='ocrx_word' id='word_1_432' title='bbox 916 4197 1038 4255; x_wconf 67' lang='lat' dir='ltr'><strong>quae</strong></span> <span class='ocrx_word' id='word_1_433' title='bbox 1084 4181 1363 4238; x_wconf 90' lang='lat' dir='ltr'><strong>videntur.</strong></span> <span class='ocrx_word' id='word_1_434' title='bbox 1413 4181 1707 4253; x_wconf 88' lang='lat' dir='ltr'><strong>Propterea</strong></span> <span class='ocrx_word' id='word_1_435' title='bbox 1745 4181 1952 4254; x_wconf 88' lang='lat' dir='ltr'><strong>placuit</strong></span> <span class='ocrx_word' id='word_1_436' title='bbox 1980 4185 2096 4239; x_wconf 90' lang='lat' dir='ltr'><strong>Deo</strong></span> 
     </span>
    </p>
   </div>
   <div class='ocr_carea' id='block_1_61' title="bbox 498 4269 2095 4343">
    <p class='ocr_par' dir='ltr' id='par_1_61' title="bbox 498 4269 2095 4343">
     <span class='ocr_line' id='line_1_61' title="bbox 498 4269 2095 4343; baseline 0.003 -19"><span class='ocrx_word' id='word_1_437' title='bbox 498 4269 945 4340; x_wconf 57' lang='lat' dir='ltr'><strong>praedicationem</strong></span> <span class='ocrx_word' id='word_1_438' title='bbox 975 4271 1254 4340; x_wconf 89' lang='lat' dir='ltr'><strong>ordinare,</strong></span> <span class='ocrx_word' id='word_1_439' title='bbox 1293 4287 1414 4343; x_wconf 69' lang='lat' dir='ltr'><strong>quae</strong></span> <span class='ocrx_word' id='word_1_440' title='bbox 1455 4269 1568 4325; x_wconf 91' lang='lat' dir='ltr'><strong>illis</strong></span> <span class='ocrx_word' id='word_1_441' title='bbox 1610 4270 1848 4326; x_wconf 89' lang='lat' dir='ltr'><strong>stultitia</strong></span> <span class='ocrx_word' id='word_1_442' title='bbox 1885 4271 2095 4329; x_wconf 89' lang='lat' dir='ltr'><strong>videre-</strong></span> 
     </span>
    </p>
   </div>
   <div class='ocr_carea' id='block_1_62' title="bbox 496 4358 2092 4432">
    <p class='ocr_par' dir='ltr' id='par_1_62' title="bbox 496 4358 2092 4432">
     <span class='ocr_line' id='line_1_62' title="bbox 496 4358 2092 4432; baseline 0.003 -19"><span class='ocrx_word' id='word_1_443' title='bbox 496 4365 626 4424; x_wconf 85' lang='lat' dir='ltr'><strong>tur;</strong></span> <span class='ocrx_word' id='word_1_444' title='bbox 659 4365 723 4412; x_wconf 91' lang='lat' dir='ltr'><strong>ut</strong></span> <span class='ocrx_word' id='word_1_445' title='bbox 748 4358 1030 4415; x_wconf 90' lang='lat' dir='ltr'><strong>credentes</strong></span> <span class='ocrx_word' id='word_1_446' title='bbox 1078 4377 1198 4432; x_wconf 58' lang='lat' dir='ltr'><strong>quae</strong></span> <span class='ocrx_word' id='word_1_447' title='bbox 1246 4359 1330 4414; x_wconf 93' lang='lat' dir='ltr'><strong>illi</strong></span> <span class='ocrx_word' id='word_1_448' title='bbox 1370 4358 1653 4428; x_wconf 79' lang='lat' dir='ltr'><strong>difﬁdunt,</strong></span> <span class='ocrx_word' id='word_1_449' title='bbox 1692 4360 1829 4415; x_wconf 91' lang='lat' dir='ltr'><strong>salvi</strong></span> <span class='ocrx_word' id='word_1_450' title='bbox 1879 4359 2092 4431; x_wconf 90' lang='lat' dir='ltr'><strong>ﬁerent,</strong></span> 
     </span>
    </p>
   </div>
   <div class='ocr_carea' id='block_1_63' title="bbox 498 4445 2092 4523">
    <p class='ocr_par' dir='ltr' id='par_1_63' title="bbox 498 4445 2092 4523">
     <span class='ocr_line' id='line_1_63' title="bbox 498 4445 2092 4523; baseline 0.004 -23"><span class='ocrx_word' id='word_1_451' title='bbox 498 4445 614 4501; x_wconf 86' lang='lat' dir='ltr'><strong>illis</strong></span> <span class='ocrx_word' id='word_1_452' title='bbox 660 4445 956 4503; x_wconf 86' lang='lat' dir='ltr'><strong>damnatis.</strong></span> <span class='ocrx_word' id='word_1_453' title='bbox 991 4447 1332 4504; x_wconf 90' lang='lat' dir='ltr'><strong>Vicissitudo</strong></span> <span class='ocrx_word' id='word_1_454' title='bbox 1360 4465 1488 4521; x_wconf 91' lang='lat' dir='ltr'><strong>ergo</strong></span> <span class='ocrx_word' id='word_1_455' title='bbox 1527 4448 1649 4504; x_wconf 68' lang='lat' dir='ltr'><strong>haec</strong></span> <span class='ocrx_word' id='word_1_456' title='bbox 1675 4455 1778 4517; x_wconf 89' lang='lat' dir='ltr'><strong>est,</strong></span> <span class='ocrx_word' id='word_1_457' title='bbox 1806 4465 1902 4521; x_wconf 90' lang='lat' dir='ltr'><strong>per</strong></span> <span class='ocrx_word' id='word_1_458' title='bbox 1929 4466 2092 4523; x_wconf 89' lang='lat' dir='ltr'><strong>quam</strong></span> 
     </span>
    </p>
   </div>
   <div class='ocr_carea' id='block_1_64' title="bbox 496 4535 1652 4594">
    <p class='ocr_par' dir='ltr' id='par_1_64' title="bbox 496 4535 1652 4594">
     <span class='ocr_line' id='line_1_64' title="bbox 496 4535 1652 4594; baseline 0 -2"><span class='ocrx_word' id='word_1_459' title='bbox 496 4535 597 4592; x_wconf 91' lang='lat' dir='ltr'><strong>Dei</strong></span> <span class='ocrx_word' id='word_1_460' title='bbox 626 4535 859 4593; x_wconf 88' lang='lat' dir='ltr'><strong>consilio</strong></span> <span class='ocrx_word' id='word_1_461' title='bbox 888 4535 1088 4591; x_wconf 89' lang='lat' dir='ltr'><strong>falsum</strong></span> <span class='ocrx_word' id='word_1_462' title='bbox 1117 4553 1148 4590; x_wconf 91' lang='lat' dir='ltr'><strong>a</strong></span> <span class='ocrx_word' id='word_1_463' title='bbox 1178 4551 1308 4591; x_wconf 91' lang='lat' dir='ltr'><strong>vero</strong></span> <span class='ocrx_word' id='word_1_464' title='bbox 1339 4537 1652 4594; x_wconf 87' lang='lat' dir='ltr'><strong>damnatur.</strong></span> 
     </span>
    </p>
   </div>
   <div class='ocr_carea' id='block_1_65' title="bbox 572 4623 2095 4700">
    <p class='ocr_par' dir='ltr' id='par_1_65' title="bbox 572 4623 2095 4700">
     <span class='ocr_line' id='line_1_65' title="bbox 572 4623 2095 4700; baseline 0.003 -18"><span class='ocrx_word' id='word_1_465' title='bbox 572 4623 754 4697; x_wconf 87' lang='lat' dir='ltr'><strong>(Vers.</strong></span> <span class='ocrx_word' id='word_1_466' title='bbox 806 4623 923 4696; x_wconf 86' lang='lat'><strong>22.)</strong></span> <span class='ocrx_word' id='word_1_467' title='bbox 987 4649 1006 4672; x_wconf 76' lang='grc' dir='ltr'>ι</span> <span class='ocrx_word' id='word_1_468' title='bbox 1053 4623 1324 4692; x_wconf 89' lang='lat' dir='ltr'><strong>Quoniam</strong></span> <span class='ocrx_word' id='word_1_469' title='bbox 1378 4624 1552 4681; x_wconf 60' lang='lat' dir='ltr'><strong>Judaei</strong></span> <span class='ocrx_word' id='word_1_470' title='bbox 1591 4627 1747 4699; x_wconf 87' lang='lat' dir='ltr'><strong>signa</strong></span> <span class='ocrx_word' id='word_1_471' title='bbox 1794 4635 2007 4700; x_wconf 90' lang='lat' dir='ltr'><strong>petunt,</strong></span> <span class='ocrx_word' id='word_1_472' title='bbox 2040 4637 2095 4686; x_wconf 93' lang='lat' dir='ltr'><strong>et</strong></span> 
     </span>
    </p>
   </div>
   <div class='ocr_carea' id='block_1_66' title="bbox 497 4712 2088 4788">
    <p class='ocr_par' dir='ltr' id='par_1_66' title="bbox 497 4712 2088 4788">
     <span class='ocr_line' id='line_1_66' title="bbox 497 4712 2088 4788; baseline 0.004 -20"><span class='ocrx_word' id='word_1_473' title='bbox 497 4712 674 4770; x_wconf 68' lang='lat' dir='ltr'><strong>Graeci</strong></span> <span class='ocrx_word' id='word_1_474' title='bbox 704 4712 1028 4784; x_wconf 89' lang='lat' dir='ltr'><strong>sapientiam</strong></span> <span class='ocrx_word' id='word_1_475' title='bbox 1067 4720 1342 4787; x_wconf 66' lang='lat' dir='ltr'><strong>quaerunt.</strong></span> <span class='ocrx_word' id='word_1_476' title='bbox 1376 4738 1396 4763; x_wconf 77' lang='grc' dir='ltr'>ι</span> <span class='ocrx_word' id='word_1_477' title='bbox 1443 4713 1619 4770; x_wconf 67' lang='lat' dir='ltr'><strong>Judaei</strong></span> <span class='ocrx_word' id='word_1_478' title='bbox 1667 4715 1821 4788; x_wconf 89' lang='lat' dir='ltr'><strong>signa</strong></span> <span class='ocrx_word' id='word_1_479' title='bbox 1850 4726 2044 4788; x_wconf 90' lang='lat' dir='ltr'><strong>petunt</strong></span> <span class='ocrx_word' id='word_1_480' title='bbox 2074 4737 2088 4784; x_wconf 89' lang='lat'><strong>;</strong></span> 
     </span>
    </p>
   </div>
   <div class='ocr_carea' id='block_1_67' title="bbox 498 4801 2092 4876">
    <p class='ocr_par' dir='ltr' id='par_1_67' title="bbox 498 4801 2092 4876">
     <span class='ocr_line' id='line_1_67' title="bbox 498 4801 2092 4876; baseline 0.003 -19"><span class='ocrx_word' id='word_1_481' title='bbox 498 4802 630 4874; x_wconf 89' lang='lat' dir='ltr'><strong>quia</strong></span> <span class='ocrx_word' id='word_1_482' title='bbox 677 4817 790 4858; x_wconf 91' lang='lat' dir='ltr'><strong>non</strong></span> <span class='ocrx_word' id='word_1_483' title='bbox 845 4801 1106 4859; x_wconf 77' lang='lat' dir='ltr'><strong>difﬁdunt</strong></span> <span class='ocrx_word' id='word_1_484' title='bbox 1152 4803 1394 4876; x_wconf 91' lang='lat' dir='ltr'><strong>potuisse</strong></span> <span class='ocrx_word' id='word_1_485' title='bbox 1448 4801 1590 4872; x_wconf 91' lang='lat' dir='ltr'><strong>ﬁeri,</strong></span> <span class='ocrx_word' id='word_1_486' title='bbox 1663 4803 1758 4860; x_wconf 91' lang='lat' dir='ltr'><strong>sed</strong></span> <span class='ocrx_word' id='word_1_487' title='bbox 1787 4820 1856 4860; x_wconf 90' lang='lat' dir='ltr'><strong>an</strong></span> <span class='ocrx_word' id='word_1_488' title='bbox 1885 4805 2092 4863; x_wconf 84' lang='lat' dir='ltr'><strong>factum</strong></span> 
     </span>
    </p>
   </div>
   <div class='ocr_carea' id='block_1_68' title="bbox 495 4889 2094 4967">
    <p class='ocr_par' dir='ltr' id='par_1_68' title="bbox 495 4889 2094 4967">
     <span class='ocr_line' id='line_1_68' title="bbox 495 4889 2094 4967; baseline 0.003 -21"><span class='ocrx_word' id='word_1_489' title='bbox 495 4889 590 4960; x_wconf 81' lang='lat' dir='ltr'><strong>sit,</strong></span> <span class='ocrx_word' id='word_1_490' title='bbox 634 4901 889 4963; x_wconf 68' lang='lat' dir='ltr'><strong>quaerunt</strong></span> <span class='ocrx_word' id='word_1_491' title='bbox 921 4911 934 4960; x_wconf 94' lang='lat'><strong>;</strong></span> <span class='ocrx_word' id='word_1_492' title='bbox 986 4892 1220 4948; x_wconf 88' lang='lat' dir='ltr'><strong>scientes</strong></span> <span class='ocrx_word' id='word_1_493' title='bbox 1271 4891 1483 4964; x_wconf 85' lang='lat' dir='ltr'><strong>virgam</strong></span> <span class='ocrx_word' id='word_1_494' title='bbox 1522 4894 1709 4950; x_wconf 87' lang='lat' dir='ltr'><strong>Aaron</strong></span> <span class='ocrx_word' id='word_1_495' title='bbox 1738 4893 1948 4950; x_wconf 89' lang='lat' dir='ltr'><strong>aridam</strong></span> <span class='ocrx_word' id='word_1_496' title='bbox 1979 4911 2094 4967; x_wconf 85' lang='lat' dir='ltr'><strong>ger-</strong></span> 
     </span>
    </p>
   </div>
   <div class='ocr_carea' id='block_1_69' title="bbox 498 4977 2095 5053">
    <p class='ocr_par' dir='ltr' id='par_1_69' title="bbox 498 4977 2095 5053">
     <span class='ocr_line' id='line_1_69' title="bbox 498 4977 2095 5053; baseline 0.003 -19"><span class='ocrx_word' id='word_1_497' title='bbox 498 4977 758 5049; x_wconf 88' lang='lat' dir='ltr'><strong>minasse,</strong></span> <span class='ocrx_word' id='word_1_498' title='bbox 811 4987 864 5036; x_wconf 90' lang='lat' dir='ltr'><strong>et</strong></span> <span class='ocrx_word' id='word_1_499' title='bbox 916 4979 1161 5036; x_wconf 89' lang='lat' dir='ltr'><strong>fructum</strong></span> <span class='ocrx_word' id='word_1_500' title='bbox 1209 4981 1403 5037; x_wconf 88' lang='lat' dir='ltr'><strong>tulisse</strong></span> <span class='ocrx_word' id='word_1_501' title='bbox 1447 4981 1635 5052; x_wconf 86' lang='lat' dir='ltr'><strong>(Num.</strong></span> <span class='ocrx_word' id='word_1_502' title='bbox 1686 4997 1830 5046; x_wconf 87' lang='lat' dir='ltr'><strong>xvn,</strong></span> <span class='ocrx_word' id='word_1_503' title='bbox 1881 4982 1981 5053; x_wconf 90' lang='lat'><strong>8):</strong></span> <span class='ocrx_word' id='word_1_504' title='bbox 2041 4992 2095 5039; x_wconf 91' lang='lat' dir='ltr'><strong>et</strong></span> 
     </span>
    </p>
   </div>
   <div class='ocr_carea' id='block_1_70' title="bbox 496 5067 2094 5141">
    <p class='ocr_par' dir='ltr' id='par_1_70' title="bbox 496 5067 2094 5141">
     <span class='ocr_line' id='line_1_70' title="bbox 496 5067 2094 5141; baseline -0.001 -15"><span class='ocrx_word' id='word_1_505' title='bbox 496 5067 692 5126; x_wconf 72' lang='lat' dir='ltr'><strong>Ionam</strong></span> <span class='ocrx_word' id='word_1_506' title='bbox 737 5086 769 5124; x_wconf 88' lang='lat' dir='ltr'><strong>a</strong></span> <span class='ocrx_word' id='word_1_507' title='bbox 805 5075 926 5125; x_wconf 89' lang='lat' dir='ltr'><strong>ceto</strong></span> <span class='ocrx_word' id='word_1_508' title='bbox 970 5069 1256 5140; x_wconf 87' lang='lat' dir='ltr'><strong>glutitum,</strong></span> <span class='ocrx_word' id='word_1_509' title='bbox 1308 5070 1367 5124; x_wconf 90' lang='lat' dir='ltr'><strong>in</strong></span> <span class='ocrx_word' id='word_1_510' title='bbox 1398 5077 1590 5125; x_wconf 87' lang='lat' dir='ltr'><strong>ventre</strong></span> <span class='ocrx_word' id='word_1_511' title='bbox 1617 5069 1734 5141; x_wconf 91' lang='lat' dir='ltr'><strong>ejus</strong></span> <span class='ocrx_word' id='word_1_512' title='bbox 1771 5068 1952 5125; x_wconf 91' lang='lat' dir='ltr'><strong>tribus</strong></span> <span class='ocrx_word' id='word_1_513' title='bbox 1981 5069 2094 5126; x_wconf 91' lang='lat' dir='ltr'><strong>die-</strong></span> 
     </span>
    </p>
   </div>
   <div class='ocr_carea' id='block_1_71' title="bbox 496 5156 2094 5230">
    <p class='ocr_par' dir='ltr' id='par_1_71' title="bbox 496 5156 2094 5230">
     <span class='ocr_line' id='line_1_71' title="bbox 496 5156 2094 5230; baseline 0.001 -16"><span class='ocrx_word' id='word_1_514' title='bbox 496 5156 600 5214; x_wconf 90' lang='lat' dir='ltr'><strong>bus</strong></span> <span class='ocrx_word' id='word_1_515' title='bbox 649 5166 704 5215; x_wconf 89' lang='lat' dir='ltr'><strong>et</strong></span> <span class='ocrx_word' id='word_1_516' title='bbox 764 5157 943 5215; x_wconf 87' lang='lat' dir='ltr'><strong>tribus</strong></span> <span class='ocrx_word' id='word_1_517' title='bbox 988 5157 1246 5214; x_wconf 89' lang='lat' dir='ltr'><strong>noctibus</strong></span> <span class='ocrx_word' id='word_1_518' title='bbox 1290 5157 1481 5226; x_wconf 88' lang='lat' dir='ltr'><strong>fuisse,</strong></span> <span class='ocrx_word' id='word_1_519' title='bbox 1525 5165 1580 5214; x_wconf 92' lang='lat' dir='ltr'><strong>et</strong></span> <span class='ocrx_word' id='word_1_520' title='bbox 1624 5157 1819 5214; x_wconf 92' lang='lat' dir='ltr'><strong>vivum</strong></span> <span class='ocrx_word' id='word_1_521' title='bbox 1858 5156 2094 5230; x_wconf 90' lang='lat' dir='ltr'><strong>ejectum</strong></span> 
     </span>
    </p>
   </div>
   <div class='ocr_carea' id='block_1_72' title="bbox 495 5248 2094 5324">
    <p class='ocr_par' dir='ltr' id='par_1_72' title="bbox 495 5248 2094 5324">
     <span class='ocr_line' id='line_1_72' title="bbox 495 5248 2094 5324; baseline -0.001 -16"><span class='ocrx_word' id='word_1_522' title='bbox 495 5265 612 5308; x_wconf 72' lang='lat' dir='ltr'><strong>esse</strong></span> <span class='ocrx_word' id='word_1_523' title='bbox 663 5251 838 5324; x_wconf 66' lang='lat' dir='ltr'><strong>(Jonas</strong></span> <span class='ocrx_word' id='word_1_524' title='bbox 877 5265 941 5320; x_wconf 81' lang='lat' dir='ltr'><strong>II,</strong></span> <span class='ocrx_word' id='word_1_525' title='bbox 991 5251 1041 5319; x_wconf 85' lang='grc'><strong>1,</strong></span> <span class='ocrx_word' id='word_1_526' title='bbox 1093 5249 1207 5322; x_wconf 86' lang='grc'><strong>11).</strong></span> <span class='ocrx_word' id='word_1_527' title='bbox 1249 5248 1394 5305; x_wconf 87' lang='lat' dir='ltr'><strong>Illud</strong></span> <span class='ocrx_word' id='word_1_528' title='bbox 1435 5256 1621 5305; x_wconf 88' lang='lat' dir='ltr'><strong>tamen</strong></span> <span class='ocrx_word' id='word_1_529' title='bbox 1652 5254 1923 5323; x_wconf 67' lang='lat' dir='ltr'><strong>praecipue</strong></span> <span class='ocrx_word' id='word_1_530' title='bbox 1951 5267 2094 5324; x_wconf 71' lang='lat' dir='ltr'><strong>quae-</strong></span> 
     </span>
    </p>
   </div>
   <div class='ocr_carea' id='block_1_73' title="bbox 570 5499 2093 5577">
    <p class='ocr_par' dir='ltr' id='par_1_73' title="bbox 570 5499 2093 5577">
     <span class='ocr_line' id='line_1_73' title="bbox 570 5499 2093 5577; baseline 0.001 -16"><span class='ocrx_word' id='word_1_531' title='bbox 570 5504 687 5577; x_wconf 89' lang='lat'><strong>(80)</strong></span> <span class='ocrx_word' id='word_1_532' title='bbox 720 5505 898 5576; x_wconf 77' lang='lat' dir='ltr'><strong>Neque</strong></span> <span class='ocrx_word' id='word_1_533' title='bbox 922 5501 1057 5559; x_wconf 75' lang='lat' dir='ltr'><strong>vidit</strong></span> <span class='ocrx_word' id='word_1_534' title='bbox 1075 5499 1265 5558; x_wconf 86' lang='lat' dir='ltr'><strong>aberat</strong></span> <span class='ocrx_word' id='word_1_535' title='bbox 1287 5517 1320 5557; x_wconf 91' lang='lat' dir='ltr'><strong>a</strong></span> <span class='ocrx_word' id='word_1_536' title='bbox 1340 5499 1556 5558; x_wconf 89' lang='lat' dir='ltr'><strong>cunctis</strong></span> <span class='ocrx_word' id='word_1_537' title='bbox 1581 5499 1714 5558; x_wconf 90' lang='lat' dir='ltr'><strong>edit.</strong></span> <span class='ocrx_word' id='word_1_538' title='bbox 1741 5521 1754 5571; x_wconf 90' lang='lat'><strong>;</strong></span> <span class='ocrx_word' id='word_1_539' title='bbox 1785 5501 1881 5560; x_wconf 90' lang='lat' dir='ltr'><strong>sed</strong></span> <span class='ocrx_word' id='word_1_540' title='bbox 1905 5520 1934 5560; x_wconf 92' lang='lat' dir='ltr'><strong>e</strong></span> <span class='ocrx_word' id='word_1_541' title='bbox 1959 5519 2093 5564; x_wconf 87' lang='lat' dir='ltr'><strong>mss.</strong></span> 
     </span>
    </p>
   </div>
   <div class='ocr_carea' id='block_1_74' title="bbox 497 5577 1419 5648">
    <p class='ocr_par' dir='ltr' id='par_1_74' title="bbox 497 5577 1419 5648">
     <span class='ocr_line' id='line_1_74' title="bbox 497 5577 1419 5648; baseline 0.001 -17"><span class='ocrx_word' id='word_1_542' title='bbox 497 5589 666 5648; x_wconf 81' lang='lat' dir='ltr'><strong>prope</strong></span> <span class='ocrx_word' id='word_1_543' title='bbox 688 5577 948 5648; x_wconf 87' lang='lat' dir='ltr'><strong>omnibus</strong></span> <span class='ocrx_word' id='word_1_544' title='bbox 974 5583 1292 5648; x_wconf 82' lang='lat' dir='ltr'><strong>restitutum</strong></span> <span class='ocrx_word' id='word_1_545' title='bbox 1315 5581 1419 5632; x_wconf 92' lang='lat' dir='ltr'><strong>est.</strong></span> 
     </span>
    </p>
   </div>
   <div class='ocr_carea' id='block_1_75' title="bbox 569 5645 2092 5728">
    <p class='ocr_par' dir='ltr' id='par_1_75' title="bbox 569 5645 2092 5728">
     <span class='ocr_line' id='line_1_75' title="bbox 569 5645 2092 5728; baseline 0.003 -27"><span class='ocrx_word' id='word_1_546' title='bbox 569 5645 687 5728; x_wconf 84' lang='grc'><strong>(81)</strong></span> <span class='ocrx_word' id='word_1_547' title='bbox 728 5647 888 5707; x_wconf 79' lang='lat' dir='ltr'><strong>Rom.</strong></span> <span class='ocrx_word' id='word_1_548' title='bbox 931 5646 1065 5706; x_wconf 86' lang='lat' dir='ltr'><strong>edit.</strong></span> <span class='ocrx_word' id='word_1_549' title='bbox 1118 5646 1260 5718; x_wconf 77' lang='lat' dir='ltr'><strong>sola,</strong></span> <span class='ocrx_word' id='word_1_550' title='bbox 1315 5661 1435 5704; x_wconf 81' lang='lat' dir='ltr'><strong>cum</strong></span> <span class='ocrx_word' id='word_1_551' title='bbox 1487 5645 1822 5714; x_wconf 75' lang='lat' dir='ltr'><strong>vinceretur;</strong></span> <span class='ocrx_word' id='word_1_552' title='bbox 1873 5654 1928 5705; x_wconf 92' lang='lat' dir='ltr'><strong>et</strong></span> <span class='ocrx_word' id='word_1_553' title='bbox 1966 5663 2092 5706; x_wconf 87' lang='lat' dir='ltr'><strong>cum</strong></span> 
     </span>
    </p>
   </div>
   <div class='ocr_carea' id='block_1_76' title="bbox 2300 1847 3823 1924">
    <p class='ocr_par' dir='ltr' id='par_1_76' title="bbox 2300 1847 3823 1924">
     <span class='ocr_line' id='line_1_76' title="bbox 2300 1847 3823 1924; baseline 0.004 -20"><span class='ocrx_word' id='word_1_554' title='bbox 2300 1847 2440 1905; x_wconf 86' lang='lat'><strong>116</strong></span> <span class='ocrx_word' id='word_1_555' title='bbox 2472 1851 2654 1922; x_wconf 88' lang='lat' dir='ltr'><strong>(Vers.</strong></span> <span class='ocrx_word' id='word_1_556' title='bbox 2712 1852 2828 1922; x_wconf 80' lang='lat'><strong>25.)</strong></span> <span class='ocrx_word' id='word_1_557' title='bbox 2898 1876 2916 1898; x_wconf 72' lang='grc' dir='ltr'><strong>ε</strong></span> <span class='ocrx_word' id='word_1_558' title='bbox 2972 1852 3112 1924; x_wconf 89' lang='lat' dir='ltr'><strong>Ipsis</strong></span> <span class='ocrx_word' id='word_1_559' title='bbox 3167 1869 3300 1908; x_wconf 88' lang='lat' dir='ltr'><strong>vero</strong></span> <span class='ocrx_word' id='word_1_560' title='bbox 3356 1853 3568 1910; x_wconf 89' lang='lat' dir='ltr'><strong>vocatis</strong></span> <span class='ocrx_word' id='word_1_561' title='bbox 3615 1852 3823 1911; x_wconf 73' lang='lat' dir='ltr'><strong>Iudaeis</strong></span> 
     </span>
    </p>
   </div>
   <div class='ocr_carea' id='block_1_77' title="bbox 2215 1940 3822 2013">
    <p class='ocr_par' dir='ltr' id='par_1_77' title="bbox 2215 1940 3822 2013">
     <span class='ocr_line' id='line_1_77' title="bbox 2215 1940 3822 2013; baseline 0.002 -18"><span class='ocrx_word' id='word_1_562' title='bbox 2215 1947 2376 2013; x_wconf 90' lang='lat' dir='ltr'><strong>atque</strong></span> <span class='ocrx_word' id='word_1_563' title='bbox 2420 1940 2624 1997; x_wconf 74' lang='lat' dir='ltr'><strong>Graecis</strong></span> <span class='ocrx_word' id='word_1_564' title='bbox 2673 1940 2957 1998; x_wconf 85' lang='lat' dir='ltr'><strong>Christum</strong></span> <span class='ocrx_word' id='word_1_565' title='bbox 2999 1942 3100 1997; x_wconf 87' lang='lat' dir='ltr'><strong>Dei</strong></span> <span class='ocrx_word' id='word_1_566' title='bbox 3139 1941 3427 2010; x_wconf 81' lang='lat' dir='ltr'><strong>virtutem,</strong></span> <span class='ocrx_word' id='word_1_567' title='bbox 3479 1951 3533 1999; x_wconf 91' lang='lat' dir='ltr'><strong>et</strong></span> <span class='ocrx_word' id='word_1_568' title='bbox 3580 1944 3679 1999; x_wconf 90' lang='lat' dir='ltr'><strong>Dei</strong></span> <span class='ocrx_word' id='word_1_569' title='bbox 3721 1959 3822 1999; x_wconf 88' lang='lat' dir='ltr'><strong>sa-</strong></span> 
     </span>
    </p>
   </div>
   <div class='ocr_carea' id='block_1_78' title="bbox 2214 2029 3820 2105">
    <p class='ocr_par' dir='ltr' id='par_1_78' title="bbox 2214 2029 3820 2105">
     <span class='ocr_line' id='line_1_78' title="bbox 2214 2029 3820 2105; baseline 0.003 -21"><span class='ocrx_word' id='word_1_570' title='bbox 2214 2029 2500 2101; x_wconf 90' lang='lat' dir='ltr'><strong>pientiam.</strong></span> <span class='ocrx_word' id='word_1_571' title='bbox 2536 2055 2554 2079; x_wconf 77' lang='grc' dir='ltr'><strong><em>ι</em></strong></span> <span class='ocrx_word' id='word_1_572' title='bbox 2613 2029 2888 2086; x_wconf 90' lang='lat' dir='ltr'><strong>Suadente</strong></span> <span class='ocrx_word' id='word_1_573' title='bbox 2934 2030 3164 2099; x_wconf 90' lang='lat' dir='ltr'><strong>virtute,</strong></span> <span class='ocrx_word' id='word_1_574' title='bbox 3216 2048 3338 2105; x_wconf 73' lang='lat' dir='ltr'><strong>quae</strong></span> <span class='ocrx_word' id='word_1_575' title='bbox 3396 2032 3579 2103; x_wconf 91' lang='lat' dir='ltr'><strong>potior</strong></span> <span class='ocrx_word' id='word_1_576' title='bbox 3629 2032 3820 2089; x_wconf 81' lang='lat' dir='ltr'><strong>verbis</strong></span> 
     </span>
    </p>
   </div>
   <div class='ocr_carea' id='block_1_79' title="bbox 2214 2117 3821 2193">
    <p class='ocr_par' dir='ltr' id='par_1_79' title="bbox 2214 2117 3821 2193">
     <span class='ocr_line' id='line_1_79' title="bbox 2214 2117 3821 2193; baseline 0.002 -20"><span class='ocrx_word' id='word_1_577' title='bbox 2214 2125 2314 2187; x_wconf 92' lang='lat' dir='ltr'><strong>est,</strong></span> <span class='ocrx_word' id='word_1_578' title='bbox 2342 2117 2626 2175; x_wconf 88' lang='lat' dir='ltr'><strong>credentes</strong></span> <span class='ocrx_word' id='word_1_579' title='bbox 2653 2119 2711 2174; x_wconf 92' lang='lat' dir='ltr'><strong>in</strong></span> <span class='ocrx_word' id='word_1_580' title='bbox 2747 2118 3028 2177; x_wconf 90' lang='lat' dir='ltr'><strong>Christum</strong></span> <span class='ocrx_word' id='word_1_581' title='bbox 3083 2120 3427 2193; x_wconf 89' lang='lat' dir='ltr'><strong>intelligunt,</strong></span> <span class='ocrx_word' id='word_1_582' title='bbox 3477 2121 3652 2176; x_wconf 76' lang='lat' dir='ltr'><strong>Judaei</strong></span> <span class='ocrx_word' id='word_1_583' title='bbox 3691 2121 3821 2193; x_wconf 89' lang='lat' dir='ltr'><strong>pri-</strong></span> 
     </span>
    </p>
   </div>
   <div class='ocr_carea' id='block_1_80' title="bbox 2215 2207 3821 2280">
    <p class='ocr_par' dir='ltr' id='par_1_80' title="bbox 2215 2207 3821 2280">
     <span class='ocr_line' id='line_1_80' title="bbox 2215 2207 3821 2280; baseline 0.001 -17"><span class='ocrx_word' id='word_1_584' title='bbox 2215 2225 2368 2263; x_wconf 92' lang='lat' dir='ltr'><strong>mum</strong></span> <span class='ocrx_word' id='word_1_585' title='bbox 2425 2209 2521 2280; x_wconf 93' lang='lat' dir='ltr'><strong>qui</strong></span> <span class='ocrx_word' id='word_1_586' title='bbox 2567 2208 2784 2280; x_wconf 88' lang='lat' dir='ltr'><strong>signum</strong></span> <span class='ocrx_word' id='word_1_587' title='bbox 2843 2207 3183 2280; x_wconf 78' lang='lat' dir='ltr'><strong>quaerebant,</strong></span> <span class='ocrx_word' id='word_1_588' title='bbox 3233 2208 3517 2265; x_wconf 89' lang='lat' dir='ltr'><strong>Christum</strong></span> <span class='ocrx_word' id='word_1_589' title='bbox 3570 2209 3669 2264; x_wconf 91' lang='lat' dir='ltr'><strong>Dei</strong></span> <span class='ocrx_word' id='word_1_590' title='bbox 3700 2225 3821 2266; x_wconf 86' lang='lat' dir='ltr'><strong>esse</strong></span> 
     </span>
    </p>
   </div>
   <div class='ocr_carea' id='block_1_81' title="bbox 2213 2295 3821 2363">
    <p class='ocr_par' dir='ltr' id='par_1_81' title="bbox 2213 2295 3821 2363">
     <span class='ocr_line' id='line_1_81' title="bbox 2213 2295 3821 2363; baseline 0.001 -12"><span class='ocrx_word' id='word_1_591' title='bbox 2213 2296 2498 2363; x_wconf 83' lang='lat' dir='ltr'><strong>virtutem;</strong></span> <span class='ocrx_word' id='word_1_592' title='bbox 2519 2305 2572 2352; x_wconf 91' lang='lat' dir='ltr'><strong>et</strong></span> <span class='ocrx_word' id='word_1_593' title='bbox 2588 2296 2762 2352; x_wconf 76' lang='lat' dir='ltr'><strong>Graeci</strong></span> <span class='ocrx_word' id='word_1_594' title='bbox 2787 2295 3048 2352; x_wconf 91' lang='lat' dir='ltr'><strong>similiter</strong></span> <span class='ocrx_word' id='word_1_595' title='bbox 3069 2295 3263 2352; x_wconf 89' lang='lat' dir='ltr'><strong>vident</strong></span> <span class='ocrx_word' id='word_1_596' title='bbox 3278 2296 3561 2352; x_wconf 89' lang='lat' dir='ltr'><strong>Christum</strong></span> <span class='ocrx_word' id='word_1_597' title='bbox 3583 2297 3681 2353; x_wconf 93' lang='lat' dir='ltr'><strong>Dei</strong></span> <span class='ocrx_word' id='word_1_598' title='bbox 3701 2313 3821 2353; x_wconf 89' lang='lat' dir='ltr'><strong>esse</strong></span> 
     </span>
    </p>
   </div>
   <div class='ocr_carea' id='block_1_82' title="bbox 2214 2385 3821 2459">
    <p class='ocr_par' dir='ltr' id='par_1_82' title="bbox 2214 2385 3821 2459">
     <span class='ocr_line' id='line_1_82' title="bbox 2214 2385 3821 2459; baseline 0.001 -18"><span class='ocrx_word' id='word_1_599' title='bbox 2214 2385 2577 2458; x_wconf 89' lang='lat' dir='ltr'><strong>sapientiam;</strong></span> <span class='ocrx_word' id='word_1_600' title='bbox 2637 2386 2790 2441; x_wconf 87' lang='lat' dir='ltr'><strong>illam</strong></span> <span class='ocrx_word' id='word_1_601' title='bbox 2841 2393 3024 2441; x_wconf 91' lang='lat' dir='ltr'><strong>autem</strong></span> <span class='ocrx_word' id='word_1_602' title='bbox 3071 2385 3430 2454; x_wconf 88' lang='lat' dir='ltr'><strong>mundanam,</strong></span> <span class='ocrx_word' id='word_1_603' title='bbox 3464 2402 3629 2459; x_wconf 91' lang='lat' dir='ltr'><strong>quam</strong></span> <span class='ocrx_word' id='word_1_604' title='bbox 3662 2385 3821 2458; x_wconf 91' lang='lat' dir='ltr'><strong>prius</strong></span> 
     </span>
    </p>
   </div>
   <div class='ocr_carea' id='block_1_83' title="bbox 2213 2473 3817 2547">
    <p class='ocr_par' dir='ltr' id='par_1_83' title="bbox 2213 2473 3817 2547">
     <span class='ocr_line' id='line_1_83' title="bbox 2213 2473 3817 2547; baseline 0.002 -18"><span class='ocrx_word' id='word_1_605' title='bbox 2213 2474 2479 2546; x_wconf 89' lang='lat' dir='ltr'><strong>putabant</strong></span> <span class='ocrx_word' id='word_1_606' title='bbox 2540 2475 2914 2547; x_wconf 90' lang='lat' dir='ltr'><strong>prudentiam,</strong></span> <span class='ocrx_word' id='word_1_607' title='bbox 2976 2473 3276 2530; x_wconf 87' lang='lat' dir='ltr'><strong>maximam</strong></span> <span class='ocrx_word' id='word_1_608' title='bbox 3327 2491 3443 2531; x_wconf 91' lang='lat' dir='ltr'><strong>esse</strong></span> <span class='ocrx_word' id='word_1_609' title='bbox 3497 2474 3817 2532; x_wconf 87' lang='lat' dir='ltr'><strong>stultitiam.</strong></span> 
     </span>
    </p>
   </div>
   <div class='ocr_carea' id='block_1_84' title="bbox 2213 2563 3818 2638">
    <p class='ocr_par' dir='ltr' id='par_1_84' title="bbox 2213 2563 3818 2638">
     <span class='ocr_line' id='line_1_84' title="bbox 2213 2563 3818 2638; baseline -0.002 -17"><span class='ocrx_word' id='word_1_610' title='bbox 2213 2563 2407 2621; x_wconf 86' lang='lat' dir='ltr'><strong>Virtus</strong></span> <span class='ocrx_word' id='word_1_611' title='bbox 2454 2581 2580 2637; x_wconf 89' lang='lat' dir='ltr'><strong>ergo</strong></span> <span class='ocrx_word' id='word_1_612' title='bbox 2628 2565 2727 2620; x_wconf 92' lang='lat' dir='ltr'><strong>Dei</strong></span> <span class='ocrx_word' id='word_1_613' title='bbox 2776 2573 2879 2634; x_wconf 89' lang='lat' dir='ltr'><strong>est,</strong></span> <span class='ocrx_word' id='word_1_614' title='bbox 2914 2564 3045 2638; x_wconf 88' lang='lat' dir='ltr'><strong>quia</strong></span> <span class='ocrx_word' id='word_1_615' title='bbox 3089 2581 3185 2636; x_wconf 90' lang='lat' dir='ltr'><strong>per</strong></span> <span class='ocrx_word' id='word_1_616' title='bbox 3232 2565 3412 2637; x_wconf 91' lang='lat' dir='ltr'><strong>ipsum</strong></span> <span class='ocrx_word' id='word_1_617' title='bbox 3444 2563 3630 2619; x_wconf 87' lang='lat' dir='ltr'><strong>omnia</strong></span> <span class='ocrx_word' id='word_1_618' title='bbox 3678 2563 3818 2620; x_wconf 91' lang='lat' dir='ltr'><strong>fecit</strong></span> 
     </span>
    </p>
   </div>
   <div class='ocr_carea' id='block_1_85' title="bbox 2213 2654 3812 2729">
    <p class='ocr_par' dir='ltr' id='par_1_85' title="bbox 2213 2654 3812 2729">
     <span class='ocr_line' id='line_1_85' title="bbox 2213 2654 3812 2729; baseline 0.001 -20"><span class='ocrx_word' id='word_1_619' title='bbox 2213 2654 2372 2710; x_wconf 89' lang='lat' dir='ltr'><strong>Pater</strong></span> <span class='ocrx_word' id='word_1_620' title='bbox 2425 2657 2606 2712; x_wconf 90' lang='lat' dir='ltr'><strong>Deus:</strong></span> <span class='ocrx_word' id='word_1_621' title='bbox 2671 2655 2938 2727; x_wconf 87' lang='lat' dir='ltr'><strong>sapientia</strong></span> <span class='ocrx_word' id='word_1_622' title='bbox 2996 2664 3182 2711; x_wconf 88' lang='lat' dir='ltr'><strong>autem</strong></span> <span class='ocrx_word' id='word_1_623' title='bbox 3240 2655 3469 2723; x_wconf 91' lang='lat' dir='ltr'><strong>idcirco,</strong></span> <span class='ocrx_word' id='word_1_624' title='bbox 3527 2656 3656 2729; x_wconf 90' lang='lat' dir='ltr'><strong>quia</strong></span> <span class='ocrx_word' id='word_1_625' title='bbox 3711 2672 3812 2727; x_wconf 90' lang='lat' dir='ltr'><strong>per</strong></span> 
     </span>
    </p>
   </div>
   <div class='ocr_carea' id='block_1_86' title="bbox 2213 2745 3813 2820">
    <p class='ocr_par' dir='ltr' id='par_1_86' title="bbox 2213 2745 3813 2820">
     <span class='ocr_line' id='line_1_86' title="bbox 2213 2745 3813 2820; baseline 0.002 -21"><span class='ocrx_word' id='word_1_626' title='bbox 2213 2745 2391 2818; x_wconf 89' lang='lat' dir='ltr'><strong>ipsum</strong></span> <span class='ocrx_word' id='word_1_627' title='bbox 2423 2747 2675 2818; x_wconf 87' lang='lat' dir='ltr'><strong>cognitus</strong></span> <span class='ocrx_word' id='word_1_628' title='bbox 2708 2755 2788 2802; x_wconf 91' lang='lat' dir='ltr'><strong>est</strong></span> <span class='ocrx_word' id='word_1_629' title='bbox 2816 2747 2982 2803; x_wconf 91' lang='lat' dir='ltr'><strong>Deus.</strong></span> <span class='ocrx_word' id='word_1_630' title='bbox 3016 2746 3125 2803; x_wconf 90' lang='lat' dir='ltr'><strong>Nec</strong></span> <span class='ocrx_word' id='word_1_631' title='bbox 3163 2745 3310 2802; x_wconf 90' lang='lat' dir='ltr'><strong>enim</strong></span> <span class='ocrx_word' id='word_1_632' title='bbox 3345 2753 3526 2818; x_wconf 90' lang='lat' dir='ltr'><strong>posset</strong></span> <span class='ocrx_word' id='word_1_633' title='bbox 3555 2747 3813 2820; x_wconf 88' lang='lat' dir='ltr'><strong>cognosci</strong></span> 
     </span>
    </p>
   </div>
   <div class='ocr_carea' id='block_1_87' title="bbox 2211 2835 3810 2909">
    <p class='ocr_par' dir='ltr' id='par_1_87' title="bbox 2211 2835 3810 2909">
     <span class='ocr_line' id='line_1_87' title="bbox 2211 2835 3810 2909; baseline 0 -17"><span class='ocrx_word' id='word_1_634' title='bbox 2211 2837 2376 2904; x_wconf 90' lang='lat' dir='ltr'><strong>Deus,</strong></span> <span class='ocrx_word' id='word_1_635' title='bbox 2409 2836 2518 2892; x_wconf 90' lang='lat' dir='ltr'><strong>nisi</strong></span> <span class='ocrx_word' id='word_1_636' title='bbox 2564 2853 2660 2909; x_wconf 91' lang='lat' dir='ltr'><strong>per</strong></span> <span class='ocrx_word' id='word_1_637' title='bbox 2688 2853 2812 2892; x_wconf 90' lang='lat' dir='ltr'><strong>eum</strong></span> <span class='ocrx_word' id='word_1_638' title='bbox 2843 2837 2938 2909; x_wconf 91' lang='lat' dir='ltr'><strong>qui</strong></span> <span class='ocrx_word' id='word_1_639' title='bbox 2981 2844 3123 2892; x_wconf 88' lang='lat' dir='ltr'><strong>esset</strong></span> <span class='ocrx_word' id='word_1_640' title='bbox 3152 2835 3220 2890; x_wconf 93' lang='lat' dir='ltr'><strong>de</strong></span> <span class='ocrx_word' id='word_1_641' title='bbox 3251 2852 3352 2903; x_wconf 91' lang='lat' dir='ltr'><strong>eo;</strong></span> <span class='ocrx_word' id='word_1_642' title='bbox 3404 2836 3534 2908; x_wconf 90' lang='lat' dir='ltr'><strong>quia</strong></span> <span class='ocrx_word' id='word_1_643' title='bbox 3575 2861 3593 2882; x_wconf 76' lang='grc' dir='ltr'>ι</span> <span class='ocrx_word' id='word_1_644' title='bbox 3632 2836 3810 2892; x_wconf 82' lang='lat' dir='ltr'><strong>Nemo</strong></span> 
     </span>
    </p>
   </div>
   <div class='ocr_carea' id='block_1_88' title="bbox 2213 2923 3814 2998">
    <p class='ocr_par' dir='ltr' id='par_1_88' title="bbox 2213 2923 3814 2998">
     <span class='ocr_line' id='line_1_88' title="bbox 2213 2923 3814 2998; baseline 0 -18"><span class='ocrx_word' id='word_1_645' title='bbox 2213 2925 2369 2980; x_wconf 87' lang='lat' dir='ltr'><strong>novit</strong></span> <span class='ocrx_word' id='word_1_646' title='bbox 2415 2925 2532 2998; x_wconf 88' lang='grc'><strong>(80)</strong></span> <span class='ocrx_word' id='word_1_647' title='bbox 2584 2941 2758 2998; x_wconf 91' lang='lat' dir='ltr'><strong>neque</strong></span> <span class='ocrx_word' id='word_1_648' title='bbox 2786 2923 2929 2980; x_wconf 89' lang='lat' dir='ltr'><strong>vidit</strong></span> <span class='ocrx_word' id='word_1_649' title='bbox 2963 2925 3200 2993; x_wconf 87' lang='lat' dir='ltr'><strong>Patrem,</strong></span> <span class='ocrx_word' id='word_1_650' title='bbox 3235 2924 3344 2980; x_wconf 91' lang='lat' dir='ltr'><strong>nisi</strong></span> <span class='ocrx_word' id='word_1_651' title='bbox 3387 2924 3583 2992; x_wconf 90' lang='lat' dir='ltr'><strong>Filius,</strong></span> <span class='ocrx_word' id='word_1_652' title='bbox 3617 2932 3670 2980; x_wconf 88' lang='lat' dir='ltr'><strong>et</strong></span> <span class='ocrx_word' id='word_1_653' title='bbox 3720 2925 3814 2982; x_wconf 89' lang='lat' dir='ltr'><strong>cui</strong></span> 
     </span>
    </p>
   </div>
   <div class='ocr_carea' id='block_1_89' title="bbox 2212 3014 3505 3087">
    <p class='ocr_par' dir='ltr' id='par_1_89' title="bbox 2212 3014 3505 3087">
     <span class='ocr_line' id='line_1_89' title="bbox 2212 3014 3505 3087; baseline -0.002 -16"><span class='ocrx_word' id='word_1_654' title='bbox 2212 3015 2453 3072; x_wconf 90' lang='lat' dir='ltr'><strong>voluerit</strong></span> <span class='ocrx_word' id='word_1_655' title='bbox 2483 3015 2657 3071; x_wconf 84' lang='lat' dir='ltr'><strong>Filius</strong></span> <span class='ocrx_word' id='word_1_656' title='bbox 2690 3015 2935 3071; x_wconf 88' lang='lat' dir='ltr'><strong>revelare</strong></span> <span class='ocrx_word' id='word_1_657' title='bbox 2968 3015 3182 3087; x_wconf 82' lang='lat' dir='ltr'><strong>(Matth.</strong></span> <span class='ocrx_word' id='word_1_658' title='bbox 3219 3031 3298 3082; x_wconf 79' lang='lat' dir='ltr'><strong>x1,</strong></span> <span class='ocrx_word' id='word_1_659' title='bbox 3331 3014 3445 3084; x_wconf 87' lang='grc'>27).</span> <span class='ocrx_word' id='word_1_660' title='bbox 3488 3037 3505 3061; x_wconf 78' lang='grc' dir='ltr'><strong><em>ι</em></strong></span> 
     </span>
    </p>
   </div>
   <div class='ocr_carea' id='block_1_90' title="bbox 2295 3100 3813 3178">
    <p class='ocr_par' dir='ltr' id='par_1_90' title="bbox 2295 3100 3813 3178">
     <span class='ocr_line' id='line_1_90' title="bbox 2295 3100 3813 3178; baseline -0.001 -18"><span class='ocrx_word' id='word_1_661' title='bbox 2295 3128 2313 3151; x_wconf 74' lang='grc' dir='ltr'>ι</span> <span class='ocrx_word' id='word_1_662' title='bbox 2353 3105 2492 3173; x_wconf 88' lang='lat' dir='ltr'><strong>Quia</strong></span> <span class='ocrx_word' id='word_1_663' title='bbox 2521 3103 2668 3178; x_wconf 91' lang='lat' dir='ltr'><strong>quod</strong></span> <span class='ocrx_word' id='word_1_664' title='bbox 2713 3104 2944 3160; x_wconf 89' lang='lat' dir='ltr'><strong>stultum</strong></span> <span class='ocrx_word' id='word_1_665' title='bbox 2977 3111 3060 3159; x_wconf 90' lang='lat' dir='ltr'><strong>est</strong></span> <span class='ocrx_word' id='word_1_666' title='bbox 3090 3103 3213 3171; x_wconf 89' lang='lat' dir='ltr'><strong>Dei,</strong></span> <span class='ocrx_word' id='word_1_667' title='bbox 3255 3101 3554 3174; x_wconf 88' lang='lat' dir='ltr'><strong>sapientius</strong></span> <span class='ocrx_word' id='word_1_668' title='bbox 3585 3109 3669 3157; x_wconf 91' lang='lat' dir='ltr'><strong>est</strong></span> <span class='ocrx_word' id='word_1_669' title='bbox 3699 3100 3813 3158; x_wconf 83' lang='lat' dir='ltr'><strong>ho-</strong></span> 
     </span>
    </p>
   </div>
   <div class='ocr_carea' id='block_1_91' title="bbox 2205 3190 3816 3266">
    <p class='ocr_par' dir='ltr' id='par_1_91' title="bbox 2205 3190 3816 3266">
     <span class='ocr_line' id='line_1_91' title="bbox 2205 3190 3816 3266; baseline -0.001 -18"><span class='ocrx_word' id='word_1_670' title='bbox 2205 3193 2468 3251; x_wconf 90' lang='lat' dir='ltr'><strong>minibus.</strong></span> <span class='ocrx_word' id='word_1_671' title='bbox 2513 3220 2531 3244; x_wconf 71' lang='grc' dir='ltr'><strong><em>ι</em></strong></span> <span class='ocrx_word' id='word_1_672' title='bbox 2599 3193 2842 3249; x_wconf 90' lang='lat' dir='ltr'><strong>Stultum</strong></span> <span class='ocrx_word' id='word_1_673' title='bbox 2899 3193 3022 3258; x_wconf 92' lang='lat' dir='ltr'><strong>Dei,</strong></span> <span class='ocrx_word' id='word_1_674' title='bbox 3071 3191 3274 3266; x_wconf 89' lang='lat' dir='ltr'><strong>inquit,</strong></span> <span class='ocrx_word' id='word_1_675' title='bbox 3332 3207 3446 3246; x_wconf 90' lang='lat' dir='ltr'><strong>non</strong></span> <span class='ocrx_word' id='word_1_676' title='bbox 3502 3190 3632 3263; x_wconf 91' lang='lat' dir='ltr'><strong>quia</strong></span> <span class='ocrx_word' id='word_1_677' title='bbox 3683 3207 3816 3247; x_wconf 86' lang='lat' dir='ltr'><strong>vere</strong></span> 
     </span>
    </p>
   </div>
   <div class='ocr_carea' id='block_1_92' title="bbox 2205 3279 3808 3355">
    <p class='ocr_par' dir='ltr' id='par_1_92' title="bbox 2205 3279 3808 3355">
     <span class='ocr_line' id='line_1_92' title="bbox 2205 3279 3808 3355; baseline -0.003 -16"><span class='ocrx_word' id='word_1_678' title='bbox 2205 3285 2434 3340; x_wconf 92' lang='lat' dir='ltr'><strong>stultum</strong></span> <span class='ocrx_word' id='word_1_679' title='bbox 2485 3291 2585 3351; x_wconf 88' lang='lat' dir='ltr'><strong>est,</strong></span> <span class='ocrx_word' id='word_1_680' title='bbox 2637 3283 2731 3339; x_wconf 90' lang='lat' dir='ltr'><strong>sed</strong></span> <span class='ocrx_word' id='word_1_681' title='bbox 2761 3283 2889 3355; x_wconf 91' lang='lat' dir='ltr'><strong>quia</strong></span> <span class='ocrx_word' id='word_1_682' title='bbox 2941 3281 3009 3338; x_wconf 92' lang='lat' dir='ltr'><strong>ab</strong></span> <span class='ocrx_word' id='word_1_683' title='bbox 3039 3281 3380 3349; x_wconf 90' lang='lat' dir='ltr'><strong>hominibus,</strong></span> <span class='ocrx_word' id='word_1_684' title='bbox 3435 3279 3570 3335; x_wconf 92' lang='lat' dir='ltr'><strong>dum</strong></span> <span class='ocrx_word' id='word_1_685' title='bbox 3601 3279 3808 3335; x_wconf 90' lang='lat' dir='ltr'><strong>rationi</strong></span> 
     </span>
    </p>
   </div>
   <div class='ocr_carea' id='block_1_93' title="bbox 2206 3369 3813 3441">
    <p class='ocr_par' dir='ltr' id='par_1_93' title="bbox 2206 3369 3813 3441">
     <span class='ocr_line' id='line_1_93' title="bbox 2206 3369 3813 3441; baseline -0.002 -14"><span class='ocrx_word' id='word_1_686' title='bbox 2206 3371 2498 3428; x_wconf 59' lang='lat' dir='ltr'><strong>mundana</strong></span> <span class='ocrx_word' id='word_1_687' title='bbox 2543 3388 2654 3427; x_wconf 92' lang='lat' dir='ltr'><strong>non</strong></span> <span class='ocrx_word' id='word_1_688' title='bbox 2700 3371 2984 3439; x_wconf 88' lang='lat' dir='ltr'><strong>convenit,</strong></span> <span class='ocrx_word' id='word_1_689' title='bbox 3036 3371 3268 3426; x_wconf 90' lang='lat' dir='ltr'><strong>stultum</strong></span> <span class='ocrx_word' id='word_1_690' title='bbox 3298 3375 3545 3441; x_wconf 88' lang='lat' dir='ltr'><strong>putatur,</strong></span> <span class='ocrx_word' id='word_1_691' title='bbox 3577 3382 3702 3424; x_wconf 90' lang='lat' dir='ltr'><strong>cum</strong></span> <span class='ocrx_word' id='word_1_692' title='bbox 3737 3369 3813 3424; x_wconf 89' lang='lat' dir='ltr'><strong>sit</strong></span> 
     </span>
    </p>
   </div>
   <div class='ocr_carea' id='block_1_94' title="bbox 2205 3455 3817 3533">
    <p class='ocr_par' dir='ltr' id='par_1_94' title="bbox 2205 3455 3817 3533">
     <span class='ocr_line' id='line_1_94' title="bbox 2205 3455 3817 3533; baseline -0.004 -15"><span class='ocrx_word' id='word_1_693' title='bbox 2205 3461 2346 3518; x_wconf 89' lang='lat' dir='ltr'><strong>ratio</strong></span> <span class='ocrx_word' id='word_1_694' title='bbox 2381 3461 2682 3533; x_wconf 89' lang='lat' dir='ltr'><strong>spiritalis:</strong></span> <span class='ocrx_word' id='word_1_695' title='bbox 2720 3477 2783 3516; x_wconf 91' lang='lat' dir='ltr'><strong>ac</strong></span> <span class='ocrx_word' id='word_1_696' title='bbox 2834 3476 2929 3532; x_wconf 88' lang='lat' dir='ltr'><strong>per</strong></span> <span class='ocrx_word' id='word_1_697' title='bbox 2977 3458 3082 3516; x_wconf 90' lang='lat' dir='ltr'><strong>hoc</strong></span> <span class='ocrx_word' id='word_1_698' title='bbox 3114 3457 3416 3531; x_wconf 92' lang='lat' dir='ltr'><strong>sapientius</strong></span> <span class='ocrx_word' id='word_1_699' title='bbox 3464 3455 3817 3528; x_wconf 84' lang='lat' dir='ltr'><strong>dignoscitur</strong></span> 
     </span>
    </p>
   </div>
   <div class='ocr_carea' id='block_1_95' title="bbox 2203 3545 3810 3624">
    <p class='ocr_par' dir='ltr' id='par_1_95' title="bbox 2203 3545 3810 3624">
     <span class='ocr_line' id='line_1_95' title="bbox 2203 3545 3810 3624; baseline -0.005 -16"><span class='ocrx_word' id='word_1_700' title='bbox 2203 3567 2318 3608; x_wconf 91' lang='lat' dir='ltr'><strong>esse</strong></span> <span class='ocrx_word' id='word_1_701' title='bbox 2361 3550 2702 3624; x_wconf 80' lang='lat' dir='ltr'><strong>hominibus,</strong></span> <span class='ocrx_word' id='word_1_702' title='bbox 2760 3549 2890 3622; x_wconf 92' lang='lat' dir='ltr'><strong>quia</strong></span> <span class='ocrx_word' id='word_1_703' title='bbox 2917 3547 3192 3620; x_wconf 88' lang='lat' dir='ltr'><strong>spiritalia</strong></span> <span class='ocrx_word' id='word_1_704' title='bbox 3221 3548 3345 3620; x_wconf 90' lang='lat' dir='ltr'><strong>plus</strong></span> <span class='ocrx_word' id='word_1_705' title='bbox 3387 3545 3610 3618; x_wconf 90' lang='lat' dir='ltr'><strong>sapiunt</strong></span> <span class='ocrx_word' id='word_1_706' title='bbox 3641 3561 3810 3618; x_wconf 88' lang='lat' dir='ltr'><strong>quam</strong></span> 
     </span>
    </p>
   </div>
   <div class='ocr_carea' id='block_1_96' title="bbox 2204 3634 3812 3710">
    <p class='ocr_par' dir='ltr' id='par_1_96' title="bbox 2204 3634 3812 3710">
     <span class='ocr_line' id='line_1_96' title="bbox 2204 3634 3812 3710; baseline -0.006 -12"><span class='ocrx_word' id='word_1_707' title='bbox 2204 3641 2467 3698; x_wconf 91' lang='lat' dir='ltr'><strong>carnalia.</strong></span> <span class='ocrx_word' id='word_1_708' title='bbox 2515 3640 2636 3696; x_wconf 92' lang='lat' dir='ltr'><strong>Non</strong></span> <span class='ocrx_word' id='word_1_709' title='bbox 2687 3639 2834 3695; x_wconf 92' lang='lat' dir='ltr'><strong>enim</strong></span> <span class='ocrx_word' id='word_1_710' title='bbox 2883 3637 3155 3710; x_wconf 77' lang='lat' dir='ltr'><strong>Spiritalia</strong></span> <span class='ocrx_word' id='word_1_711' title='bbox 3213 3652 3309 3709; x_wconf 88' lang='lat' dir='ltr'><strong>per</strong></span> <span class='ocrx_word' id='word_1_712' title='bbox 3355 3634 3598 3692; x_wconf 90' lang='lat' dir='ltr'><strong>carnalia</strong></span> <span class='ocrx_word' id='word_1_713' title='bbox 3658 3641 3812 3703; x_wconf 89' lang='lat' dir='ltr'><strong>sunt,</strong></span> 
     </span>
    </p>
   </div>
   <div class='ocr_carea' id='block_1_97' title="bbox 2203 3722 3815 3800">
    <p class='ocr_par' dir='ltr' id='par_1_97' title="bbox 2203 3722 3815 3800">
     <span class='ocr_line' id='line_1_97' title="bbox 2203 3722 3815 3800; baseline -0.006 -13"><span class='ocrx_word' id='word_1_714' title='bbox 2203 3731 2297 3787; x_wconf 91' lang='lat' dir='ltr'><strong>sed</strong></span> <span class='ocrx_word' id='word_1_715' title='bbox 2340 3730 2581 3787; x_wconf 87' lang='lat' dir='ltr'><strong>carnalia</strong></span> <span class='ocrx_word' id='word_1_716' title='bbox 2620 3735 2875 3786; x_wconf 90' lang='lat' dir='ltr'><strong>constant</strong></span> <span class='ocrx_word' id='word_1_717' title='bbox 2906 3743 3002 3800; x_wconf 89' lang='lat' dir='ltr'><strong>per</strong></span> <span class='ocrx_word' id='word_1_718' title='bbox 3048 3726 3360 3799; x_wconf 89' lang='lat' dir='ltr'><strong>spiritalia;</strong></span> <span class='ocrx_word' id='word_1_719' title='bbox 3408 3724 3642 3796; x_wconf 90' lang='lat' dir='ltr'><strong>ideoque</strong></span> <span class='ocrx_word' id='word_1_720' title='bbox 3685 3722 3815 3778; x_wconf 76' lang='lat' dir='ltr'><strong>sub-</strong></span> 
     </span>
    </p>
   </div>
   <div class='ocr_carea' id='block_1_98' title="bbox 2198 3816 3164 3898">
    <p class='ocr_par' dir='ltr' id='par_1_98' title="bbox 2198 3816 3164 3898">
     <span class='ocr_line' id='line_1_98' title="bbox 2198 3816 3164 3898; baseline -0.006 -20"><span class='ocrx_word' id='word_1_721' title='bbox 2198 3820 2345 3893; x_wconf 89' lang='lat' dir='ltr'><strong>jecta</strong></span> <span class='ocrx_word' id='word_1_722' title='bbox 2371 3828 2502 3877; x_wconf 88' lang='lat' dir='ltr'><strong>sunt</strong></span> <span class='ocrx_word' id='word_1_723' title='bbox 2529 3818 2768 3878; x_wconf 85' lang='lat' dir='ltr'><strong>carnalia</strong></span> <span class='ocrx_word' id='word_1_724' title='bbox 2798 3816 3164 3898; x_wconf 87' lang='lat' dir='ltr'><strong>spiritalibus.</strong></span> 
     </span>
    </p>
   </div>
   <div class='ocr_carea' id='block_1_99' title="bbox 2290 3900 3809 3983">
    <p class='ocr_par' dir='ltr' id='par_1_99' title="bbox 2290 3900 3809 3983">
     <span class='ocr_line' id='line_1_99' title="bbox 2290 3900 3809 3983; baseline -0.007 -17"><span class='ocrx_word' id='word_1_725' title='bbox 2290 3935 2308 3958; x_wconf 77' lang='grc' dir='ltr'>ι</span> <span class='ocrx_word' id='word_1_726' title='bbox 2345 3911 2418 3965; x_wconf 89' lang='lat' dir='ltr'><strong>Et</strong></span> <span class='ocrx_word' id='word_1_727' title='bbox 2463 3908 2610 3983; x_wconf 91' lang='lat' dir='ltr'><strong>quod</strong></span> <span class='ocrx_word' id='word_1_728' title='bbox 2657 3907 2939 3965; x_wconf 89' lang='lat' dir='ltr'><strong>inﬁrmum</strong></span> <span class='ocrx_word' id='word_1_729' title='bbox 2972 3914 3055 3962; x_wconf 91' lang='lat' dir='ltr'><strong>est</strong></span> <span class='ocrx_word' id='word_1_730' title='bbox 3103 3905 3225 3974; x_wconf 90' lang='lat' dir='ltr'><strong>Dei,</strong></span> <span class='ocrx_word' id='word_1_731' title='bbox 3275 3903 3477 3960; x_wconf 89' lang='lat' dir='ltr'><strong>fortius</strong></span> <span class='ocrx_word' id='word_1_732' title='bbox 3503 3909 3583 3959; x_wconf 91' lang='lat' dir='ltr'><strong>est</strong></span> <span class='ocrx_word' id='word_1_733' title='bbox 3629 3900 3809 3956; x_wconf 90' lang='lat' dir='ltr'><strong>homi-</strong></span> 
     </span>
    </p>
   </div>
   <div class='ocr_carea' id='block_1_100' title="bbox 2203 3991 3813 4060">
    <p class='ocr_par' dir='ltr' id='par_1_100' title="bbox 2203 3991 3813 4060">
     <span class='ocr_line' id='line_1_100' title="bbox 2203 3991 3813 4060; baseline -0.006 -4"><span class='ocrx_word' id='word_1_734' title='bbox 2203 4000 2386 4058; x_wconf 90' lang='lat' dir='ltr'><strong>nibus.</strong></span> <span class='ocrx_word' id='word_1_735' title='bbox 2419 4024 2437 4047; x_wconf 75' lang='grc' dir='ltr'><strong><em>ι</em></strong></span> <span class='ocrx_word' id='word_1_736' title='bbox 2478 3999 2608 4056; x_wconf 92' lang='lat' dir='ltr'><strong>Sine</strong></span> <span class='ocrx_word' id='word_1_737' title='bbox 2626 3999 2797 4055; x_wconf 90' lang='lat' dir='ltr'><strong>dubio</strong></span> <span class='ocrx_word' id='word_1_738' title='bbox 2817 3995 3060 4054; x_wconf 83' lang='lat' dir='ltr'><strong>coelestia</strong></span> <span class='ocrx_word' id='word_1_739' title='bbox 3087 3995 3325 4052; x_wconf 89' lang='lat' dir='ltr'><strong>vincunt</strong></span> <span class='ocrx_word' id='word_1_740' title='bbox 3347 4001 3583 4050; x_wconf 90' lang='lat' dir='ltr'><strong>terrena.</strong></span> <span class='ocrx_word' id='word_1_741' title='bbox 3607 3991 3813 4060; x_wconf 90' lang='lat' dir='ltr'><strong>Quam-</strong></span> 
     </span>
    </p>
   </div>
   <div class='ocr_carea' id='block_1_101' title="bbox 2203 4081 3815 4161">
    <p class='ocr_par' dir='ltr' id='par_1_101' title="bbox 2203 4081 3815 4161">
     <span class='ocr_line' id='line_1_101' title="bbox 2203 4081 3815 4161; baseline -0.007 -14"><span class='ocrx_word' id='word_1_742' title='bbox 2203 4090 2390 4147; x_wconf 90' lang='lat' dir='ltr'><strong>obrem</strong></span> <span class='ocrx_word' id='word_1_743' title='bbox 2421 4089 2702 4146; x_wconf 84' lang='lat' dir='ltr'><strong>inﬁrmum</strong></span> <span class='ocrx_word' id='word_1_744' title='bbox 2744 4088 2844 4144; x_wconf 91' lang='lat' dir='ltr'><strong>Dei</strong></span> <span class='ocrx_word' id='word_1_745' title='bbox 2891 4103 3004 4143; x_wconf 92' lang='lat' dir='ltr'><strong>non</strong></span> <span class='ocrx_word' id='word_1_746' title='bbox 3053 4093 3134 4141; x_wconf 89' lang='lat' dir='ltr'><strong>est</strong></span> <span class='ocrx_word' id='word_1_747' title='bbox 3191 4085 3515 4161; x_wconf 87' lang='lat' dir='ltr'><strong>inﬁrmum;</strong></span> <span class='ocrx_word' id='word_1_748' title='bbox 3550 4081 3680 4155; x_wconf 91' lang='lat' dir='ltr'><strong>quia</strong></span> <span class='ocrx_word' id='word_1_749' title='bbox 3729 4081 3815 4136; x_wconf 81' lang='lat' dir='ltr'><strong>in-</strong></span> 
     </span>
    </p>
   </div>
   <div class='ocr_carea' id='block_1_102' title="bbox 2200 4172 3812 4251">
    <p class='ocr_par' dir='ltr' id='par_1_102' title="bbox 2200 4172 3812 4251">
     <span class='ocr_line' id='line_1_102' title="bbox 2200 4172 3812 4251; baseline -0.006 -17"><span class='ocrx_word' id='word_1_750' title='bbox 2200 4178 2435 4234; x_wconf 87' lang='lat' dir='ltr'><strong>ﬁrmitas</strong></span> <span class='ocrx_word' id='word_1_751' title='bbox 2476 4177 2682 4237; x_wconf 89' lang='lat' dir='ltr'><strong>Christi</strong></span> <span class='ocrx_word' id='word_1_752' title='bbox 2735 4193 2930 4251; x_wconf 83' lang='lat' dir='ltr'><strong>magna</strong></span> <span class='ocrx_word' id='word_1_753' title='bbox 2987 4174 3225 4232; x_wconf 91' lang='lat' dir='ltr'><strong>victoria</strong></span> <span class='ocrx_word' id='word_1_754' title='bbox 3287 4182 3393 4231; x_wconf 90' lang='lat' dir='ltr'><strong>est.</strong></span> <span class='ocrx_word' id='word_1_755' title='bbox 3454 4172 3605 4229; x_wconf 84' lang='lat' dir='ltr'><strong>Vicit</strong></span> <span class='ocrx_word' id='word_1_756' title='bbox 3659 4172 3812 4227; x_wconf 88' lang='lat' dir='ltr'><strong>enim</strong></span> 
     </span>
    </p>
   </div>
   <div class='ocr_carea' id='block_1_103' title="bbox 2202 4260 3814 4338">
    <p class='ocr_par' dir='ltr' id='par_1_103' title="bbox 2202 4260 3814 4338">
     <span class='ocr_line' id='line_1_103' title="bbox 2202 4260 3814 4338; baseline -0.007 -12"><span class='ocrx_word' id='word_1_757' title='bbox 2202 4284 2328 4326; x_wconf 92' lang='lat' dir='ltr'><strong>cum</strong></span> <span class='ocrx_word' id='word_1_758' title='bbox 2377 4267 2560 4324; x_wconf 91' lang='lat' dir='ltr'><strong>victus</strong></span> <span class='ocrx_word' id='word_1_759' title='bbox 2607 4266 2888 4322; x_wconf 88' lang='lat' dir='ltr'><strong>videretur</strong></span> <span class='ocrx_word' id='word_1_760' title='bbox 2948 4265 3091 4338; x_wconf 88' lang='grc'><strong>(81),</strong></span> <span class='ocrx_word' id='word_1_761' title='bbox 3152 4263 3297 4321; x_wconf 89' lang='lat' dir='ltr'><strong>sicut</strong></span> <span class='ocrx_word' id='word_1_762' title='bbox 3363 4261 3441 4319; x_wconf 90' lang='lat' dir='ltr'><strong>ait</strong></span> <span class='ocrx_word' id='word_1_763' title='bbox 3497 4263 3557 4318; x_wconf 90' lang='lat' dir='ltr'><strong>in</strong></span> <span class='ocrx_word' id='word_1_764' title='bbox 3599 4260 3814 4333; x_wconf 88' lang='lat' dir='ltr'><strong>psalmo</strong></span> 
     </span>
    </p>
   </div>
   <div class='ocr_carea' id='block_1_104' title="bbox 2199 4352 3809 4430">
    <p class='ocr_par' dir='ltr' id='par_1_104' title="bbox 2199 4352 3809 4430">
     <span class='ocr_line' id='line_1_104' title="bbox 2199 4352 3809 4430; baseline -0.003 -17"><span class='ocrx_word' id='word_1_765' title='bbox 2199 4357 2682 4430; x_wconf 86' lang='lat' dir='ltr'><strong>quinquagesimo:</strong></span> <span class='ocrx_word' id='word_1_766' title='bbox 2729 4379 2747 4402; x_wconf 74' lang='grc' dir='ltr'>ι</span> <span class='ocrx_word' id='word_1_767' title='bbox 2789 4355 2858 4410; x_wconf 89' lang='lat' dir='ltr'><strong>Et</strong></span> <span class='ocrx_word' id='word_1_768' title='bbox 2889 4355 3080 4413; x_wconf 89' lang='lat' dir='ltr'><strong>vincas</strong></span> <span class='ocrx_word' id='word_1_769' title='bbox 3115 4371 3243 4413; x_wconf 92' lang='lat' dir='ltr'><strong>cum</strong></span> <span class='ocrx_word' id='word_1_770' title='bbox 3292 4352 3563 4426; x_wconf 89' lang='lat' dir='ltr'><strong>judicaris</strong></span> <span class='ocrx_word' id='word_1_771' title='bbox 3625 4353 3809 4424; x_wconf 74' lang='grc' dir='ltr'><strong>(Ρεαι.</strong></span> 
     </span>
    </p>
   </div>
   <div class='ocr_carea' id='block_1_105' title="bbox 2201 4441 3810 4519">
    <p class='ocr_par' dir='ltr' id='par_1_105' title="bbox 2201 4441 3810 4519">
     <span class='ocr_line' id='line_1_105' title="bbox 2201 4441 3810 4519; baseline -0.004 -17"><span class='ocrx_word' id='word_1_772' title='bbox 2201 4464 2253 4516; x_wconf 88' lang='lat' dir='ltr'><strong>L,</strong></span> <span class='ocrx_word' id='word_1_773' title='bbox 2285 4446 2363 4518; x_wconf 91' lang='lat'><strong>6).</strong></span> <span class='ocrx_word' id='word_1_774' title='bbox 2407 4471 2424 4493; x_wconf 77' lang='grc' dir='ltr'><strong><em>ι</em></strong></span> <span class='ocrx_word' id='word_1_775' title='bbox 2468 4447 2662 4504; x_wconf 89' lang='lat' dir='ltr'><strong>Victor</strong></span> <span class='ocrx_word' id='word_1_776' title='bbox 2692 4446 2840 4502; x_wconf 90' lang='lat' dir='ltr'><strong>enim</strong></span> <span class='ocrx_word' id='word_1_777' title='bbox 2871 4445 3112 4515; x_wconf 82' lang='lat' dir='ltr'><strong>exsistit,</strong></span> <span class='ocrx_word' id='word_1_778' title='bbox 3145 4445 3241 4519; x_wconf 92' lang='lat' dir='ltr'><strong>qui</strong></span> <span class='ocrx_word' id='word_1_779' title='bbox 3273 4443 3476 4516; x_wconf 89' lang='lat' dir='ltr'><strong>injuste</strong></span> <span class='ocrx_word' id='word_1_780' title='bbox 3506 4441 3810 4510; x_wconf 90' lang='lat' dir='ltr'><strong>occiditur,</strong></span> 
     </span>
    </p>
   </div>
   <div class='ocr_carea' id='block_1_106' title="bbox 2204 4535 3248 4610">
    <p class='ocr_par' dir='ltr' id='par_1_106' title="bbox 2204 4535 3248 4610">
     <span class='ocr_line' id='line_1_106' title="bbox 2204 4535 3248 4610; baseline -0.002 -18"><span class='ocrx_word' id='word_1_781' title='bbox 2204 4553 2358 4593; x_wconf 91' lang='lat' dir='ltr'><strong>reum</strong></span> <span class='ocrx_word' id='word_1_782' title='bbox 2389 4539 2732 4593; x_wconf 91' lang='lat' dir='ltr'><strong>constituens</strong></span> <span class='ocrx_word' id='word_1_783' title='bbox 2759 4553 2790 4592; x_wconf 90' lang='lat' dir='ltr'><strong>a</strong></span> <span class='ocrx_word' id='word_1_784' title='bbox 2817 4553 2925 4610; x_wconf 91' lang='lat' dir='ltr'><strong>quo</strong></span> <span class='ocrx_word' id='word_1_785' title='bbox 2944 4535 3248 4594; x_wconf 88' lang='lat' dir='ltr'><strong>occiditur.</strong></span> 
     </span>
    </p>
   </div>
   <div class='ocr_carea' id='block_1_107' title="bbox 2276 4619 3812 4700">
    <p class='ocr_par' dir='ltr' id='par_1_107' title="bbox 2276 4619 3812 4700">
     <span class='ocr_line' id='line_1_107' title="bbox 2276 4619 3812 4700; baseline -0.006 -17"><span class='ocrx_word' id='word_1_786' title='bbox 2276 4627 2456 4700; x_wconf 86' lang='lat' dir='ltr'><strong>(Vers.</strong></span> <span class='ocrx_word' id='word_1_787' title='bbox 2489 4626 2606 4698; x_wconf 80' lang='grc'>26.)</span> <span class='ocrx_word' id='word_1_788' title='bbox 2680 4651 2698 4673; x_wconf 81' lang='grc' dir='ltr'>ι</span> <span class='ocrx_word' id='word_1_789' title='bbox 2735 4625 3038 4682; x_wconf 86' lang='lat' dir='ltr'><strong>Intuemini</strong></span> <span class='ocrx_word' id='word_1_790' title='bbox 3067 4624 3242 4692; x_wconf 91' lang='lat' dir='ltr'><strong>enim,</strong></span> <span class='ocrx_word' id='word_1_791' title='bbox 3305 4623 3528 4689; x_wconf 88' lang='lat' dir='ltr'><strong>fratres,</strong></span> <span class='ocrx_word' id='word_1_792' title='bbox 3565 4619 3812 4676; x_wconf 87' lang='lat' dir='ltr'><strong>vocatio-</strong></span> 
     </span>
    </p>
   </div>
   <div class='ocr_carea' id='block_1_108' title="bbox 2197 4708 3812 4788">
    <p class='ocr_par' dir='ltr' id='par_1_108' title="bbox 2197 4708 3812 4788">
     <span class='ocr_line' id='line_1_108' title="bbox 2197 4708 3812 4788; baseline -0.004 -17"><span class='ocrx_word' id='word_1_793' title='bbox 2197 4732 2322 4772; x_wconf 91' lang='lat' dir='ltr'><strong>nem</strong></span> <span class='ocrx_word' id='word_1_794' title='bbox 2354 4724 2611 4784; x_wconf 89' lang='lat' dir='ltr'><strong>vestram,</strong></span> <span class='ocrx_word' id='word_1_795' title='bbox 2655 4715 2784 4788; x_wconf 91' lang='lat' dir='ltr'><strong>quia</strong></span> <span class='ocrx_word' id='word_1_796' title='bbox 2817 4732 2930 4770; x_wconf 92' lang='lat' dir='ltr'><strong>non</strong></span> <span class='ocrx_word' id='word_1_797' title='bbox 2981 4715 3146 4770; x_wconf 92' lang='lat' dir='ltr'><strong>multi</strong></span> <span class='ocrx_word' id='word_1_798' title='bbox 3179 4712 3457 4785; x_wconf 88' lang='lat' dir='ltr'><strong>sapientes</strong></span> <span class='ocrx_word' id='word_1_799' title='bbox 3504 4708 3812 4767; x_wconf 89' lang='lat' dir='ltr'><strong>secundum</strong></span> 
     </span>
    </p>
   </div>
   <div class='ocr_carea' id='block_1_109' title="bbox 2199 4798 3800 4876">
    <p class='ocr_par' dir='ltr' id='par_1_109' title="bbox 2199 4798 3800 4876">
     <span class='ocr_line' id='line_1_109' title="bbox 2199 4798 3800 4876; baseline -0.004 -16"><span class='ocrx_word' id='word_1_800' title='bbox 2199 4820 2442 4872; x_wconf 91' lang='lat' dir='ltr'><strong>carnem,</strong></span> <span class='ocrx_word' id='word_1_801' title='bbox 2495 4820 2607 4860; x_wconf 90' lang='lat' dir='ltr'><strong>non</strong></span> <span class='ocrx_word' id='word_1_802' title='bbox 2648 4805 2808 4859; x_wconf 90' lang='lat' dir='ltr'><strong>multi</strong></span> <span class='ocrx_word' id='word_1_803' title='bbox 2841 4811 3112 4876; x_wconf 93' lang='lat' dir='ltr'><strong>potentes,</strong></span> <span class='ocrx_word' id='word_1_804' title='bbox 3144 4818 3256 4858; x_wconf 91' lang='lat' dir='ltr'><strong>non</strong></span> <span class='ocrx_word' id='word_1_805' title='bbox 3301 4801 3466 4857; x_wconf 91' lang='lat' dir='ltr'><strong>multi</strong></span> <span class='ocrx_word' id='word_1_806' title='bbox 3499 4798 3737 4855; x_wconf 89' lang='lat' dir='ltr'><strong>nobiles.</strong></span> <span class='ocrx_word' id='word_1_807' title='bbox 3780 4824 3800 4846; x_wconf 83' lang='lat'><strong>-</strong></span> 
     </span>
    </p>
   </div>
   <div class='ocr_carea' id='block_1_110' title="bbox 2200 4888 3813 4967">
    <p class='ocr_par' dir='ltr' id='par_1_110' title="bbox 2200 4888 3813 4967">
     <span class='ocr_line' id='line_1_110' title="bbox 2200 4888 3813 4967; baseline -0.003 -17"><span class='ocrx_word' id='word_1_808' title='bbox 2200 4894 2550 4950; x_wconf 84' lang='lat' dir='ltr'><strong>Manifestum</strong></span> <span class='ocrx_word' id='word_1_809' title='bbox 2605 4902 2686 4949; x_wconf 92' lang='lat' dir='ltr'><strong>est</strong></span> <span class='ocrx_word' id='word_1_810' title='bbox 2724 4893 2854 4967; x_wconf 88' lang='lat' dir='ltr'><strong>quia</strong></span> <span class='ocrx_word' id='word_1_811' title='bbox 2905 4892 3063 4966; x_wconf 90' lang='lat' dir='ltr'><strong>pauci</strong></span> <span class='ocrx_word' id='word_1_812' title='bbox 3094 4892 3226 4960; x_wconf 88' lang='lat' dir='ltr'><strong>sint,</strong></span> <span class='ocrx_word' id='word_1_813' title='bbox 3262 4891 3360 4965; x_wconf 90' lang='lat' dir='ltr'><strong>qui</strong></span> <span class='ocrx_word' id='word_1_814' title='bbox 3407 4888 3604 4946; x_wconf 91' lang='lat' dir='ltr'><strong>mundi</strong></span> <span class='ocrx_word' id='word_1_815' title='bbox 3643 4889 3813 4945; x_wconf 88' lang='lat' dir='ltr'><strong>ratio-</strong></span> 
     </span>
    </p>
   </div>
   <div class='ocr_carea' id='block_1_111' title="bbox 2201 4977 3814 5057">
    <p class='ocr_par' dir='ltr' id='par_1_111' title="bbox 2201 4977 3814 5057">
     <span class='ocr_line' id='line_1_111' title="bbox 2201 4977 3814 5057; baseline -0.003 -18"><span class='ocrx_word' id='word_1_816' title='bbox 2201 4983 2367 5040; x_wconf 90' lang='lat' dir='ltr'><strong>nibus</strong></span> <span class='ocrx_word' id='word_1_817' title='bbox 2413 4983 2590 5039; x_wconf 86' lang='lat' dir='ltr'><strong>inﬂati</strong></span> <span class='ocrx_word' id='word_1_818' title='bbox 2619 4984 2790 5056; x_wconf 84' lang='lat' dir='ltr'><strong>magis</strong></span> <span class='ocrx_word' id='word_1_819' title='bbox 2814 5001 2977 5057; x_wconf 90' lang='lat' dir='ltr'><strong>quam</strong></span> <span class='ocrx_word' id='word_1_820' title='bbox 3008 4982 3214 5040; x_wconf 90' lang='lat' dir='ltr'><strong>eruditi</strong></span> <span class='ocrx_word' id='word_1_821' title='bbox 3244 4989 3395 5050; x_wconf 89' lang='lat' dir='ltr'><strong>sunt,</strong></span> <span class='ocrx_word' id='word_1_822' title='bbox 3433 4981 3538 5037; x_wconf 91' lang='lat' dir='ltr'><strong>hoc</strong></span> <span class='ocrx_word' id='word_1_823' title='bbox 3566 4987 3673 5042; x_wconf 86' lang='lat' dir='ltr'><strong>est,</strong></span> <span class='ocrx_word' id='word_1_824' title='bbox 3711 4977 3814 5052; x_wconf 92' lang='lat' dir='ltr'><strong>qui</strong></span> 
     </span>
    </p>
   </div>
   <div class='ocr_carea' id='block_1_112' title="bbox 2203 5069 3812 5147">
    <p class='ocr_par' dir='ltr' id='par_1_112' title="bbox 2203 5069 3812 5147">
     <span class='ocr_line' id='line_1_112' title="bbox 2203 5069 3812 5147; baseline -0.004 -17"><span class='ocrx_word' id='word_1_825' title='bbox 2203 5075 2485 5131; x_wconf 90' lang='lat' dir='ltr'><strong>stellarum</strong></span> <span class='ocrx_word' id='word_1_826' title='bbox 2547 5082 2728 5130; x_wconf 92' lang='lat' dir='ltr'><strong>motus</strong></span> <span class='ocrx_word' id='word_1_827' title='bbox 2778 5073 3084 5147; x_wconf 91' lang='lat' dir='ltr'><strong>inspiciunt</strong></span> <span class='ocrx_word' id='word_1_828' title='bbox 3129 5081 3184 5130; x_wconf 88' lang='lat' dir='ltr'><strong>et</strong></span> <span class='ocrx_word' id='word_1_829' title='bbox 3234 5071 3584 5129; x_wconf 90' lang='lat' dir='ltr'><strong>discernunt.</strong></span> <span class='ocrx_word' id='word_1_830' title='bbox 3647 5069 3812 5140; x_wconf 88' lang='lat' dir='ltr'><strong>Ipsos</strong></span> 
     </span>
    </p>
   </div>
   <div class='ocr_carea' id='block_1_113' title="bbox 2202 5163 3815 5231">
    <p class='ocr_par' dir='ltr' id='par_1_113' title="bbox 2202 5163 3815 5231">
     <span class='ocr_line' id='line_1_113' title="bbox 2202 5163 3815 5231; baseline -0.004 -12"><span class='ocrx_word' id='word_1_831' title='bbox 2202 5172 2384 5220; x_wconf 88' lang='lat' dir='ltr'><strong>autem</strong></span> <span class='ocrx_word' id='word_1_832' title='bbox 2413 5164 2550 5220; x_wconf 90' lang='lat' dir='ltr'><strong>dicit</strong></span> <span class='ocrx_word' id='word_1_833' title='bbox 2604 5171 2658 5220; x_wconf 92' lang='lat' dir='ltr'><strong>et</strong></span> <span class='ocrx_word' id='word_1_834' title='bbox 2691 5163 2859 5219; x_wconf 91' lang='lat' dir='ltr'><strong>fortes</strong></span> <span class='ocrx_word' id='word_1_835' title='bbox 2905 5163 3206 5220; x_wconf 90' lang='lat' dir='ltr'><strong>secundum</strong></span> <span class='ocrx_word' id='word_1_836' title='bbox 3264 5176 3510 5228; x_wconf 86' lang='lat' dir='ltr'><strong>carnem,</strong></span> <span class='ocrx_word' id='word_1_837' title='bbox 3563 5173 3705 5231; x_wconf 88' lang='lat' dir='ltr'><strong>quos</strong></span> <span class='ocrx_word' id='word_1_838' title='bbox 3756 5164 3815 5215; x_wconf 91' lang='lat' dir='ltr'><strong>et</strong></span> 
     </span>
    </p>
   </div>
   <div class='ocr_carea' id='block_1_114' title="bbox 2203 5247 3816 5327">
    <p class='ocr_par' dir='ltr' id='par_1_114' title="bbox 2203 5247 3816 5327">
     <span class='ocr_line' id='line_1_114' title="bbox 2203 5247 3816 5327; baseline -0.002 -18"><span class='ocrx_word' id='word_1_839' title='bbox 2203 5255 2517 5327; x_wconf 88' lang='lat' dir='ltr'><strong>prudentes.</strong></span> <span class='ocrx_word' id='word_1_840' title='bbox 2568 5253 2640 5308; x_wconf 91' lang='lat' dir='ltr'><strong>Et</strong></span> <span class='ocrx_word' id='word_1_841' title='bbox 2696 5252 2820 5309; x_wconf 93' lang='lat' dir='ltr'><strong>ideo</strong></span> <span class='ocrx_word' id='word_1_842' title='bbox 2865 5253 3056 5325; x_wconf 90' lang='lat' dir='ltr'><strong>fortes,</strong></span> <span class='ocrx_word' id='word_1_843' title='bbox 3098 5253 3229 5326; x_wconf 88' lang='lat' dir='ltr'><strong>quia</strong></span> <span class='ocrx_word' id='word_1_844' title='bbox 3269 5252 3579 5326; x_wconf 89' lang='lat' dir='ltr'><strong>passionem</strong></span> <span class='ocrx_word' id='word_1_845' title='bbox 3625 5247 3816 5307; x_wconf 80' lang='lat' dir='ltr'><strong>crucis</strong></span> 
     </span>
    </p>
   </div>
   <div class='ocr_carea' id='block_1_115' title="bbox 2204 5496 3817 5573">
    <p class='ocr_par' dir='ltr' id='par_1_115' title="bbox 2204 5496 3817 5573">
     <span class='ocr_line' id='line_1_115' title="bbox 2204 5496 3817 5573; baseline -0.002 -12"><span class='ocrx_word' id='word_1_846' title='bbox 2204 5503 2363 5573; x_wconf 91' lang='lat' dir='ltr'><strong>Gill.,</strong></span> <span class='ocrx_word' id='word_1_847' title='bbox 2419 5501 2692 5561; x_wconf 78' lang='lat' dir='ltr'><strong>siculait:</strong></span> <span class='ocrx_word' id='word_1_848' title='bbox 2752 5503 2827 5560; x_wconf 87' lang='lat' dir='ltr'><strong>Et</strong></span> <span class='ocrx_word' id='word_1_849' title='bbox 2853 5502 3052 5569; x_wconf 79' lang='lat' dir='ltr'><strong>vincas,</strong></span> <span class='ocrx_word' id='word_1_850' title='bbox 3084 5508 3240 5573; x_wconf 78' lang='lat' dir='ltr'><strong>etc._;</strong></span> <span class='ocrx_word' id='word_1_851' title='bbox 3301 5496 3817 5573; x_wconf 16' lang='lat' dir='ltr'><strong>aliaagautemedit.</strong></span> 
     </span>
    </p>
   </div>
   <div class='ocr_carea' id='block_1_116' title="bbox 2202 5569 3811 5646">
    <p class='ocr_par' dir='ltr' id='par_1_116' title="bbox 2202 5569 3811 5646">
     <span class='ocr_line' id='line_1_116' title="bbox 2202 5569 3811 5646; baseline -0.004 -14"><span class='ocrx_word' id='word_1_852' title='bbox 2202 5591 2266 5633; x_wconf 88' lang='lat' dir='ltr'><strong>ac</strong></span> <span class='ocrx_word' id='word_1_853' title='bbox 2309 5569 2439 5632; x_wconf 83' lang='lat' dir='ltr'><strong>mss.</strong></span> <span class='ocrx_word' id='word_1_854' title='bbox 2474 5575 2618 5631; x_wconf 88' lang='lat' dir='ltr'><strong>inter</strong></span> <span class='ocrx_word' id='word_1_855' title='bbox 2648 5573 3112 5646; x_wconf 87' lang='lat' dir='ltr'><strong>seconsentiunt,</strong></span> <span class='ocrx_word' id='word_1_856' title='bbox 3136 5571 3266 5646; x_wconf 70' lang='lat' dir='ltr'><strong>nisi</strong></span> <span class='ocrx_word' id='word_1_857' title='bbox 3296 5571 3443 5646; x_wconf 83' lang='lat' dir='ltr'><strong>quod</strong></span> <span class='ocrx_word' id='word_1_858' title='bbox 3474 5587 3572 5644; x_wconf 89' lang='lat' dir='ltr'><strong>pro</strong></span> <span class='ocrx_word' id='word_1_859' title='bbox 3601 5569 3811 5626; x_wconf 75' lang='lat' dir='ltr'><strong>videre-</strong></span> 
     </span>
    </p>
   </div>
   <div class='ocr_carea' id='block_1_117' title="bbox 2205 5644 3542 5722">
    <p class='ocr_par' dir='ltr' id='par_1_117' title="bbox 2205 5644 3542 5722">
     <span class='ocr_line' id='line_1_117' title="bbox 2205 5644 3542 5722; baseline 0 -18"><span class='ocrx_word' id='word_1_860' title='bbox 2205 5654 2317 5720; x_wconf 80' lang='lat' dir='ltr'><strong>tur,</strong></span> <span class='ocrx_word' id='word_1_861' title='bbox 2345 5646 2479 5706; x_wconf 89' lang='lat' dir='ltr'><strong>edit.</strong></span> <span class='ocrx_word' id='word_1_862' title='bbox 2512 5654 2567 5704; x_wconf 89' lang='lat' dir='ltr'><strong>et</strong></span> <span class='ocrx_word' id='word_1_863' title='bbox 2597 5645 2821 5722; x_wconf 90' lang='lat' dir='ltr'><strong>quidam</strong></span> <span class='ocrx_word' id='word_1_864' title='bbox 2851 5663 2982 5704; x_wconf 83' lang='lat' dir='ltr'><strong>mss.</strong></span> <span class='ocrx_word' id='word_1_865' title='bbox 3017 5645 3286 5703; x_wconf 67' lang='lat' dir='ltr'><strong>ekhibeut</strong></span> <span class='ocrx_word' id='word_1_866' title='bbox 3312 5644 3542 5704; x_wconf 64' lang='lat' dir='ltr'><strong>videtur.</strong></span> 
     </span>
    </p>
   </div>
  </div>
