4112 6178
277 271 365 337 201

1342 268 1708 331 COMMENT.
1752 272 1825 329 nv
1858 268 2077 328 EPIST.
2109 271 2134 330 1
2163 262 2260 329 AD
2299 260 2457 331 con.

3456 264 3564 332 202

276 400 467 464 Christi
506 399 793 456 inﬁrmam
833 405 1125 466 asserunt;
1176 399 1439 472 iniquitas
1480 399 1628 455 enim
1677 397 1857 466 fortis,
1886 398 1939 457 A
1972 396 2121 455 Iesu.
2157 423 2177 445 ι
2234 399 2481 468 Exipso,
2528 396 2583 452 id
2599 404 2700 465 est,
2718 413 2788 454 ex
2809 399 2944 465 Deo,
2967 396 3168 470 quiest
3186 397 3570 469 omnipotens,

277 501 328 549 et
367 491 577 547 vincere
620 489 727 545 sibi
773 488 995 544 videtur
1039 487 1107 543 ad
1138 495 1377 561 tempus.
1408 489 1515 561 Ipsi
1548 488 1713 544 etiam
1745 503 1857 543 no-

274 581 416 648 biles,
460 596 557 652 per
606 595 746 652 quos
790 577 1197 650 superstitionis
1245 596 1360 635 suae
1388 579 1659 651 originem
1703 576 1859 631 anti-

275 668 485 743 quitatis
541 668 837 740 assignant,
894 683 994 722 nos
1065 669 1316 724 novellos
1386 669 1632 724 dicentes
1718 666 1859 736 (82).

268 760 380 818 Non
406 775 534 832 ergo
567 759 712 815 hanc
752 755 1215 814 asseverationem
1262 758 1430 830 elegit
1457 759 1627 823 Deus,
1659 773 1782 829 quae
1806 756 1864 810 in

273 849 452 923 paucis
480 855 579 905 est.

340 964 513 1035 (Vers.
544 963 658 1035 27.)
704 989 722 1011 ι
752 964 860 1021 Sed
902 965 1076 1019 stulta
1126 962 1319 1018 mundi
1373 962 1539 1033 elegit
1582 959 1752 1027 Deus,
1802 968 1865 1016 ut

272 1052 564 1109 confundat
586 1054 864 1125 sapientes
895 1054 1036 1125 (83).
1070 1078 1088 1100 ι
1127 1052 1304 1108 Stulta
1336 1049 1529 1105 mundi
1561 1056 1691 1104 sunt
1724 1049 1867 1105 Vir—

275 1142 450 1215 ginem
503 1142 800 1213 peperisse,
832 1148 885 1196 et
922 1140 1020 1197 Dei
1050 1140 1253 1196 Filium
1293 1137 1620 1194 cruciﬁxum
1658 1156 1669 1193 :
1718 1136 1866 1194 credi

270 1229 415 1285 enim
444 1224 682 1284 stultum
716 1228 820 1285 hoc
842 1238 1035 1302 putat:
1082 1229 1206 1284 ideo
1233 1230 1397 1295 Deus,
1437 1235 1501 1281 ut
1549 1226 1699 1282 hunc
1726 1243 1869 1283 con-

272 1319 509 1388 fundat,
561 1319 662 1376 hos
717 1319 904 1392 elegit,
961 1318 1055 1392 qui
1105 1318 1211 1374 hoc
1268 1317 1523 1386 credunt,
1572 1316 1722 1390 quod
1778 1315 1871 1372 hic

274 1411 505 1466 stultum
570 1409 802 1481 judicat.
867 1409 1301 1466 Confunduntur
1367 1409 1516 1464 enim
1574 1408 1869 1479 sapientes,

274 1500 405 1556 dum
438 1516 558 1573 quae
606 1500 765 1573 pauci
795 1508 1015 1573 negant,
1050 1501 1254 1556 multos
1300 1498 1495 1555 vident
1520 1498 1708 1565 fateri;
1758 1513 1870 1553 non

278 1596 358 1646 est
385 1589 530 1645 enim
561 1589 883 1662 ambiguum
914 1590 1218 1646 multorum
1250 1588 1551 1645 sententias
1571 1602 1871 1660 paucorum

272 1678 530 1751 anteponi
560 1678 873 1736 sententiis.

355 1820 372 1841 ι
401 1796 476 1851 Et
503 1794 725 1851 inﬁrma
777 1793 977 1851 mundi
1029 1794 1193 1867 elegit
1246 1795 1415 1862 Deus,
1472 1800 1535 1849 ut
1568 1790 1872 1849 confundat

272 1885 464 1941 fortia.
494 1909 511 1932 ι
555 1883 707 1940 Idem
739 1899 931 1940 sensus
970 1889 1077 1948 est;
1123 1882 1254 1956 quia
1305 1880 1453 1955 quod
1517 1881 1677 1953 pauci
1730 1880 1878 1936 inﬁr-

278 1992 439 2031 mum
490 1981 706 2047 putant,
749 1973 806 2029 hi
864 1973 959 2047 qui
1006 1990 1064 2030 se
1120 1974 1420 2046 prudentes
1467 1972 1792 2029 existimant
1821 1971 1879 2026 in

272 2065 505 2133 saeculo,
546 2063 857 2120 difﬁdentes
894 2062 961 2119 de
1024 2079 1137 2135 spe,
1191 2079 1223 2118 a
1279 2062 1471 2117 multis
1514 2061 1694 2117 virtus
1729 2077 1884 2117 asse-

273 2154 442 2222 ritur,
505 2152 637 2226 quia
682 2153 869 2225 plures
927 2151 1178 2219 credunt,
1236 2168 1399 2225 quam
1460 2167 1572 2206 non
1626 2149 1879 2217 credunt,

277 2244 347 2301 ad
378 2245 609 2301 illorum
640 2243 921 2300 ruborem.
946 2242 1155 2299 Vident
1181 2242 1387 2298 etenim
1417 2241 1639 2297 inﬁrma
1670 2240 1880 2299 Christi

278 2335 570 2391 nominata
620 2331 760 2405 (84),
802 2331 1093 2388 daemoniis
1142 2331 1435 2404 imperare,
1495 2330 1745 2403 prodigia
1790 2330 1883 2384 fa-

281 2440 404 2481 cere
431 2440 442 2477 :
474 2422 700 2478 inﬁrma
728 2428 907 2477 autem
942 2428 1072 2477 sunt
1111 2421 1319 2476 mundo
1347 2418 1589 2491 injuria,
1627 2428 1680 2475 et
1706 2418 1886 2490 passio

282 2513 596 2570 Salvatoris
651 2509 922 2567 nescienti
960 2509 1079 2566 hac
1134 2509 1203 2565 ad
1262 2510 1525 2564 virtutem
1584 2507 1881 2580 proﬁcere;

278 2604 407 2675 quia
442 2603 573 2659 ideo
598 2603 701 2657 ista
730 2601 842 2673 pati
873 2616 930 2656 se
959 2598 1228 2673 permisit,
1261 2608 1322 2657 ut
1352 2598 1598 2655 vinceret
1631 2606 1884 2654 mortem.

283 2692 499 2764 Injuste
527 2691 675 2748 enim
695 2690 829 2763 pati,
859 2697 914 2745 et
949 2706 1107 2762 posse
1138 2690 1388 2746 resistere
1425 2696 1478 2745 et
1510 2690 1683 2756 nolle,
1715 2685 1889 2761 gloria

280 2789 363 2837 est
385 2779 673 2853 patientis,
703 2787 754 2834 et
777 2777 1059 2835 damnatio
1083 2778 1409 2836 occidentis.

346 2897 542 2968 (Vers.
575 2897 690 2968 28.)
738 2922 756 2945 ι
785 2898 856 2952 Et
898 2896 1169 2970 ignobilia
1196 2894 1364 2966 hujus
1406 2892 1623 2959 mundi,
1666 2899 1719 2947 et
1747 2904 1891 2945 con—

284 2986 630 3059 temptibilia
659 2985 823 3059 elegit
850 2987 1015 3052 Deus,
1045 2992 1102 3040 et
1146 3000 1210 3040 ea
1255 2999 1376 3054 quas
1415 2998 1527 3037 non
1559 2988 1711 3047 sunt,
1742 2985 1805 3033 ut
1832 2993 1894 3033 ea

278 3091 408 3147 qua:
456 3082 613 3140 sunt,
658 3073 982 3128 destrueret.
1042 3097 1062 3120 ι

277 3162 636 3234 temptibilia
664 3161 829 3232 elegit
854 3179 865 3215 :
910 3175 1024 3215 non
1066 3158 1193 3231 quia
1226 3174 1353 3214 vere
1382 3155 1645 3230 ignobilia
1672 3163 1726 3211 et
1754 3170 1898 3211 con-

270 3249 637 3323 temptibilia
691 3256 846 3315 sunt,
905 3248 1000 3304 sed
1055 3247 1136 3303 sic
1176 3245 1502 3318 judicantur
1555 3261 1587 3301 a
1629 3243 1835 3299 mundo
1879 3262 1892 3311 ;

271 3338 416 3413 quia
487 3346 762 3409 spernunt
818 3337 1058 3391 rationes
1121 3334 1449 3402 mundanas,
1508 3332 1781 3389 credendo
1838 3332 1896 3388 in

271 3425 601 3493 Christum,
638 3434 699 3481 ut
754 3441 818 3481 ea
872 3441 992 3497 quas
1021 3431 1153 3480 sunt
1208 3440 1337 3479 vere
1367 3422 1638 3495 ignobilia
1671 3428 1724 3477 et
1753 3437 1896 3477 con-

274 3517 632 3591 temptibilia
672 3516 1033 3581 destrueret;
1059 3513 1191 3588 quia
1238 3513 1342 3587 ipsi
1394 3513 1566 3586 magis
1600 3510 1896 3584 judicandi

274 3614 329 3662 et
383 3605 809 3663 condemnandi
859 3611 989 3660 sunt
1049 3604 1190 3676 (85),
1224 3603 1316 3675 qui
1343 3602 1617 3675 judicant.
1668 3602 1897 3658 Asseve-

280 3697 573 3753 rationem
621 3695 769 3752 enim
802 3694 1030 3749 illorum
1069 3709 1223 3749 error
1252 3692 1487 3759 invenit,
1520 3707 1624 3748 nec
1678 3690 1785 3747 fuit
1828 3689 1897 3745 ab

278 3782 446 3841 initio
484 3803 497 3841 :
550 3791 741 3840 nostra
767 3792 951 3839 autem
995 3780 1291 3854 disciplina
1318 3781 1387 3836 ab
1437 3779 1604 3835 initio
1649 3786 1749 3835 est.
1784 3780 1899 3834 De-

278 3875 523 3932 struitur
592 3890 741 3946 ergo,
797 3870 1089 3928 dumsine
1137 3870 1455 3928 testimonio
1511 3868 1678 3925 nudis
1714 3865 1898 3923 verbis

279 3970 559 4027 asseritur
584 3987 595 4025 :
630 3974 820 4024 nostra
844 3982 978 4023 vero
1005 3982 1120 4022 non
1151 3963 1337 4021 verbis
1362 3962 1517 4031 solis,
1550 3962 1646 4018 sed
1675 3968 1729 4017 et
1760 3968 1899 4016 teste

281 4061 492 4119 virtute
513 4061 813 4136 probatur.

353 4171 554 4243 (Vers.
590 4168 708 4240 29.)
753 4192 771 4214 ε
809 4168 881 4224 Ut
935 4183 1047 4222 non
1105 4165 1373 4239 glorietur
1429 4164 1611 4220 omnis
1656 4179 1784 4219 caro
1840 4161 1899 4216 in

280 4266 604 4331 conspectu
630 4255 769 4329 ejus.
803 4281 821 4303 ι
888 4254 951 4310 Id
997 4262 1098 4322 est,
1136 4262 1200 4309 ut
1230 4252 1501 4325 sapientia
1546 4252 1730 4309 carnis
1779 4249 1897 4322 (86)

277 4346 592 4403 erubescat
637 4344 696 4401 in
749 4359 934 4400 errore
982 4358 1105 4409 suo,
1129 4339 1317 4411 judice
1348 4342 1497 4407 Deo;
1533 4355 1723 4395 sensus
1751 4337 1899 4393 enim

280 4419 476 4491 carnis
506 4441 600 4490 est
639 4431 886 4488 difﬁdere
914 4430 1053 4497 Dei;
1113 4428 1357 4501 potentia
1405 4425 1677 4499 virginem
1746 4442 1901 4499 pepe-

280 4528 449 4596 risse,
481 4535 629 4593 etc.,
658 4524 791 4597 quia
820 4523 925 4580 hoc
956 4520 1152 4577 mundi
1185 4520 1346 4581 ratio.
1370 4518 1465 4591 qui
1497 4517 1681 4573 carnis
1709 4532 1903 4588 cogna-

283 4625 376 4675 tus
409 4626 523 4688 est,
563 4632 680 4671 non
710 4613 923 4686 recipit.

360 4735 568 4807 (Vers.
602 4731 720 4804 30.)
768 4756 786 4780 ι
812 4731 900 4787 Ex
939 4728 1060 4802 ipso
1091 4728 1240 4785 enim
1271 4742 1369 4783 vos
1410 4725 1541 4782 estis
1587 4724 1647 4780 in
1690 4720 1910 4781 Christo

390 4897 493 4967 82)
529 4894 668 4967 Mss.
702 4892 1037 4967 complures,
1066 4888 1424 4967 non‘nouellos
1451 4887 1691 4967 dicentes.

390 4898 493 4967 82)
529 4898 668 4952 Mss.
702 4898 1037 5020 complures,
1066 4907 1172 4945 non
1192 4898 1424 4943 novellos
1451 4898 1691 4941 dicentes.

365 4898 501 5039 E83)
538 4966 709 5024 Corb.
744 4982 774 5020 c
848 4980 944 5028 ex,
974 4961 1349 5039 ut_confundat
1382 4958 1655 5029 sapientes.
1680 4954 1913 5026 Confun-

287 5035 507 5095 duntui‘
537 5039 680 5094 enim
708 5044 985 5107 sapientes,
1004 5035 1159 5107 dum,
1191 5041 1293 5107 etc.

368 5111 502 5183 (84)
540 5109 696 5183 ldetn
731 5097 1083 5183 niss._Corb.,
1113 5105 1386 5183 inﬁrmum
1411 5104 1627 5183 putant,
1655 5117 1687 5154 a
1729 5097 1915 5181 multis

288 5170 495 5238 υίέωέ
517 5181 790 5236 asseritur
808 5179 879 5233 ad
907 5170 1125 5233 illorum
1150 5170 1425 5229 ruborem:
1448 5172 1630 5230 Vident
1656 5170 1791 5225 enim
1822 5170 1917 5224 in-

290 5254 464 5327 ﬁrma
525 5251 722 5309 mundi
768 5250 1060 5305 nominata.
1082 5248 1157 5302 Et
1191 5244 1443 5315 ignobilia
1496 5242 1681 5313 hujus.
1710 5241 1918 5306 mundi,

292 5335 520 5471 e“:(85)
557 5396 722 5454 Rom.
756 5391 890 5450 edit.
922 5407 988 5448 ac
1015 5406 1146 5446 mss.
1181 5385 1460 5454 nonnulli,
1491 5393 1539 5441 et
1564 5382 1923 5442 contemnendi

295 5478 508 5614 “(8.6)
548 5539 633 5596 Ita
660 5553 852 5595 omnes
882 5534 1014 5592 edit.
1046 5541 1102 5614 et
1129 5530 1354 5614 quidam
1387 5545 1519 5611 mss.
1544 5547 1558 5597 ;
1598 5528 1787 5614 caeteri
1817 5543 1928 5584 au-

297 5599 417 5673 tem
453 5599 668 5685 magno
697 5624 950 5677 numero,
1000 5613 1059 5661 ut
1085 5599 1338 5662 sententia
1367 5601 1566 5659 carnis.
1597 5599 1727 5658 Post
1756 5615 1930 5674 pauca

648 5709 892 5769 Panos.
930 5704 1106 5768 XVII.

1966 503 2083 543 esse
2112 503 2213 542 nos
2236 487 2292 541 in
2331 486 2441 541 ﬁde
2469 486 2669 544 Christi
2696 506 2709 553 ;
2770 488 2869 543 Dei
2915 486 3063 542 enim
3093 485 3434 559 propositum
3466 495 3570 556 est,

1970 585 2030 632 ut
2059 577 2349 633 veritatem
2380 575 2499 647 ejus
2529 584 2582 632 et
2629 577 3066 634 misericordiam
3104 582 3245 637 117
3276 592 3373 648 per
3404 575 3575 634 Chri-

1971 681 2116 729 stum
2166 674 2524 730 disceremus.
2576 674 2794 731 Veritas
2847 684 2930 731 est
2986 673 3313 747 mysterium
3372 672 3574 727 Trini-

1972 762 2138 818 tatis:
2201 762 2589 819 misericordia
2642 779 2794 831 vero,
2848 763 2980 833 quia
3024 780 3153 819 cum
3197 778 3443 819 essemus
3472 777 3574 819 ca-

1974 850 2136 922 ptivi,
2168 849 2401 904 redemit
2433 868 2556 906 nos.

2048 940 2229 1011 (Vers.
2264 937 2385 1006 3i.)
2454 938 2603 1005 cQui
2662 938 2842 994 factus
2898 946 2980 994 est
3034 939 3303 1011 sapientia
3356 939 3579 996 nobisa

1973 1031 2108 1093 Deo,
2166 1037 2220 1083 et
2259 1027 2499 1098 justitia,
2549 1036 2604 1083 et
2645 1027 3034 1096 sanctiﬁcatio,
3080 1036 3132 1083 et
3190 1030 3514 1100 redemptio.
3548 1055 3567 1077 ι

1977 1118 2061 1174 Ad
2112 1117 2587 1173 conﬁrmationem
2620 1118 2992 1185 credentium,
3024 1118 3312 1174 Christum
3342 1119 3443 1174 Dei
3473 1135 3583 1173 vo-

1978 1208 2187 1264 luntate
2232 1208 2371 1263 dicit
2399 1208 2595 1280 egisse,
2628 1223 2750 1280 quas
2806 1208 3014 1279 gessit;
3070 1216 3131 1263 ut
3180 1208 3420 1263 sciamus
3451 1223 3583 1263 vere

1978 1314 2082 1354 nos
2126 1297 2456 1369 sapientiam
2488 1295 2778 1364 didicisse,
2830 1304 2884 1352 et
2914 1295 3288 1351 sanctiﬁcatos
3342 1311 3481 1363 esse,
3528 1305 3583 1351 et

1974 1385 2330 1459 justiﬁcatos,
2390 1393 2444 1440 et
2497 1384 2807 1455 redemptos
2860 1400 2891 1439 a
2932 1385 3050 1439 Deo
3102 1400 3199 1455 per
3246 1383 3579 1441 Christum:

1981 1492 2146 1532 nemo
2203 1475 2350 1531 enim
2382 1474 2628 1542 redimit,
2674 1474 2784 1530 nisi
2832 1472 2981 1545 quod
3031 1489 3193 1528 suum
3223 1473 3422 1528 fuerat.
3455 1471 3585 1529 Sive

1980 1580 2109 1638 ergo
2152 1564 2300 1637 quod
2357 1560 2626 1636 redempti
2691 1580 2900 1630 sumus,
2952 1562 3069 1619 sive
3125 1561 3274 1635 quod
3330 1561 3587 1618 sanctiﬁ-

1982 1653 2111 1722 cati,
2145 1653 2200 1709 id
2249 1661 2351 1722 est,
2390 1653 2459 1708 ab
2506 1667 2667 1725 opere
2696 1651 2881 1708 carnis
2931 1658 2984 1707 et
3020 1650 3304 1707 idolorum
3336 1652 3590 1707 immun-

1909 1755 1954 1815 Β
1982 1740 2122 1797 ditia
2149 1741 2385 1813 purgati,
2420 1740 2537 1795 sive
2566 1739 2712 1813 quod
2736 1738 3025 1811 justiﬁcati
3064 1737 3299 1811 (justum
3332 1747 3414 1795 est
3442 1738 3591 1793 enim

1988 1829 2301 1888 Creatorem
2362 1830 2563 1898 colere,
2595 1829 2806 1886 cmteris
2844 1829 3091 1901 spretis),
3149 1828 3269 1884 sive
3300 1826 3447 1901 quod
3496 1844 3593 1884 sa-

1989 1919 2202 1993 pientes
2258 1935 2353 1991 per
2381 1919 2439 1975 id
2487 1918 2635 1992 quod
2691 1919 2999 1975 mundanos
3053 1917 3359 1975 didicimus
3408 1917 3595 1991 impe-

1990 2009 2129 2064 ritos
2161 2008 2305 2080 (87),
2338 2016 2517 2064 totum
2548 2007 2654 2065 hoc
2695 2008 2795 2064 Dei
2824 2007 3156 2064 beneﬁcium
3186 2016 3269 2064 est
3295 2022 3392 2080 per
3420 2005 3594 2063 Chri—

1991 2104 2161 2153 stum.
2218 2095 2544 2168 Redemptio
2598 2103 2782 2152 tamen
2838 2104 3027 2152 nostra
3083 2095 3200 2153 haec
3247 2104 3365 2163 est;
3419 2092 3596 2152 obtu-

1993 2186 2062 2242 lit
2088 2186 2237 2243 enim
2292 2203 2349 2243 se
2379 2187 2637 2245 Christus
2691 2186 2916 2243 diabolo
2973 2185 3241 2259 cupienti,
3292 2193 3355 2242 ut
3385 2186 3595 2259 peccati

1991 2276 2051 2333 in
2077 2292 2133 2332 se
2163 2275 2657 2333 contradictionem
2688 2276 2947 2346 auferret,
2980 2285 3037 2333 et
3087 2276 3167 2333 sic
3194 2277 3443 2350 captivos
3472 2275 3596 2348 ejus

1994 2374 2230 2424 erueret.

2079 2482 2098 2505 ι
2126 2459 2197 2515 Ut
2243 2459 2707 2532 quemadmodum
2763 2461 3031 2533 scripturn
3065 2468 3185 2517 est:
3231 2458 3339 2527 Qui
3379 2460 3595 2534 gloria-

1995 2554 2108 2613 tur,
2140 2546 2199 2602 in
2248 2548 2487 2602 Domino
2534 2547 2819 2619 glorietur.
2854 2572 2873 2594 ι
2933 2548 3049 2603 Hoc
3102 2548 3369 2619 scriptum
3428 2548 3598 2604 estin

1995 2634 2233 2691 Jeremia
2260 2634 2531 2706 propheta
2561 2636 2778 2705 (Jerem.
2817 2652 2896 2701 rx,
2928 2634 3045 2705 24).
3075 2633 3317 2706 Dignum
3347 2644 3429 2691 est
3456 2634 3603 2708 quod

1999 2729 2077 2784 ait
2107 2727 2395 2799 propheta,
2442 2734 2503 2781 ut
2554 2726 2614 2781 in
2644 2728 2758 2781 Deo
2808 2726 3111 2797 gloriemur
3142 2743 3156 2792 ;
3192 2725 3322 2797 quia
3349 2742 3460 2781 non
3495 2743 3604 2798 po-

2000 2818 2131 2872 terit
2160 2814 2450 2883 confundi,
2482 2814 2931 2887 quigloriaturin
2952 2814 3193 2870 Domino
3220 2833 3234 2882 ;
3268 2831 3433 2887 opera
3452 2815 3601 2871 enim

2002 2906 2143 2979 ejus,
2194 2915 2246 2962 et
2302 2904 2711 2977 magniﬁcentia
2764 2904 2821 2960 in
2879 2904 3043 2961 rebus
3091 2905 3258 2977 gestis
3314 2915 3598 2976 apparent.

2002 2995 2239 3068 Ideoque
2295 2994 2731 3062 confundantur,
2780 2994 2983 3066 inquit,
3034 2993 3094 3048 in
3144 2991 3310 3049 idolis
3338 2993 3473 3062 suis,
3506 2993 3599 3066 qui

1126 3069 1402 3142 Ignobilia
1454 3085 1581 3139 ergo
1637 3074 1692 3122 et
1750 3081 1890 3122 con-

2003 3104 2114 3142 non
2147 3087 2367 3157 pluunt,
2400 3101 2501 3141 nec
2533 3084 2783 3141 fecerunt
2827 3086 3030 3141 coelum
3061 3092 3115 3141 et
3145 3093 3348 3141 terram
3380 3104 3392 3141 :
3424 3084 3599 3140 simili

2006 3176 2171 3231 modo
2200 3183 2254 3231 et
2299 3175 2395 3248 qui
2442 3174 2501 3229 in
2538 3173 2861 3231 hominibus
2902 3174 3209 3245 gloriantur
3239 3190 3377 3246 quos
3417 3173 3601 3229 sciunt

2004 3264 2195 3337 utique
2249 3264 2462 3319 nullius
2513 3279 2629 3320 esse
2683 3262 2942 3330 virtutis;
3003 3278 3171 3336 quare
3225 3271 3280 3317 et
3310 3261 3388 3317 ait
3442 3261 3602 3317 Scri-

2003 3361 2199 3427 ptura:
2269 3376 2287 3399 ‹
2318 3354 2477 3412 Vana
2504 3369 2626 3426 spes
2672 3362 2757 3410 est
2789 3352 2848 3408 in
2894 3351 3122 3409 homine
3181 3351 3397 3421 (Ierem.
3450 3364 3594 3416 xvu,

2003 3443 2085 3514 5).
2120 3469 2138 3491 ι

2640 3598 2869 3657 CAPUT
2900 3597 2967 3655 II.

2081 3734 2262 3807 (Vers.
2298 3736 2348 3803 1,
2380 3735 2460 3807 2.)
2507 3758 2525 3783 ι
2555 3735 2629 3790 Et
2654 3750 2754 3807 ego
2779 3750 2907 3791 cum
2937 3731 3211 3790 venissem
3242 3732 3310 3789 ad
3344 3749 3465 3800 vos,
3488 3732 3597 3788 fra-

2006 3830 2140 3892 tres,
2197 3823 2327 3878 veni
2382 3839 2495 3879 non
2544 3838 2672 3879 cum
2702 3822 3006 3878 eminentia
3060 3821 3333 3878 sermonis
3379 3828 3474 3877 aut
3501 3835 3599 3876 sa—

2013 3911 2259 3985 pientiae,
2292 3912 2595 3985 praedicans
2623 3911 2782 3968 vobis
2828 3912 3154 3985 mysterium
3187 3909 3288 3966 Dei
3322 3908 3462 3979 (88).
3495 3906 3612 3961 Ne-

2008 4019 2117 4076 que
2148 4003 2297 4059 enim
2323 4002 2574 4075 judicavi
2628 4018 2714 4060 me
2767 4004 2911 4061 scire
2938 4001 3152 4075 aliquid
3184 4001 3330 4055 inter
3358 4013 3478 4064 vos,
3510 3995 3600 4050 nis

2008 4093 2291 4152 Christum
2352 4095 2557 4163 Iesum,
2613 4104 2667 4152 et
2698 4094 2851 4150 hunc
2878 4091 3233 4149 cruciﬁxum.
3266 4111 3284 4134 ι
3337 4085 3610 4153 Quoniam

2008 4184 2260 4256 superius
2292 4184 2563 4256 gradatim
2601 4183 2838 4239 formam
2868 4178 3179 4249 disciplinas
3209 4183 3411 4232 nostra:
3432 4182 3617 4232 osten-

2008 4271 2113 4341 dit,
2171 4289 2322 4328 nunc
2378 4289 2435 4328 se
2487 4287 2599 4326 non
2648 4270 2809 4325 aliter
2867 4265 2981 4322 illis
3042 4264 3337 4323 tradidisse
3392 4262 3616 4336 probat,

2009 4378 2172 4435 quam
2230 4378 2351 4436 quae
2388 4360 2661 4427 ostendit;
2728 4358 2858 4431 quia
2912 4364 2967 4413 et
3016 4356 3077 4412 in
3133 4355 3448 4412 humilitate
3492 4371 3620 4411 ser-

1931 4473 1982 4532 D
2017 4454 2216 4522 monis,
2249 4462 2303 4509 et
2330 4452 2390 4508 in
2444 4450 2684 4509 stultitia
2737 4447 3171 4523 praedicationis,
3230 4445 3376 4503 sicut
3407 4444 3615 4502 mundo

2015 4541 2257 4611 videtur,
2318 4543 2536 4599 locutus
2567 4550 2651 4598 est
2711 4540 2825 4596 illis
2853 4540 2922 4595 de
2977 4538 3202 4597 Christo
3260 4533 3617 4608 mysterium.

2018 4629 2177 4698 Quod
2230 4630 2356 4687 ideo
2408 4632 2738 4702 mysterium
2777 4634 2958 4695 vocat,
2991 4627 3122 4699 quia
3170 4625 3318 4698 quod
3358 4625 3622 4679 incarna-

2018 4726 2140 4776 tum
2188 4726 2292 4787 est,
2346 4720 2628 4774 occultum
2677 4724 2795 4772 erat
2843 4732 2877 4771 a
2927 4714 3164 4781 saeculis,
3217 4712 3363 4784 apud
3418 4712 3614 4780 Deum,

2020 4895 2154 4935 vero
2183 4879 2343 4935 Rom.
2377 4875 2509 4933 edit.
2542 4875 2680 4941 sola,
2710 4890 2827 4945 quae
2851 4873 3004 4929 carni
3031 4878 3253 4944 cognata
3283 4877 3376 4925 est.
3411 4873 3483 4945 _A_t
3514 4886 3615 4945 ms.

2023 4951 2185 5009 Corb.
2243 4967 2275 5005 a
2328 4950 2581 5015 vocibus,
2608 4941 2789 5017 judice
2839 4946 2967 5013 Deo,
3010 4941 3191 5017 locum
3223 4941 3505 4998 contrahit
3560 4941 3621 5017 in

2023 5022 2174 5079 hunc
2198 5021 2460 5078 modum:
2522 5011 2774 5090 Eir'ipso,
2808 5018 2861 5072 id
2913 5011 3006 5090 est,
3038 5034 3102 5071 ea:
3137 5015 3247 5070 Deo
3276 5030 3383 5068 esse
3440 5029 3541 5090 nos
3564 5011 3621 5064 in
3684 5026 3689 5031 '

2025 5096 2127 5167 ﬁde
2158 5095 2359 5167 Christi
2378 5111 2411 5167 ;_
2451 5093 2550 5149 Dei
2578 5083 2716 5167 enim
2740 5083 3072 5167 propositam
3114 5092 3209 5167 est,
3269 5092 3326 5139 ut
3352 5083 3624 5167 ueritatem

2026 5157 2137 5237 ejus
2156 5184 2249 5237 per
2283 5157 2553 5222 Christum
2600 5157 2932 5218 disceremus.
2965 5159 3069 5227 Qui
3100 5157 3278 5229 factus
3299 5163 3372 5211 est
3401 5157 3625 5224 sapien-

2029 5239 2125 5303 tia,
2165 5245 2269 5293 etc.
2981 5301 3016 5304 __
3055 5301 3065 5304 _
3240 5297 3251 5304 ,
3411 5294 3421 5304 _

2127 5309 2193 5365 87
2202 5291 2409 5379 mam.
2442 5306 2601 5375 edit.,
2631 5304 2928 5379 mundanas
2960 5301 3183 5379 dicimus
3230 5294 3521 5379 imperitos.
3555 5291 3627 5379 Ei

2127 5319 2220 5379 87)
2255 5319 2409 5365 Hom.
2442 5319 2601 5375 θαη.,
2631 5319 2928 5360 mundanas
2960 5319 3183 5356 ammus
3230 5319 3521 5366 Impﬂl‘uUI.
3556 5319 3623 5345 ut

2031 5319 2195 5445 inira,
2226 5387 2283 5435 ut
2302 5385 2637 5451 peccatorum
2688 5377 2744 5451 in
2771 5393 2822 5431 se
2865 5370 3332 5451 contradictionem
3355 5362 3623 5451 auferret.

2038 5440 2370 5583 “(88")Mss.
2401 5467 2515 5508 non
2545 5448 2731 5523 pauci,
2760 5446 3089 5505 annuntians
3108 5440 3254 5497 vobis
3273 5440 3628 5492 testimonium

2116 5540 2195 5579 ns
2218 5541 2257 5581 t.

2080 5523 2257 5581 hristt'.

3494 5678 3526 5746 7
