4090 6182
466 279 572 348 203

1464 283 1560 338 AD
1599 278 1832 337 OPERA
1871 279 1927 334 S.
1970 273 2304 334 AMBROSII
2353 268 2732 332 APPENDIX.

3659 259 3784 324 204.

467 415 612 472 Deus
664 408 930 470 Verbum.
991 407 1289 465 Hareticos
1341 413 1524 463 autem
1580 420 1695 460 esse
1744 403 1802 458 in
1859 401 2063 476 quibus
2091 403 2141 461 A
2169 401 2267 470 ait,
2307 427 2324 448 ι
2353 401 2679 474 sapientiam
2712 415 2824 456 non
2856 395 3023 468 hujus
3051 393 3258 461 saculi,
3291 416 3310 442 ι
3351 392 3448 451 sed
3482 391 3679 460 futuri,
3710 392 3769 448 in

469 501 863 575 gloriabantur,
896 497 1026 572 quia
1057 505 1110 553 et
1147 514 1242 570 per
1269 493 1638 568 eloquentiam
1679 492 1795 563 (89)
1830 508 2054 564 pravam

468 591 778 649 doctrinam
823 587 1300 654 commendabant,
1359 593 1413 641 et
1461 582 1808 654 prudentiam
1861 581 2055 638 mundi

467 689 755 749 sectantes,
787 697 1005 737 crucem
1036 676 1240 736 Christi
1283 674 1644 741 evacuabant,
1677 674 2058 730 erubescentes

469 772 627 829 stulti
645 770 908 844 appellari
933 787 965 825 a
985 767 1191 824 mundo
1214 785 1228 834 ;
1248 773 1310 821 ut
1337 781 1513 837 neque
1543 772 1731 820 natum
1777 763 2057 820 Christum

469 878 540 918 ex
567 861 798 933 Virgine
827 858 1204 931 praedicarent,
1250 871 1424 926 neque
1456 870 1580 908 vere
1609 851 1940 908 cruciﬁxum
1964 854 2057 909 d0-

468 959 656 1010 cerent
689 969 700 1006 :
731 949 858 1022 quia
890 948 1125 1003 stultum
1183 944 1405 1002 videtur
1460 944 1557 1000 Dei
1616 943 1820 998 Filium
1869 952 2058 997 natum

469 1039 750 1096 hominem
804 1033 962 1090 fateri
1019 1043 1072 1090 et
1100 1032 1452 1090 cruciﬁxum.
1512 1034 1622 1088 Hos
1683 1039 1735 1088 et
1783 1031 2061 1102 apostolus

467 1128 703 1183 Joannes
732 1123 981 1196 designat
1035 1122 1225 1178 dicens
1253 1140 1264 1176 :
1314 1146 1333 1168 ι
1362 1121 1467 1190 Qui
1499 1130 1659 1192 negat
1688 1121 1970 1178 Christum
2002 1119 2060 1174 in

467 1232 629 1274 carne
686 1213 924 1281 venisse,
981 1211 1342 1267 antichristus
1377 1219 1496 1278 est;
1556 1218 1610 1265 et
1638 1210 1732 1282 qui
1762 1219 1921 1282 negat
1952 1208 2059 1264 Fi—

469 1305 628 1371 lium,
662 1318 763 1358 nec
791 1301 1004 1355 Patrem
1037 1297 1202 1354 habet
1231 1301 1288 1369 (I
1315 1299 1472 1354 Joan.
1508 1316 1571 1367 II,
1602 1300 1693 1368 22,
1716 1298 1834 1369 23),
1867 1324 1884 1345 ι
1931 1297 2063 1370 quia

468 1395 650 1468 ipsum
678 1391 892 1448 Patrem
923 1389 1028 1446 sibi
1059 1389 1263 1444 Filium
1294 1389 1627 1460 appellatum
1657 1387 1949 1456 dicebant;
1993 1405 2063 1444 ex

470 1484 672 1559 quibus
703 1482 943 1539 Marcion
975 1479 1145 1537 traxit
1192 1497 1453 1536 errorem.
1486 1480 1618 1548 Quae
1648 1481 1847 1553 arguit,
1881 1481 2064 1537 clausa

469 1574 730 1631 videntur
752 1571 893 1643 (90),
917 1571 1046 1656 quia
1065 1587 1176 1626 non
1207 1571 1303 1626 illa
1332 1571 1668 1638 manifestat,
1703 1571 1797 1627 sed
1827 1571 2065 1642 intelligi

469 1665 593 1720 vult
622 1677 691 1718 ex
721 1677 807 1730 eo,
847 1658 994 1733 quod
1024 1657 1316 1731 prudentia
1365 1657 1559 1714 mundi
1607 1659 1911 1728 invenitur,
1943 1676 2063 1733 quae

2165 508 2274 564 quo
2302 490 2504 548 veritas
2546 489 2644 546 Dei
2700 485 3027 560 negantibus
3083 481 3407 556 apparebit;
3450 481 3557 538 hoc
3618 480 3770 537 enim

2165 582 2425 636 saeculum
2456 579 2722 636 rationem
2757 577 2900 633 hanc
2923 593 3036 632 non
3078 574 3228 645 capit
3258 571 3582 628 inﬁrmitate
3625 570 3772 644 cogi-

2165 668 2393 723 tationis
2439 675 2689 723 terrenae.
2749 689 2768 714 ι
2797 667 2984 737 Neque
3016 662 3337 737 principum
3367 659 3536 730 hujus
3563 659 3774 728 saeculi,

2167 756 2262 828 qui
2291 755 2669 811 destruantur.
2706 781 2723 802 ι
2763 754 3114 810 Manifestum
3143 759 3225 806 est
3255 766 3371 805 non
3401 765 3515 804 esse
3544 749 3776 820 sapien-

2166 845 2298 901 tiam
2331 845 2473 900 hanc
2501 844 2816 916 principum
2869 843 3035 914 hujus
3071 840 3298 907 mundi,
3327 839 3456 911 quia
3483 839 3776 894 destruunt

2169 941 2258 990 tur
2286 933 2353 989 ab
2381 934 2494 988 illa.
2537 931 2931 991 Christianitas
2992 930 3142 986 enim
3179 945 3411 996 errores,
3439 945 3576 1001 quos
3604 927 3663 982 hi
3693 927 3776 982 in-

2169 1037 2480 1096 seruerunt,
2529 1027 2761 1095 excidit,
2788 1025 2844 1082 id
2865 1035 2967 1094 est,
2987 1023 3378 1090 idololatriam,
3405 1023 3694 1080 avaritiam
3723 1029 3781 1078 et

2169 1127 2364 1175 caetera
2392 1118 2549 1186 vitia,
2587 1117 2730 1173 sicut
2759 1115 2903 1172 dicit
2941 1116 3176 1171 Joannes
3203 1113 3502 1186 apostolus.
3549 1113 3780 1184 Propter

2172 1207 2276 1266 hoc
2331 1207 2483 1264 venit
2531 1207 2706 1263 Filius
2749 1205 2870 1275 Dei,
2935 1212 3005 1262 ut
3062 1205 3299 1262 solveret
3351 1219 3514 1276 opera
3567 1201 3779 1258 diaboli

2174 1301 2231 1370 (Ι
2255 1300 2414 1354 Joan.
2440 1315 2524 1364 In,
2556 1297 2636 1370 8).

2247 1387 2427 1460 (Vers.
2464 1388 2541 1459 7.)
2588 1411 2604 1434 ε
2637 1386 2741 1443 Sed
2776 1386 3062 1460 loquimur
3091 1385 3190 1441 Dei
3221 1385 3542 1458 sapientiam
3570 1384 3628 1440 in
3659 1400 3778 1458 my-

2174 1479 2365 1546 sterio,
2396 1495 2517 1552 quas
2547 1477 2870 1535 abscondita
2902 1484 3004 1534 est.
3039 1501 3056 1524 ι
3101 1476 3393 1534 Occultum
3414 1492 3635 1532 sensum
3668 1491 3780 1530 ma-

2176 1569 2440 1627 nifestare
2481 1587 2538 1626 se
2585 1570 2813 1626 missum
2846 1575 3101 1637 testatur,
3144 1585 3312 1641 quem
3367 1583 3543 1640 neque
3575 1566 3792 1639 princi-.

2173 1675 2289 1731 pes,
2322 1675 2501 1733 neque
2546 1667 2841 1732 potestates
2889 1659 3113 1726 scirent,
3146 1673 3322 1730 neque
3352 1656 3590 1713 mundus
3621 1655 3778 1711 audi-

470 1763 553 1812 est
581 1750 836 1825 religioni
890 1747 1134 1803 inimica.
1169 1746 1300 1814 Quae
1331 1756 1512 1803 autem
1543 1758 1694 1817 sunt,
1724 1765 1844 1822 quae
1883 1749 2066 1805 corri-
2102 1771 2148 1830 Β
2177 1759 2324 1817 erat;
2357 1766 2421 1806 ac
2476 1765 2571 1821 per
2600 1749 2706 1805 hoc
2736 1750 2969 1805 stultum
3013 1747 3217 1820 putari,
3262 1747 3392 1820 quia
3433 1746 3780 1818 incognitum

470 1843 574 1917 pit,
605 1857 673 1897 ex
720 1838 848 1911 ejus
894 1835 1108 1908 judicio
1140 1837 1261 1891 vult
1317 1836 1454 1893 disci
1490 1855 1501 1893 :
1541 1846 1600 1895 ut
1629 1854 1856 1910 quisque
1888 1848 2072 1894 nostra

469 1929 686 1988 deridet
714 1929 866 1984 velut
895 1925 1082 1994 stulta,
1137 1941 1200 1981 ea
1231 1943 1287 1982 se
1314 1926 1502 1982 omnia
1526 1927 1585 1982 in
1642 1926 1948 1985 Corinthiis
1977 1943 2072 1982 re-

471 2017 810 2094 prehendere
836 2014 1104 2072 ostendat.
1135 2014 1346 2088 Corpus
1375 2015 1525 2072 enim
1563 2017 1743 2088 ipsum
1779 2023 2070 2084 memorat,

472 2117 534 2165 ut
557 2124 627 2164 ex
655 2123 720 2163 eo
756 2105 1130 2162 membrorum
1177 2103 1296 2176 ejus
1337 2105 1478 2162 ratio
1533 2105 1890 2178 dignoscatur
1923 2124 1933 2161 :
1970 2106 2070 2163 Co-

472 2199 698 2256 rinthiis
748 2205 931 2253 tamen
1002 2195 1292 2251 manifesta
1340 2205 1528 2252 erant:
1590 2197 1720 2270 quia
1776 2214 1966 2254 causas
2012 2197 2071 2252 in

473 2288 676 2364 quibus
713 2286 1100 2360 arguebantur,
1133 2302 1244 2341 non
1268 2285 1613 2358 ignorabant.

547 2379 730 2453 (Vers.
765 2378 846 2448 3.)
891 2402 909 2423 ι
941 2377 1011 2432 Et
1058 2393 1156 2448 ego
1189 2377 1246 2432 in
1299 2376 1640 2444 inﬁrmitate,
1673 2385 1726 2432 et
1773 2378 1994 2446 timore,
2019 2387 2074 2434 et

478 2476 720 2525 tremore
761 2466 938 2522 multo
968 2465 1046 2520 fui
1079 2463 1222 2536 apud
1253 2480 1370 2520 vos.
1405 2490 1422 2512 ι
1494 2465 1778 2522 Christum
1835 2465 1983 2520 enim
2015 2465 2071 2519 in

476 2554 714 2612 stultitia
766 2554 1020 2610 humana)
1073 2551 1355 2624 sapientiae
1390 2553 1715 2624 pradicans,
1746 2553 1935 2609 odium
1966 2554 2072 2610 sibi

481 2653 534 2702 et
556 2644 962 2718 persecutiones
1012 2641 1364 2714 provocabat,
1401 2643 1557 2714 quasi
1589 2660 1702 2699 rem
1734 2661 1931 2699 vanam
1963 2660 2074 2698 an-

474 2735 760 2804 nuntians,
790 2741 844 2790 et
873 2733 1154 2790 inimicam
1184 2733 1388 2789 Iudaeis
1439 2742 1600 2806 atque
1644 2733 1897 2806 gentibus
1931 2732 2069 2804 (91).

551 2825 733 2898 (Vers.
771 2823 852 2897 4.)
894 2849 913 2873 ι
971 2823 1041 2878 Et
1073 2839 1255 2881 sermo
1290 2840 1466 2892 meus,
1517 2831 1569 2879 et
1604 2821 1924 2895 praedicatio
1955 2838 2075 2876 mea

475 2932 587 2973 non
617 2916 674 2970 in
705 2913 1057 2985 persuasione
1113 2913 1370 2968 humanae
1424 2913 1724 2985 sapientiae.
1758 2939 1774 2961 ι
1821 2910 2074 2968 Ostendit

476 3021 588 3061 non
617 3019 675 3059 se
702 3011 766 3058 ut
820 3001 1112 3057 hominum
1157 3002 1401 3057 favorem
1433 3003 1762 3074 acquireret,
1815 3002 2073 3058 humanae

477 3091 759 3165 sapientiae
786 3090 1079 3163 placuisse,
1102 3107 1281 3164 neque
1309 3091 1605 3148 verborum
1635 3093 1741 3148 arti
1771 3091 2071 3161 studuisse,

477 3180 572 3239 sed
602 3179 766 3236 ﬁdem
797 3179 1007 3236 auctori
1051 3179 1390 3251 exhibuisse,
1424 3182 1518 3256 qui
1577 3181 1886 3240 doctrinam
1921 3201 2075 3240 suam

476 3289 588 3330 non
609 3277 806 3328 ornatu
835 3268 1152 3327 traditionis
1179 3270 1435 3330 humanae
1483 3273 1870 3345 acceptabilem
1901 3275 2080 3330 voluit

476 3378 591 3419 esse
643 3359 942 3418 verborum
997 3360 1250 3435 strepitu,
1282 3363 1378 3419 sed
1432 3363 1566 3435 ipsis
1598 3363 1798 3422 rebus:
1834 3364 1967 3438 quia
1995 3381 2080 3421 res

476 3461 604 3509 ante
633 3451 802 3508 verba
829 3459 978 3508 sunt.

563 3566 582 3590 ι
609 3539 715 3596 Sed
743 3541 801 3595 in
826 3540 1140 3599 ostensione
1168 3541 1396 3614 spiritus
1424 3551 1478 3598 et
1508 3542 1731 3598 virtutis
1762 3543 1858 3600 Dei
1883 3544 2024 3616 (92).
2046 3568 2065 3592 ι

478 3629 619 3696 Quia
648 3635 710 3683 ut
767 3628 952 3685 verbis
1009 3646 1130 3702 quas
1158 3630 1381 3686 inﬁrma
1421 3629 1585 3703 juxta
1630 3632 1893 3690 virtutem
1928 3640 2079 3701 sunt,

479 3734 565 3774 res
594 3716 760 3772 fatuae
794 3726 1027 3789 comptae
1065 3717 1362 3790 prudentes
1416 3719 1712 3789 videntur;
1753 3723 1900 3777 Deus
1930 3738 2083 3793 prai-

479 3806 814 3866 dicationem
846 3822 1002 3863 suam
1058 3823 1170 3862 non
1215 3808 1537 3866 testimonio
1577 3811 1872 3867 verborum
1903 3812 2085 3869 voluit

477 3896 878 3967 commendari,
911 3897 1006 3954 sed
1033 3898 1280 3968 virtutis,
1315 3907 1376 3954 ut
1423 3900 1580 3957 verbi
1609 3902 1846 3959 stultitia
1875 3902 2082 3958 indica-

478 4000 554 4061 ta,
611 3989 773 4048 factis
830 4005 888 4046 se
943 3988 1271 4064 sapientiam
1305 3989 1706 4048 demonstraret
1735 3990 1971 4064 spiritali
2000 4007 2080 4046 ra-

478 4080 629 4138 tione
661 4079 911 4138 fundata.

555 4170 740 4241 (Vers.
777 4171 834 4240 5,
866 4170 948 4244 6.)
996 4194 1015 4219 ι
1052 4169 1124 4228 Ut
1150 4167 1286 4226 ﬁdes
1321 4175 1504 4225 vestra
1530 4183 1641 4224 non
1673 4168 1745 4224 sit
1773 4169 1830 4224 in
1871 4170 2083 4242 sapien-

479 4257 558 4314 tia
585 4257 900 4328 hominum,
952 4259 1048 4317 sed
1086 4259 1145 4316 in
1177 4259 1383 4316 virtute
1418 4263 1559 4320 118
1588 4257 1725 4325 Dei;
1760 4257 2083 4330 sapientiam

480 4361 664 4410 autem
686 4355 969 4428 loquimur
989 4357 1134 4413 inter
1162 4359 1432 4430 perfectos
1457 4376 1470 4425 ;
1497 4383 1514 4406 ι
1560 4356 1667 4412 hoc
1697 4364 1799 4422 est,
1833 4355 1979 4412 inter
1993 4371 2084 4412 eos

2179 1845 2298 1893 est:
2333 1853 2450 1893 esse
2479 1843 2661 1892 autem
2694 1837 2961 1892 rationale
2990 1843 3043 1892 et
3090 1837 3350 1902 salutare,
3381 1842 3518 1890 teste
3548 1835 3780 1900 virtute,

2180 1925 2270 1982 cui
2328 1924 2511 1980 omnis
2560 1925 2796 1981 intentio
2846 1923 2992 1980 cedit
3031 1923 3471 1980 ratiocinationis
3501 1921 3779 1977 humanas.

2184 2014 2522 2071 Abscondita
2552 2023 2633 2070 est
2664 2031 2792 2086 ergo
2815 2015 2915 2071 Dei
2950 2013 3243 2087 sapientia,
3275 2012 3406 2068 dum
3439 2028 3548 2067 non
3575 2012 3632 2066 in
3665 2027 3783 2065 ver-

2181 2107 2289 2176 bis,
2319 2107 2414 2163 sed
2449 2106 2507 2162 in
2538 2107 2744 2163 virtute
2773 2116 2884 2173 est;
2934 2123 3045 2162 non
3081 2105 3324 2161 humana
3363 2104 3576 2160 ratione
3603 2102 3778 2176 possi-

2183 2198 2334 2263 bilis,
2368 2197 2463 2253 sed
2493 2197 2721 2270 spiritus
2749 2195 2994 2253 efﬁcacia
3021 2195 3328 2253 credibilis.

2267 2311 2284 2333 ι
2316 2287 2490 2354 Quam
2523 2286 2937 2357 praedestinavit
2962 2287 3111 2341 Deus
3141 2293 3270 2341 ante
3303 2283 3501 2341 sacula
3532 2283 3590 2338 in
3619 2282 3787 2354 glori-

2182 2391 2268 2431 am
2298 2385 2562 2432 nostram.
2600 2401 2618 2424 ι
2688 2376 2868 2448 Usque
2895 2373 3033 2430 adeo
3064 2390 3195 2430 vera
3239 2373 3524 2445 sapientia,
3558 2379 3610 2427 et
3653 2388 3786 2427 cum

2182 2467 2294 2521 Deo
2322 2482 2536 2537 semper
2588 2465 2757 2522 fuisse
2787 2465 3118 2532 declaratur,
3149 2473 3209 2521 ut
3255 2472 3381 2519 ante
3422 2464 3619 2519 saecula
3649 2479 3785 2534 prae-

2184 2555 2454 2612 destinata
2486 2555 2542 2610 in
2591 2555 2821 2626 gloriam
2873 2564 3122 2610 nostram
3179 2553 3412 2621 dicatur,
3470 2551 3564 2624 qui
3593 2551 3788 2608 credi-

2183 2661 2323 2700 mus.
2365 2645 2630 2702 Praescius
2660 2645 2808 2700 enim
2838 2647 2983 2700 Deus
3021 2660 3238 2700 errores
3278 2644 3493 2698 futuros
3524 2641 3580 2696 in
3610 2657 3790 2696 mun-

2181 2737 2274 2804 do,
2308 2751 2468 2808 quem
2501 2742 2616 2790 erat
2667 2735 2914 2792 facturus
2952 2734 3096 2806 (93),
3127 2733 3230 2791 hoc
3258 2733 3501 2790 decrevit
3548 2731 3616 2788 ad
3648 2749 3787 2788 con-

2146 2826 2455 2881 .fusionem
2513 2824 2757 2891 illorum,
2816 2824 2911 2896 qui
2939 2823 3047 2879 sibi
3103 2823 3398 2879 stultitiam
3453 2821 3786 2893 sapientiam

2183 2916 2383 2974 facturi
2409 2923 2600 2972 erant:
2651 2913 2719 2970 ad
2751 2922 2995 2971 nostram
3026 2921 3207 2970 autem
3259 2913 3513 2984 gloriam,
3545 2912 3636 2984 qui
3670 2928 3787 2968 cre-

2182 3005 2356 3063 dituri
2385 3021 2625 3072 eramus,
2655 3011 2710 3059 et
2735 3003 3034 3060 credimus.

2259 3103 2442 3176 (Vers.
2477 3103 2560 3174 8.)
2594 3126 2613 3149 ι
2643 3102 2818 3169 Quam
2849 3116 3011 3156 nemo
3030 3099 3368 3173 principium
3399 3096 3560 3169 hujus
3589 3097 3788 3154 saeculi

2188 3193 2490 3266 cognovit;
2546 3191 2592 3247 si
2631 3190 2778 3247 enim
2819 3189 3224 3263 cognovissent,
3276 3203 3556 3260 nunquam
3596 3187 3788 3242 Domi-

2189 3300 2323 3340 num
2388 3282 2689 3356 majestatis
2717 3281 3160 3339 cruciﬁxissent.
3196 3305 3215 3329 ι
3282 3278 3565 3350 Principes
3619 3276 3790 3348 hujus

2189 3373 2375 3430 saeculi
2429 3387 2540 3427 non
2575 3371 2755 3427 solum
2806 3370 3060 3426 homines
3088 3367 3440 3441 accipiendos
3468 3366 3788 3422 Iudaeorum

2190 3478 2253 3517 ac
2306 3463 2717 3518 Romanorum:
2776 3459 2870 3515 sed
2923 3469 2978 3516 et
3007 3459 3107 3516 hos
3139 3458 3418 3531 principes
3461 3473 3524 3512 ac
3552 3461 3788 3527 potesta-

2193 3563 2292 3620 tes,
2322 3567 2461 3624 quos
2498 3567 2663 3623 supra
2689 3550 2854 3618 dixit,
2887 3550 2955 3606 ad
2985 3567 3123 3623 quos
3150 3566 3276 3605 vere
3307 3547 3544 3621 pertinet
3575 3545 3788 3602 dictum

2191 3640 2318 3708 hoc,
2351 3639 2618 3696 adversus
2647 3655 2784 3712 quos
2826 3639 2987 3694 nobis
3041 3637 3359 3695 colluctatio
3388 3643 3470 3692 est
3524 3633 3792 3707 spiritalis

2191 3729 2452 3802 nequitiae
2483 3728 2540 3784 in
2570 3729 2888 3784 ccelestibus
2921 3729 3144 3801 (Ephes.
3179 3745 3258 3795 v1,
3292 3727 3381 3798 12)
3409 3745 3422 3793 ;
3455 3726 3585 3798 quia
3613 3722 3792 3778 consi-

2191 3820 2268 3875 lio
2295 3835 2358 3877 ac
2407 3820 2694 3876 voluntate
2751 3819 2978 3875 illorum
3032 3815 3335 3875 cruciﬁxus
3379 3823 3463 3872 est
3510 3814 3788 3871 Christus.

2191 3909 2438 3980 Denique
2491 3916 2612 3981 post
2667 3908 3002 3964 tentationes
3071 3930 3090 3954 ‹
3118 3907 3374 3964 diabolus
3415 3905 3660 3971 recessit,
3690 3903 3792 3972 ait,

2193 4013 2364 4071 usque
2394 3997 2463 4053 ad
2510 4005 2727 4070 tempus
2760 3997 2878 4070 (94)
2914 3998 3066 4069 (Luc.
3100 4013 3178 4064 1v,
3213 3996 3326 4068 13).
3359 4021 3378 4045 ι
3439 3995 3510 4050 Et
3542 3994 3657 4066 ipse
3685 3994 3793 4048 Do-

2193 4088 2414 4144 minus:
2462 4111 2480 4134 ι
2516 4086 2797 4158 Princeps,
2844 4086 3050 4158 inquit,
3108 4083 3274 4156 hujus
3304 4083 3497 4139 mundi
3526 4081 3701 4150 venit,
3737 4089 3792 4138 et

2195 4176 2252 4231 in
2283 4191 2370 4232 me
2385 4176 2600 4231 invenit
2631 4175 2773 4231 nihil
2794 4176 2977 4247 (Joan.
3002 4191 3122 4243 XIV,
3147 4174 3264 4245 30).
3293 4198 3311 4221 ι
3354 4173 3637 4243 Principes
3665 4186 3796 4242 ergo

2193 4264 2359 4337 hujus
2386 4265 2573 4320 saeculi
2617 4281 2713 4338 per
2767 4265 3132 4338 ignorantiam
3165 4264 3463 4322 Dominum
3494 4259 3795 4330 majestatis

2192 4354 2590 4412 cruciﬁxerunt
2617 4374 2630 4423 ;
2668 4373 2793 4412 nam
2825 4355 3140 4412 Judaeorum
3173 4353 3466 4426 principes,
3515 4349 3797 4425 quomodo

479 4443 578 4516 qui
601 4458 819 4499 crucem
848 4442 1052 4500 Christi
1083 4445 1306 4501 virtutis
1362 4447 1689 4503 testimonio
1746 4445 2075 4516 sapientiam
2114 4496 2160 4554 Β
2192 4445 2466 4516 principes
2495 4443 2660 4516 hujus
2713 4447 2901 4503 saeculi
2933 4453 3174 4518 possunt
3207 4441 3465 4513 intelligi,
3498 4441 3594 4512 qui
3641 4448 3800 4496 erant

481 4532 725 4554 ι-ι-.,.Α....
805 4531 870 4554 II:
909 4532 1047 4554 -..Ξ-Α
1114 4534 1380 4554 -Α-.2---ΑΑΑ
1442 4543 1484 4554 ,Α
1539 4535 1764 4554 ,,-x£-_.:
1800 4542 1924 4554 -___.A
1990 4537 2074 4554 ,η-
2197 4534 2420 4554 A,“l,3-_.2
2482 4552 2599 4554 ,,-,,,,
2696 4537 2763 4554 n,
2887 4552 2931 4554 ,_
2964 4536 2991 4554 ει
3049 4535 3114 4554 Π.
3181 4548 3352 4554 _-..__-
3421 4533 3793 4554 h-...-..-_.-_.

481 4532 743 4588 fatentur.
804 4531 874 4586 Hi
904 4532 1054 4587 enim
1112 4534 1384 4604 sapientes
1433 4543 1487 4589 et
1538 4535 1766 4606 perfecti
1796 4542 1946 4603 sunt,
1982 4537 2076 4608 qui

483 4618 646 4676 ﬁdem
679 4635 789 4674 non
822 4619 994 4692 magis
1034 4618 1220 4676 verbis
1249 4620 1472 4690 habent,
1506 4639 1668 4694 quam
1700 4622 1881 4680 rebus.

567 4734 586 4759 ι
615 4708 954 4781 Sapientiam
1017 4715 1202 4765 autem
1234 4726 1345 4766 non
1377 4709 1545 4784 hujus
1599 4711 1807 4768 saeculi.
1841 4738 1858 4760 ι
1915 4714 2079 4769 Recte

550 4831 870 4957 gazgorb.
903 4833 1100 4903 codex,
1131 4832 1229 4889 Dei
1258 4833 1543 4893 Verbum...
1561 4833 1655 4905 qui
1681 4840 1730 4890 et
1743 4841 1940 4906 praeter
1963 4836 2081 4890 elo-

481 4921 770 4976 quenttam.

557 4975 673 5056 (90)
707 4976 911 5056 omnes
962 4975 1096 5056 edit.
1127 4976 1476 5056 acnonnulli
1504 4993 1670 5056 mss.,_
1693 4978 1951 5056 dicebant.
1989 4979 2080 5034 Ea:

483 5047 675 5129 quibus
737 5048 980 5129 Marcion
1019 5047 1210 5129 traxit
1260 5065 1514 5129 errorem,
1576 5049 1670 5128 qui
1715 5049 1906 5129 arguit
1930 5068 1940 5103 :
1965 5066 2082 5128 qua:

481 5119 666 5174 clausa
720 5119 985 5176 videntur.
1018 5119 1147 5174 Mss.
1203 5135 1332 5191 vero
1379 5119 1807 5191 frequentissimi
1856 5120 2078 5188 rectius,

483 5197 546 5261 ut
576 5207 676 5246 nos
702 5191 762 5245 in
790 5197 985 5257 textu;
1036 5205 1198 5261 voces
1229 5189 1376 5245 enim
1410 5189 1526 5261 quia
1555 5191 1737 5261 arguit
1765 5191 2082 5248 referuntur

484 5259 553 5317 ad
609 5261 960 5334 Apostolum.
1019 5260 1168 5317 Infra
1197 5277 1348 5334 vero,
1392 5259 1486 5316 ubi
1518 5259 1650 5334 edit.
1682 5271 1736 5318 et
1769 5279 1894 5334 pars
1924 5280 2078 5332 mss.,

484 5335 626 5407 quod
644 5332 955 5407 prudentia,
973 5339 1096 5407 _etc._
1126 5349 1141 5407 _;
1201 5332 1308 5388 alia
1334 5348 1460 5404 pars
1499 5332 1744 5403 exhibet,
1770 5332 1914 5406 quod
1935 5352 2082 5407 pru-

483 5404 713 5460 dentiam
743 5405 928 5460 mundi
964 5404 1246 5461 invehitur.

559 5477 677 5548 (9f)
710 5478 791 5534 Ita
822 5477 956 5533 edit.
1013 5491 1224 5543 omnes,
1255 5491 1317 5548 ac
1350 5492 1477 5531 mss.
1515 5475 1766 5548 aliquot:
1802 5478 1898 5534 alii
1949 5495 2081 5536 vero

486 5546 682 5627 majori
728 5566 977 5627 numero,
1023 5555 1070 5627 e_t
1112 5547 1465 5627 inimicitiam.
1499 5546 1799 5627 gent—ibus...
1859 5552 2084 5627 ostendit

485 5618 612 5687 quia
642 5635 706 5673 ne
733 5620 1003 5678 hominum
1029 5618 1267 5692 favorem
1309 5619 1625 5692 acquireret,
1656 5619 1852 5678 idcirco
1883 5623 2082 5680 huma-

2192 4534 2424 4607 snbjecti
2478 4552 2644 4608 regno
2695 4536 2991 4593 Romano?
3048 4535 3120 4591 Et
3180 4548 3356 4607 neque
3419 4533 3796 4588 Romanorum

2185 4623 2458 4696 principes
2504 4623 2902 4680 cruciﬁxerunt
2947 4623 3236 4682 Christum
3268 4641 3282 4690 ;
3323 4621 3529 4695 quippe
3556 4635 3683 4676 cum
3715 4617 3801 4673 di-

2188 4715 2333 4770 xerit
2361 4715 2604 4770 Pilatus:
2675 4739 2694 4762 ι
2724 4713 2945 4772 Nullam
3004 4729 3227 4772 causam
3258 4712 3452 4768 mortis
3510 4711 3799 4767 inventam

2187 4854 2270 4892 me
2299 4839 2572 4908 sapientia;
2599 4839 2804 4908 placere
2833 4840 3082 4896 noluisse.

2262 4909 2904 5001 complures,
2943 4913 3056 5001 Sed.
3069 4912 3142 4968 ad
3172 4911 3518 5001 ostens-ionem
3545 4908 3796 5001 spijqitus,

2196 4982 2492 5055 _et_virtutis
2523 4982 2636 5037 Dei.
2700 4981 3129 5055 Cousequenter
3178 4992 3360 5040 autem
3395 4982 3550 5055 Com.
3580 4981 3719 5038 edit.
3749 4981 3800 5036 si

2190 5050 2354 5133 habet
2381 5054 2536 5133 :AHo'c
2579 5060 2670 5120 est,
2704 5055 2832 5133 quia
2861 5050 2980 5124 qua:
3019 5057 3190 5133 verbis
3211 5057 3471 5133 ρηβνηιᾳ,⁸
3487 5054 3660 5122 juxta
3688 5055 3801 5133 ιξὶν-

2191 5129 2347 5178 tutem
2385 5123 2570 5194 fortia,
2606 5143 2686 5179 res
2714 5123 2948 5195 fatuae...
2982 5135 3041 5183 ut
3077 5128 3247 5182 verbis
3275 5123 3575 5182 stultitia...
3608 5126 3800 5179 ratio-

2189 5211 2252 5249 ne
2282 5195 2585 5264 fundatam.
3659 5215 3672 5227 '

2221 5268 2378 5394 t
2408 5267 2569 5324 Corb.
2603 5266 2799 5336 codex,
2825 5268 2883 5323 in
2902 5270 3122 5336 mundo,
3153 5271 3216 5326 de
3260 5268 3342 5325 his
3371 5286 3489 5340 quw
3543 5273 3668 5322 erat
3696 5265 3803 5338 fa-

2191 5356 2394 5394 cru-rus.

2238 5410 2379 5491 .(94)
2439 5409 2587 5491 Idem
2640 5411 2836 5479 codex,
2887 5419 3010 5486 post
3061 5413 3533 5491 tentationesquas
3568 5407 3803 5491 Domino

2191 5482 2434 5563 diabolus
2464 5482 2665 5552 inferre
2709 5480 2906 5563 _ausus'
2928 5492 3022 5552 est,
3053 5485 3132 5542 ait
3159 5480 3511 5556 evangelista:
3571 5480 3810 5540 Recessit

2190 5553 2433 5612 diabolus
2460 5571 2624 5627 usque
2651 5557 2724 5614 ad
2755 5563 2975 5627 tempus.
