4090 6182
250 223 354 288 205

252 371 314 412 eo
359 357 543 428 (Joan.
588 374 710 426 xxx,
742 357 824 430 4).
874 383 894 407 ›

255 447 458 503 Iudaeis
483 466 495 502 :
546 471 565 495 ε
594 448 872 505 Innocens
899 465 1001 521 ego
1030 467 1152 506 sum
1175 467 1206 506 a
1226 453 1494 524 sanguine
1515 451 1654 525 justi
1677 453 1867 526 hujus,

253 556 352 595 vos
379 538 640 595 videritis
672 540 888 610 (Matth.
913 557 1097 606 xxvu,
1131 540 1247 613 24).
1292 568 1310 590 ι
1373 543 1440 598 Hi
1491 561 1619 617 ergo
1667 546 1868 617 princi-

253 643 342 699 pes
371 627 784 684 cruciﬁxerunt
808 629 1091 686 Christum
1132 632 1454 700 Dominum,
1488 651 1625 705 quos
1660 634 1870 690 trium-

253 716 450 788 phavit
482 718 657 774 libere
687 718 743 774 in
772 719 1067 790 semetipso
1099 721 1329 787 (Coloss.
1361 739 1422 790 ιι,
1468 723 1591 794 15);
1619 723 1870 796 quamvis

253 806 668 865 dicat-Marcus
713 810 1053 883 evangelista
1100 809 1168 865 de
1210 810 1598 870 daemonibus:
1663 840 1681 861 ι
1713 814 1870 870 Scie—

251 897 390 953 bant
440 899 585 952 enim
627 897 912 955 Christum
966 899 1147 970 ipsum
1197 917 1312 957 esse
1363 902 1550 957 Iesum
1599 905 1792 970 (Marc.
1829 921 1866 967 ι,

254 985 371 1057 34).
406 1010 425 1032 ι
454 987 712 1042 Scierunt
741 987 965 1060 quidem
997 988 1177 1060 ipsum
1212 1006 1346 1056 esse,
1381 991 1475 1046 sed
1503 992 1595 1064 qui
1650 992 1709 1046 in
1753 992 1868 1063 lege

255 1074 567 1145 promissus
593 1084 715 1130 erat
747 1093 759 1130 ε
797 1077 1115 1147 mysterium
1149 1085 1332 1134 tamen
1372 1077 1510 1150 ejus,
1545 1096 1654 1152 quo
1695 1081 1870 1135 Filius

254 1166 356 1221 Dei
386 1174 498 1231 est,
532 1167 863 1222 nesciebant.
900 1169 1012 1224 Hoc
1039 1169 1208 1225 etiam
1241 1180 1294 1226 et
1340 1172 1533 1228 Petrus
1587 1172 1868 1244 apostolus

254 1253 326 1311 ad
363 1256 634 1327 populum
675 1255 960 1311 Iudaicum
1012 1256 1159 1314 dixit
1209 1277 1219 1313 :
1268 1283 1284 1305 ι
1331 1260 1477 1328 Scio,
1502 1260 1715 1327 fratres,
1741 1261 1871 1333 quia

255 1361 358 1417 per
387 1345 747 1416 ignorantiam
783 1346 970 1416 egistis
1003 1347 1109 1404 hoc
1140 1349 1367 1416 malum,
1413 1356 1466 1404 et
1509 1349 1653 1406 sicut
1706 1350 1870 1421 prin-

253 1435 406 1506 cipes
439 1436 606 1490 vestri
641 1436 782 1506 (Act.
814 1453 902 1501 ui,
939 1437 1054 1506 17),
1085 1463 1102 1484 ι
1166 1455 1276 1494 non
1317 1446 1500 1494 tamen
1549 1438 1756 1494 saeculi.
1812 1439 1868 1499 Si

256 1539 387 1596 ergo
419 1538 520 1594 per
564 1524 936 1596 ignorantiam
981 1525 1126 1581 servi
1176 1526 1501 1582 occiderunt
1541 1527 1866 1596 Dominum,

253 1623 542 1685 peccatum
577 1614 658 1670 eis
687 1615 894 1671 ascribi
923 1632 1034 1671 non
1067 1615 1249 1672 debet.
1299 1615 1404 1673 Sed
1449 1632 1558 1673 non
1606 1617 1734 1673 licet
1765 1617 1869 1672 hoc

252 1703 530 1776 ignorare.
579 1703 650 1758 Et
709 1705 966 1777 quamvis
1020 1704 1322 1762 Dominum
1377 1722 1492 1761 esse
1548 1705 1862 1774 nescierint,

256 1794 432 1849 nescii
461 1802 649 1848 tamen
678 1810 787 1849 non
814 1801 972 1850 erant
997 1795 1128 1868 quia
1156 1811 1271 1850 rem
1303 1796 1532 1866 impiam
1564 1794 1862 1850 faciebant.

253 1885 540 1941 Dominus
571 1893 751 1941 tamen
780 1886 1082 1958 majestatis
1132 1888 1432 1944 cruciﬁxus
1482 1888 1708 1956 dicitur,
1742 1904 1866 1943 cum

256 1974 406 2028 mori
437 1974 690 2030 nesciat:
734 1974 827 2030 sed
869 1975 1000 2048 quia
1047 1976 1289 2032 Verbum
1340 1994 1466 2033 caro
1514 1977 1720 2033 factum
1766 1983 1869 2048 est,

255 2060 312 2119 id
345 2073 452 2130 est,
494 2065 591 2120 Dei
623 2065 796 2120 Filius
827 2065 1147 2122 incarnatus
1177 2066 1344 2122 homo
1392 2067 1571 2122 factus
1609 2075 1714 2135 est,
1764 2065 1871 2138 ipsi

255 2152 499 2224 ascripta
535 2162 622 2210 est
650 2171 801 2210 mors
830 2173 841 2210 :
875 2156 1002 2228 quia
1032 2155 1206 2211 Judaei
1238 2173 1349 2211 non
1408 2157 1600 2229 utique
1650 2171 1869 2212 carnem

264 2244 543 2316 persecuti
575 2253 726 2313 sunt,
759 2244 856 2300 sed
885 2260 1008 2300 eum
1041 2245 1136 2317 qui
1167 2245 1498 2317 operabatur
1512 2261 1606 2316 per
1627 2261 1870 2314 carnem;

260 2349 322 2391 ac
376 2350 476 2405 per
516 2333 627 2390 hoc
669 2333 929 2406 quamvis
971 2335 1257 2393 Dominus
1288 2333 1591 2406 majestatis
1644 2343 1875 2390 mortem

265 2423 500 2495 ignoret,
530 2431 800 2494 quantum
831 2430 1013 2477 tamen
1047 2424 1116 2479 ad
1143 2424 1457 2479 Judaeorum
1487 2431 1680 2478 votum
1714 2422 1877 2494 perti-

265 2521 380 2581 net,
415 2521 469 2568 et
500 2512 572 2568 ad
602 2512 917 2586 principum
941 2513 1107 2585 hujus
1134 2514 1344 2583 saeculi,
1377 2515 1677 2570 Dominum
1722 2515 1878 2571 occi-

269 2603 472 2659 derunt
503 2603 563 2658 in
593 2619 777 2659 carne.

343 2713 531 2785 (Vers.
568 2712 650 2785 9.)
700 2738 718 2759 ι
747 2711 852 2769 Sed
877 2713 1021 2770 sicut
1049 2714 1316 2787 scriptum
1343 2722 1430 2772 est
1459 2733 1469 2771 :
1507 2715 1664 2784 Quod
1687 2717 1881 2772 oculus

272 2818 380 2858 non
407 2802 575 2870 vidit,
630 2818 734 2859 nec
779 2803 926 2858 auris
975 2803 1211 2869 audivit,
1257 2821 1358 2861 nec
1402 2805 1459 2860 in
1501 2821 1598 2861 cor
1636 2805 1878 2861 hominis

271 2892 547 2960 ascendit,
576 2909 698 2964 quin
738 2894 1064 2965 praeparavit
1092 2896 1237 2950 Deus
1266 2895 1628 2968 diligentibus
1655 2912 1800 2950 eum.
1844 2919 1863 2942 ι

276 2983 390 3040 Hoc
450 2991 535 3039 est
597 2983 861 3054 scriptum
925 2983 983 3038 in
1034 2985 1368 3057 Apocalypsi
1422 2985 1590 3040 Helia:
1632 2986 1689 3040 in
1738 3002 1879 3058 apo-

1361 235 1721 293 COMMENT.
1765 237 1835 293 IN
1873 229 2091 294 EPIST.
2133 232 2156 293 Ι
2192 237 2288 295 ΑΙ)
2327 235 2484 296 COR.

957 357 1111 414 Unde
1158 366 1212 414 et
1255 375 1448 416 manus
1479 362 1633 430 lavit,
1665 363 1853 421 dicens
1882 373 1932 429 Α
1962 363 2314 420 ﬁrmamenti.
2372 366 2474 422 Hic
2547 381 2676 438 ergo
2740 366 3036 439 singularis
3109 369 3391 442 apostolus
3463 378 3568 440 est,

3463 239 3570 302 206

1967 454 2074 525 qui
2117 453 2258 509 hanc
2305 455 2532 526 gratiam
2584 465 2908 515 consecutus
2957 466 3070 527 est;
3117 460 3246 533 quia
3285 458 3574 517 Trinitatis

1979 549 2304 612 mysterium
2337 559 2368 596 a
2414 544 2568 598 nullo
2610 544 2688 601 sic
2737 547 2917 617 potuit
2962 549 3244 620 explanari
3278 566 3290 604 :
3327 549 3474 605 unde
3521 557 3574 606 et

1980 644 2076 685 vas
2103 631 2388 688 electionis
2419 633 2612 690 divino
2635 633 2851 706 judicio
2881 638 3154 695 vocitatus
3182 647 3264 696 est
3318 639 3463 712 (Act.
3489 657 3570 710 rx,

1983 719 2094 790 15).

2067 835 2084 855 ι
2114 808 2352 880 Spiritus
2378 811 2524 866 enim
2557 813 2743 869 omnia
2781 823 3075 884 scrutatur,
3119 819 3284 874 etiam
3334 820 3574 890 profun—

1979 897 2048 953 da
2079 899 2195 953 Dei.
2231 925 2247 945 ι
2288 899 2428 965 Quia
2457 902 2604 956 enim
2634 903 2701 958 de
2731 906 2842 960 Deo
2870 912 2953 961 est
2986 905 3077 962 hic
3107 906 3363 978 Spiritus,
3389 910 3577 966 omnia

1980 988 2156 1042 novit.
2206 1012 2223 1033 ι
2257 988 2354 1043 Dei
2386 991 2660 1060 profunda
2681 1016 2696 1037 -
2736 1000 2915 1049 autem
2939 995 3063 1050 ideo
3087 997 3184 1064 ait,
3209 997 3337 1069 quia
3353 1014 3576 1054 omnem

1979 1075 2240 1130 virtutem
2275 1084 2329 1131 et
2360 1080 2754 1149 praescientiam
2799 1081 2916 1154 ejus
2955 1086 3113 1140 novit
3145 1103 3156 1141 :
3189 1085 3336 1158 quod
3383 1087 3574 1143 omni-

1980 1181 2052 1220 no
2079 1173 2340 1221 creaturze
2370 1168 2710 1240 impossibile
2741 1179 2841 1227 est.

2053 1255 2236 1325 (Vers.
2274 1257 2387 1326 11.)
2436 1282 2452 1304 ι
2483 1257 2618 1324 Quis
2665 1260 2814 1316 enim
2860 1261 2962 1318 scit
3020 1261 3309 1318 hominum
3342 1279 3402 1319 ea
3435 1264 3574 1335 (96),

1979 1360 2099 1416 quae
2129 1352 2275 1413 sunt,
2295 1345 2574 1415 .hominis,
2621 1349 2729 1403 nisi
2774 1350 3004 1421 spiritus
3055 1351 3320 1421 hominis,
3374 1353 3468 1424 qui
3519 1353 3577 1408 in

1981 1433 2098 1504 ipso
2128 1440 2209 1489 est
2240 1435 2266 1489 ?
2307 1460 2324 1482 ›
2377 1436 2726 1493 Manifestum
2775 1446 2856 1494 est
2897 1440 3255 1512 cogitationes
3306 1451 3524 1498 nostras
3552 1458 3583 1498 a

1978 1522 2133 1578 nullo
2154 1523 2307 1591 sciri,
2358 1524 2466 1580 nisi
2515 1525 2584 1581 ab
2628 1527 2815 1583 animo
2856 1537 3065 1598 nostro,
3111 1545 3272 1603 quem
3321 1530 3579 1602 spiritum

1979 1610 2143 1668 dixit.
2178 1614 2426 1687 Denique
2457 1615 2515 1669 in
2561 1616 2865 1689 Evangelia
2914 1621 3056 1674 inter
3093 1628 3287 1677 caetera
3331 1621 3412 1678 sic
3456 1623 3576 1679 ait:

1993 1727 2010 1747 -
2040 1703 2112 1757 Et
2146 1702 2377 1775 spiritus
2406 1703 2524 1775 ejus
2554 1720 2806 1763 reversus
2835 1714 2916 1763 est
2951 1709 3019 1764 ad
3068 1708 3221 1765 illam
3256 1710 3407 1782 (Luc.
3459 1729 3578 1796 VIII,

1895 1754 1939 1812 Β
1977 1754 2144 1863 δεῖ.

2069 1917 2084 1938 υ
2112 1891 2201 1949 Sic
2232 1901 2284 1948 et
2316 1910 2434 1966 quae
2465 1897 2564 1952 Dei
2591 1907 2740 1964 sunt,
2771 1913 2934 1954 nemo
2960 1897 3136 1966 novit,
3186 1897 3296 1953 nisi
3344 1898 3582 1971 Spiritus

1984 1983 2102 2038 Dei.
2139 2008 2155 2030 ι
2191 1984 2294 2040 Hic
2323 1985 2561 2057 Spiritus
2590 1987 2689 2044 Dei
2718 1987 2907 2043 docuit
2936 2004 3056 2055 nos,
3084 1985 3231 2059 quod
3272 1987 3377 2044 scit
3421 1995 3578 2044 natu-

1984 2072 2194 2142 raliter,
2229 2090 2339 2130 non
2371 2074 2567 2132 doctus
2603 2077 2718 2148 (97)
2745 2096 2758 2144 ;
2799 2086 2853 2132 et
2881 2077 3070 2133 docuit
3097 2093 3197 2132 nos
3217 2077 3284 2133 de
3315 2080 3584 2150 mysterio

1985 2159 2228 2230 Christi;
2279 2166 2407 2236 quia
2451 2181 2560 2221 non
2601 2166 2782 2221 solum
2831 2166 3068 2238 Spiritus
3112 2166 3210 2222 Dei
3257 2174 3357 2234 est,
3389 2168 3483 2224 sed
3532 2176 3586 2225 et

1985 2252 2215 2311 Christi.

2061 2353 2242 2425 (Vers.
2299 2354 2413 2428 i2.)
2477 2381 2494 2402 ‹
2544 2357 2654 2413 Nos
2701 2374 2811 2412 non
2867 2366 3049 2413 autem
3107 2358 3364 2431 spiritum
3419 2358 3587 2431 hujus

1989 2444 2182 2498 mundi
2216 2445 2529 2516 accepimus
2558 2463 2571 2512 ;
2607 2445 2700 2501 sed
2729 2446 2995 2518 Spiritum
3035 2447 3129 2520 qui
3172 2464 3241 2503 ex
3271 2450 3385 2504 Deo
3413 2457 3512 2505 est.
3554 2473 3573 2496 ι

1990 2532 2131 2590 Hinc
2158 2535 2366 2590 scimus
2395 2534 2522 2606 quia
2553 2534 2844 2605 Spiritum,
2877 2536 2972 2608 qui
3016 2535 3082 2591 de
3129 2538 3242 2591 Deo
3293 2545 3393 2604 est,
3421 2553 3588 2594 accc--

1988 2622 2191 2693 pimus,
2221 2623 2351 2694 quia
2381 2622 2573 2677 mundi
2603 2623 2830 2694 spiritus
2874 2640 2986 2678 non
3029 2631 3208 2695 potest
3255 2627 3415 2692 scire,
3463 2642 3585 2698 quae

1987 2710 2055 2765 ab
2086 2709 2191 2766 hoc
2223 2710 2385 2766 nobis
2419 2710 2696 2767 insinuata
2733 2717 2881 2766 sunt.
2915 2711 3153 2783 Spiritus
3172 2719 3356 2768 tamen
3390 2713 3584 2769 mundi

1988 2799 2081 2855 hic
2128 2807 2228 2867 est,
2275 2815 2373 2872 per
2421 2816 2582 2872 quem
2634 2799 2978 2872 arripiuntur
3017 2799 3263 2869 fanatici,
3318 2802 3410 2874 qui
3465 2802 3586 2857 sine

1986 2892 2099 2946 Deo
2134 2901 2300 2959 sunt;
2334 2901 2415 2947 est
2444 2891 2589 2947 enim
2623 2891 2767 2947 inter
2797 2890 3342 2962 mundanosspiritus
3373 2891 3586 2963 potior;

1987 2983 2133 3040 unde
2161 2983 2299 3039 solet
2327 2983 2683 3055 conjecturis,
2729 2999 2849 3055 quae
2899 2981 3092 3038 mundi
3137 2989 3270 3038 sunt
3311 2982 3583 3052 divinare,

272 3073 510 3145 cryphis
545 3072 683 3144 (95).
716 3073 817 3128 Per
861 3072 968 3128 hoc
1016 3076 1333 3146 exemplum
1381 3075 1718 3147 inopinatam
1761 3092 1876 3131 rem
1912 3114 1955 3174 Ο
1986 3089 2145 3174 quem
2183 3073 2482 3174 pythﬁon‘em
2502 3072 3240 3174 appellantllicest
3259 3073 3589 3174 veri-similia

269 3163 485 3219 factam
513 3161 667 3229 dicit,
693 3170 747 3218 et
775 3179 894 3235 quae
924 3179 1036 3218 non
1076 3165 1255 3220 solum
1296 3164 1353 3220 in
1394 3164 1697 3221 humanum
1737 3181 1872 3220 sen-

267 3267 396 3307 sum
429 3267 541 3306 non
574 3251 804 3320 caderet,
837 3251 930 3308 sed
965 3262 1019 3309 et
1056 3255 1304 3311 caelestes
1334 3254 1606 3327 potentias
1657 3256 1870 3325 lateret,

267 3342 368 3399 Dei
407 3341 622 3398 scilicet
644 3342 850 3398 Filium
884 3349 919 3404 1
935 3347 1025 3404 19
1049 3343 1427 3411 incarnatum;
1460 3353 1522 3400 ut
1542 3344 1688 3417 quod
1710 3360 1872 3416 supra

269 3437 506 3507 dixerat,
564 3439 830 3507 ﬁrmaret,
878 3441 1008 3514 quia
1053 3441 1099 3498 si
1150 3441 1426 3515 principes
1472 3441 1638 3514 hujus
1684 3444 1871 3499 saculi

270 3528 440 3584 Deum
474 3528 761 3585 hominem
794 3528 998 3585 factum
1050 3546 1161 3587 non
1209 3531 1624 3600 intellexerunt,
1668 3539 1873 3604 quanto

271 3617 439 3690 magis
497 3617 757 3674 homines
798 3619 810 3673 l
871 3618 978 3674 Sed
1029 3619 1074 3674 si
1130 3618 1298 3674 verba
1349 3620 1744 3677 olfendiculum
1785 3619 1874 3675 vel

271 3707 588 3764 scandalum
638 3707 943 3775 faciebant;
994 3707 1299 3765 virtutibus
1352 3716 1535 3765 tamen
1594 3718 1648 3765 et
1702 3709 1874 3781 signis

271 3794 399 3853 ﬁdes
443 3814 557 3852 non
600 3797 866 3853 debuerat
904 3797 1182 3870 denegari.
1246 3798 1562 3856 Inﬁrmitati
1615 3799 1763 3855 enim
1820 3808 1874 3856 et

267 3887 595 3960 ignorantiae
651 3888 914 3946 humanm
966 3889 1143 3945 virtus
1198 3888 1463 3946 debuerat
1520 3890 1786 3962 praeponi,
1818 3898 1872 3946 et

257 3979 413 4035 credi
443 3979 598 4052 quod
621 3979 876 4034 humanae
907 3978 1105 4034 rationi
1157 3978 1501 4051 impossibile
1537 3980 1866 4042 videbatur;

252 4067 507 4143 ideoque
546 4069 909 4138 diligentibus
934 4070 1133 4138 Deum,
1156 4069 1213 4124 id
1232 4077 1334 4139 est,
1366 4070 1720 4128 credentibus
1740 4087 1872 4143 prae-

249 4158 493 4232 paravit
532 4155 741 4208 donum
767 4157 893 4212 hoc.

325 4263 534 4337 (Vers.
575 4258 692 4331 10.)
739 4283 756 4305 ‹
785 4260 956 4316 Nobis
983 4278 1115 4316 vero
1144 4264 1406 4321 revelavit
1434 4267 1577 4324 Deus
1615 4283 1712 4340 per
1739 4267 1875 4341 Spi—

247 4356 438 4412 ritum
472 4366 655 4406 suum.
688 4375 708 4398 ι
752 4351 825 4406 Et
856 4350 986 4423 quia
1017 4351 1296 4423 principes
1316 4355 1499 4408 saeculi
1528 4356 1635 4411 hoc
1661 4358 1873 4428 ignora-

247 4445 420 4510 bant,
459 4441 608 4497 Deus
660 4439 764 4499 hoc
795 4457 893 4513 per
938 4441 1210 4513 Spiritum
1255 4456 1414 4495 suum
1465 4445 1873 4502 revelavitcre—

246 4531 566 4596 dentibus;
601 4530 728 4602 quia
757 4547 840 4585 res
869 4530 965 4586 Dei
999 4547 1111 4586 non
1145 4538 1327 4602 potest
1356 4530 1474 4586 sine
1522 4532 1730 4602 Spiritu
1770 4536 1871 4591 Dei

247 4620 505 4679 addisci.
539 4620 676 4676 Nam
727 4635 835 4674 non
885 4621 1062 4676 solum
1105 4617 1434 4675 hominibus
1473 4631 1874 4680 sacramentum

247 4707 418 4768 istud
445 4708 676 4764 missum
704 4725 763 4764 se
802 4707 937 4764 dicit
965 4709 1263 4779 declarare,
1297 4709 1390 4766 sed
1426 4717 1480 4766 et
1524 4709 1873 4783 principibus

244 4808 314 4856 et
387 4797 747 4869 potestatibus
804 4798 1137 4866 caalestibus,
1197 4800 1290 4872 qui
1345 4800 1644 4856 Dominum
1688 4803 1873 4859 cruci-

246 4890 546 4956 ﬁxerunt;
581 4896 641 4944 ut
669 4887 777 4943 hoc
821 4886 1150 4959 praedicante
1191 4889 1247 4944 in
1300 4893 1480 4958 terris,
1533 4890 1748 4948 discant
1775 4893 1873 4964 qui

245 4987 399 5037 sunt
432 4978 493 5034 in
516 4977 829 5036 carnalibus
859 4977 1034 5046 ccelis,
1066 4977 1160 5050 qui
1202 4977 1406 5051 degunt
1439 4979 1542 5035 sub
1580 4980 1869 5038 elementis

339 5179 464 5261 (95)
497 5178 802 5261 Sicomnes
851 5177 1294 5261 mss.,“exceptis
1330 5177 1550 5261 'Ijhugm.
1592 5185 1647 5235 et
1691 5179 1864 5261 Laud.

245 5249 363 5324 ubi
411 5249 555 5324 sicut
604 5251 659 5306 in
706 5250 919 5308 cunctis
959 5249 1096 5306 edit.
1159 5250 1321 5322 legas,
1351 5250 1408 5304 in
1439 5252 1586 5307 Isaia
1607 5253 1869 5324 propheta

245 5323 391 5378 aliis
411 5322 604 5377 verbis.

340 5394 461 5464 (96)
496 5393 654 5449 Rom.
691 5391 824 5449 edit.
857 5409 918 5449 ac
961 5409 1090 5448 mss.
1125 5392 1404 5460 nonnulli,
1430 5393 1558 5461 Quis
1595 5395 1732 5450 enim
1760 5396 1865 5450 ho-

247 5465 472 5520 minum
512 5466 608 5520 scit
653 5465 879 5520 hominis
919 5465 1250 5519 absconditus
1275 5481 1293 5518 :
1343 5473 1452 5520 vet.
1505 5472 1685 5522 autem
1725 5467 1859 5525 edit.

247 5545 314 5594 et
361 5536 979 5610 missafrequentissimi,
1011 5541 1072 5592 ut
1100 5535 1159 5610 in
1187 5542 1470 5592 contextu.

338 5608 461 5681 (97)
496 5607 654 5667 Romi
686 5607 818 5678 edit,
850 5625 976 5668 cum
1004 5608 1193 5682 paucis
1215 5625 1372 5678 mss.,
1403 5609 1544 5682 quod
1574 5609 1862 5667 scitnatu-

1988 3161 2203 3218 fallitur
2222 3169 2277 3217 et
2306 3161 2486 3217 fallit:
2521 3161 2614 3218 hic
2644 3169 2725 3217 est
2768 3161 2863 3234 qui
2913 3177 3008 3233 per
3050 3160 3320 3234 Sibyllam
3371 3163 3587 3218 locutus

1984 3258 2087 3318 est,
2138 3266 2359 3306 sensum
2407 3259 2660 3306 nostrum
2712 3257 2950 3318 secutus,
3003 3250 3184 3306 locum
3215 3251 3407 3307 volens
3438 3251 3588 3308 inter

1984 3339 2230 3396 ctelestes
2261 3338 2478 3395 habere.

2073 3460 2091 3486 ι
2129 3438 2198 3494 Ut
2231 3439 2469 3494 sciamus
2498 3454 2619 3510 quae
2663 3454 2694 3493 a
2736 3439 2851 3494 Deo
2897 3438 3100 3494 donata
3146 3447 3279 3494 sunt
3325 3437 3507 3494 nobis.
3551 3462 3569 3483 ι

1985 3527 2123 3594 Quia
2169 3528 2316 3582 enim
2364 3528 2466 3584 Dei
2514 3527 2752 3600 Spiritus
2799 3527 2958 3584 datus
3020 3534 3102 3584 est
3155 3527 3338 3596 nobis,
3381 3525 3586 3584 scimus

1985 3633 2104 3690 quae
2134 3635 2164 3672 a
2193 3620 2306 3674 Deo
2335 3618 2536 3674 donata
2568 3625 2698 3674 sunt
2728 3618 2910 3674 nobis.
2942 3617 3064 3675 Non
3095 3619 3243 3674 enim
3289 3617 3408 3675 haec
3450 3634 3588 3690 pos-

1986 3723 2168 3763 semus
2196 3708 2358 3773 scire,
2387 3709 2432 3764 si
2474 3708 2668 3764 mundi
2712 3707 2968 3780 spiritum
3033 3707 3398 3776 haberemus;
3457 3708 3587 3781 quia

1985 3813 2097 3853 non
2155 3805 2332 3869 potest
2390 3797 2585 3853 mundi
2645 3797 2787 3854 scire
2843 3797 3072 3870 spiritus
3139 3799 3280 3870 (98).
3354 3799 3583 3855 Sensum

1985 3887 2131 3943 enim
2163 3887 2261 3941 Dei
2292 3903 2452 3942 nemo
2484 3887 2660 3955 novit,
2708 3888 2817 3944 nisi
2859 3889 2954 3962 qui
3002 3887 3070 3945 de
3112 3891 3225 3945 Deo
3272 3896 3373 3956 est,
3415 3889 3584 3960 Spiri-

1984 3983 2074 4031 tus
2114 3973 2239 4042 Dei;
2293 3975 2556 4032 inferiora
2602 3977 2753 4032 enim
2796 3993 2910 4033 non
2959 3984 3188 4050 possunt
3235 3977 3582 4047 superiorum

1985 4065 2124 4121 scire
2199 4064 2516 4135 consilium,
2594 4069 2778 4139 neque‘
2835 4073 3084 4124 creatura
3139 4064 3442 4123 conditoris
3496 4065 3582 4121 sui

1987 4152 2307 4226 dignoscere
2333 4156 2695 4211 voluntatem.

2058 4252 2240 4326 (Vers.
2274 4252 2360 4321 13,
2407 4254 2519 4324 ili.)
2583 4277 2601 4300 ε
2629 4252 2761 4319 Quae
2814 4259 2868 4308 et
2921 4250 3221 4325 loquimur.
3269 4277 3288 4300 ι
3333 4251 3404 4308 Ut
3450 4249 3584 4307 hinc

1987 4345 2338 4400 manifestum
2369 4345 2439 4399 sit
2471 4345 2610 4400 scire
2654 4360 2753 4399 nos
2797 4360 2919 4416 qua:
2957 4359 2988 4398 a
3019 4345 3132 4400 Deo
3181 4343 3340 4398 nobis
3382 4341 3583 4399 donata

1985 4441 2145 4501 sunt;
2181 4433 2309 4506 quia
2341 4432 2459 4488 haec
2484 4441 2538 4488 et
2568 4431 2869 4504 loquimur,
2901 4439 2962 4487 ut
2987 4439 3041 4487 et
3068 4431 3162 4486 alii
3217 4431 3433 4487 discant
3486 4445 3584 4501 per

1980 4521 2285 4578 doctrinam
2317 4522 2644 4594 spiritalem.
2693 4520 3153 4577 Praedicatoribus
3197 4520 3366 4586 enim,
3402 4518 3457 4574 id
3499 4526 3582 4574 est

1985 4611 2247 4683 apostolis
2291 4610 2574 4666 insinuata
2619 4610 2892 4667 divinitus
2940 4617 3087 4677 sunt,
3133 4625 3254 4682 quae
3303 4606 3582 4663 traderent

1983 4701 2221 4772 populis,
2253 4707 2307 4754 et
2325 4699 2671 4756 addiscerent
2703 4699 2979 4772 principes
3009 4697 3177 4770 hujus
3224 4697 3414 4754 seculi
3446 4696 3580 4770 quid

1983 4789 2336 4846 admisissent
2369 4789 2520 4844 mali.

2066 4903 2084 4925 ι
2133 4880 2255 4935 Νοη
2305 4878 2363 4933 in
2410 4877 2662 4933 doctrina
2707 4875 3003 4933 verborum
3051 4877 3306 4934 humanae
3367 4877 3578 4951 sapien-

1979 4967 2091 5036 tiae,
2124 4967 2217 5024 sed
2247 4967 2306 5023 in
2335 4968 2587 5025 doctrina
2611 4967 2876 5041 spiritus;
2911 4993 2930 5018 ι
2977 4968 3146 5025 verba
3174 4968 3321 5024 enim
3371 4967 3580 5025 huma-

1975 5180 2168 5235 raliter
2200 5196 2307 5234 non
2334 5179 2546 5243 doctos;
2568 5177 2794 5252 reliquae
2822 5176 2953 5233 edit.
2984 5194 3048 5236 ac
3078 5195 3208 5235 mss.
3242 5193 3446 5252 magno
3476 5191 3574 5231 nu-

1976 5266 2148 5320 mero,
2175 5253 2314 5320 quod
2360 5252 2456 5305 scit
2502 5249 2826 5322 naturdliter
2865 5267 2972 5304 non
3017 5251 3218 5322 doctus,
3249 5249 3304 5304 id
3330 5249 3429 5315 est,
3463 5262 3572 5301 non

1974 5339 2072 5394 per
2099 5323 2407 5379 doctrinam
2435 5321 2660 5377 aliunde
2680 5329 2980 5393 acceptam.

2047 5394 2163 5467 (98)
2196 5395 2277 5450 Ita
2317 5402 2421 5450 vet.
2455 5394 2587 5450 edit.
2609 5410 2673 5450 ac
2701 5388 2831 5467 mss'.
2864 5394 3022 5466 longe
3053 5390 3299 5467 plurimi;
3321 5396 3377 5444 at
3406 5388 3568 5444 Rom.

1971 5463 2104 5522 edit.
2140 5463 2266 5523 cum
2306 5467 2429 5522 aliis
2468 5466 2755 5522 nonnullis
2807 5463 3097 5534 mss.,noa
3135 5466 3304 5533 potest
3347 5476 3408 5516 ea
3455 5475 3576 5531 quae

1969 5545 2091 5594 sunt
2117 5539 2217 5595 Dei
2242 5538 2376 5594 scire
2403 5539 2589 5596 mundi
2613 5538 2854 5608 spiritus.
