4090 6182
510 297 615 364 207

1539 307 1636 362 ΑΙ)
1675 305 1909 362 OPERA
1946 304 2004 362 S.
2045 303 2378 362 AMBROSII
2417 297 2796 362 APPENDIX.

3716 297 3825 361 208

514 445 600 486 me
627 427 906 501 sapientia
935 427 1084 485 hunc
1111 443 1331 484 sensum
1359 444 1472 485 non
1495 428 1706 495 vident,
1740 443 1914 499 neque
1961 428 2102 484 litte-
2141 431 2192 490 Α
2221 427 2277 482 ni
2309 427 2336 483 ?
2388 428 2510 500 quis
2567 428 2832 483 instruxit
2882 443 3007 483 eum
3067 428 3200 498 (Isa.
3233 443 3325 493 xL,
3361 426 3449 497 13)
3482 425 3509 481 ?
3539 451 3557 473 ι
3620 426 3824 484 Sensus

513 528 713 578 raturae
740 520 937 577 studiis
965 520 1396 594 apprehenditur
1439 520 1555 591 (99)
1616 563 1628 573 .
1660 518 1754 574 sed
1802 536 1897 591 per
1949 518 2113 575 ﬁdem

513 611 751 685 spiritali
783 611 994 667 ratione
1041 610 1371 684 concipitur,
1405 610 1620 666 dicente
1649 609 1784 665 Isaia
1817 610 2108 681 propheta:

525 725 544 746 α
575 699 692 756 Nisi
724 700 1094 769 credideritis,
1125 716 1302 773 neque
1330 698 1649 770 intelligetis
1680 699 1812 768 (Isa.
1852 717 1949 764 vn,
1978 699 2058 768 9).
2084 724 2102 747 ι

510 790 758 846 Naturali
792 791 939 846 enim
968 791 1138 861 magis
1168 789 1304 859 lege,
1339 804 1500 860 quam
1552 803 1719 842 cursu
1767 786 2031 854 siderum,
2063 794 2117 842 et

512 879 744 935 calculis
793 880 1096 950 signorum,
1143 895 1262 949 quae
1302 877 1360 931 in
1405 877 1753 932 ﬁrmamento
1799 875 2112 943 denotatur,

511 967 832 1024 addiscitur.
865 967 1112 1038 Denique
1137 966 1420 1022 credentes
1449 982 1558 1021 non
1611 965 1866 1020 humanis
1909 964 2112 1032 verbis,

509 1057 605 1113 sed
634 1064 843 1112 naturae
874 1072 984 1111 sua:
1035 1055 1228 1112 vident
1269 1071 1594 1126 congruere,
1643 1054 1790 1127 quod
1839 1054 2109 1119 credunt;

509 1163 646 1218 opus
691 1145 836 1201 enim
870 1145 1113 1217 agnoscit
1141 1144 1393 1216 opiﬁcem
1429 1162 1440 1198 :
1484 1143 1714 1216 ideoque
1752 1143 2111 1213 Evangelium

509 1234 711 1290 animis
742 1234 944 1288 nostris
985 1233 1231 1304 loquitur
1276 1232 1566 1304 spiritalia,
1599 1231 1846 1288 excitans
1878 1231 2000 1286 illos
2046 1231 2113 1286 ad

510 1322 883 1396 cognitionem
915 1321 997 1376 sui
1031 1320 1324 1378 Creatoris.
1899 1383 1920 1402 α

597 1436 615 1459 ε
641 1412 996 1484 Spiritalihus
1026 1411 1296 1484 spiritalia
1343 1419 1738 1484 comparantes.
1773 1436 1791 1459 ι
1846 1411 1961 1468 Hoc
2009 1417 2111 1479 est,

513 1501 581 1557 iis
611 1501 706 1573 qui
739 1499 1073 1556 mundanam
1107 1500 1452 1574 prudentiam
1499 1500 1758 1568 refutant,
1809 1501 2111 1571 spiritalem

511 1589 807 1646 efﬁcaciam
839 1589 1072 1658 tradere,
1106 1606 1226 1663 quae
1275 1591 1540 1662 mysterio
1588 1588 1718 1644 ﬁdei
1772 1591 2112 1662 continetur,

510 1677 578 1733 ad
625 1677 1054 1735 illuminandum
1100 1695 1292 1736 sensus
1341 1679 1738 1736 benevolorum
1785 1678 2107 1749 hominum;

509 1764 795 1822 credentes
824 1766 972 1822 enim
1003 1783 1124 1840 quae
1153 1766 1346 1822 mundi
1376 1765 1647 1838 sapientia
1676 1767 1846 1824 stulta
1867 1765 2104 1838 judicat,
2136 1805 2183 1865 Β

510 1855 785 1925 spiritales
816 1864 964 1912 sunt.

594 1969 614 1990 ι
665 1945 939 2002 Animalis
991 1955 1173 2003 autem
1223 1947 1390 2004 homo
1438 1964 1548 2003 non
1596 1947 1828 2020 percipit
1875 1964 1938 2003 ea
1988 1964 2108 2021 quae

509 2048 639 2098 sunt
679 2041 921 2113 Spiritus
965 2043 1114 2109 Dei;
1173 2043 1411 2098 stultitia
1458 2042 1606 2098 enim
1655 2051 1736 2098 est
1785 2041 1871 2097 illi
1925 2042 2030 2112 (l).
2078 2067 2096 2090 ι

511 2128 809 2186 Pecoribus
839 2130 987 2187 enim
1017 2131 1220 2187 similis
1263 2137 1404 2194 120
1454 2147 1674 2186 sensum
1708 2147 1866 2186 suum
1901 2131 1958 2185 in
1989 2139 2109 2187 ter-

509 2243 625 2283 ram
673 2228 936 2301 deprimit
985 2249 996 2286 :
1043 2230 1276 2303 ideoque
1321 2247 1431 2285 non
1480 2229 1789 2302 assequitur
1835 2229 1942 2284 nisi
1989 2245 2107 2302 qua:

507 2317 697 2373 videt:
731 2334 832 2375 nec
862 2327 1013 2391 putat
1040 2319 1251 2392 aliquid
1279 2335 1433 2392 posse
1464 2319 1582 2375 ﬁeri
1621 2335 1786 2392 quam
1833 2317 2109 2390 quomodo

508 2403 631 2460 scit.
665 2404 794 2460 Ideo
824 2405 1096 2478 quidquid
1125 2407 1285 2462 aliter
1325 2406 1499 2472 audit,
1552 2423 1713 2479 quam
1759 2405 1938 2474 novit,
1972 2406 2108 2460 stul-

510 2501 626 2549 tum
655 2493 906 2567 judicat;
942 2495 1084 2550 nihil
1121 2497 1270 2550 enim
1301 2495 1583 2552 existimat
1628 2511 1784 2567 posse
1823 2493 1940 2549 ﬁeri
1991 2493 2108 2549 sine

509 2582 916 2639 commistione.
980 2584 1134 2640 Unde
1192 2584 1334 2639 ridet
1395 2583 1623 2639 audiens
1690 2585 1862 2640 Deum
1929 2582 2105 2639 ﬁlium

506 2672 780 2743 genuisse,
813 2688 973 2744 quem
999 2673 1103 2728 scit
1133 2673 1440 2744 simplicem
1472 2680 1524 2728 et
1556 2673 1937 2745 incorporeum
1983 2691 1996 2739 ;
2054 2680 2106 2727 et

505 2762 790 2834 Virginem
850 2764 1140 2834 peperisse,
1190 2771 1244 2820 et
1305 2765 1544 2820 resoluta
1598 2779 1828 2835 corpora
1887 2779 2104 2818 rursum

502 2851 750 2907 revocari
806 2850 876 2906 ad
931 2851 1145 2919 vitam;
1197 2869 1323 2908 cum
1375 2852 1491 2908 haec
1544 2852 1716 2923 magis
1769 2851 1836 2907 ad
1889 2850 2102 2907 laudem

502 2941 604 2995 Dei
653 2940 964 3010 proﬁciant,
1014 2949 1076 2995 ut
1123 2941 1378 2995 credatur
1426 2940 1639 3008 fecisse,
1705 2940 1865 3012 cujus
1926 2941 2107 3013 operis

509 3029 652 3086 ratio
683 3028 1002 3100 investigari
1052 3044 1164 3083 non
1210 3028 1383 3100 possit
1437 3045 1449 3082 :
1501 3030 1646 3084 Deus
1692 3039 1774 3084 est
1803 3030 1974 3098 enim,
2007 3032 2102 3103 qui

499 3118 646 3174 fecit.
706 3117 1063 3174 Imbecillitas
1127 3116 1276 3172 enim
1333 3117 1574 3172 humana
1637 3118 1867 3173 stultum
1930 3127 2104 3190 putat,

497 3206 645 3280 quod
694 3206 925 3262 scientia
952 3224 1048 3263 sua
1077 3223 1187 3262 non
1216 3206 1497 3262 concludit
1538 3225 1551 3273 ;
1607 3224 1731 3263 cum
1781 3207 1884 3264 hoc
1934 3210 2106 3280 magis

496 3295 729 3352 stultum
757 3295 980 3352 deberet
1009 3295 1229 3364 habere,
1252 3303 1305 3350 et
1337 3295 1476 3350 illud
1507 3295 1767 3367 prudens,
1791 3297 1935 3370 quod
1968 3297 2100 3370 quia

493 3385 592 3441 Dei
628 3387 832 3443 factum
864 3387 1089 3456 dicitur,
1121 3403 1232 3443 non
1262 3395 1440 3460 potest
1459 3386 1885 3458 comprehendi.

581 3502 597 3524 ι
645 3476 716 3532 Et
767 3493 878 3532 non
932 3485 1110 3549 potest
1158 3475 1587 3549 scire,quoniam
1640 3475 1964 3548 spiritaliter
2012 3475 2098 3547 ju-

494 3561 732 3619 dicatur.
773 3588 791 3610 ι
846 3564 1151 3620 Humanam
1183 3563 1542 3619 traditionem
1605 3572 1915 3636 sequentes,
1964 3564 2096 3620 dum

494 3650 661 3705 unius
689 3651 788 3706 Dei
819 3650 983 3706 ﬁdem
1015 3653 1310 3724 abnegant,
1341 3651 1704 3724 spiritualiter
1748 3652 1952 3708 factum
1993 3660 2096 3720 est,

492 3738 640 3811 quod
670 3738 883 3794 ratione
910 3740 1092 3796 carnis
1121 3739 1299 3796 inﬂati
1335 3749 1529 3814 putant
1556 3741 1678 3797 ﬁeri
1729 3759 1838 3798 non
1882 3758 2038 3815 posse
2072 3761 2084 3798 :

495 3836 549 3884 et
602 3828 681 3886 sic
731 3829 951 3902 reprobi
1008 3831 1278 3899 annotati,
1354 3831 1682 3904 spiritaliter
1743 3831 2094 3889 condemnati

491 3925 639 3974 sunt.

566 4017 749 4089 (Vers.
787 4017 899 4091 15.)
946 4044 964 4067 ι
994 4016 1270 4092 Spiritalis
1317 4033 1452 4073 vero
1493 4017 1762 4090 dijudicat
1805 4019 2014 4086 omnia,
2043 4025 2095 4073 et

491 4107 606 4182 ipse
635 4126 666 4164 a
692 4109 913 4165 nemine
935 4107 1242 4181 judicatur.
1275 4131 1294 4155 ι
1341 4106 1613 4175 Quoniam
1643 4123 1772 4164 vera
1802 4108 1941 4164 ratio
1972 4107 2095 4179 spi—

492 4197 773 4254 ritualium
819 4208 920 4268 est,
969 4197 1027 4256 id
1075 4205 1178 4268 est,
1221 4196 1556 4256 credendum
1593 4215 1607 4263 ;
1643 4195 1749 4252 hoc
1787 4195 1934 4251 enim
1971 4196 2094 4267 quis

494 4294 868 4357 nuncupatur,
901 4287 1048 4362 quod
1079 4287 1256 4345 credit
1287 4305 1298 4343 :
1337 4286 1462 4342 ideo
1486 4285 1588 4358 ipsi
1610 4285 1797 4341 omnia
1817 4284 2088 4357 judicant.

493 4373 743 4444 Ipsorum
798 4375 945 4430 enim
992 4377 1247 4447 exemplo
1294 4375 1594 4432 inﬁdelitas
1645 4373 2086 4445 dijudicabitur:

491 4461 597 4533 ipsi
627 4470 808 4518 autem
838 4480 868 4517 a
898 4464 1117 4520 nemine
1131 4463 1554 4534 judicabuntur.
1587 4464 1723 4532 Quis
1751 4463 1897 4518 enim
1948 4479 2090 4520 con-

2225 515 2322 571 Dei
2352 524 2452 585 est,
2485 517 2630 590 quod
2661 517 2779 574 haec
2805 516 3128 590 spiritaliter
3163 515 3329 587 jussit
3369 515 3512 584 ﬁeri,
3560 532 3658 588 per
3702 533 3826 590 quae

2226 605 2420 660 mundi
2475 607 2742 678 sapientia
2793 608 2962 663 stulta
3026 604 3372 678 probaretur,
3419 621 3621 678 negans
3668 623 3826 678 posse

2225 693 2341 749 ﬁeri
2403 695 2550 766 quod
2603 696 2807 750 factum
2856 704 2958 752 est.
2993 695 3164 762 Quem
3214 709 3436 749 sensum
3491 695 3687 750 nullus
3743 703 3825 749 est

2225 784 2317 856 qui
2350 784 2691 854 cognoverit,
2723 793 2776 840 et
2807 785 3095 857 displiceat
3127 784 3231 852 ilii,
3263 791 3325 838 ut
3353 783 3607 840 emendet
3633 786 3828 842 consi-

2227 871 2362 926 lium
2419 871 2549 938 Dei;
2609 872 2740 944 quia
2794 873 2888 945 qui
2936 874 3217 945 cognovit,
3276 871 3462 927 laudat
3520 875 3824 944 potentiam

2225 960 2346 1027 Dei,
2393 975 2553 1032 quem
2589 960 2683 1032 qui
2727 961 2914 1016 omnia
2965 969 3126 1032 negat
3183 977 3360 1031 posse,
3401 976 3503 1016 nec
3551 962 3824 1018 mundum

2224 1049 2400 1105 credit
2456 1049 2668 1105 fecisse.
2724 1049 2870 1116 Quid
2913 1049 3060 1104 enim
3111 1065 3371 1120 magnum
3424 1057 3526 1118 est,
3561 1057 3621 1104 ut
3672 1050 3740 1106 de
3770 1067 3828 1106 se

2223 1137 2482 1192 credatur
2511 1153 2814 1209 generasse,
2866 1139 2961 1211 qui
3013 1154 3123 1193 non
3164 1137 3466 1209 ambigitur
3511 1147 3712 1193 cuncta
3755 1155 3828 1194 ex

2224 1225 2404 1280 nihilo
2434 1225 2626 1281 fecisse
2649 1225 2676 1280 7
2698 1226 2899 1298 quippe
2929 1243 3053 1282 cum
3086 1226 3235 1283 dicat
3264 1227 3514 1282 Salvator
3545 1244 3557 1281 :
3615 1250 3633 1274 ι
3661 1226 3827 1298 Apud

2223 1315 2397 1370 Deum
2455 1321 2636 1370 autem
2695 1315 2881 1370 omnia
2934 1315 3219 1388 possibilia
3275 1322 3404 1369 sunt
3461 1316 3674 1387 (Matth.
3703 1333 3823 1385 χιι,

2224 1401 2337 1474 26).
2380 1427 2398 1450 ι

2309 1518 2327 1541 ι
2354 1492 2464 1548 Nos
2489 1501 2672 1548 autem
2711 1509 2930 1548 sensum
2959 1491 3183 1548 Domini
3213 1491 3498 1550 habemus.
3532 1519 3549 1542 ι
3595 1495 3712 1551 Hoc
3740 1495 3825 1552 di-

2221 1583 2318 1649 cit,
2350 1582 2481 1654 quia
2528 1582 2813 1638 credentes
2858 1583 3153 1656 participes
3200 1598 3391 1640 sumns
3442 1584 3691 1656 ejusdem
3743 1585 3824 1640 di-

2222 1671 2366 1727 vinae
2395 1672 2681 1728 sententiae
2723 1672 2828 1744 (2).

2842 1823 3070 1882 CAPUT
3108 1825 3203 1882 III.

2296 1946 2478 2018 (Vera.
2513 1948 2592 2018 1.)
2638 1971 2657 1996 ι
2684 1948 2756 2003 Et
2784 1963 2905 2020 ego,
2940 1949 3155 2019 fratres,
3192 1966 3302 2006 non
3343 1952 3499 2023 potui
3544 1952 3704 2009 vobis
3745 1954 3822 2010 lo-

2221 2037 2316 2108 qui
2339 2037 2493 2108 quasi
2515 2036 2877 2108 spiritalibus,
2906 2039 3000 2094 sed
3032 2043 3186 2112 quasi
3218 2041 3554 2099 carnalibus.
3589 2068 3608 2089 »
3659 2045 3822 2101 Nunc

2221 2125 2310 2182 his
2339 2125 2604 2198 loquitur,
2633 2127 2729 2200 qui
2770 2137 3054 2201 propterea
3082 2130 3231 2204 quod
3259 2132 3447 2188 saeculi
3497 2132 3680 2191 adhuc
3725 2151 3822 2189 vo-

2223 2213 2528 2284 luptatibus
2557 2216 2888 2284 serviebant,
2919 2221 3164 2275 carnales
3193 2228 3367 2276 erant.
3408 2221 3673 2289 Quamvis
3702 2223 3820 2295 jam

2219 2301 2479 2374 baptizati
2520 2315 2723 2373 essent,
2753 2313 2808 2361 et
2835 2306 3104 2378 Spiritum
3145 2321 3396 2365 sanctum
3439 2311 3817 2383 accepissent;

2220 2399 2403 2447 tamen
2454 2393 2583 2465 quia
2637 2402 2760 2466 post
2816 2395 3150 2468 baptismum
3209 2400 3393 2455 statim
3449 2401 3517 2456 ad
3576 2409 3820 2457 veterem

2221 2479 2506 2537 hominem
2565 2483 2786 2541 fuerant
2841 2487 3069 2555 reversi,
3123 2487 3213 2543 cui
3270 2488 3819 2560 abrenuntiaverant,

2221 2572 2484 2630 dicuntur
2517 2576 2781 2631 carnales.
2814 2575 3053 2648 Spiritus
3076 2579 3222 2634 enim
3255 2588 3476 2635 sanctus
3519 2588 3652 2636 tunc
3700 2597 3820 2652 per-

2219 2673 2404 2719 manet
2456 2664 2514 2719 in
2564 2681 2648 2734 eo,
2683 2665 2774 2722 cui
2830 2682 2886 2722 se
2943 2667 3242 2737 infuderat,
3279 2669 3326 2724 si
3386 2679 3702 2741 permaneat
3761 2671 3818 2726 in

2219 2753 2500 2824 proposito
2528 2755 2954 2826 regenerationis
2989 2774 3000 2811 :
3035 2757 3081 2812 si
3129 2773 3238 2828 quo
3283 2758 3490 2827 minus,
3521 2759 3768 2816 abscedit
3801 2779 3816 2827 ;

2219 2842 2295 2896 ita
2351 2852 2533 2899 tamen
2563 2853 2626 2900 ut
2661 2845 2706 2899 si
2747 2862 2802 2902 se
2857 2847 3239 2903 reformaverit
3297 2847 3485 2924 homo,
3517 2849 3700 2904 redeat
3749 2850 3818 2905 ad

2218 2930 2398 2986 illum.
2433 2932 2657 3004 Semper
2679 2935 2828 2991 enim
2858 2945 3080 3008 paratus
3111 2937 3178 2994 ad
3206 2938 3414 2994 bonum
3447 2946 3546 3004 est,
3577 2938 3821 3009 diligens

2217 3022 2617 3092 paenitentiam.

2302 3137 2318 3158 ι
2354 3113 2519 3180 Quasi
2549 3114 2794 3186 parvulis
2824 3116 2881 3171 in
2933 3115 3152 3173 Christo
3183 3119 3266 3174 lac
3295 3117 3449 3175 vobis
3500 3127 3694 3192 potum
3725 3118 3820 3176 de-

2213 3203 2290 3271 di,
2325 3221 2436 3260 non
2467 3223 2665 3262 escam.
2701 3231 2720 3254 »
2756 3207 3022 3274 Quamvis
3050 3211 3224 3266 renati
3254 3220 3435 3267 essent
3465 3211 3523 3266 in
3563 3210 3810 3279 Christo,

2211 3301 2394 3348 tamen
2423 3311 2536 3350 non
2567 3295 2675 3350 fuit
2725 3295 2955 3368 dignum
3005 3297 3145 3354 tradi
3194 3299 3534 3371 spiritualia;
3593 3307 3819 3370 accepta

2210 3383 2357 3439 enim
2395 3384 2522 3453 fide,
2555 3402 2676 3457 qua:
2725 3397 2805 3442 est
2853 3389 3006 3443 velut
3059 3405 3244 3444 semen
3297 3388 3565 3461 spiritale,
3595 3389 3816 3443 nullum

2208 3472 2448 3530 fructum
2511 3476 2625 3530 Deo
2691 3475 2918 3547 dignum
2995 3478 3262 3545 fecerunt,
3323 3486 3384 3533 ut
3459 3477 3817 3550 perfectionis

2209 3563 2374 3619 verba
2431 3572 2774 3620 mererentur
2830 3565 3111 3623 addiscere
3173 3585 3184 3622 :
3242 3567 3337 3623 sed
3389 3568 3546 3640 quasi
3593 3567 3813 3640 parvuli

2207 3653 2640 3726 imperfectionis
2691 3655 2943 3710 sensibus
2995 3655 3309 3712 studebant.
3371 3659 3669 3730 Apostolus
3711 3674 3810 3713 au-

2206 3749 2314 3798 tem
2357 3742 2444 3798 vir
2489 3741 2734 3811 divinus,
2776 3751 2831 3798 et
2875 3743 3125 3800 medicus
3171 3744 3460 3817 spiritalis,
3508 3746 3813 3819 unicuique

2205 3833 2508 3890 secundum
2556 3833 2705 3890 vires
2762 3849 2888 3890 suas
2945 3833 3226 3902 tradebat;
3278 3851 3346 3890 ne
3400 3851 3496 3907 per
3553 3836 3811 3909 imperfe-

2204 3923 2444 3980 ctionem
2488 3932 2542 3980 et
2574 3923 2907 3996 imperitiam
2964 3923 3088 3996 quis
3143 3924 3211 3980 de
3251 3923 3414 3980 rebus
3460 3925 3810 3998 spiritalibus

2203 4012 2521 4068 scandalum
2556 4020 2853 4086 pateretur.

2277 4105 2460 4175 (Vers.
2493 4103 2575 4177 2)
2622 4130 2639 4152 ‹
2669 4104 2926 4162 Nondum
2957 4105 3105 4160 enim
3151 4107 3433 4178 poteratis.
3477 4131 3496 4154 ›
3551 4104 3809 4162 Ostendit

2202 4199 2385 4262 aperte
2416 4208 2528 4248 non
2573 4192 2699 4248 illos
2741 4191 2996 4249 debuisse
3046 4191 3258 4261 audire,
3298 4210 3419 4267 quae
3466 4191 3812 4250 conﬁrmatis

2201 4280 2434 4338 dicenda
2463 4290 2611 4339 sunt.

2285 4395 2302 4417 ι
2342 4371 2447 4428 Sed
2477 4387 2653 4444 neque
2683 4387 2832 4429 nunc
2888 4371 3116 4444 potestis
3147 4391 3160 4439 ;
3216 4371 3397 4429 adhuc
3424 4371 3569 4428 enim
3603 4389 3809 4430 carna-

2200 4460 2277 4516 les
2304 4461 2453 4517 estis.
2485 4485 2504 4508 »
2548 4461 2649 4516 Hic
2701 4461 2861 4517 valde
2912 4461 3094 4533 arguit
3141 4463 3502 4518 temeritatem
3551 4461 3804 4531 illorum,

492 4553 714 4610 demnet
742 4569 872 4609 vera
903 4551 1224 4608 dicentem?
1269 4553 1406 4610 Cum
1457 4554 1602 4609 enim
1653 4562 1865 4611 constet
1903 4571 2094 4610 omnes
2123 4537 2171 4595 D
2203 4549 2297 4622 qui
2331 4548 2702 4622 querebantur
2728 4549 2937 4606 dudum
2974 4567 3030 4606 se
3080 4566 3191 4606 non
3238 4550 3455 4606 audisse
3503 4550 3803 4622 spiritalia,

494 4643 752 4700 inimicos
779 4643 902 4701 ﬁdei
937 4643 1072 4700 falsa
1103 4651 1286 4699 tenere
1317 4660 1414 4715 pro
1451 4643 1614 4711 veris,
1646 4646 1921 4701 accusatio
1970 4645 2090 4699 illo-

495 4749 618 4788 rum
647 4733 706 4787 in
739 4732 956 4788 irritum
978 4731 1094 4805 jam
1126 4732 1363 4790 deducta
1407 4739 1509 4801 est,
1544 4735 1659 4788 Veri
1702 4732 1917 4805 judicio
1964 4750 2088 4790 con-

494 4820 752 4878 demnata
782 4840 796 4889 ;
829 4821 959 4894 quia
991 4821 1086 4895 qui
1113 4839 1225 4878 non
1245 4821 1566 4892 crediderit,
1587 4821 1772 4896 inquit
1794 4823 2086 4890 Dominus,

492 4909 604 4981 jam
630 4909 911 4982 judicatus
940 4918 1022 4966 est
1054 4912 1233 4982 (Joan.
1259 4929 1342 4980 ni,
1376 4913 1487 4983 18).

572 4999 755 5072 (Vers.
793 4999 907 5071 16.)
951 5023 969 5047 ι
999 4999 1133 5068 Quis
1162 5001 1310 5056 enim
1336 5001 1595 5073 cognovit
1636 5017 1855 5057 sensum
1905 5000 2090 5056 Domi-

571 5233 690 5306 (99)
722 5234 881 5291 Rom.
913 5231 1046 5290 edit.
1082 5249 1208 5290 cum
1257 5250 1386 5289 mss.
1437 5232 1676 5306 unorvel
1719 5234 1890 5289 altero
1929 5253 1940 5290 :
1971 5235 2091 5290 Non

497 5306 554 5361 in
575 5305 818 5362 suasione
841 5305 1084 5360 humana:
1111 5305 1399 5376 sapient-ite,
1425 5306 1516 5378 sed
1559 5305 1613 5358 in
1659 5307 1948 5378 ostensione
1973 5307 2091 5378 spi-

497 5378 704 5434 ritus...
744 5393 906 5448 neque
938 5378 1239 5432 litterarum
1267 5377 1458 5431 studiis
1486 5377 1918 5448 apprehenditur.
1953 5378 2091 5433 Alite

498 5448 633 5521 edit.
667 5459 720 5507 et
749 5466 878 5506 mss.
932 5449 1076 5504 inter
1121 5465 1177 5504 se
1215 5448 1588 5521 consentiunt,
1636 5449 1944 5521 nisitquod
1992 5466 2090 5521 pro

500 5519 815 5594 titteraturae
839 5521 1049 5588 studiis,
1086 5537 1214 5594 mss.
1248 5520 1456 5594 aliquot
1484 5536 1548 5575 ac
1572 5527 1695 5594 vet.)
1715 5518 1848 5577 edit.
1880 5518 2086 5594 legunt,

499 5590 803 5649 litteratura
837 5593 1048 5658 studiis,
1080 5591 1220 5649 forte
1251 5590 1426 5648 littera
1450 5609 1513 5647 ac
1533 5591 1740 5646 studiis.

571 5663 651 5730 (1)
686 5664 842 5720 Rom.
871 5665 1006 5722 edit.
1039 5672 1092 5721 et
1122 5681 1250 5721 mss.
1297 5664 1576 5732 nonnulli,
1625 5663 1895 5721 Animalis
1950 5663 2087 5719 enim

2201 4656 2325 4695 cum
2356 4640 2538 4698 adhuc
2599 4639 2812 4712 indigni
2869 4649 3050 4697 essent
3104 4641 3316 4696 audire.
3353 4641 3804 4712 Pseudoapostoli

2199 4730 2343 4786 enim
2405 4731 2715 4802 promiscue
2771 4732 3029 4788 omnibus
3079 4749 3191 4788 uno
3246 4740 3409 4805 atque
3467 4730 3661 4787 eodem
3717 4749 3806 4804 ge-

2200 4835 2327 4874 nere
2352 4820 2660 4889 tradebant,
2709 4821 2919 4877 nullius
2956 4838 3242 4894 personam
3275 4821 3680 4885 discernentes;
3741 4829 3804 4877 ut

2199 4909 2559 4980 acceptabiles
2614 4909 2807 4967 ﬁerent
2859 4927 2955 4983 per
3002 4911 3324 4984 hypocrisin
3355 4909 3730 4967 commendati
3776 4929 3794 4964 :

2199 5014 2324 5054 cum
2356 5007 2567 5055 constet
2592 5000 2888 5055 Dominum
2919 5007 2973 5055 et
3017 5009 3296 5057 auctorem
3347 5008 3596 5056 nostrum
3642 4997 3802 5054 Chri-

2199 5235 2351 5288 homo
2398 5250 2514 5303 quae
2537 5239 2658 5286 sunt
2689 5234 2924 5304 Spiritus
2979 5236 3095 5303 Dei,
3137 5234 3317 5301 nescit,
3349 5240 3396 5288 et
3441 5233 3676 5288 stultitia
3726 5241 3802 5288 est

2199 5305 2456 5378 itli;rvet.
2479 5304 2612 5360 edit.
2645 5321 2707 5360 ac
2738 5305 2933 5378 reliqui
2966 5323 3094 5362 mss.
3124 5307 3284 5362 nobis
3320 5304 3680 5378 unifaciunt.

2272 5377 2354 5449 (72)
2389 5378 2466 5431 Ita
2497 5392 2622 5431 mss.
2661 5378 2842 5449 plures
2857 5376 3238 5449 potioresque,
3261 5393 3291 5430 a
3320 5376 3647 5449 quibushoc
3678 5376 3800 5432 solo

2198 5447 2462 5530 differunt
2493 5448 2765 5530 vet._edit.
2790 5447 3186 5530 quodihabent,
3219 5450 3276 5503 id
3304 5447 3398 5513 est,
3420 5448 3616 5528 divina:
3632 5449 3798 5529 scien-

2198 5521 2310 5586 tiae;
2344 5519 2500 5575 Rom.
2531 5527 2712 5592 autem
2743 5519 2876 5576 edit.
2909 5529 2960 5576 et
2988 5520 3210 5592 quidam
3247 5537 3397 5587 mss.,
3422 5520 3550 5590 quia
3570 5521 3667 5590 qui
3687 5536 3799 5574 cre-

2195 5593 2370 5720 ἕὲῗιεε
2397 5608 2597 5658 sumus,
2618 5591 2867 5661 ejusdem,
2900 5593 2957 5646 id
2985 5591 3076 5660 est,
3109 5592 3302 5648 divina:
3329 5592 3556 5647 scientia:
3584 5607 3797 5646 sensum

2298 5679 2458 5720 emus.

2298 5679 2458 5720 emus.
