4112 6178
315 427 419 488 209

1395 428 1757 487 COMMENT.
1799 427 1871 485 IN
1907 424 2126 482 EPIST.
2153 395 2176 482 Ι
2207 427 2303 481 AD
2343 425 2498 482 con.

3510 427 3615 485 210

315 572 459 618 stum
497 560 657 618 aliter
689 561 928 634 populis,
971 561 1128 618 aliter
1155 560 1446 634 discipulis
1476 560 1816 627 interfatum,
1849 565 1905 614 et
1934 559 1984 616 A
2014 554 2385 612 ministerium
2417 554 2672 628 pertinet,
2703 556 3046 612 necessarius
3079 563 3194 624 est;
3235 562 3298 611 ut
3333 555 3615 614 honoriﬁ-

315 650 456 707 inter
484 652 632 724 ipsos
669 653 942 724 apostolos
973 652 1141 708 fuisse
1173 652 1534 717 distantiam;
1572 651 1752 708 tribus
1782 658 1908 706 ete-

313 740 425 797 nim
477 741 767 814 discipulis
804 743 1031 814 gloriam
1079 759 1233 798 suam
1288 743 1345 798 in
1395 751 1583 798 monte
1629 740 1906 808 ostendit,

311 829 503 886 dicens
531 828 644 885 illis
682 841 741 888 ut
773 840 1014 888 tacerent
1047 831 1256 901 visum,
1305 831 1555 905 quandiu
1599 847 1631 885 a
1678 828 1910 885 mortuis

312 927 617 990 resurgeret
648 920 859 989 (Matth.
884 938 1027 987 xvrt,
1063 922 1144 990 9).

399 1013 529 1068 121
577 1015 758 1086 (Vers.
792 1016 873 1086 3.)
923 1041 940 1063 ε
972 1017 1112 1074 Cum
1141 1017 1288 1072 enim
1321 1017 1376 1072 in
1409 1015 1566 1072 vobis
1590 1014 1906 1070 aamulatio-

312 1120 408 1160 nes
452 1112 505 1162 et
549 1106 937 1162 contentiones
966 1106 1099 1173 sint,
1151 1122 1334 1161 nonne
1375 1104 1619 1161 carnales
1653 1103 1803 1173 estis,
1852 1110 1907 1158 et

310 1194 617 1250 secundum
655 1193 938 1250 hominem
971 1193 1307 1250 ambulatis?
1336 1219 1353 1240 ι
1391 1192 1742 1264 Indignitatis
1767 1207 1908 1246 cau-

310 1301 427 1340 sam
459 1281 729 1348 ostendit;
765 1282 891 1355 quia
917 1282 1010 1355 qui
1041 1281 1108 1338 de
1139 1282 1361 1338 homine
1391 1290 1572 1353 sperat
1605 1280 1901 1349 auxilium,

308 1373 552 1430 carnalis
581 1382 679 1429 est.
713 1372 816 1439 Qui
848 1379 1050 1439 autem,
1087 1380 1266 1443 spreta
1298 1371 1666 1438 humanitate,
1696 1370 1764 1426 de
1792 1372 1905 1427 Deo

308 1471 512 1535 sperat,
544 1461 808 1534 spiritalis
834 1469 947 1528 est;
983 1462 1113 1534 quia
1139 1462 1286 1516 Deus
1317 1459 1545 1533 spiritus
1573 1468 1675 1516 est.

384 1552 564 1621 (Vers.
594 1551 674 1621 4.)
720 1574 738 1597 ι
768 1550 904 1608 Cum
934 1550 1080 1606 enim
1109 1550 1232 1622 quis
1261 1550 1410 1606 dicat
1435 1569 1446 1606 :
1481 1550 1596 1620 Ego
1626 1566 1744 1604 sum
1769 1549 1904 1604 Pau-

313 1640 385 1706 li;
441 1640 583 1695 alius
632 1647 862 1694 autem:
925 1639 1042 1711 Ego
1107 1639 1341 1710 Apollo;
1412 1653 1595 1693 nonne
1652 1636 1905 1693 homines

311 1729 492 1786 estis?
532 1753 550 1777 ι
598 1728 753 1785 Sicut
791 1728 940 1783 enim
985 1726 1278 1799 gloriantes
1325 1727 1381 1782 in
1429 1728 1562 1794 Deo,
1593 1732 1646 1780 et
1676 1725 1742 1781 de
1786 1724 1906 1797 ipso

310 1836 529 1876 omnem
561 1819 791 1891 gratiam
825 1827 1105 1890 sperantes
1135 1818 1242 1887 (3),
1273 1817 1353 1872 dii
1397 1816 1683 1884 dicuntur,
1732 1833 1765 1872 a
1793 1818 1905 1872 Deo

2015 653 2170 701 cetur
2198 644 2353 717 quasi
2387 654 2752 709 servus,'non
2780 653 2842 700 ut
2868 645 3082 718 aliquid
3110 644 3178 701 de
3222 645 3322 702 illo
3366 654 3614 719 speretur

2017 734 2085 790 ad
2115 734 2376 807 iniuriam
2408 735 2529 790 Dei.

2091 842 2272 913 (Vers.
2295 841 2377 912 8.)
2421 866 2438 887 ι
2471 842 2576 908 Qui
2607 841 2752 897 enim
2784 843 3014 912 plantat,
3040 849 3094 898 et
3120 843 3213 916 qui
3253 844 3411 916 rigat,
3436 861 3610 901 unum

2016 937 2165 986 sunt.
2201 956 2218 978 ι
2253 931 2431 986 Unum
2461 937 2611 997 sunt,
2648 930 2779 1000 quia
2808 929 2970 985 ambo
3004 932 3320 987 mercenarii
3351 941 3477 988 sunt
3502 933 3606 1004 (4);

2016 1019 2268 1091 quamvis
2287 1018 2506 1074 diversa
2535 1020 2647 1073 sint
2674 1019 2899 1073 illorum
2923 1019 3102 1075 oﬂicia
3129 1036 3140 1072 :
3181 1044 3199 1065 ι
3228 1020 3612 1094 Unusquisque

2014 1115 2194 1161 autem
2225 1106 2498 1178 propriam
2531 1106 2836 1161 mercedem
2859 1107 3093 1178 accipiet
3123 1108 3423 1163 secundum
3450 1127 3611 1167 suum

2016 1197 2277 1253 laborem.
2321 1222 2339 1244 υ
2397 1195 2661 1264 Quamvis
2708 1195 2854 1251 enim
2907 1212 3080 1250 unum
3138 1197 3284 1264 sint,
3339 1197 3432 1252 sed
3486 1198 3615 1271 quia

2015 1285 2190 1357 major
2238 1294 2341 1354 est,
2389 1286 2485 1358 qui
2535 1284 2906 1354 evangelizat,
2957 1299 3121 1356 quam
3178 1285 3272 1356 qui
3331 1285 3609 1357 baptizat;

2014 1375 2139 1430 ideo
2168 1374 2436 1430 discrevit
2479 1373 2753 1430 mercedes
2782 1372 3044 1439 illorum;
3082 1379 3136 1428 et
3183 1389 3293 1428 non
3331 1375 3508 1430 solum
3542 1375 3612 1432 ad

2015 1464 2153 1531 hoc,
2203 1464 2297 1520 sed
2344 1463 2411 1519 ad
2467 1463 2733 1519 doctrinae
2785 1462 3156 1518 sinceritatem
3208 1465 3488 1534 pertinet:
3549 1474 3612 1522 ut

2016 1552 2210 1624 majori
2255 1552 2500 1608 mercede
2539 1553 2611 1608 sit
2658 1551 2878 1624 dignus,
2930 1551 3025 1624 qui
3076 1551 3398 1608 inviolatam
3443 1553 3611 1612 tradit

2013 1640 2342 1698 doctrinam.

2087 1748 2268 1820 (Vers.
2293 1749 2376 1818 9.)
2413 1771 2431 1795 ι
2456 1747 2553 1803 Dei
2581 1746 2728 1803 enim
2758 1763 2950 1803 sumus
2976 1746 3158 1819 operis
3188 1747 3481 1818 participes
3505 1749 3610 1819 (5);

2013 1839 2112 1895 Dei
2140 1840 2376 1905 cultura,
2403 1838 2500 1894 Dei
2531 1836 2823 1894 aediﬁcatio
2853 1835 3004 1893 estis.
3038 1859 3056 1882 ι
3093 1836 3209 1892 Hoc
3235 1835 3304 1892 ad
3327 1838 3615 1908 apostolo-

309 1908 595 2004 δάοΡῖθῖίξ
639 1907 798 2004 “3ft
848 1905 906 1961 in
936 1905 1160 1961 homine
1203 1907 1523 2004 SIPViimFS’
1554 1914 1610 1962 θι
1638 1904 1907 2004 ,δοξηίηθῗ
1937 1915 1983 1974 Β
2014 1947 2137 1986 rum
2174 1945 2461 2004 personam
2493 1929 2750 2000 pertinet,
2791 1944 2928 2002 quos
2963 1935 3178 1984 constat
3223 1927 3323 1984 Dei
3353 1904 3468 1983 esse
3507 1926 3615 1984 ad-

309 2005 365 2053 et
409 1997 658 2054 carnales
703 1995 987 2063 dicuntur,
1039 1995 1311 2052 sententia
1354 1994 1452 2051 Dei
1495 1994 1762 2061 conclusi,
1812 1995 1907 2068 qui

309 2085 390 2140 ait
417 2103 430 2140 :
475 2109 495 2134 ι
523 2086 638 2156 Ego
662 2083 805 2152 dixi,
829 2082 907 2139 dii
938 2084 1071 2140 estis
1097 2103 1109 2151 ;
1144 2101 1242 2140 vos
1270 2090 1453 2140 autem
1483 2083 1628 2139 sicut
1657 2082 1909 2138 homines

310 2173 626 2230 moriemini
676 2174 848 2245 (Psal.
892 2190 1088 2238 Lxxxr,
1119 2173 1172 2240 6,
1218 2174 1294 2242 7).
1338 2198 1355 2221 ι
1400 2173 1449 2228 A
1481 2189 1580 2228 sua
1619 2189 1748 2244 ergo
1776 2189 1910 2244 per-

310 2277 443 2318 sona
462 2261 693 2333 incipit;
733 2277 802 2318 ne
830 2261 972 2318 forte
998 2270 1284 2334 putaretur
1305 2279 1401 2335 per
1429 2262 1699 2319 invidiam
1734 2261 1908 2334 magis

312 2367 566 2424 personas
595 2352 818 2408 illorum
849 2351 1147 2419 destruere,
1180 2352 1476 2408 ostendens
1516 2369 1775 2425 magnum
1809 2368 1908 2407 er-

309 2457 484 2496 rorem
533 2448 587 2496 et
630 2440 698 2496 ad
745 2440 843 2496 Dei
890 2440 1285 2496 contumeliam
1339 2441 1634 2512 pertinere,
1685 2439 1908 2513 quando

309 2532 420 2587 Deo
449 2529 764 2602 praedicato,
816 2530 990 2601 gloria
1019 2529 1181 2585 datur
1211 2529 1555 2586 hominibus.
1592 2527 1736 2596 Quid
1779 2544 1908 2600 ergo

309 2619 494 2676 minus
525 2628 607 2676 est
635 2636 666 2674 a
693 2618 1021 2692 gentilitate,
1062 2618 1195 2674 dum
1225 2617 1411 2673 adhuc
1445 2617 1660 2690 aliquid
1685 2617 1754 2672 de
1797 2615 1909 2672 ho-

312 2708 558 2764 minibus
587 2714 838 2780 speratur
860 2708 887 2764 ‘I

385 2798 568 2870 (Vers.
599 2797 681 2866 5.)
725 2820 743 2844 ε
784 2795 930 2864 Quid
973 2796 1143 2869 igitur
1181 2804 1264 2852 est
1307 2794 1558 2866 Apollo?
1603 2795 1750 2863 Quid
1779 2811 1913 2852 vero

313 2887 564 2945 Paulus?
607 2887 847 2943 Ministri
890 2885 1028 2957 ejus,
1072 2885 1164 2944 cui
1211 2887 1549 2945 credidistis.
1594 2912 1612 2934 ι
1667 2885 1738 2940 Ut
1785 2884 1916 2957 quia

315 2976 557 3033 ministri
587 2983 747 3043 sunt,
779 2991 900 3047 spes
930 2974 989 3029 in
1023 2973 1112 3030 his
1141 2991 1251 3030 non
1283 2977 1385 3043 sit,
1417 2976 1511 3031 sed
1544 2975 1601 3029 in
1634 2975 1777 3040 Deo,
1809 2990 1917 3029 cu-

305 3067 400 3139 jus
435 3066 678 3121 ministri
721 3073 870 3120 sunt.
914 3064 1005 3119 Illi
1039 3064 1187 3120 enim
1232 3064 1532 3134 gratiarum
1567 3063 1712 3119 actio
1750 3062 1918 3119 defe-

311 3157 485 3212 renda
525 3163 627 3222 est,
672 3154 831 3224 cujus
873 3153 1080 3207 donum
1114 3159 1233 3219 est;
1289 3152 1348 3207 hi
1393 3169 1526 3207 vero
1567 3151 1732 3219 servi,
1781 3168 1916 3224 quos

311 3246 487 3300 etiam
544 3243 750 3300 invitos
800 3249 1015 3314 oportet
1071 3241 1410 3312 dispensare.
1466 3240 1746 3314 Numquid
1802 3257 1911 3296 non

311 3334 538 3402 Moyses
567 3339 786 3387 coactus
815 3339 895 3386 est
934 3329 1012 3386 ire
1043 3329 1108 3384 ad
1140 3329 1503 3397 Pharaonem,
1534 3339 1587 3386 et
1617 3329 1779 3386 Jonas
1817 3328 1914 3384 in-

315 3413 467 3480 vitus
488 3422 687 3478 missus
706 3430 786 3476 est
818 3419 1112 3492 praedicare
1133 3419 1420 3489 Ninivitis,
1446 3429 1499 3476 et
1520 3421 1763 3476 Ananias
1783 3436 1910 3476 con-

316 3512 591 3568 tradicens
623 3511 823 3566 missus
852 3517 932 3563 est
971 3508 1136 3564 Saulo
1167 3525 1392 3564 manum
1423 3509 1704 3581 imponere
1725 3510 1753 3565 ?

402 3628 420 3650 ι
459 3605 528 3659 Et
574 3599 874 3672 unicuique
916 3599 1058 3657 sicut
1101 3601 1374 3656 Dominus
1417 3601 1604 3668 dedit;
1650 3627 1665 3648 -
1712 3601 1768 3658 id
1809 3611 1911 3670 est,

317 3693 461 3749 sicut
489 3691 669 3747 voluit
697 3697 752 3746 et
793 3689 977 3757 scivit,
1019 3689 1215 3746 divisit
1257 3690 1492 3763 singulis
1521 3691 1704 3747 ofﬁcia
1737 3691 1914 3746 mini-

317 3781 492 3837 sterii.

395 3869 576 3937 (Vers.
617 3869 697 3939 6.)
752 3891 771 3914 σ
811 3869 928 3940 Ego
974 3867 1256 3939 plantavi,
1303 3869 1504 3940 Apollo
1544 3868 1784 3940 rigavit,
1823 3869 1916 3925 sed

322 3959 468 4014 Deus
510 3958 910 4012 incrementum
945 3956 1117 4012 dedit.
1151 3981 1168 4003 ι
1211 3957 1464 4012 Plantare
1509 3965 1590 4013 est
1631 3958 1920 4030 evangeli-

321 4063 460 4114 zare,
493 4053 546 4103 et
579 4045 648 4100 ad
683 4045 848 4101 fidem
881 4045 1193 4101 attrahere:
1241 4045 1416 4116 rigare
1448 4061 1601 4113 vero,
1644 4045 1918 4117 baptizare

320 4133 660 4190 solemnibus
707 4131 939 4188 verbis:
1001 4139 1220 4203 peccata
1271 4141 1451 4188 autem
1503 4133 1820 4200 dimittere,
1866 4143 1920 4192 et

319 4225 588 4296 Spiritum
622 4223 771 4290 dare,
818 4223 916 4279 Dei
958 4223 1149 4278 solius.
1197 4223 1252 4280 Si
1283 4239 1411 4294 ergo
1439 4223 1694 4280 effectum
1724 4225 1920 4280 salutis

317 4315 468 4370 Deus
491 4313 604 4380 dat,
636 4313 791 4368 nulla
820 4312 995 4384 gloria
1026 4311 1084 4366 in
1115 4311 1216 4366 hac
1260 4328 1317 4366 re
1349 4311 1593 4368 hominis
1637 4320 1736 4368 est.
1792 4312 1920 4367 Sci-

320 4417 448 4455 mus
481 4399 625 4454 enim
668 4407 724 4456 et
766 4397 1037 4470 Spiritum
1069 4405 1316 4453 sanctum
1357 4398 1476 4454 sine
1506 4415 1701 4454 manus
1732 4401 1921 4471 impo—

316 4489 523 4546 sitione
552 4489 738 4546 datum
772 4506 802 4544 a
829 4491 944 4545 Deo
977 4489 1119 4559 (Act.
1155 4505 1214 4554 ιι,
1247 4486 1328 4559 4),
1358 4495 1411 4544 et
1441 4504 1552 4542 non
1584 4487 1920 4560 baptizatum

318 4587 679 4635 consecutum
720 4577 1101 4634 remissionem
1146 4584 1492 4649 peccatorum
1538 4576 1678 4647 (Act.
1713 4593 1770 4644 x,
1803 4575 1920 4646 44).

319 4667 606 4740 Numquid
630 4683 739 4723 non
760 4667 851 4724 hic
873 4666 1232 4723 invisibiliter
1253 4665 1564 4737 baptizatus
1579 4670 1683 4732 est,
1705 4663 1923 4736 quando

319 4756 528 4812 donum
561 4755 905 4826 baptismatis
936 4763 1263 4813 consecutus
1291 4763 1374 4811 est
1396 4754 1424 4810 Τ

396 4846 582 4917 (Vers.
609 4846 688 4917 7.)
718 4848 944 4918 «Itaque
975 4862 1150 4919 neque
1182 4845 1276 4918 qui
1301 4845 1531 4918 plantat,
1562 4851 1644 4900 est
1673 4843 1916 4916 aliquid;

321 4951 502 5008 neque
528 4935 624 5008 qui
664 4934 804 5006 rigat
831 4952 842 4989 :
885 4935 978 4990 sed
1004 4935 1098 5008 qui
1129 4935 1531 4991 incrementum
1561 4933 1654 4990 dat
1692 4936 1855 4990 Deus.
1890 4957 1909 4981 ι

321 5029 397 5083 Et
445 5027 689 5099 plantata
722 5025 868 5080 enim
904 5025 1084 5079 solent
1132 5023 1325 5090 emori,
1359 5031 1412 5078 et
1459 5023 1632 5094 rigata
1670 5023 1738 5078 ad
1784 5023 1924 5078 effe-

320 5123 477 5171 ctum
507 5112 866 5170 fecunditatis
897 5110 1124 5166 minime
1155 5112 1442 5182 pervenire
1461 5155 1476 5179 ,
1505 5112 1614 5167 nisi
1647 5112 1738 5167 det
1781 5113 1924 5167 Deus

323 5211 577 5276 vegetam
609 5203 800 5259 vitam.
843 5202 1121 5269 Quantum
1152 5216 1279 5272 ergo
1327 5201 1397 5256 ad
1441 5198 1922 5256 honorificentiam

324 5294 425 5349 Dei
457 5293 718 5365 pertinet,
752 5291 895 5347 nihil
939 5297 1021 5347 est
1067 5289 1235 5344 homo
1269 5308 1280 5344 :
1326 5297 1596 5363 quantum
1628 5297 1812 5344 autem
1854 5288 1924 5344 ad

403 5471 486 5540 (3)
537 5470 664 5525 Mss.
715 5468 945 5541 aliquot,
1001 5467 1232 5541 gloriam
1279 5474 1563 5541 sperantes.
1614 5469 1702 5541 Et
1733 5484 1924 5541 rursus

326 5539 428 5614 pro
459 5539 719 5614 sententia
747 5539 847 5597 Πέὶ
881 5539 1130 5614 conclusi,
1173 5555 1283 5594 non
1329 5539 1483 5614 pauci
1534 5557 1663 5596 mss.
1696 5540 1921 5614 habent,

326 5610 585 5668 sententia
623 5613 722 5669 Dei
765 5611 1046 5679 concludit,
1091 5626 1256 5678 unus,
1304 5610 1445 5682 quod
1482 5626 1586 5666 uno
1629 5612 1782 5667 verba
1823 5611 1926 5668 Dei

327 5685 585 5740 sententia
613 5684 891 5740 concludit.

406 5755 490 5828 (4)
531 5755 800 5814 Nonnulli
831 5771 985 5822 mss.,
1016 5752 1142 5826 quia
1171 5753 1322 5808 ambo
1355 5752 1637 5810 necessarii
1673 5760 1814 5809 sunt.

1943 3273 1988 3334 ϐ
2023 3287 2355 3358 peraedificet
2377 3287 2482 3360 (6),
2511 3310 2528 3333 ι

2011 2019 2253 2092 jutores;
2292 2017 2423 2091 quia
2454 2018 2647 2073 vicarii
2688 2025 2818 2072 sunt
2847 2016 3077 2074 Christi.

2093 2109 2275 2180 (Vers.
2310 2108 2422 2178 10.)
2468 2131 2486 2154 ι
2527 2106 2842 2163 Secundum
2882 2106 3111 2179 gratiam
3156 2105 3275 2174 Dei,
3326 2123 3446 2178 quae
3489 2106 3616 2162 data

2019 2207 2099 2254 est
2130 2197 2302 2264 mihi,
2335 2205 2397 2252 ut
2437 2196 2653 2268 sapiens
2681 2195 3014 2253 architectus
3052 2196 3476 2253 fundamentum
3509 2213 3617 2270 po-

2017 2289 2124 2344 sui.
2162 2311 2180 2334 ι
2233 2286 2476 2343 Gratiam
2525 2286 2632 2343 sibi
2679 2285 2862 2342 datam
2908 2285 3076 2353 dicit,
3126 2293 3186 2341 ut
3235 2285 3433 2357 dignus
3478 2295 3620 2343 esset

2018 2379 2312 2452 pradicare
2343 2377 2743 2450 Erangelium;
2792 2383 2852 2432 ut
2900 2384 2952 2432 et
3001 2375 3106 2431 hoc
3147 2377 3247 2432 Dei
3278 2393 3393 2432 esse
3423 2386 3618 2434 osten-

2018 2469 2191 2536 deret,
2241 2484 2350 2523 non
2400 2465 2664 2523 hominis.
2713 2464 3028 2521 Secundum
3071 2463 3214 2521 hanc
3257 2465 3441 2539 itaque
3487 2483 3619 2538 gra-

2021 2558 2172 2626 tiam,
2226 2566 2286 2612 ut
2336 2556 2635 2626 sapientem
2681 2553 3045 2609 architectum
3092 2554 3516 2611 fundamentum
3563 2571 3622 2610 se

2019 2646 2158 2702 dicit
2203 2644 2469 2718 posuisse.
2523 2642 2752 2712 Sapiens
2798 2641 3134 2696 architectus
3163 2650 3264 2708 est,
3311 2642 3406 2714 qui
3457 2641 3624 2712 juxta

2021 2735 2370 2806 disciplinam
2404 2731 2646 2787 auctoris
2685 2733 2922 2788 collocat
2953 2731 3397 2797 fundamentum,
3435 2730 3492 2785 id
3523 2737 3624 2797 est,

2024 2825 2118 2896 qui
2148 2821 2449 2878 secundum
2480 2819 2834 2875 traditionem
2865 2818 3168 2875 Salvatoris
3191 2818 3554 2889 evangelizat.

2109 2944 2127 2968 ι
2149 2919 2310 2976 Alius
2330 2926 2511 2974 autem
2533 2916 2954 2990 supermdiﬁcat.
2981 2942 2998 2964 ι
3038 2916 3412 2988 Supemdiﬁci
3427 2934 3458 2972 a
3477 2927 3626 2986 sunt,

2025 3027 2145 3083 quae
2193 3015 2314 3080 post
2367 3006 2812 3080 praedicationem
2863 3008 3237 3078 apostolorum
3286 3024 3318 3063 a
3367 3024 3626 3079 superve-

2026 3097 2305 3154 nientibus
2333 3097 2630 3153 traduntur
2656 3105 2751 3152 aut
2781 3097 2940 3152 malis
2969 3106 3064 3154 aut
3094 3096 3256 3152 bonis
3283 3095 3624 3154 doctoribus.

2111 3221 2128 3243 ι
2158 3195 2542 3269 Unusquisque
2573 3202 2755 3250 autem
2787 3194 2994 3263 videat,
3027 3194 3493 3266 quemadmodum
3524 3213 3628 3251 su-

2577 3286 2630 3342 id
2663 3294 2761 3352 est,
2795 3294 2854 3340 ut
2887 3285 3287 3357 superaedificia
3319 3295 3628 3358 congruant

2022 3376 2416 3444 fundamento;
2459 3394 2527 3433 ne
2568 3376 2614 3432 si
2641 3376 2865 3448 obliqua
2897 3376 3105 3431 fuerint
3135 3382 3188 3431 et
3227 3375 3454 3442 frivola,
3499 3376 3629 3432 rui-

2020 3483 2148 3538 nam
2181 3467 2407 3534 faciant,
2458 3472 2710 3520 manente
2756 3464 3026 3520 incolumi
3060 3463 3452 3530 fundamento;
3499 3464 3630 3536 quia

2021 3555 2067 3612 si
2100 3557 2242 3611 male
2269 3556 2557 3621 docuerit,
2607 3553 2815 3612 Christi
2865 3567 3070 3608 nomen
3118 3561 3429 3624 permanet,
3480 3551 3628 3625 quod

2022 3653 2104 3701 est
2152 3645 2612 3701 fundamentum:
2669 3641 2924 3700 doctrina
2972 3649 3156 3698 autem
3213 3643 3358 3697 mala
3404 3641 3626 3714 peribit,

2023 3735 2167 3791 sicut
2195 3735 2332 3792 dicit
2358 3735 2661 3791 Dominus:
2713 3759 2730 3781 ‹
2761 3731 2957 3789 Omnis
2985 3732 3277 3803 plantatio,
3311 3748 3472 3805 quam
3514 3748 3626 3787 non

2023 3825 2295 3896 plantavit
2324 3825 2483 3880 Pater
2514 3839 2666 3878 meus
2708 3822 2966 3890 cmlestis,
2999 3820 3375 3878 eradicabitur
3408 3819 3622 3892 (Matth.

2026 3932 2121 3981 xv,
2156 3915 2268 3987 13).
2313 3938 2330 3962 ι

2101 4021 2282 4092 (Vers.
2329 4022 2442 4090 11.)
2501 4044 2519 4067 α
2562 4020 3006 4077 Fundamentum
3059 4017 3208 4074 enim
3259 4013 3413 4070 aliud
3466 4027 3629 4066 nemo

2029 4119 2206 4184 potest
2250 4127 2450 4183 ponere
2493 4119 2688 4183 praeter
2735 4110 2792 4165 id
2835 4108 2987 4181 quod
3035 4105 3277 4178 positum
3330 4107 3430 4166 est,
3481 4097 3627 4169 quod

2033 4205 2173 4262 122
2203 4217 2282 4265 est
2313 4207 2566 4264 Christus
2591 4209 2765 4263 Jesus.
2798 4231 2815 4251 ι
2858 4205 2988 4260 Ideo
3019 4217 3185 4257 nemo
3217 4205 3396 4271 potest
3426 4213 3628 4270 ponere

2028 4298 2180 4354 aliud
2234 4297 2686 4362 fundamentum,
2737 4293 2866 4364 quia
2912 4289 3164 4364 quamvis
3217 4286 3460 4344 haeretici
3515 4285 3629 4342 sint

2029 4389 2223 4460 aliqui,
2254 4403 2364 4442 non
2394 4393 2579 4440 tamen
2608 4385 2838 4449 docent,
2871 4379 2976 4436 nisi
3007 4379 3110 4436 sub
3141 4376 3348 4436 Christi
3380 4375 3624 4432 nomine.

2031 4481 2206 4536 Aliter
2253 4480 2400 4535 enim
2457 4481 2767 4532 commenta
2819 4474 3020 4530 erroris
3074 4469 3463 4530 commendare
3515 4484 3626 4524 non

2031 4577 2279 4642 possunt,
2310 4568 2417 4623 nisi
2447 4563 2771 4637 interposito
2799 4561 3099 4620 Salvatoris
3150 4559 3376 4616 nomino
3422 4555 3628 4630 prazdic

2030 4666 2157 4716 cent
2180 4677 2193 4723 ;
2227 4667 2288 4712 ut
2315 4674 2400 4713 res
2420 4655 2722 4712 contrarias
2743 4661 2798 4709 et
2825 4651 3090 4709 absurdas
3118 4648 3362 4705 nominis
3389 4646 3628 4718 dignitas

2033 4747 2198 4804 faciat
2225 4745 2602 4816 acceptabiles.

2106 4836 2287 4906 (Vers.
2325 4834 2439 4902 12.)
2487 4858 2503 4878 ι
2544 4831 2599 4888 Si
2630 4832 2756 4904 quis
2800 4839 2983 4887 autem
3031 4826 3428 4902 supermdificat
3463 4842 3630 4899 supra

2033 4925 2450 4982 fundamentum
2483 4921 2608 4990 hoc,
2639 4937 2857 4988 aurum,
2891 4927 3200 4993 argentum,
3247 4916 3453 4989 lapides
3495 4932 3627 4988 pre-

2033 5019 2220 5075 tiosos.
2255 5042 2271 5065 ι
2316 5013 2546 5089 Lapides
2575 5012 2802 5086 pretiosi
2833 5020 2982 5081 sunt,
3013 5027 3152 5085 quos
3181 5025 3293 5064 non
3322 5005 3629 5077 corrumpit

2032 5109 2194 5182 ignis.
2245 5107 2372 5163 Tria
2410 5120 2606 5180 genera
2644 5103 2829 5177 posuit
2877 5103 3138 5176 praeclara
3186 5101 3242 5155 in
3293 5097 3518 5166 mundo,
3569 5096 3626 5150 in

2032 5199 2233 5272 quibus
2260 5197 2460 5252 bonam
2492 5194 2797 5250 doctrinam
2840 5189 3208 5263 signiﬁcavit,
3261 5211 3279 5233 ι
3321 5187 3496 5272 ligna,
3527 5183 3628 5272 fe-

2033 5268 2188 5356 num,
2220 5287 2514 5359 stipulam;
2562 5309 2581 5332 ι
2633 5283 2740 5339 tria
2767 5280 2876 5338 alia
2919 5294 3117 5351 genera
3145 5273 3350 5348 posuit,
3392 5271 3485 5328 sed
3516 5268 3626 5324 fri-

2106 5467 2188 5537 (5)
2230 5467 2310 5522 Ita
2338 5473 2448 5521 vet.
2483 5462 2712 5537 editaac
2741 5477 2880 5537 mss._
2906 5451 3353 5537 longeplurimi;
3385 5455 3441 5503 at
3466 5448 3623 5505 Rom.

2033 5531 2244 5600 editfet
2273 5555 2400 5594 mss.
2430 5535 2710 5601 nonnulli,
2733 5532 2906 5605 operis
2930 5531 3225 5605 adjutores;
3291 5594 3304 5605 ‘
3383 5590 3420 5605 Α
3593 5590 3602 5600 ,

2105 5590 2399 5682 {ﬁfth—{5!
2433 5590 2584 5682 ὧδὲ»
2625 5590 2882 5682 eueniat.“
2929 5590 3630 5682 sui’"?€“€‘ie‘:_9“€"3?£‘

2034 5663 2394 5736 diiiensavsint
2443 5663 2660 5734 illorimi
2705 5673 2908 5746 ofﬁcia,
2956 5663 3152 5720 necesse
3198 5666 3255 5715 ut
3303 5663 3630 5736 δίψει·ωάἱῇ-

2033 5753 2136 5821 cia,
2168 5759 2272 5809 etc.
