4090 6182
486 399 594 458 211

1527 400 1623 455 AD
1651 397 1884 454 OPERA
1920 396 1976 453 S.
2017 395 2352 454 AMBROSII
2389 397 2769 456 APPENDIX.

3682 396 3788 456 212

493 526 641 584 vola.
690 526 753 583 In
795 524 884 582 his
921 531 1180 599 corrupta
1219 531 1275 581 et
1317 539 1460 581 vana
1504 523 1758 581 doctrina
1803 522 2082 598 designata
2108 523 2161 585 A
2188 531 2298 594 est,
2329 525 2477 598 quod
2504 525 2636 582 estis
2664 542 2782 582 vos.
2815 550 2834 574 ι
2877 524 3005 582 Haec
3043 523 3249 581 idcirco
3278 523 3543 598 praemisit
3573 531 3636 580 ut
3665 523 3792 585 illos

493 615 837 689 dignoscitur
875 615 980 688 (7).

567 709 750 780 (Vers.
775 707 888 780 13.)
935 731 953 755 ε
982 708 1088 776 Qui
1120 706 1252 764 facit
1280 704 1388 762 hoc
1406 720 1564 778 Opus,
1596 701 1922 760 manifestus
1950 703 2083 770 erit;

494 797 612 854 dies
645 798 793 854 enim
841 796 1163 864 declarabit,
1210 795 1339 868 quia
1386 794 1445 848 in
1493 793 1618 866 igne
1667 793 2075 849 revelabitur.»

493 887 611 944 Hoc
636 896 735 955 est,
772 888 915 942 mala
940 885 1192 942 doctrina
1228 884 1288 940 in
1319 884 1444 956 igne
1470 882 1734 939 omnibus
1769 882 2084 955 apparebit;

495 993 643 1032 nunc
690 976 836 1032 enim
887 973 1148 1046 quosdam
1215 973 1405 1029 fallit:
1471 996 1488 1019 ι
1537 973 1607 1027 Et
1656 971 2090 1045 uniuscujusque

493 1083 629 1138 opus
673 1065 832 1137 quale
879 1063 986 1129 sit,
1038 1063 1184 1134 ignis
1227 1061 1500 1135 probabit.
1545 1087 1562 1109 ι
1610 1061 1754 1129 Quia
1798 1062 1946 1117 enim
1995 1077 2091 1133 per

492 1161 677 1226 ignem
707 1151 1042 1210 examinatio
1073 1151 1188 1219 ﬁet,
1221 1150 1268 1206 si
1315 1151 1372 1205 in
1411 1151 1599 1222 aliquo
1643 1167 1757 1206 non
1793 1151 2089 1218 invenerit,

493 1246 641 1320 quod
670 1251 899 1313 exurat,
932 1243 1246 1299 manifestat
1281 1241 1442 1298 illum
1473 1242 1679 1298 bonum
1710 1242 1877 1298 fuisse
1905 1241 2090 1298 docto-

494 1353 644 1400 rem;
697 1335 841 1390 mala
885 1333 1033 1389 enim
1077 1339 1132 1388 et
1178 1331 1428 1387 adultera
1472 1331 1727 1387 doctrina
1775 1331 1984 1387 idcirco
2032 1331 2091 1387 in

495 1425 668 1497 ligno,
697 1423 844 1490 feno,
878 1429 931 1477 et
967 1420 1172 1493 stipula
1213 1419 1522 1493 signiﬁcata
1550 1428 1652 1490 est,
1683 1427 1746 1475 ut
1779 1419 2090 1476 ostendere-

495 1524 587 1573 tur
615 1516 759 1588 ignis
787 1529 900 1571 esse
925 1530 1064 1570 esca.

572 1607 753 1678 (Vers.
781 1604 893 1675 14.)
937 1627 955 1651 ι
990 1604 1048 1661 Si
1076 1603 1236 1676 cujus
1262 1619 1400 1676 opus
1430 1600 1712 1668 manserit,
1735 1597 1881 1673 quod
1910 1615 2094 1672 super-

499 1693 876 1760 aediﬁcaverit,
929 1693 1233 1750 mercedem
1283 1690 1586 1763 accipiet.»
1632 1689 1769 1746 Cum
1815 1689 1963 1744 enim
2013 1688 2095 1744 ni-

496 1783 580 1842 hil
622 1785 679 1840 in
724 1784 823 1839 illo
851 1782 1027 1838 sordis
1071 1783 1362 1838 inventum
1397 1782 1563 1836 fuerit
1592 1796 1773 1852 prava:
1804 1779 2094 1847 doctrinae,

2197 624 2548 688 compungat,
2578 615 2674 689 qui
2706 616 2940 690 turpiter
2962 616 3232 684 viventes,
3273 631 3504 687 corpora
3542 632 3641 671 sua
3676 617 3793 672 vio-

2197 704 2364 759 lando
2385 714 2770 777 corruperant;
2796 706 3039 762 maxime
3070 706 3230 762 illum
3255 704 3346 778 qui
3370 722 3599 762 uxorem
3623 707 3795 779 patris

2199 791 2469 860 habebat;
2516 803 2578 849 ut
2610 802 2736 850 ante
2781 803 2922 851 esset
2966 811 3111 862 reus,
3148 811 3315 868 quam
3347 812 3509 851 causa
3545 796 3698 852 illius
3736 797 3794 853 in

2200 882 2442 938 medium
2487 891 2887 955 prorumperet.
2940 884 3188 956 Denique
3231 884 3426 952 simili,
3463 884 3577 941 imo
3602 885 3796 942 eodem

2201 973 2386 1041 modo,
2418 990 2543 1030 cum
2585 990 2800 1030 causam
2834 973 2986 1029 illius
3023 973 3257 1045 judicat,
3288 975 3536 1047 loquitur
3565 975 3754 1033 dicens
3781 996 3791 1034 :

2215 1085 2233 1108 ι
2265 1064 2350 1117 An
2398 1063 2623 1118 nescitis
2672 1063 2803 1135 quia
2848 1080 3079 1135 corpora
3126 1073 3308 1120 vestra
3352 1065 3618 1136 templum
3667 1071 3800 1121 sunt

2201 1149 2438 1222 Spiritus
2467 1152 2663 1220 sancti,
2715 1153 2810 1224 qui
2858 1153 2913 1208 in
2947 1151 3106 1208 vobis
3151 1160 3252 1223 est,
3303 1171 3464 1227 quem
3514 1154 3731 1210 habetis
3768 1171 3800 1210 a

2201 1241 2312 1296 Deo
2345 1242 2402 1310 (Ι
2417 1241 2540 1296 Cor.
2574 1258 2653 1309 vi,
2678 1242 2766 1313 l9)
2792 1241 2819 1297 ?
2851 1267 2868 1290 ι
2910 1241 3173 1314 Superius
3201 1244 3467 1316 templum
3490 1245 3586 1299 Dei
3615 1243 3795 1311 dixit;

2203 1331 2308 1386 hoc
2331 1339 2512 1387 autem
2556 1331 2674 1387 loco
2704 1333 2970 1403 templum
3001 1332 3241 1404 Spiritus
3277 1333 3447 1388 sancti
3484 1333 3622 1405 (10).
3664 1333 3801 1401 Quis

2203 1420 2296 1477 hic
2325 1421 2560 1490 dubitet,
2609 1421 2738 1495 quia
2785 1421 3053 1495 Spiritum
3093 1432 3344 1481 sanctum
3374 1426 3549 1480 Deum
3592 1422 3801 1495 signiﬁ-

2203 1511 2401 1568 cavit?

2280 1601 2463 1671 (Vers.
2499 1600 2612 1672 18.)
2663 1626 2682 1650 ‹
2720 1603 2893 1659 Nemo
2942 1619 2998 1658 se
3045 1602 3304 1672 seducat;
3349 1629 3367 1652 ν
3412 1603 3466 1659 id
3496 1609 3596 1670 est,
3639 1618 3804 1658 nemo

2207 1691 2427 1762 proprio
2454 1692 2540 1747 vel
2575 1691 2821 1748 humano
2849 1693 3088 1750 consilio
3117 1703 3273 1767 putet
3301 1711 3357 1751 se
3387 1694 3492 1751 sibi
3525 1694 3802 1766 prodesse.

2206 1783 2290 1838 Ad
2321 1783 2659 1855 superiorem
2708 1799 2928 1840 sensum
2960 1784 3140 1840 redit:
3188 1809 3205 1832 ε
3236 1785 3292 1841 Si
3325 1785 3448 1858 quis
3477 1784 3698 1840 videtur
3726 1797 3807 1839 sa-

497 1884 560 1932 ut
590 1874 649 1930 in
676 1874 824 1930 bono
850 1889 1018 1940 auro;
1065 1873 1142 1929 ita
1173 1873 1278 1928 erit
1309 1879 1369 1926 ut
1412 1880 1519 1926 tres
1562 1869 1756 1924 fratres
1789 1869 1846 1923 in
1876 1869 2095 1924 camino
2125 1886 2171 1946 Β
2207 1872 2362 1943 piens
2390 1888 2505 1928 esse
2537 1871 2682 1927 inter
2707 1888 2805 1928 vos
2854 1873 2911 1928 in
2945 1873 3052 1929 hoc
3081 1875 3306 1941 saeculo,
3353 1875 3556 1929 stultus
3598 1873 3714 1939 fiat,
3745 1879 3808 1927 ut

499 1963 643 2036 ignis
676 1963 842 2033 (Dan.
873 1979 956 2030 ιιι,
989 1961 1106 2033 23),
1138 1959 1447 2017 mercedem
1479 1960 1649 2014 vitam
1684 1965 1941 2014 aeternam
1969 1973 2095 2013 cum

501 2053 676 2126 gloria
704 2059 1025 2124 accepturus
1050 2069 1064 2120 ;
1111 2051 1241 2124 quia
1271 2051 1415 2106 sicut
1443 2065 1659 2117 aurum,
1691 2056 1745 2104 et
1785 2054 2096 2120 argentum,

501 2151 555 2198 et
585 2141 810 2214 lapides,
845 2158 981 2214 quos
1024 2141 1168 2212 ignis
1198 2157 1312 2196 non
1342 2139 1620 2196 consumit
1653 2157 1664 2193 :
1703 2137 1780 2192 ita
1821 2143 1874 2193 et
1919 2135 2098 2192 bonus

503 2233 762 2304 magister
791 2229 1231 2303 incorruptibilis
1262 2228 1624 2302 permanebit.

577 2332 761 2404 (Vers.
798 2332 911 2404 15.)
959 2354 977 2378 ‹
1007 2331 1062 2388 Si
1095 2331 1256 2403 cujus
1284 2347 1421 2402 Opus
1449 2330 1671 2396 arserit,
1706 2325 2097 2384 detrimentum

505 2421 764 2494 patietur.
799 2445 816 2468 ι
860 2420 1011 2492 Opus
1041 2420 1189 2493 quod
1210 2419 1399 2475 ardere
1429 2418 1652 2486 dicitur,
1687 2417 1830 2472 mala
1850 2413 2102 2471 doctrina

505 2518 608 2580 est,
642 2527 761 2584 quae
808 2509 1076 2566 interibit.
1107 2510 1320 2567 Cuncta
1346 2508 1494 2564 enim
1535 2508 1677 2562 mala
1705 2505 1986 2577 peribunt,
2032 2503 2100 2558 si-

507 2607 601 2656 cut
629 2600 734 2656 iter
768 2600 1101 2671 impiorum;
1152 2600 1283 2671 quia
1311 2614 1422 2653 non
1467 2604 1596 2652 sunt
1633 2594 1975 2661 substantiae,
2008 2591 2103 2648 sed

507 2690 938 2746 asseverationes
980 2703 1270 2760 perversae.
1319 2689 1593 2743 Damnum
1639 2694 1819 2741 autem
1863 2682 1976 2755 pati
2023 2687 2104 2736 est

509 2796 695 2852 pinnas
724 2778 953 2852 perpeti.
986 2778 1120 2846 Quis
1157 2779 1304 2834 enim
1350 2778 1408 2833 in
1448 2793 1608 2850 poena
1650 2777 1882 2849 positus,
1927 2775 2102 2846 jactu-

509 2888 626 2926 ram
673 2887 783 2925 non
833 2868 1012 2925 facit?
1054 2891 1072 2916 ‹
1111 2870 1231 2940 Ipse
1273 2876 1454 2924 autem
1498 2869 1682 2924 salvus
1727 2867 1852 2935 erit,
1903 2866 1982 2922 sic
2027 2872 2103 2919 ta-

513 2975 641 3013 men
687 2958 843 3029 quasi
898 2973 994 3028 per
1039 2945 1241 3026 ignem.
1291 2982 1308 3001 ι
1367 2956 1589 3011 Salvum
1641 2955 1802 3010 illum
1849 2955 2101 3010 futurum

511 3045 679 3114 dixit,
713 3044 842 3116 quia
881 3060 991 3099 non
1041 3043 1289 3099 interibit
1337 3044 1664 3112 substantia,
1715 3060 1822 3116 qua
1869 3051 2102 3112 constat,

513 3136 658 3192 sicut
687 3142 740 3190 et
770 3133 1022 3190 doctrina
1051 3134 1194 3188 mala
1223 3132 1446 3204 peribit,
1491 3133 1620 3206 quia
1665 3131 1919 3188 accidens
1943 3149 2108 3189 causa

2209 1962 2280 2017 sit
2309 1960 2544 2034 sapiens.
2580 1983 2598 2008 ι
2644 1961 2760 2017 Hoc
2786 1961 2945 2030 dicit,
2979 1963 3107 2035 quia
3141 1963 3186 2018 si
3216 1962 3340 2035 quis
3373 1962 3636 2034 intelligit
3664 1962 3808 2018 salu-

2207 2061 2318 2110 tem
2352 2051 2700 2125 promissam,
2727 2061 2780 2108 et
2808 2053 3134 2125 mysterium
3170 2053 3564 2109 incarnationis
3583 2051 3809 2108 Domini

2209 2144 2385 2201 nostri
2414 2144 2542 2199 Jesu
2578 2142 2807 2209 Christi,
2859 2142 3063 2198 stultus
3101 2142 3216 2211 ﬁat,
3265 2143 3322 2199 id
3359 2151 3440 2198 est
3481 2141 3810 2213 sapientiam

2210 2232 2402 2289 mundi
2443 2232 2638 2304 fugiat,
2682 2240 2744 2287 ut
2784 2233 2987 2288 stultus
3032 2232 3100 2288 ab
3146 2249 3207 2288 ea
3248 2230 3548 2303 judicetur,
3584 2239 3639 2287 et
3676 2239 3815 2286 tunc

2209 2323 2316 2378 erit
2343 2320 2614 2394 prudens;
2664 2321 2794 2393 quia
2826 2322 3030 2377 stultus
3059 2323 3260 2378 saeculo
3286 2321 3525 2394 prudens
3553 2329 3635 2376 est
3673 2321 3811 2387 Deo,

2210 2420 2342 2476 dum
2387 2419 2562 2476 credit
2601 2419 2775 2473 Deum
2821 2416 2961 2472 123
2999 2418 3213 2487 fecisse,
3262 2436 3380 2491 quae
3429 2419 3569 2474 ratio
3614 2415 3811 2472 mundi

2211 2527 2321 2567 non
2371 2509 2536 2581 capit,
2586 2508 2729 2564 sicut
2779 2525 2942 2580 supra
2989 2508 3310 2563 memoravi.
3360 2505 3812 2578 Pseudoapostoli

2212 2609 2392 2656 autem
2424 2598 2722 2672 prudentes
2751 2599 3002 2654 volentes
3031 2597 3209 2653 videri
3259 2598 3314 2652 in
3359 2598 3588 2666 mundo,
3634 2613 3814 2670 neque

2213 2693 2385 2748 Deum
2417 2689 2622 2743 Filium
2665 2688 2884 2755 habere,
2932 2703 3106 2759 neque
3155 2688 3590 2744 incarnationem
3623 2703 3813 2742 veram

2214 2797 2350 2848 esse,
2383 2795 2558 2851 neque
2583 2794 2801 2833 carnem
2842 2794 2996 2850 posse
3025 2794 3305 2849 resurgere
3334 2777 3725 2850 praedicabant.

2289 2871 2468 2943 (Vers.
2497 2868 2610 2939 19.)
2647 2891 2665 2913 ι
2692 2867 2969 2939 Sapientia
2991 2867 3140 2922 enim
3169 2867 3335 2939 hujus
3357 2866 3548 2922 mundi
3577 2863 3821 2922 stultitia

2214 2968 2295 3018 est
2323 2959 2467 3031 apud
2497 2960 2691 3014 Deum.
2735 2981 2753 3005 ι
2801 2956 2888 3014 Sic
2937 2957 3174 3013 stultitia
3214 2967 3295 3013 est
3341 2957 3604 3030 sapientia
3645 2955 3819 3025 hujus

2215 3048 2410 3105 mundi
2440 3048 2584 3120 apud
2621 3049 2818 3114 Deum,
2855 3046 2987 3102 dum
3024 3046 3157 3102 facit
3187 3048 3353 3114 Deus,
3389 3044 3530 3118 quod
3571 3043 3821 3098 mundus

2216 3141 2333 3196 ﬁeri
2357 3155 2511 3212 posse
2529 3146 2716 3209 negat;
2749 3137 3072 3210 sapientiam
3091 3137 3244 3192 illius
3266 3136 3555 3192 stultitiam
3586 3133 3816 3207 probat;

513 3233 613 3280 θεῖ·
676 3222 802 3279 Ideo
856 3229 1035 3277 autem
1097 3220 1243 3278 ἀίΧίῐ
1281 3239 1292 3278 ε
1358 3246 1375 3269 ί
1422 3221 1511 3278 Sic
1568 3220 1963 3294 tamen'quasi
2014 3238 2108 3293 ρετ
2137 3232 2180 3293 C
2211 3238 2264 3286 et
2291 3247 2413 3286 cum
2455 3230 2660 3285 multos
2689 3228 2819 3284 deos
2846 3227 3065 3294 dicant,
3102 3225 3237 3282 ﬁdes
3266 3235 3452 3282 autem
3486 3241 3656 3280 unum
3692 3240 3819 3296 pro-

513 3313 730 3385 ignem;
765 3337 783 3360 ι
820 3318 882 3367 ut
914 3312 1061 3368 salus
1091 3310 1210 3368 haec
1240 3327 1351 3366 non
1382 3310 1498 3367 sine
1528 3326 1687 3383 poena
1717 3310 1808 3378 sit,
1840 3309 1968 3383 quia
1995 3326 2108 3365 non

514 3402 700 3459 dixit:
739 3402 937 3458 Salvus
982 3401 1087 3458 erit
1137 3417 1233 3472 per
1272 3401 1493 3473 ignem;
1548 3409 1608 3456 ut
1656 3399 1852 3454 merito
1900 3416 1998 3454 suo
2040 3399 2108 3454 ab

516 3492 629 3564 igni
659 3507 769 3546 non
800 3490 1119 3547 combustus
1151 3490 1256 3562 (8),
1303 3492 1489 3546 salvus
1519 3489 1613 3544 ﬁat
1642 3488 1988 3544 examinatus
2015 3496 2110 3559 per

516 3580 738 3651 ignem;
799 3579 894 3634 sed
944 3596 1070 3634 cum
1123 3578 1303 3634 dicit:
1368 3603 1384 3626 ι
1424 3579 1514 3635 Sic
1570 3584 1752 3633 tamen
1804 3577 1958 3649 quasi
2016 3593 2110 3649 per

515 3669 720 3741 ignem,
753 3691 771 3714 ι
822 3667 1062 3723 ostendit
1111 3668 1326 3722 salvum
1375 3667 1534 3722 illum
1565 3665 1785 3738 quidem
1835 3665 2106 3733 futurum,

515 3756 610 3813 sed
640 3771 825 3828 poenas
863 3755 1005 3827 ignis
1034 3771 1360 3828 passurum;
1404 3761 1468 3811 ut
1509 3773 1602 3828 per
1640 3755 1818 3828 ignem
1849 3761 2112 3826 purgatus

515 3845 611 3903 ﬁat
630 3845 835 3909 salvus,
857 3853 911 3901 et
931 3861 1043 3900 non
1065 3844 1208 3902 sicut
1230 3845 1427 3915 perﬁdi
1449 3854 1656 3901 mterno
1688 3845 1812 3916 igne
1839 3844 1894 3898 in
1923 3859 2109 3916 perpe-

517 3943 674 3992 tuum
704 3941 1054 4007 torqueatur;
1089 3940 1151 3988 ut
1182 3949 1251 3987 ex
1279 3934 1465 4006 aliqua
1493 3941 1645 4005 parte
1667 3950 1843 4006 operae
1874 3932 2106 4004 pretium

516 4024 588 4080 sit
618 4021 914 4081 credidisse
953 4021 1011 4077 in
1041 4020 1345 4079 Christum.
1396 4021 1621 4091 Semper
1649 4021 1796 4074 enim
1828 4019 2111 4074 erubescat

516 4129 734 4170 necesse
755 4121 858 4180 est,
883 4109 979 4184 qui
1008 4126 1064 4166 se
1085 4108 1238 4165 videt
1265 4109 1461 4164 falsum
1491 4107 1798 4163 defendisse
1827 4124 1926 4178 pro
1949 4122 2104 4173 vero;

515 4211 570 4258 et
598 4203 769 4259 simili
821 4201 984 4260 modo
1021 4216 1234 4273 semper
1272 4198 1528 4256 fiduciam
1571 4196 1794 4252 habebit
1835 4195 1965 4262 Dei;
2016 4197 2109 4268 qui

516 4290 728 4362 abjecto
752 4293 910 4358 falso,
933 4300 1154 4348 secutus
1179 4297 1260 4345 est
1279 4304 1494 4356 verum,
1519 4295 1571 4343 et
1599 4293 1779 4358 spreta
1808 4285 2108 4355 impietate,

516 4379 808 4436 succubuit
847 4379 1056 4450 pietati.
1097 4380 1272 4434 Extra
1299 4376 1630 4435 catholicam
1663 4375 1744 4448 (9)
1777 4374 1925 4429 enim
1955 4374 2110 4447 quid-

515 4469 648 4542 quid
679 4476 780 4536 est,
813 4468 1152 4525 contrarium
1185 4475 1286 4522 est.

2216 3321 2328 3388 bet,
2362 3327 2496 3375 teste
2528 3319 2753 3384 virtute,
2798 3317 2854 3371 in
2901 3317 3194 3388 prudentia
3241 3332 3340 3372 sua
3379 3313 3815 3372 confundentur.

2294 3409 2475 3481 (Vers.
2509 3406 2624 3476 20.)
2676 3432 2691 3452 ε
2731 3406 3006 3478 Scriptum
3038 3416 3120 3462 est
3154 3406 3300 3462 enim
3337 3425 3348 3461 :
3393 3402 3818 3476 Reprehendens

2220 3499 2493 3571 sapientes
2523 3495 2580 3552 in
2612 3496 2813 3552 astutia
2843 3513 3031 3552 eorum
3065 3496 3206 3567 (11).
3239 3497 3310 3551 Et
3342 3495 3540 3551 iterum
3568 3512 3578 3549 :
3613 3490 3818 3548 Domi-

2218 3608 2323 3648 nus
2352 3589 2512 3645 novit
2557 3587 2917 3658 cogitationes
2964 3587 3318 3658 sapientium,
3368 3584 3627 3658 quoniam
3657 3599 3816 3638 vanae

2219 3687 2365 3738 sunt.
2400 3704 2418 3727 ι
2461 3677 2613 3734 Istud
2655 3677 2710 3731 in
2742 3678 2952 3748 psalmo
2983 3675 3218 3732 habetur
3243 3675 3596 3746 nonagesimo
3625 3672 3812 3727 tertio.

2218 3769 2466 3842 Denique
2494 3767 2636 3823 idem
2667 3782 2857 3822 sensus
2885 3773 2967 3820 est
2991 3783 3005 3830 ;
3039 3765 3216 3821 sciens
3245 3766 3394 3818 enim
3415 3778 3583 3817 vanas
3613 3759 3818 3830 cogita-

2218 3863 2396 3916 tiones
2423 3857 2668 3924 illorum,
2701 3862 2762 3928 ut
2791 3855 2988 3910 stultos
3018 3855 3144 3910 illos
3180 3853 3456 3926 probaret,
3489 3849 3815 3922 sapientiam

2220 3949 2441 4003 illorum
2467 3943 2840 4017 reprehendit,
2871 3943 3164 3999 ostendens
3186 3959 3373 3997 verum
3398 3958 3513 3997 esse
3539 3938 3686 4011 quod
3719 3938 3818 3993 fal-

2219 4055 2339 4094 sum
2364 4036 2645 4098 dicebant;
2677 4041 2728 4088 et
2758 4033 2979 4100 falsum,
3011 4031 3157 4104 quod
3188 4047 3379 4086 verum
3411 4028 3701 4101 putabant.

2295 4125 2473 4197 (Vers.
2505 4123 2624 4194 21.)
2672 4147 2688 4167 ι
2716 4124 2903 4194 Itaque
2928 4137 3088 4177 nemo
3120 4120 3385 4193 glorietur
3412 4119 3470 4174 in
3499 4115 3749 4173 homine.
3783 4142 3802 4162 ι

2219 4214 2490 4284 Quoniam
2546 4213 2692 4268 enim
2758 4212 3010 4267 humanae
3065 4211 3422 4283 cogitationes
3473 4216 3527 4264 et
3582 4205 3816 4262 consilia

2220 4302 2531 4377 improvida
2561 4311 2612 4357 et
2661 4299 2880 4356 inﬁrma
2925 4306 3076 4367 sunt,
3131 4315 3242 4354 non
3289 4314 3404 4354 esse
3461 4294 3814 4367 gloriandum

2220 4397 2277 4452 in
2307 4392 2531 4449 homine
2563 4391 2741 4458 docet,
2773 4389 2866 4445 sed
2896 4389 2953 4444 in
2983 4391 3117 4457 Deo,
3141 4387 3298 4460 cujus
3319 4386 3614 4444 consilium
3647 4392 3814 4440 retra-

2218 4484 2352 4542 ctari
2385 4499 2494 4539 non
2524 4489 2736 4554 potest:
2770 4478 3043 4552 quidquid
3067 4478 3216 4534 enim
3255 4478 3507 4533 homines
3546 4475 3666 4531 sine
3698 4475 3817 4530 Deo

588 4567 770 4638 (Vers.
807 4565 918 4636 16.)
963 4588 981 4612 ι
1021 4562 1256 4621 Nescitis
1287 4563 1416 4635 quia
1446 4563 1713 4635 templum
1745 4563 1843 4618 Dei
1874 4563 2026 4630 estis,
2056 4570 2110 4620 et
2139 4597 2186 4655 Β
2218 4574 2457 4645 sapiunt,
2491 4572 2723 4628 stultum
2755 4575 2853 4625 est,

514 4657 752 4730 Spiritus
777 4658 876 4714 Dei
921 4655 1131 4712 habitat
1175 4653 1233 4709 in
1263 4653 1469 4710 vobis?
1501 4678 1518 4700 ι
1562 4653 1848 4725 Templum
1879 4655 1977 4711 Dei
2008 4671 2107 4712 nos

513 4763 628 4804 esse
660 4745 817 4813 dicit,
849 4752 910 4801 ut
951 4747 1124 4801 Deum
1157 4742 1214 4799 in
1254 4743 1412 4799 nobis
1441 4742 1689 4798 habitare
1721 4744 1994 4812 sciamus;
2047 4745 2105 4800 in

511 4837 718 4907 templo
747 4834 894 4890 enim
925 4851 1024 4890 suo
1071 4832 1282 4889 habitet
1310 4849 1525 4889 necesse
1554 4841 1653 4889 est.
1703 4833 1774 4889 Et
1803 4834 1931 4906 quia
1971 4834 2105 4904 Spi-

511 4924 680 4980 ritum
709 4925 806 4981 Dei
837 4923 974 4980 dicit
1005 4922 1254 4978 habitare
1295 4922 1353 4978 in
1396 4923 1578 4990 nobis,
1627 4924 1799 4979 Deum
1832 4922 2105 4995 signiﬁcat

511 5013 929 5087 intelligendum
961 5012 1226 5084 Spiritum
1258 5020 1528 5068 sanctum.

585 5111 766 5183 (Vers.
806 5110 920 5182 17.)
985 5132 1002 5155 ι
1052 5107 1109 5165 Si
1158 5107 1281 5181 quis
1327 5107 1593 5177 templum
1643 5105 1741 5161 Dei
1784 5105 2096 5175 violaverit,

510 5199 788 5274 disperdet
819 5215 946 5256 eum
987 5200 1155 5266 Deus,
1201 5195 1467 5268 templum
1504 5194 1653 5252 enim
1702 5195 1800 5252 Dei
1848 5204 2099 5254 sanctum

583 5337 664 5409 (7)
697 5338 854 5393 Rom.
886 5333 1041 5409 edit._
1061 5340 1119 5409 _et
1161 5331 1502 5409 pauci_mss.,
1539 5329 1882 5402 dignoscitur.
1911 5332 2100 5402 Cuius-

509 5403 868 5480 curiqueopus
896 5403 1237 5480 manifestum
1265 5403 1384 5458 erit.

503 5487 510 5493 '
581 5473 662 5546 (8)
702 5473 889 5538 Codex
919 5478 1090 5544 Vall.,
1117 5476 1182 5531 ab
1212 5476 1328 5546 igne
1353 5473 1668 5530 combustus.

605 5481 639 5536 8
702 5481 889 5538 Codex
919 5481 1090 5544 Vall.,
1117 5481 1182 5531 ab
1212 5481 1328 5546 igne
1353 5481 1668 5530 combustus.

581 5481 662 5622 i9;
706 5553 863 5608 Rom.
896 5549 1052 5615 edit.,
1086 5550 1266 5622 Eutra
1295 5546 1648 5622 catholicum;
1682 5546 1909 5622 aliaeiac
1941 5563 2092 5622 mss,

505 5615 687 5679 Εαέιιία
715 5623 1063 5679 catholicam:
1103 5619 1199 5674 ubi
1248 5615 1613 5689 supplendum
1652 5626 1753 5686 est,
1784 5617 2092 5685 Ecclesium,

505 5708 669 5764 quam
701 5709 893 5749 vocem
931 5689 1196 5764 exprimit
1232 5689 1381 5764 solus
1424 5706 1526 5764 ms.
1561 5688 1723 5764 Corb.
1754 5689 1859 5764 hoc
1887 5689 2086 5764 modo:

502 5761 684 5824 Extra
711 5761 1020 5823 catholicam
1059 5765 1196 5822 enim
1231 5761 1522 5822 Ecclesiam
1562 5762 1822 5836 quidquid
1849 5768 1942 5833 est,
1983 5763 2094 5817 im-

2289 4663 2468 4734 (Vers.
2502 4660 2620 4729 22.)
2665 4682 2682 4704 ‹
2723 4657 2925 4714 Omnia
2969 4671 3206 4728 namque
3247 4661 3430 4710 vestra
3473 4658 3641 4718 sunt,
3693 4650 3815 4706 sive

2214 4752 2433 4818 Paulus,
2470 4750 2587 4805 sive
2619 4747 2836 4818 Apollo,
2866 4744 2983 4801 sive
3005 4743 3238 4816 Cephas,
3261 4743 3377 4799 sive
3399 4739 3638 4798 mundus
3665 4741 3682 4809 (
3693 4739 3813 4811 12),

2213 4841 2328 4895 sive
2356 4839 2492 4904 vita,
2538 4837 2655 4892 sive
2694 4851 2860 4901 mors,
2907 4833 3023 4889 sive
3069 4833 3376 4905 praesentia,
3424 4831 3541 4886 sive
3577 4830 3812 4886 futura:

2213 4927 2397 4983 omnia
2427 4933 2638 4992 vestra,
2685 4940 2783 4979 vos
2823 4932 3005 4978 autem
3047 4921 3285 4989 Christi,
3337 4919 3587 4978 Christus
3625 4927 3814 4974 autem

2211 5017 2330 5072 Dei.
2367 5043 2384 5064 ι
2419 5016 2545 5071 Alio
2576 5016 2695 5071 loco
2726 5013 2864 5069 dicit
2885 5011 2951 5068 de
2981 5011 3171 5068 eodem
3202 5027 3365 5067 sensu
3394 5028 3406 5065 ε
3445 5033 3463 5056 ι
3492 5009 3603 5066 Nos
3623 5016 3813 5063 autem

2209 5122 2396 5162 servos
2416 5113 2626 5161 vestros
2647 5111 2870 5175 propter
2889 5103 3074 5158 Jesum
3103 5102 3190 5172 (II
3207 5101 3330 5156 Cor.
3358 5117 3434 5167 IV,
3453 5099 3533 5170 5).
3557 5123 3576 5143 ι
3607 5098 3814 5154 Servos

2209 5212 2307 5269 pro
2326 5195 2594 5251 ministris
2612 5192 2814 5266 posuit;
2840 5197 2901 5248 ut
2922 5206 3034 5248 non
3055 5191 3301 5263 singulos
3321 5187 3429 5245 sibi
3450 5185 3815 5244 defenderent

2201 5332 2362 5404 pium,
2382 5337 2456 5386 est
2483 5337 2530 5385 et
2556 5329 2840 5404 funestum.

2282 5403 2398 5475 (10)
2447 5404 2528 5475 Ita
2556 5397 2678 5475 vet.
2713 5401 2844 5458 edit.
2894 5417 2977 5458 ac.
3023 5406 3292 5475 mss.;__at
3343 5400 3504 5475 Rom.
3545 5397 3682 5454 edit.
3730 5397 3815 5454 sic

2206 5470 2558 5602 iminutavit:
2607 5473 2706 5530 Hic
2748 5475 2993 5545 templum
3030 5472 3127 5528 Dei
3156 5471 3303 5540 dicit,
3352 5470 3502 5542 infra
3529 5487 3653 5524 vero
3689 5476 3813 5524 tem-

2206 5563 2237 5602 υ
2266 5564 2376 5602 um.
2404 5552 2507 5600 etc.

2266 5564 2376 5612 um,
2404 5552 2507 5600 etc.

2201 5563 2590 5687 puii’i’fifﬁ.
2623 5616 2784 5683 edit.,
2828 5616 3241 5686 Apprehendam
3272 5614 3648 5687 sapientes.....
3705 5628 3813 5668 sa-

2196 5687 2455 5761 pientiam
2481 5689 2701 5761 illorum
2730 5688 3092 5761 apprehendit.

2275 5760 2391 5834 (12)
2433 5760 2560 5819 Mss.
2589 5757 2819 5834 aliquot,
2861 5759 2968 5814 sive
3001 5759 3223 5831 Cephas,
3254 5757 3350 5831 qui
3378 5763 3453 5815 est
3476 5757 3694 5815 Petrus.
