4112 6178
345 388 452 446 213

1435 389 1799 448 COMMENT.
1838 391 1910 447 IN
1946 389 2166 448 EPIST.
2210 394 2232 448 Ι
2271 394 2367 450 ΑΙ)
2397 395 2555 453 COR.

3545 407 3653 466 214.

348 512 626 585 (i3),cum
653 514 1227 585 omnibusuterentur,
1249 518 1394 575 sicut
1420 525 1475 575 et
1488 517 1931 576 Dominusdicit:
1963 520 2014 580 A
2045 519 2254 576 mundo
2291 522 2517 579 creditis
2540 523 2871 596 judicandus
2899 537 3034 588 erat.
3071 529 3461 607 Supergressus
3498 537 3648 595 enim

360 627 379 651 «
406 603 522 676 Ego
560 621 682 661 sum
740 605 800 660 in
853 605 1035 663 medio
1066 616 1332 676 vestrum,
1364 625 1477 666 non
1524 618 1588 666 ut
1637 609 1942 678 ministrer,

342 691 439 748 sed
510 700 575 749 ut
659 694 963 752 ministram
1039 696 1059 768 (
1108 697 1235 754 Luc.
1291 715 1436 766 χχιι,
1467 698 1588 770 27)
1640 742 1653 755 .
1706 723 1725 746 ι
1807 699 1942 754 Nam

342 780 587 838 mundus
637 783 829 856 utique
895 792 1082 840 noster
1149 793 1253 853 est,
1311 786 1405 842 sed
1461 794 1524 841 ut
1577 786 1646 842 de
1701 785 1801 841 illo
1856 802 1942 842 se-

340 870 588 928 cundum
619 873 716 929 Dei
747 874 1093 930 voluntatem
1119 875 1422 930 sentiamus
1449 884 1504 931 et
1530 874 1777 932 decretos
1823 891 1943 930 cur-

341 976 438 1016 sus
465 959 583 1032 ejus
611 962 666 1016 in
697 963 797 1018 Dei
827 964 1116 1019 voluntate
1148 980 1436 1035 ponamus.
1461 965 1532 1019 Et
1563 965 1678 1020 vita
1706 982 1942 1036 praesens

339 1065 595 1107 concessa
643 1052 809 1108 nobis
842 1060 948 1117 est,
1006 1052 1102 1108 sed
1132 1060 1191 1108 ut
1234 1053 1473 1110 modeste
1523 1053 1673 1109 illam
1705 1062 1760 1110 et
1812 1073 1939 1112 cum

339 1139 438 1194 Dei
494 1139 669 1210 gloria
723 1140 1109 1212 transigamus.
1179 1141 1353 1197 «Sive
1410 1158 1556 1198 mors
1607 1143 1780 1213 (Rom.
1815 1161 1938 1213 vni,

338 1225 456 1297 38),
488 1248 507 1271 ι
553 1234 616 1281 ιιι
669 1243 768 1298 pro
799 1227 1017 1284 Christo
1049 1228 1189 1284 mori
1243 1229 1480 1284 libenter
1507 1229 1810 1288 habeamus
1846 1249 1939 1304 spe

337 1315 726 1387 promissionis
755 1317 974 1374 futurae.
1031 1341 1048 1364 «
1074 1319 1200 1374 Sive
1240 1320 1531 1390 praesentia
1563 1322 1782 1394 (Ibid),
1812 1347 1830 1369 ι
1877 1331 1939 1379 ιιι

337 1403 420 1460 sic
437 1405 799 1475 praesentibus
819 1414 1057 1474 utamur,
1085 1423 1154 1463 ne
1171 1407 1531 1465 offendamus.
1569 1435 1586 1458 «
1602 1410 1728 1466 Sive
1753 1411 1940 1468 futura

345 1491 563 1563 (Ibid.),
584 1516 602 1539 ι
646 1500 707 1548 ιιι
735 1494 925 1550 futura
956 1495 1262 1564 credentes,
1296 1497 1431 1569 ipsis
1454 1513 1556 1555 nos
1587 1500 1782 1572 magis,
1809 1501 1938 1574 quia

337 1581 566 1636 meliora
593 1591 745 1649 sunt,
775 1584 1252 1640 commendemus.

693 1671 732 1742 .)
802 1694 821 1717 «
852 1671 965 1728 Vos
993 1679 1176 1728 autem
1223 1671 1430 1730 Christi
1456 1693 1469 1742 ;
1494 1699 1512 1721 -
1557 1683 1620 1731 ut
1658 1678 1937 1751 quomodo

337 1755 454 1814 hac
477 1755 691 1829 judicio
722 1767 912 1815 nostro
939 1776 1198 1818 concessa
1224 1772 1352 1818 sunt
1388 1773 1442 1820 et
1462 1763 1731 1836 subjecta,
1779 1767 1857 1822 ita
1884 1776 1940 1824 et

2051 608 2350 668 humanam
2375 611 2909 689 justitiam,gcaalesti
2935 619 3166 692 justitiaa
3195 623 3475 697 studebat,
3507 626 3651 685 sicut

2053 697 2190 755 dicit
2228 702 2502 758 Dominus
2535 721 2546 758 :
2609 730 2626 752 «
2651 707 2767 762 Nisi
2809 708 3170 768 abundaverit
3204 711 3426 784 justitia
3473 723 3652 774 vestra

2054 790 2175 860 plus
2205 808 2366 864 quam
2391 793 2704 850 Scribarum
2726 806 2778 852 et
2797 797 3212 870 Pharisaeorum,
3237 819 3346 860 non
3370 804 3652 863 intrabitis

2053 877 2111 933 in
2159 895 2387 969 regnum
2436 882 2532 938 Dei
2584 883 2798 952 (Matth.
2853 903 2908 941 v.
2953 887 3105 958 20).»
3167 891 3480 950 Humanum
3521 911 3650 969 ergo

2056 971 2199 1028 124
2229 968 2372 1024 diem
2403 987 2531 1026 cum
2564 971 2719 1039 dicit,
2749 974 3026 1046 signiﬁcat
3050 985 3102 1032 et
3131 977 3425 1048 divinum;
3452 984 3508 1039 in
3541 968 3650 1058 quo

2043 1065 2392 1136 judicaturus
2439 1076 2520 1123 est
2550 1068 2822 1138 Christus,
2880 1073 3011 1144 quia
3075 1074 3220 1131 sicut
3269 1076 3650 1148 jurisconsulti

2049 1171 2142 1209 seu
2175 1154 2479 1226 pontifices,
2520 1173 2657 1228 quos
2705 1167 2905 1214 vocant
2939 1163 3268 1232 sacerdotes,
3317 1175 3495 1225 certos
3537 1169 3654 1227 dies

2048 1245 2249 1318 quibus
2291 1245 2594 1317 judicatur,
2643 1248 3007 1307 decreverunt
3038 1271 3050 1308 :
3094 1254 3171 1309 ita
3199 1264 3252 1312 et
3281 1256 3400 1315 dies
3428 1260 3652 1317 Domini

2047 1337 2309 1393 deﬁnitus
2335 1345 2434 1405 est,
2467 1355 2578 1411 quo
2593 1339 2942 1411 judicaturus
2973 1352 3064 1416 est
3084 1346 3344 1404 mundus.

2122 1428 2400 1499 (Vers.lt.)
2423 1429 2561 1484 «Sed
2593 1445 2768 1502 neque
2800 1447 2884 1486 me
2906 1433 3084 1504 ipsum
3109 1433 3332 1506 judico;
3366 1438 3508 1495 nihil
3532 1440 3651 1514 qui-

2046 1517 2170 1574 dem
2200 1517 2338 1572 mihi
2371 1520 2624 1575 conscius
2651 1537 2793 1575 sum.
2827 1545 2844 1566 -
2904 1522 3172 1594 Apertum
3210 1533 3292 1580 est
3336 1527 3465 1598 quia
3505 1544 3651 1586 con-

2047 1605 2332 1662 scientiam
2381 1622 2575 1678 puram
2624 1607 2830 1664 habens
2875 1610 3151 1668 sollicitus
3178 1612 3248 1668 de
3275 1631 3332 1670 se
3370 1631 3481 1672 non
3511 1626 3645 1676 erat.

2061 1722 2079 1744 «
2109 1696 2215 1752 Sed
2244 1713 2354 1753 non
2386 1697 2444 1752 in
2475 1697 2580 1753 hoc
2602 1697 2940 1769 justiﬁcatus
2966 1717 3108 1757 sum.
3142 1728 3160 1751 -
3203 1704 3362 1762 Nunc
3389 1705 3651 1766 humiliat

2046 1802 2122 1854 se,
2154 1794 2208 1842 et
2238 1787 2484 1860 loquitur
2513 1795 2574 1842 ut
2604 1787 2790 1855 homo,
2814 1789 2908 1862 qui
2930 1790 3102 1866 possit
3121 1792 3339 1865 culpam
3371 1795 3652 1855 incurrere

335 1864 439 1904 nos
481 1847 704 1905 Christo
761 1849 1160 1922 subjiciamur;
1211 1854 1413 1926 quippe
1460 1872 1587 1912 cum
1626 1873 1722 1928 per
1755 1858 1932 1930 ipsum

2051 1876 2285 1932 nescius.
2327 1876 2468 1943 «Qui
2498 1883 2680 1933 autem
2705 1877 2920 1950 judicat
2936 1895 3044 1946 me,
3065 1882 3335 1940 Dominus
3362 1892 3464 1941 est.
3488 1911 3506 1932 ι
3551 1887 3650 1944 Re-

335 1953 455 1992 esse
483 1939 833 2009 cmperimus,
867 1947 924 1996 et
952 1940 1010 1995 in
1041 1941 1219 2013 prima
1283 1944 1496 2017 origine
1538 1953 1591 2001 et
1646 1963 1939 2020 regenera-

337 2024 514 2082 tione.
583 2050 601 2073 «
631 2026 884 2085 Christus
937 2039 1121 2087 autem
1177 2032 1295 2089 Dei.
1328 2059 1346 2082 ι
1399 2033 1653 2092 Christus
1705 2037 1806 2092 Dei
1859 2045 1940 2093 est

334 2113 517 2170 Patris
545 2115 631 2171 sui
674 2117 931 2190 proprius
960 2119 1158 2189 Filius,
1180 2121 1390 2179 faciens
1413 2125 1752 2181 voluntatem
1782 2125 1933 2197 ejus;

333 2211 398 2258 ut
425 2209 482 2260 et
528 2220 629 2260 nos
675 2205 850 2277 ipsius
903 2207 1193 2266 faciamus.
1229 2210 1286 2266 Si
1315 2228 1444 2284 ergo
1493 2212 1700 2270 Christi
1741 2231 1936 2271 sumus

337 2291 552 2360 famuli,
591 2293 725 2366 quid
755 2302 838 2351 est
865 2303 926 2351 ut
957 2297 1026 2353 ad
1055 2296 1174 2370 ejus
1205 2299 1467 2373 injuriam
1511 2301 1578 2359 de
1611 2302 1935 2362 hominibus

333 2383 547 2458 aliquid
571 2401 853 2458 speremus
881 2387 909 2444 ἳ

945 2565 1175 2625 CAPUT
1206 2568 1301 2626 IV.

409 2709 592 2778 (Vers.
628 2712 707 2785 1.)
751 2736 768 2760 «
797 2714 879 2770 Ita
905 2730 1007 2771 nos
1029 2715 1311 2774 existimet
1339 2716 1528 2788 homo,
1557 2725 1618 2775 ut
1646 2720 1932 2777 ministros

337 2796 567 2868 Christi,
617 2809 674 2857 et
719 2803 1121 2876 dispensatores
1174 2806 1564 2879 mysteriorum
1612 2809 1773 2864 Dei.»
1817 2810 1934 2866 Hoc

335 2888 687 2960 signiﬁcavit,
741 2894 870 2966 quia
917 2895 1102 2950 minus
1158 2895 1226 2950 de
1256 2895 1353 2951 illo
1405 2896 1714 2953 sentiebant
1760 2896 1934 2970 aliqui

335 2977 753 3038 Corinthiorum
783 3000 796 3048 ;
859 2984 954 3038 sed
982 2991 1044 3038 ut
1090 2983 1258 3039 homo
1312 2984 1418 3041 hoc
1447 2985 1514 3040 de
1543 2985 1643 3040 illo
1685 2987 1931 3057 sentiret,

333 3066 482 3137 quod
521 3079 575 3124 et
629 3071 799 3139 Deus,
831 3073 925 3141 qui
956 3071 1117 3125 illum
1149 3072 1418 3143 elegerat;
1479 3071 1602 3129 ideo
1652 3074 1934 3132 ministros

331 3152 546 3211 Christi
621 3158 719 3224 ait,
778 3166 832 3214 et
899 3158 1305 3230 dispensatores
1362 3162 1753 3233 mysteriorum
1809 3165 1928 3221 Dei.

247 3275 254 3280 -
331 3242 570 3309 Quando
596 3247 742 3301 enim
777 3263 888 3302 non
907 3228 1199 3304 verborum
1231 3251 1482 3322 strepitu,
1501 3268 1676 3324 neque
1693 3253 1932 3310 humana
1961 3241 2004 3301 Ο
2037 3237 2212 3324 donec:
2240 3228 2745 3324 V9"““P°“_“"“s-

322 3331 601 3402 sapientia
627 3336 949 3391 nitebantur
977 3337 1214 3411 intelligi
1238 3357 1251 3405 ;
1299 3339 1491 3395 debuit
1520 3350 1926 3398 sacramentum

322 3420 532 3478 Christi
575 3421 910 3495 dispensare,
930 3425 987 3480 in
1015 3441 1127 3481 non
1158 3427 1344 3496 verba,
1378 3429 1476 3484 eed
1507 3430 1684 3486 virtus
1740 3432 1928 3504 fulge-

322 3509 454 3577 bat;
514 3526 626 3565 non
685 3528 780 3583 per
847 3513 995 3586 quod
1043 3514 1229 3584 homo,
1284 3517 1379 3573 sed
1449 3520 1594 3574 Deus
1651 3521 1926 3592 gloriosus

324 3599 609 3654 videretur
632 3619 645 3666 ;
666 3601 872 3674 collega
888 3605 1036 3658 enim
1068 3605 1422 3676 piscatorum,
1444 3623 1554 3662 non
1576 3609 1738 3666 aliter
1762 3627 1925 3683 quam

323 3687 431 3755 illi,
465 3687 750 3745 Christum
800 3691 1151 3764 praedicabat.
1189 3694 1326 3772 cum
1358 3712 1486 3768 ergo
1522 3697 1841 3756 ministrum
1871 3718 1927 3758 se

324 3777 533 3834 Christi
590 3787 643 3835 et
674 3791 1142 3838 sacramentorum
1186 3786 1287 3841 Dei
1344 3787 1556 3858 probat,
1591 3790 1926 3862 pseudoapo-

323 3868 494 3922 stolos
547 3876 722 3937 notat,
767 3878 821 3926 et
845 3871 1076 3944 abnegat
1105 3872 1311 3930 Christi
1357 3891 1472 3931 esse
1503 3877 1650 3948 quod
1681 3878 1924 3949 tradunt,

325 3972 421 4027 per
450 3957 507 4012 id
535 3958 682 4029 quod
710 3958 1089 4017 discordarent
1118 3980 1149 4018 a
1168 3963 1466 4020 traditione
1492 3967 1815 4038 apostolica.

401 4050 583 4120 (Vers.
619 4051 698 4122 2.)
737 4076 755 4098 «
777 4051 878 4109 Hic
902 4052 1018 4124 jam
1049 4055 1317 4126 quaeritur
1334 4055 1480 4111 inter
1500 4057 1926 4130 dispensatores,

325 4145 390 4193 ut
418 4137 597 4195 ﬁdelis
629 4140 754 4212 quis
812 4141 1149 4200 inveniatur.
1186 4168 1205 4193 ι
1265 4146 1381 4201 Hoc
1418 4146 1565 4219 quod
1597 4147 1756 4216 dicit,
1815 4164 1928 4204 non

322 4229 506 4284 solum
565 4229 632 4286 ad
680 4231 1266 4304 pseudoapostolorum
1311 4251 1600 4306 personam
1649 4237 1922 4308 pertinet;

321 4318 422 4374 sed
453 4327 506 4374 et
553 4319 618 4375 ad
660 4321 1027 4394 reliquorum,
1071 4323 1168 4394 qui
1222 4333 1443 4396 accepta
1497 4325 1923 4398 dispensatione,

321 4416 424 4465 aut
456 4411 807 4480 verecundia,
839 4420 932 4467 aut
953 4411 1168 4480 timore,
1200 4421 1296 4468 aut
1324 4423 1468 4470 certe
1499 4415 1927 4472 commendatio-

323 4496 415 4554 nis
458 4515 568 4554 suze
597 4516 760 4556 causa
808 4509 1126 4558 constanter
1174 4519 1399 4574 arguere
1450 4505 1793 4576 trepidabant
1831 4516 1926 4564 aut

2048 1975 2134 2024 cte
2146 1967 2248 2022 ait:
2269 1967 2522 2041 quamvis
2535 1968 2682 2024 enim
2713 1969 3095 2028 humiliaverit
3109 1989 3187 2042 se,
3203 1982 3388 2032 tamen
3411 1976 3650 2034 Domino

2050 2057 2270 2114 Christo
2300 2059 2600 2130 plurimum
2648 2059 2836 2129 dedit;
2883 2063 3012 2136 quia
3051 2073 3246 2138 potest,
3279 2067 3426 2141 quod
3457 2068 3650 2126 homi-

2049 2164 2173 2204 nem
2218 2147 2368 2217 latet,
2405 2149 2538 2205 dum
2588 2151 2802 2208 occulta
2841 2151 3076 2224 judicat,
3128 2156 3496 2228 manifestare,
3537 2177 3649 2219 non

2047 2246 2109 2294 ut
2169 2255 2323 2295 reum
2397 2239 2580 2308 faciat,
2639 2240 2733 2298 sed
2789 2242 3133 2314 prudentem.
3183 2246 3448 2316 Quamvis
3498 2251 3648 2309 enim

2045 2336 2284 2395 sanctus,
2319 2337 2497 2385 tamen
2530 2329 2696 2386 homo
2717 2339 2816 2398 est,
2855 2348 3017 2405 quem
3062 2350 3173 2390 non
3214 2343 3393 2409 potest
3436 2339 3555 2396 ﬁeri
3587 2348 3652 2398 ut

2045 2434 2152 2475 non
2187 2418 2401 2491 aliquid
2433 2420 2595 2476 lateat
2624 2421 2763 2493 (15).
2799 2421 3081 2480 Interdum
3109 2425 3258 2482 enim
3279 2427 3491 2503 aliquid
3511 2432 3650 2489 utile

2045 2516 2319 2581 putamus,
2351 2509 2499 2582 quod
2530 2509 2729 2565 inutile
2771 2519 2880 2577 est;
2930 2527 3032 2570 nec
3067 2514 3216 2570 enim
3247 2517 3435 2574 omnia
3464 2536 3648 2578 mem-

2043 2598 2142 2654 bra
2197 2606 2292 2654 aut
2343 2599 2514 2654 latera
2559 2599 2997 2656 conversationis
3060 2601 3316 2660 humanas
3374 2606 3650 2681 descripta

2044 2686 2312 2744 habemus
2352 2705 2364 2742 :
2413 2686 2480 2741 ab
2531 2685 2600 2741 iis
2633 2694 2818 2742 autem
2864 2704 2983 2760 quae
3031 2691 3220 2761 gravia
3263 2703 3412 2762 sunt,
3464 2705 3650 2768 aperte

2045 2777 2313 2849 prohibiti
2349 2793 2559 2833 sumus.
2609 2780 2744 2834 Nam
2797 2779 3047 2851 quaedam
3094 2797 3269 2837 causa;
3324 2801 3424 2840 nos
3465 2786 3654 2844 fallere

2045 2867 2226 2923 solent
2255 2881 2324 2921 ex
2349 2866 2529 2921 causis
2585 2866 2863 2939 aliquibus
2914 2875 3079 2936 ortae;
3135 2877 3196 2924 ut
3242 2871 3388 2942 quod
3429 2891 3542 2930 non
3574 2884 3656 2933 est

2046 2956 2204 3021 utile,
2253 2963 2509 3027 putemus
2554 2954 2712 3022 utile,
2762 2955 2909 3028 quod
2953 2955 3073 3012 leve
3119 2957 3342 3031 quidem
3373 2969 3486 3030 est;
3523 2963 3654 3036 quia

2045 3044 2385 3119 propositum
2418 3042 2655 3101 liberum
2677 3051 2779 3101 est.

2117 3135 2299 3208 (Vers.
2332 3135 2413 3207 5.)
2471 3137 2706 3209 «Itaque
2752 3135 2924 3192 nolite
2971 3144 3096 3193 ante
3133 3146 3350 3211 tempus
3375 3139 3649 3214 judicare,

2791 3251 2808 3274 ι
2867 3226 3054 3282 Monet
3102 3227 3229 3284 illos
3277 3245 3344 3284 ne
3372 3229 3648 3303 judicent,

2042 3341 2168 3382 cum
2193 3318 2480 3394 judicandi
2541 3316 2654 3372 sint
2707 3324 2759 3370 et
2816 3313 3054 3371 habeant
3098 3316 3304 3390 duplex
3343 3329 3650 3391 peccatum,

2039 3418 2188 3473 sicut
2226 3414 2304 3469 ait
2336 3408 2641 3468 Dominus:
2683 3432 2700 3453 «
2722 3406 2904 3463 Nolite
2919 3407 3191 3479 judicare,
3221 3418 3284 3466 ut
3304 3427 3415 3466 non
3440 3411 3652 3483 judice-

2040 3505 2182 3562 mini
2208 3501 2425 3576 (Matth.
2459 3516 2560 3567 vn,
2596 3496 2685 3568 1);
2722 3521 2740 3543 ι
2777 3495 2872 3553 sed
2903 3503 3218 3568 exspectate
3265 3496 3412 3554 diem
3453 3499 3654 3572 judicii

2041 3599 2162 3666 Dei,
2191 3613 2254 3653 ac
2284 3595 2330 3650 si
2358 3593 2549 3649 ﬁdeles
2581 3600 2635 3648 et
2689 3591 2822 3648 boni
2853 3591 2984 3648 sint.
3032 3592 3243 3664 Injuria
3270 3594 3418 3651 enim
3443 3595 3652 3669 judicis

2036 3694 2136 3756 est,
2163 3686 2210 3742 si
2240 3692 2365 3740 ante
2397 3682 2771 3754 cognitionem
2802 3679 2920 3753 ejus
2947 3697 2979 3738 a
3015 3697 3174 3738 servo
3203 3684 3462 3756 procedat
3484 3685 3649 3759 judi-

2035 3780 2184 3836 cium
2215 3785 2309 3833 aut
2338 3774 2630 3832 sententia.

2123 3900 2142 3924 ι
2171 3875 2277 3942 Qui
2304 3881 2357 3929 et
2387 3869 2728 3928 illuminabit
2757 3868 2972 3927 occulta
3001 3869 3374 3940 tenebrarum,
3430 3881 3485 3928 et
3538 3888 3652 3930 ma-

2037 3959 2323 4015 nifestabit
2364 3957 2595 4014 consilia
2640 3955 2892 4012 cordium
2927 3972 2940 4023 ;
2972 3962 3027 4011 et
3055 3963 3189 4013 tunc
3231 3957 3348 4013 laus
3378 3957 3484 4012 erit
3514 3957 3682 4028 uni-p

2037 4049 2237 4122 cuique
2266 4065 2296 4104 a
2325 4049 2456 4103 Deo.
2491 4071 2508 4092 ι
2557 4046 2673 4101 Hoc
2700 4045 2857 4114 dicit,
2893 4046 3024 4118 quia
3055 4045 3113 4100 in
3145 4044 3234 4099 die
3258 4044 3458 4113 judicii
3506 4044 3650 4106 nihil

2034 4139 2316 4196 occultum
2354 4137 2458 4193 erit
2496 4153 2710 4203 eorum,
2742 4151 2863 4208 qum
2896 4141 3050 4206 gesta
3089 4140 3184 4187 aut
3215 4130 3600 4200 cogitata'sunt
3634 4157 3646 4194 ;

2037 4236 2091 4284 et
2147 4227 2474 4300 simplicitas
2521 4233 2575 4280 et
2639 4220 3116 4298 hypocrisispillic
3159 4217 3476 4290 apparebit;
3510 4227 3571 4276 ut
3597 4232 3652 4280 et

2036 4318 2130 4392 qui
2171 4318 2458 4388 despectus
2512 4312 2840 4378 habebatur,
2892 4309 3036 4365 forte
3097 4318 3356 4383 appareat
3402 4309 3645 4384 dignus:

2035 4415 2088 4461 et
2119 4408 2213 4479 qui
2243 4403 2456 4478 aliquid
2487 4419 2603 4458 esse
2635 4401 2952 4473 putabatur,
2989 4399 3310 4455 inveniatur
3358 4401 3644 4474 reprobus.

2036 4494 2237 4552 Omnia
2266 4495 2414 4552 enim
2451 4491 2599 4548 nuda
2627 4499 2790 4548 erunt
2821 4490 2938 4564 (16)
2981 4490 3038 4546 in
3067 4490 3156 4547 die
3181 4489 3404 4562 judicii,
3436 4499 3490 4548 et
3516 4499 3652 4550 tunc

324 4588 502 4643 malos
541 4603 733 4645 sensus
788 4597 884 4644 aut
915 4607 1112 4648 mores.
1174 4591 1278 4648 Hic
1309 4592 1460 4647 enim
1494 4600 1604 4648 tam
1660 4604 1925 4654 constans
1953 4596 2002 4655 D
2037 4590 2157 4643 13118
2188 4586 2292 4642 erit
2329 4586 2470 4641 bene
2499 4584 2678 4656 agenti
2727 4583 2814 4638 Vel
2862 4581 3145 4654 οοὲίῐᾶῐιῐίο
3197 4581 3300 4637 Ηίϐ
3354 4581 3501 4637 enim
3554 4588 3651 4656 qui

322 4688 462 4746 erat,
495 4685 560 4734 ut
587 4695 690 4735 nec
719 4679 845 4736 vitae
898 4697 1011 4738 sua:
1044 4692 1312 4755 parceret,
1357 4683 1663 4743 dummodo
1693 4685 1932 4744 ﬁdeliter

323 4768 516 4823 omnia
544 4768 844 4825 celebraret
878 4770 1018 4842 (14).

399 4856 584 4927 (Vers.
619 4857 700 4926 3.)
759 4858 936 4914 «Mihi
995 4867 1178 4916 autem
1210 4877 1311 4932 pro
1371 4861 1608 4922 minimo
1655 4871 1759 4934 est,
1811 4873 1932 4922 uta

323 4945 487 5003 vobis
517 4945 813 5018 dijudicer,
845 4957 938 5005 aut
965 4948 1034 5004 ab
1065 4949 1309 5007 humano
1323 4951 1433 5010 die.
1459 4979 1476 5001 ι
1503 4956 1651 5023 Quos
1681 4956 1740 5012 in
1762 4956 1932 5014 tantis

323 5035 489 5092 vitiis
517 5037 892 5110 reprehendit,
925 5039 1186 5094 miserum
1218 5041 1356 5096 dicit
1387 5042 1454 5098 ab
1478 5042 1565 5099 his
1594 5062 1650 5100 se
1665 5044 1925 5117 judicari;

322 5125 534 5199 quippe
597 5143 722 5182 cum
776 5143 936 5184 neca
988 5126 1155 5199 justis
1207 5129 1577 5202 judicandum
1630 5149 1686 5188 se
1742 5134 1927 5190 sciret.

336 5239 356 5263 «
388 5218 503 5274 Aut
531 5216 600 5273 ab
632 5218 877 5275 humano
898 5217 1009 5287 die,
1040 5241 1058 5265 ι
1093 5217 1200 5274 hoc
1219 5230 1320 5290 est,
1354 5223 1483 5295 quia
1511 5239 1613 5280 nec
1641 5237 1674 5278 a
1720 5223 1932 5295 legibus

401 5408 521 5489 (13)
553 5409 710 5489 item.
745 5407 904 5489 edit,
935 5408 1302 5489 singulos_sibi
1331 5409 1614 5479 defer-rent.
1660 5411 1733 5467 Et
1760 5410 1928 5481 infra,

325 5480 458 5550 quia
479 5481 702 5535 meliora
725 5485 868 5544 sunt,
900 5480 1362 5536 accom'modemus.

404 5550 524 5622 (14)
555 5551 760 5606 Eadem
791 5550 925 5607 edit.
958 5553 1144 5619 Rom.,
1191 5553 1370 5606 omnia
1416 5560 1818 5610 consummaret.
1851 5556 1933 5611 Ac

328 5631 454 5694 post
486 5638 682 5694 pauca,
710 5623 1062 5694 reprehendit,
1086 5623 1367 5679 minimum
1398 5624 1544 5680 dicit.

404 5639 454 5678 ει
523 5639 682 5690 auca,
710 5639 739 5675 r
805 5639 1062 5688 renenau,
1086 5640 1367 5679 minimum
1398 5639 1544 5680 dicit.

404 5639 524 5765 (Α)
557 5695 682 5750 Vet.
709 5640 844 5750 egit.
875 5702 929 5751 et
963 5711 1093 5750 mss.
1139 5696 1466 5778 nonpauci,
1489 5697 1747 5778 Quamuis
1762 5699 1933 5778 _enim

329 5766 483 5823 homo
515 5772 611 5836 est,
642 5783 792 5838 quem
811 5783 917 5823 non
939 5773 1128 5840 potest,
1163 5767 1272 5824 nisi
1286 5766 1503 5840 aliquid
1537 5769 1729 5827 lateat:
1762 5769 1928 5828 Rom.

2043 4667 2320 4739 laudatur,
2354 4674 2716 4744 improbabile
2759 4680 2841 4728 est
2869 4689 2938 4727 an
2979 4671 3177 4742 dignus
3207 4671 3299 4737 sit,
3331 4671 3474 4726 sicut
3502 4679 3556 4728 et
3590 4671 3650 4728 in

2039 4761 2150 4818 alio
2179 4762 2302 4817 loco
2332 4759 2468 4816 dicit
2501 4778 2512 4816 :
2561 4785 2576 4806 «
2607 4762 2726 4816 Non
2756 4759 2903 4814 enim
2933 4758 3028 4830 qui
3059 4773 3116 4813 se
3145 4757 3325 4829 ipsum
3356 4775 3650 4817 commen-

2041 4855 2154 4923 dat,
2188 4854 2288 4909 ille
2326 4851 2585 4926 probatus
2618 4859 2699 4909 est
2734 4871 2744 4908 :
2779 4851 2872 4908 sed
2907 4867 3068 4926 quem
3114 4852 3260 4908 Deus
3299 4853 3650 4911 commendat

2043 4944 2124 5016 (II
2154 4945 2280 5001 Cor.
2313 4959 2371 5012 χ,
2408 4943 2522 5016 18),
2551 4967 2570 4991 ι
2642 4958 2804 5016 quem
2833 4941 3025 5014 utique
3065 4940 3208 4997 nihil
3240 4943 3391 4998 latet.

2115 5045 2296 5116 (Vers.
2347 5043 2428 5116 6.)
2486 5067 2504 5090 «
2536 5043 2663 5100 Haec
2720 5051 2923 5110 autem,
2981 5041 3197 5110 fraters,
3256 5040 3646 5114 transﬁguravi

2041 5136 2100 5191 in
2127 5151 2233 5203 me,
2265 5143 2317 5190 et
2338 5134 2536 5206 Apollo
2557 5140 2778 5206 propter
2802 5148 2928 5200 vos;
2959 5138 3020 5187 ut
3037 5130 3096 5187 in
3125 5131 3286 5188 nobis
3306 5130 3549 5196 discetis,
3575 5145 3646 5184 ne

2039 5239 2204 5296 supra
2241 5223 2389 5297 quod
2418 5223 2685 5294 scriptum
2715 5230 2817 5289 est,
2847 5237 2992 5278 unus
3021 5235 3122 5294 pro
3152 5235 3266 5276 uno
3298 5218 3524 5275 inﬂetur
3550 5213 3646 5270 ad-

2040 5410 2175 5467 edit.
2236 5427 2362 5467 cum
2392 5409 2524 5488 G_ill.
2553 5409 2618 5488 _in
2646 5418 2907 5488 marg._et
2957 5425 3088 5488 mss;
3132 5403 3419 5488 nonnullis
3457 5403 3643 5488 locum

2041 5483 2172 5538 satis
2195 5481 2481 5538 commode
2521 5481 2600 5537 sic
2650 5475 2967 5554 emendaret
3001 5498 3010 5535 :
3049 5475 3342 5554 Quisenirn
3371 5475 3522 5542 homo
3545 5481 3638 5544 est,

2041 5571 2191 5624 quem
2218 5571 2323 5609 non
2350 5553 2561 5624 aliquid
2603 5554 2762 5608 lateat
2784 5571 2805 5616 ;
2842 5551 2934 5624 sed
2965 5565 3150 5605 veram
3182 5547 3472 5601 lectionem
3501 5561 3642 5620 sup-

2040 5623 2309 5698 peditavit
2338 5623 2639 5698 codLVall.
2673 5630 2733 5677 ut
2763 5638 2864 5698 nos
2885 5623 2940 5676 in
2966 5628 3146 5698 textu.

2115 5697 2230 5767 (16)
2261 5697 2389 5752 Mss.
2421 5695 2652 5768 aliquot,
2683 5693 2865 5749 omnia
2891 5693 3030 5744 enim
3049 5694 3175 5744 nota
3203 5695 3375 5746 erunt.
