4090 6182
437 317 542 378 215

1495 324 1589 378 AD
1625 320 1857 377 OPERA
1897 319 1952 375 S.
1985 319 2322 379 AMBROSII
2359 322 2738 380 APPENDIX.

3621 321 3725 380 216

438 466 629 506 versus
657 447 908 505 alterum.
934 473 952 497 ι
985 449 1418 523 Transﬁguravit
1438 448 1552 505 hanc
1573 448 1628 502 in
1654 463 1710 501 se
1734 455 1786 501 et
1814 447 2034 518 Apollo,
2068 451 2115 509 A
2146 451 2480 508 novissimos
2509 453 2772 521 ostendit,
2816 453 2971 526 quasi
3014 452 3176 508 morti
3226 450 3549 507 destinatos.
3584 475 3600 495 ι
3645 451 3762 506 Hoc

439 537 572 594 dum
621 539 1197 611 pseudoapostolorum
1244 537 1443 610 glorias
1471 542 1525 590 et
1554 535 1878 590 traditiones
1909 552 2040 607 per-

438 645 624 683 versas
654 628 755 684 sub
785 645 880 684 sua
901 646 1130 700 persona
1161 637 1215 684 et
1258 627 1454 698 Apollo
1497 634 1746 693 evacuat,
1788 642 2040 680 summa-

439 717 540 771 tim
569 717 695 772 illos
726 717 1038 790 designans,
1068 735 1178 773 non
1209 715 1565 788 singulatim:
1602 730 1668 768 ne
1697 713 1837 768 forte
1869 712 2042 783 major

440 804 717 861 discordia
761 806 817 862 in
863 808 1065 878 populo
1113 811 1447 860 nasceretur.
1487 803 1658 857 Nemo
1691 801 1838 857 enim
1891 801 2041 856 audi-

442 913 538 953 ens
566 914 765 952 nomen
798 913 955 952 suum
987 894 1186 962 taxari,
1218 902 1313 949 aut
1341 893 1471 965 ejus,
1494 894 1586 966 qui
1612 893 1779 959 favet,
1821 901 2043 949 conten-

441 993 530 1042 tus
559 996 639 1041 est
668 995 872 1041 tacere:
899 984 1068 1039 tacito
1099 991 1280 1038 autem
1314 983 1538 1038 nomine
1567 982 1614 1037 si
1637 982 1760 1053 quis
1789 982 2042 1049 audiens,

441 1073 654 1128 etiamsi
685 1073 752 1128 de
781 1089 836 1128 se
869 1072 1139 1144 intelligat
1165 1072 1400 1138 dictum,
1433 1070 1764 1125 dissimulat.
1799 1071 1911 1126 Sub
1944 1070 2047 1125 hac

440 1177 567 1233 ergo
587 1161 958 1232 propositione
972 1159 1259 1215 evacuavit
1282 1158 1800 1231 personasillorum,
1819 1176 1944 1215 cum
1967 1159 2046 1214 di-

440 1251 517 1307 cit
549 1269 560 1305 :
610 1275 628 1297 ι
653 1250 769 1321 Ego
799 1248 1065 1320 plantavi,
1115 1249 1315 1320 Apollo
1346 1248 1564 1319 rigavit,
1597 1273 1614 1293 ι
1684 1255 1788 1303 etc.
1826 1249 1880 1319 (ι
1920 1250 2045 1304 Cor.

442 1356 524 1406 ιιι,
559 1337 640 1410 6),
676 1344 738 1391 ut
765 1336 824 1391 in
855 1336 942 1391 his
986 1335 1262 1394 discerent
1308 1335 1450 1391 nihil
1501 1334 1742 1392 dandum
1796 1335 2051 1390 homini-

442 1429 564 1484 bus.

517 1527 699 1599 (Vers.
737 1525 814 1596 7.)
857 1547 874 1570 α
898 1523 1035 1580 Nam
1054 1523 1180 1608 quis
1207 1531 1261 1580 te
1290 1520 1609 1579 discernit?
1637 1544 1654 1567 ι
1694 1519 1755 1575 Id
1785 1529 1889 1589 est,
1925 1527 2054 1576 sunt

444 1616 637 1690 aliqui,
664 1615 759 1688 qui
789 1613 1027 1685 amplius
1063 1613 1397 1685 accipientes
1429 1613 1483 1666 in
1511 1611 1839 1682 baptismate
1870 1620 1965 1666 aut
1992 1612 2050 1666 in

443 1704 714 1768 doctrina,
746 1711 972 1758 caeteros
996 1701 1184 1758 dicant
1227 1701 1410 1756 minus
1459 1708 1799 1756 consenctos.
1835 1701 1949 1755 Hoc
1987 1699 2055 1754 iis

2152 540 2274 596 ideo
2305 558 2546 611 persona:
2578 559 2688 598 suae
2719 543 2963 616 deputat,
2995 542 3123 615 quia
3155 557 3368 613 semper
3414 541 3473 596 in
3512 538 3763 596 necessi-

2151 638 2263 691 tate
2292 631 2418 698 fuit,
2461 632 2867 703 persecutiones
2908 639 2961 686 et
3009 647 3289 704 pressuras
3337 630 3484 684 ultra
3533 638 3763 684 caeteros

2152 736 2362 791 passus,
2395 721 2539 776 sicut
2569 722 2780 792 passuri
2829 730 2958 777 sunt
3002 720 3192 776 Enoch
3245 727 3297 775 et
3328 720 3498 787 Elias,
3532 718 3628 790 qui
3662 718 3759 773 ul-

2154 809 2292 864 timo
2323 819 2567 880 tempore
2598 810 2772 864 futuri
2823 817 2951 865 sunt
2989 809 3246 881 apostoli.
3296 809 3440 865 Mitti
3474 810 3622 864 enim
3653 808 3764 863 ha-

2152 900 2285 956 bent
2315 908 2438 955 ante
2469 899 2750 956 Christum
2787 901 2902 970 (17)
2937 900 3005 954 ad
3049 898 3462 970 praeparandum
3498 899 3764 970 populum

2155 989 2274 1056 Dei,
2307 999 2361 1044 et
2391 988 2714 1044 muniendas
2741 1005 2931 1045 omnes
2965 989 3260 1056 Ecclesias,
3301 988 3366 1043 ad
3399 975 3763 1043 resistendum

2157 1079 2524 1146 Antichristo,
2570 1096 2706 1152 quos
2765 1086 2818 1134 et
2871 1078 3275 1150 persecutiones
3313 1079 3426 1150 pati
3476 1086 3529 1134 et
3585 1076 3768 1133 occidi

2158 1169 2322 1224 lectio
2338 1170 2698 1241 Apocalypsis
2715 1177 2947 1225 testatur
2960 1172 3149 1239 (Apoc.
3168 1168 3394 1238 x1,8,9).
3414 1168 3620 1222 Horum
3639 1183 3768 1239 ergo

2159 1270 2375 1331 tempus
2417 1276 2516 1316 suo
2550 1260 2782 1331 tempori
2828 1258 3168 1332 comparavit
3209 1257 3506 1329 Apostolus
3537 1256 3764 1312 dicens:

2176 1376 2193 1399 ε
2224 1353 2570 1419 Quasimorti
2591 1352 2892 1407 destinatos
2916 1353 2972 1422 (Ι
2994 1351 3118 1408 Cor.
3148 1351 3333 1422 1v,9);
3360 1375 3377 1394 ι
3409 1348 3477 1404 ad
3494 1348 3598 1404 hoc
3619 1348 3768 1403 enim

2163 1440 2385 1496 venturi
2413 1449 2568 1509 sunt,
2600 1449 2660 1496 ut
2690 1441 3035 1496 occidantur.

2248 1554 2264 1576 ι
2298 1530 2437 1597 Quia
2467 1531 2838 1602 spectaculum
2889 1528 3020 1585 facti
3067 1545 3257 1584 sumus
3285 1526 3417 1583 huic
3456 1525 3683 1592 mundo,
3716 1534 3771 1581 et

2164 1618 2370 1691 angelis
2400 1629 2454 1676 et
2505 1619 2842 1675 hominibus.
2879 1644 2896 1666 ιι
2943 1619 3080 1684 Quia
3111 1626 3277 1673 erunt
3314 1617 3686 1690 spectaculum
3718 1622 3774 1670 et

2165 1710 2357 1766 Enoch
2407 1717 2460 1764 et
2493 1709 2642 1765 Elias
2691 1725 2862 1782 usque
2906 1709 3062 1776 adeo,
3111 1716 3174 1764 ut
3225 1725 3453 1778 corpora
3485 1723 3674 1762 eorum
3715 1706 3774 1760 in

449 1794 714 1866 loquitur:
749 1791 846 1863 qui
889 1789 1193 1861 baptizatos
1234 1789 1301 1843 ab
1350 1787 1474 1842 aliis
1521 1789 1644 1860 Plus
1687 1787 1896 1860 aliqum
1943 1803 2058 1841 esse
2091 1813 2134 1871 Β
2166 1801 2345 1872 platea
2376 1799 2738 1872 projiciantur
2781 1801 2836 1855 in
2883 1810 3178 1872 conspectu
3226 1800 3396 1856 totius
3441 1799 3630 1870 populi
3675 1799 3774 1854 in-

453 1881 754 1955 putabant:
790 1895 1024 1950 quorum
1057 1877 1370 1950 eloquentia
1398 1875 1818 1944 seducebantur,
1843 1883 1903 1930 ut
1939 1873 2058 1929 fure

447 1970 684 2044 quodam
718 1984 974 2040 perversa
1026 1975 1174 2022 recta
1212 1973 1486 2038 putarent.
1538 1965 1710 2018 Tanta
1757 1965 1902 2019 enim
1936 1963 2060 2019 dis-

445 2059 633 2118 cordia
659 2067 775 2114 erat
806 2057 863 2112 in
895 2057 1116 2130 populo,
1150 2064 1212 2111 ut
1242 2057 1416 2111 multa
1444 2064 1623 2111 essent
1652 2055 1837 2111 studia
1865 2055 2063 2110 diver-

448 2163 631 2206 sarum
690 2147 930 2220 partium
989 2165 1000 2201 :
1059 2154 1113 2203 et
1159 2147 1239 2202 sic
1281 2147 1466 2201 omnia
1511 2145 1659 2202 dicta
1713 2161 1811 2200 sua
1853 2143 2062 2216 aptavit

451 2238 748 2312 Apostolus
805 2236 924 2291 sine
981 2235 1426 2291 manifestatione
1470 2234 1760 2289 nominum
1803 2233 2060 2288 omnibus

450 2331 726 2404 partibus;
756 2338 818 2385 ut
845 2345 970 2383 cum
1002 2327 1273 2399 legeretur
1293 2325 1545 2396 epistola,
1568 2339 1911 2395 unaquaeque
1937 2338 2061 2394 pars

449 2421 518 2478 ad
557 2437 614 2477 se
657 2419 805 2475 dicta
847 2417 1166 2488 susciperet,
1227 2415 1455 2471 audiens
1515 2414 1661 2487 quod
1719 2430 1893 2470 causae
1951 2428 2062 2468 suae

453 2508 668 2566 intendi
697 2513 1068 2580 cognosceret.

537 2635 554 2657 ι
586 2607 728 2675 Quid
756 2605 904 2662 enim
936 2604 1124 2671 habes,
1165 2603 1309 2675 quod
1353 2619 1464 2658 non
1506 2600 1813 2672 accepisti?
1843 2623 1861 2647 ι
1909 2597 2060 2663 Nihil

452 2699 618 2764 illum,
652 2697 786 2752 boni
816 2697 960 2750 ultra
1003 2694 1141 2750 dicit
1191 2700 1546 2749 consecutum
1588 2692 1656 2746 ab
1697 2689 1843 2757 aliis,
1899 2704 2063 2760 quam

452 2786 520 2842 ab
570 2801 636 2840 eo
697 2793 999 2855 acceperat,
1058 2782 1182 2838 ideo
1237 2781 1438 2837 frustra
1481 2780 1669 2852 queri;
1718 2777 1866 2852 quod
1915 2777 2064 2831 enim

455 2874 751 2940 habebant,
785 2873 852 2927 ab
883 2873 1146 2943 Apostolo
1176 2879 1513 2940 acceperant.
1548 2869 1631 2924 Ad
1679 2884 1850 2922 unum
1880 2873 2065 2921 autem

455 2960 675 3016 videtur
706 2958 877 3030 loqui,
913 2958 1042 3029 quia
1069 2957 1137 3012 ad
1165 2967 1374 3028 partem
1415 2956 1586 3027 plebis
1618 2956 1884 3026 loquitur.

541 3078 557 3099 ι
579 3052 635 3108 Si
658 3059 837 3105 autem
861 3049 1140 3120 accepisti,
1161 3047 1292 3119 quid
1316 3046 1585 3117 gloriaris,
1611 3045 1764 3117 quasi
1786 3061 1894 3100 non
1919 3059 2068 3098 acce-

456 3140 599 3213 peris
620 3141 647 3194 ‘P
677 3163 693 3186 ι
736 3138 851 3193 Hoc
880 3139 1036 3209 quasi
1066 3137 1418 3192 insultatores
1448 3134 1682 3206 apostoli
1709 3133 1940 3205 agebant
1971 3147 2065 3202 per
2095 3171 2137 3228 Ο

456 3229 821 3302 imperitiam;
873 3235 933 3282 ut
977 3225 1167 3281 eadem
1211 3225 1513 3290 audientes,
1547 3240 1666 3295 quae
1697 3222 1765 3277 ab
1798 3223 2060 3294 Apostolo

451 3318 564 3390 jam
595 3317 922 3383 didicerant,
948 3316 1106 3371 illum
1124 3323 1472 3381 evacuantes,
1503 3311 1568 3366 de
1586 3311 1786 3365 horum
1811 3309 2064 3381 magiste-

458 3411 541 3466 rio
607 3408 1012 3481 gloriarentur;
1088 3405 1403 3478 eloquentia
1458 3404 1606 3458 enim
1667 3399 2062 3466 commendati,

455 3495 862 3569 praedicationis
917 3494 1146 3567 gloriam
1197 3494 1254 3548 in
1285 3509 1341 3548 se
1371 3490 1786 3547 convertebant.
1813 3489 2064 3559 Aposto-

457 3585 544 3640 lus
574 3600 702 3639 vero
731 3582 1204 3652 contemptibilem
1238 3597 1296 3635 se
1340 3579 1560 3634 volebat
1583 3577 1783 3643 videri,
1812 3575 2068 3631 dummo-

457 3670 529 3726 do
567 3670 665 3725 Dei
697 3670 926 3740 gloriam
965 3669 1167 3724 faceret
1195 3668 1604 3739 acceptabilem.

532 3767 714 3838 (Vers.
745 3766 826 3838 8.)
874 3765 1036 3822 «Jam
1066 3765 1296 3820 saturati
1330 3765 1480 3829 estis,
1518 3763 1634 3836 jam
1684 3762 1888 3818 divites
1933 3761 2067 3816 facti

459 3856 610 3923 estis,
643 3855 761 3911 sine
797 3855 956 3910 nobis
985 3854 1243 3926 regnatis.
1277 3879 1294 3900 ι
1353 3852 1536 3908 Ironia
1584 3860 1688 3917 est,
1732 3861 1794 3908 ut
1837 3851 2065 3917 dicunt;

461 3945 746 4002 irascentis
774 3942 922 4000 enim
954 3942 1122 3997 verba
1166 3946 1296 4003 125
1336 3950 1484 4009 sunt,
1527 3959 1637 3997 non
1668 3941 2067 3997 conﬁrmantis.

461 4045 522 4100 In
552 4043 753 4116 quibus
771 4042 918 4098 enim
940 4049 1094 4096 tanta
1123 4040 1259 4096 vitia
1280 4040 1478 4110 arguit,
1503 4055 1728 4110 regnare
1751 4039 1874 4093 illos
1895 4038 2066 4104 dicit;

460 4133 548 4188 sic
567 4134 715 4188 enim
761 4131 1026 4204 putabant
1058 4131 1355 4202 gloriantes
1385 4129 1452 4184 de
1483 4128 1552 4184 iis
1582 4145 1701 4199 quae
1731 4145 1761 4181 a
1790 4126 2073 4198 pseudoa-

461 4223 689 4293 postolis
719 4223 1078 4277 tradebantur
1090 4265 1102 4277 .

549 4342 566 4364 ε
595 4319 666 4373 Et
693 4319 907 4374 utinam
945 4319 1204 4391 regnetis,
1237 4328 1299 4374 ut
1327 4325 1381 4374 et
1413 4334 1512 4374 nos
1543 4317 1832 4374 vobiscum
1869 4333 2069 4389 regne—

465 4425 606 4463 mus.
639 4431 656 4453 ›
727 4408 798 4463 Ut
848 4408 970 4478 pius
1024 4418 1176 4479 pater
1241 4409 1403 4462 etiam
1463 4408 1692 4478 ingratis
1749 4406 1883 4462 ﬁliis
1935 4406 2071 4462 bene

464 4503 634 4569 optat.
681 4496 788 4562 Qui
835 4495 983 4550 enim
1043 4504 1257 4566 poterat
1313 4495 1453 4560 ﬁeri,
1518 4503 1580 4549 ut
1636 4495 1753 4549 sine
1810 4495 2146 4586 apostolisD

465 4585 796 4657 regnarent?
824 4582 1108 4655 Quidquid
1137 4583 1281 4638 enim
1317 4599 1425 4638 non
1471 4584 1537 4638 ab
1588 4584 1849 4654 apostolis
1891 4583 2075 4639 tradi—

466 4684 582 4731 tum
643 4683 744 4742 est,
804 4674 1104 4730 sceleribus
1154 4675 1374 4745 plenum
1428 4679 1528 4727 est.
1587 4673 1676 4729 Sic
1724 4681 1908 4730 tamen
1938 4673 2073 4729 ordo

464 4764 646 4819 fuerat
707 4763 886 4819 dicere
939 4780 949 4818 :
1001 4765 1069 4820 Ut
1123 4762 1411 4819 nobiscum
1471 4763 1744 4834 regnetis;
1801 4763 1894 4818 sed
1947 4763 2075 4834 quia

465 4853 844 4925 prauniserat:
911 4854 1024 4907 «Et
1066 4852 1280 4908 utinam
1330 4852 1586 4923 regnetis,
1614 4875 1632 4899 ›
1690 4852 1850 4907 aliter
1895 4851 2076 4905 dicere

466 4959 578 4999 non
610 4943 788 5014 potuit
819 4941 926 4998 nisi
957 4960 967 4996 :
1019 4968 1037 4990 ι
1069 4943 1138 4997 Ut
1167 4949 1220 4997 et
1247 4959 1348 4996 nos
1379 4943 1664 4996 vobiscum
1701 4957 2008 5012 regnemus.
2043 4965 2061 4987 ι

466 5037 711 5106 Regnare
769 5041 951 5088 autem
1006 5040 1088 5088 est
1145 5032 1214 5086 de
1267 5048 1360 5102 spe
1413 5038 1467 5086 et
1526 5030 1809 5101 promissis
1865 5029 2074 5086 Christi

467 5139 717 5180 securum
743 5138 880 5189 esse,
913 5130 967 5178 et
997 5120 1230 5193 gaudere
1259 5120 1315 5174 in
1347 5118 1414 5175 iis
1443 5135 1563 5191 quze
1593 5119 1824 5174 adversa
1844 5127 2070 5190 propter

466 5229 667 5270 nomen
718 5209 1279 5277 Christi'accidunt;
1339 5209 1552 5266 lucrum
1607 5209 1756 5264 enim
1815 5208 2072 5276 afferunt,

467 5319 578 5359 non
603 5302 1020 5359 detrimentum.
1052 5298 1206 5355 Unde
1226 5299 1338 5354 alio
1354 5298 1473 5354 loco
1498 5297 1632 5355 dicit
1660 5316 1671 5352 :
1720 5321 1737 5343 ι
1756 5296 1894 5355 Cum
1922 5297 2072 5352 inﬁr-

467 5408 607 5459 mor,
649 5400 782 5449 tunc
811 5396 1002 5463 potens
1033 5405 1153 5444 sum
1187 5388 1276 5460 (II
1309 5387 1433 5443 Cor.
1465 5405 1569 5456 x11,
1607 5387 1720 5461 10).
1758 5412 1776 5435 ›

539 5492 720 5561 (Vers.
744 5492 826 5564 9.)
867 5513 885 5538 ι
914 5489 1051 5545 Puto
1089 5488 1237 5543 enim
1277 5487 1423 5561 quod
1470 5489 1614 5543 Deus
1656 5503 1756 5542 nos
1795 5489 2072 5560 apostolos

537 5669 654 5740 (17)
686 5668 848 5726 Corb.
899 5686 1027 5737 ms.,
1067 5667 1161 5740 qui
1197 5666 1259 5721 in
1301 5664 1551 5722 ultionem
1594 5664 1891 5738 prwfuturi
1944 5673 2068 5723 sunt

2169 1889 2376 1956 fidelis;
2425 1889 2501 1945 ita
2544 1897 2594 1946 et
2626 1890 2857 1961 apostoli
2898 1890 3269 1961 spectaculum
3304 1889 3434 1945 facti
3463 1897 3611 1956 sunt,
3643 1888 3777 1960 quia

2170 1979 2388 2050 publice
2436 1978 2777 2048 ridebantur,
2837 1979 3000 2052 positi
3050 1980 3117 2035 ad
3166 1978 3425 2050 injuriam
3457 1987 3510 2033 et
3541 1985 3774 2033 mortem

2170 2086 2330 2140 quam
2364 2069 2506 2141 passi
2536 2079 2683 2125 sunt.
2734 2069 3000 2125 Mundnm
3031 2077 3240 2136 autem,
3272 2068 3491 2140 angelos
3517 2076 3570 2122 et
3595 2065 3776 2121 homi-

2171 2175 2266 2214 nes
2295 2158 2471 2224 dixit;
2506 2158 2635 2230 quia
2664 2168 2716 2214 et
2747 2159 2928 2230 angeli
2976 2159 3108 2214 mali
3154 2168 3304 2227 sunt,
3336 2157 3552 2213 dicente
3597 2154 3778 2212 David

2172 2251 2229 2305 in
2266 2252 2475 2322 psalmo
2505 2249 2901 2320 septuagesimo
2931 2250 3192 2320 septimo:
3215 2250 3368 2306 Vexa
3382 2247 3496 2302 abit
3524 2247 3651 2301 illos
3681 2261 3779 2316 per

2172 2340 2392 2410 angelos
2448 2339 2642 2404 malos,
2698 2347 2751 2393 et
2794 2337 3047 2393 homines
3094 2338 3222 2392 mali
3256 2345 3310 2392 et
3339 2335 3638 2399 increduli;
3689 2332 3780 2388 bis

2172 2428 2544 2500 apostolorum
2609 2425 2824 2497 injuriae
2881 2426 3284 2482 oblectamento
3333 2433 3481 2479 sunt.
3540 2421 3780 2478 Mundus

2174 2527 2355 2571 autem
2397 2516 2602 2572 idcirco
2652 2515 2952 2570 inﬁdelitas
2992 2515 3218 2582 dicitur,
3267 2514 3397 2588 quia
3427 2512 3672 2568 visibilia
3698 2528 3779 2567 se-

2174 2609 2382 2680 quitur.

2249 2697 2430 2769 (Vers.
2465 2695 2578 2765 10.)
2627 2720 2643 2741 ι
2669 2696 2778 2750 Nos
2808 2695 2964 2751 stulti
3005 2704 3227 2767 propter
3257 2694 3559 2753 Christum.
3595 2719 3612 2739 ι
3659 2692 3782 2749 Ve-

2175 2803 2294 2842 rum
2327 2793 2408 2841 est
2437 2785 2566 2857 quia
2594 2794 2838 2840 amantes
2870 2785 3175 2852 Christum,
3202 2784 3359 2840 stulti
3390 2792 3518 2839 sunt
3549 2781 3781 2850 mundo,

2190 2901 2207 2922 ι
2238 2876 2352 2932 Vos
2379 2883 2560 2930 autem
2601 2875 2896 2946 prudentes
2946 2875 3002 2930 in
3051 2874 3295 2931 Christo.
3329 2901 3346 2922 ι
3398 2875 3499 2942 Qui
3540 2872 3786 2944 prudens

2178 2966 2234 3020 in
2283 2964 2504 3021 Christo
2556 2963 2838 3036 judicatur
2893 2982 2924 3019 a
2975 2964 3218 3036 perﬁdis,
3270 2981 3381 3018 non
3411 2970 3553 3017 recte
3583 2960 3787 3017 asserit

2178 3053 2480 3110 Christum.
2515 3053 2761 3124 Denique
2789 3053 3055 3120 Marcion,
3081 3053 3209 3124 quia
3239 3059 3396 3124 negat
3424 3050 3626 3106 Filium
3653 3050 3780 3117 Dei,

2177 3152 2231 3197 et
2262 3143 2541 3199 incarnari
2577 3147 2753 3199 Deum
2804 3142 3065 3214 potuisse,
3121 3141 3361 3214 prudens
3409 3151 3490 3196 est
3543 3139 3779 3206 mundo,

2177 3245 2229 3290 et
2249 3237 2539 3291 Photinus.
2578 3235 2706 3308 quia
2737 3251 2844 3290 non
2877 3234 3079 3290 fatetur
3109 3233 3391 3290 Christum
3422 3248 3516 3303 per
3546 3229 3601 3286 id
3631 3229 3783 3303 quod

2178 3335 2338 3381 natus
2368 3334 2468 3393 est,
2499 3327 2694 3390 Deum,
2727 3323 2942 3394 sapiens
2971 3323 3191 3378 videtur
3220 3322 3532 3377 mundanis.

2262 3439 2278 3459 α
2309 3415 2419 3470 Nos
2451 3412 2679 3468 inﬁrmi.
2715 3439 2733 3461 ιι
2776 3412 2985 3468 Inﬁrmi
3021 3412 3165 3479 ideo,
3203 3412 3330 3484 quia
3361 3411 3477 3466 sine
3515 3411 3786 3466 adulatio-

2177 3519 2245 3558 ne
2273 3510 2326 3558 et
2355 3519 2478 3558 cum
2511 3502 2766 3569 stultitia,
2803 3503 2947 3557 sicut
2977 3501 3198 3556 videtur
3245 3501 3561 3566 mundanis,
3590 3499 3789 3571 praedi-

2179 3599 2363 3647 cantes
2393 3590 2675 3647 Christum
2724 3590 2944 3662 injuriis
2987 3589 3441 3660 subjiciebantur.
3491 3613 3507 3633 ε
3540 3589 3652 3643 Vos
3680 3605 3791 3642 au-

2178 3689 2288 3737 tem
2348 3681 2535 3737 fortes.
2568 3707 2584 3729 ι
2657 3680 2785 3735 Ideo
2835 3679 3021 3747 fortes,
3074 3679 3203 3750 quia
3253 3678 3333 3734 sic
3390 3677 3793 3749 proﬁtebantur

2181 3770 2489 3838 Christum,
2521 3785 2588 3825 ne
2643 3768 2957 3825 offenderen
3015 3768 3287 3836 homines,
3345 3775 3407 3822 ut
3462 3773 3644 3822 essent
3690 3755 3791 3821 se-

2181 3862 2320 3917 curi.

2266 3973 2284 3996 ι
2316 3949 2426 4006 Vos
2449 3949 2683 4004 nobiles.
2727 3972 2743 3995 ι
2797 3947 2904 4014 Qui
2934 3947 3081 4002 enim
3115 3947 3396 4004 Christum
3427 3963 3534 4001 non
3558 3946 3785 4014 fatetur,

2182 4039 2311 4111 quia
2340 4038 2574 4094 Abrahae
2606 4037 2910 4108 promissus
2939 4044 3041 4105 est,
3074 4045 3127 4092 et
3153 4036 3220 4091 ab
3242 4036 3402 4092 initio
3432 4035 3789 4106 praedicatus,

2183 4129 2274 4185 hic
2302 4130 2508 4185 nobilis
2532 4138 2723 4185 contra
2757 4129 3036 4185 Christum
3087 4137 3204 4193 est;
3241 4127 3369 4201 quia
3398 4127 3788 4199 antiquitatem

2185 4217 2440 4289 promissi
2469 4217 2677 4273 Christi
2727 4216 2853 4273 aliis
2890 4217 3133 4288 deputat.
3180 4241 3196 4261 -
3227 4218 3337 4272 Nos
3383 4232 3511 4270 vero
3561 4213 3793 4285 ignobi-

2184 4312 2330 4368 les.v
2397 4311 2664 4384 Ignohilis
2721 4313 2928 4367 mundo
2985 4320 3085 4379 est,
3136 4313 3229 4384 qui
3286 4311 3588 4375 Christum,
3641 4307 3791 4381 quod

2184 4407 2423 4463 mundus
2480 4407 2730 4477 denegat,
2790 4407 2858 4461 ab
2907 4405 3069 4461 initio
3102 4406 3408 4476 proﬁtetur.
3442 4406 3567 4460 Haec
3618 4403 3794 4474 igitur

2183 4496 2370 4552 omnia
2400 4497 2731 4567 supradicta,
2790 4511 2910 4568 quae
2953 4511 3147 4564 negare
3195 4495 3435 4562 videtur,
3475 4492 3789 4558 conﬁrmat,

2184 4595 2236 4642 et
2270 4603 2388 4659 qua:
2433 4586 2588 4658 quasi
2634 4585 2957 4640 conlirmare
2987 4585 3226 4652 videtur,
3259 4591 3436 4654 negat.
3500 4580 3793 4639 Irascentis

2189 4678 2337 4731 enim
2370 4676 2539 4730 verba
2566 4682 2712 4742 sunt,
2746 4674 2841 4744 qui
2883 4674 3132 4747 negando
3177 4673 3492 4741 conﬁtetur,
3519 4680 3571 4727 et
3601 4669 3792 4727 conﬁ-

2188 4765 2354 4820 tendo
2396 4773 2577 4833 negat.

2262 4854 2444 4924 (Vers.
2501 4855 2587 4921 lt,
2634 4853 2748 4925 12.)
2791 4877 2809 4899 ‹
2843 4853 3023 4926 Usque
3071 4851 3138 4908 ad
3186 4851 3329 4908 hanc
3357 4850 3549 4906 horam
3580 4857 3635 4903 et
3669 4865 3791 4903 esu-

2185 4943 2382 5010 rimus,
2416 4951 2468 4998 et
2503 4943 2744 5011 sitimus,
2776 4951 2831 4998 et
2859 4943 2994 4998 nudi
3025 4960 3236 5010 sumus,
3267 4949 3321 4996 et
3349 4939 3790 5012 colaphizamur,

2183 5039 2237 5086 et
2269 5032 2554 5088 instabiles
2605 5050 2814 5100 sumus,
2872 5042 2924 5089 et
2980 5033 3292 5088 laboramus
3339 5037 3629 5104 operantes
3677 5044 3792 5082 ma-

2185 5121 2347 5176 nibus
2379 5122 2601 5178 nostris.
2638 5149 2656 5170 ι
2703 5122 2897 5177 Libere
2927 5121 3075 5177 enim
3117 5129 3172 5177 et
3208 5120 3372 5192 juxta
3404 5135 3588 5173 veram
3621 5116 3792 5172 ﬁdem

2183 5211 2299 5267 sine
2355 5212 2540 5284 aliqua
2595 5210 2912 5267 adulatione
2968 5210 3251 5267 Christum
3303 5207 3685 5280 praedicantes,
3738 5212 3795 5260 et

2183 5316 2328 5381 gesta
2358 5324 2539 5380 pravas
2582 5308 2710 5363 vitae
2743 5316 3050 5379 arguentes,
3095 5305 3324 5378 gratiam
3358 5303 3504 5376 apud
3536 5303 3794 5358 homines

2180 5415 2292 5455 non
2348 5398 2642 5466 habebant,
2699 5407 2753 5454 et
2809 5397 3310 5471 colaphizabantur,
3361 5395 3418 5451 id
3457 5402 3538 5451 est
3565 5392 3793 5464 injuriis

2175 5487 2497 5560 agebantur,
2532 5496 2586 5545 et
2638 5487 2925 5545 instabiles
2981 5495 3171 5552 erant;
3239 5485 3369 5559 quia
3423 5482 3788 5556 fugabantur,

2172 5668 2427 5739 apostoli.
2467 5671 2620 5724 Mitti
2642 5669 2787 5724 enim
2812 5668 3011 5722 habent
3046 5672 3174 5721 ante
3203 5665 3618 5721 antichi-istum.
