4090 6182
269 333 373 390 217

268 548 518 606 manibus
539 546 939 619 operabantur,
971 546 1095 618 quia
1125 563 1252 630 non.
1271 548 1448 603 solum
1470 549 1696 620 gratiam
1730 551 1873 621 apud

265 639 517 694 homines
535 654 648 692 non
671 636 948 692 habebant
971 653 983 700 ;
1019 652 1212 690 verum
1235 637 1397 692 etiam
1421 637 1489 693 ab
1520 637 1605 693 his
1629 639 1874 709 accipere

266 727 563 798 indignum
596 733 735 791 erat,
768 725 859 797 qui
891 724 1065 779 errori
1097 725 1410 793 studebant,
1460 727 1605 785 sicut
1649 727 1784 782 dicit
1814 727 1872 782 in

263 818 479 888 psalmo
512 815 808 872 centesimo
847 815 1269 886 quadragesimo
1311 834 1322 870 :
1389 840 1407 862 ‹
1461 816 1655 871 Oleum
1688 825 1871 873 autem

265 906 571 976 peccatoris
603 920 708 959 non
753 903 1066 974 impinguet
1095 911 1258 974 caput
1301 921 1484 959 meum
1541 906 1712 977 (Psal.
1746 923 1868 974 CXL,

263 996 347 1061 5).
385 1021 401 1041 ι
439 994 575 1060 Quia
603 1000 658 1048 et
687 993 1000 1048 libertatem
1030 993 1297 1063 arguendi
1327 994 1552 1060 amittit,
1579 1003 1632 1049 et
1663 1002 1869 1066 peccat,

263 1083 361 1156 qui
393 1083 460 1139 ab
491 1100 556 1138 eo
579 1082 806 1153 accipit,
841 1081 932 1155 qui
979 1082 1100 1138 ideo
1122 1083 1242 1150 dat,
1275 1099 1342 1138 ne
1373 1083 1725 1154 corripiatur.

339 1191 528 1262 (Vers.
571 1191 687 1260 13.)
759 1216 775 1237 ι
827 1189 1215 1246 Maledicimur
1270 1199 1324 1246 et
1381 1190 1760 1247 benedicimus
1793 1209 1804 1257 ;
1840 1217 1858 1238 ι

267 1282 417 1336 male
467 1287 758 1336 tractantes
811 1279 956 1335 enim
1010 1296 1065 1334 se
1119 1279 1481 1335 hortabantur
1525 1279 1591 1334 ad
1640 1279 1867 1336 bonum.

282 1395 302 1417 ε
362 1369 797 1426 Persecutionem
854 1368 1100 1440 patimur
1155 1376 1209 1424 et
1265 1369 1643 1434 sustinemus;
1682 1396 1698 1415 ι
1742 1371 1872 1442 quia

264 1457 720 1532 persequentibus
773 1473 829 1512 se
883 1474 993 1513 non
1052 1457 1396 1514 resistebant.
1461 1481 1479 1504 ‹
1522 1459 1869 1530 Blasphema-

262 1564 389 1602 mur
419 1556 472 1602 et
498 1546 870 1612 obsecramus;
892 1570 908 1591 ι
927 1546 1374 1618 blasphemantes
1401 1548 1550 1602 enim
1581 1551 1868 1618 rogabant,

262 1645 322 1694 ut
352 1636 736 1708 permitterent
765 1635 870 1691 sibi
905 1635 1062 1691 reddi
1094 1637 1388 1692 rationem.

347 1740 489 1797 126
541 1757 557 1780 ι
590 1735 871 1806 Tanquam
904 1743 1264 1805 purgamenta
1302 1733 1468 1806 hujus
1502 1734 1694 1790 mundi
1737 1735 1866 1790 facti

261 1851 478 1900 sumus,
497 1831 758 1890 omnium
780 1832 1090 1903 peripsema
1117 1847 1292 1902 usque
1322 1831 1486 1886 modo
1516 1833 1656 1902 (18).
1691 1858 1708 1879 ›
1755 1832 1875 1887 Non
1906 1825 1950 1884 Β
1982 1822 2100 1903 τίοδθ
2123 1822 2204 1903 δ¹ξξ
2252 1805 2426 1903 ¹ξ¹ίῖῖξίξ
2454 1816 2588 1863 sum
2641 1807 2885 1903 qnifjam-

267 1920 586 1979 resistendo
627 1920 750 1988 ulli,
793 1936 970 1992 neque
1015 1919 1191 1976 vicem
1249 1919 1306 1975 in
1366 1921 1524 1976 malis
1577 1920 1875 1987 reddendo,

266 2013 371 2071 sed
422 2028 637 2084 semper
659 2027 714 2066 se
744 2009 1090 2080 subjiciendo
1124 2028 1138 2076 ;
1171 2017 1231 2065 ut
1271 2026 1366 2081 per
1415 2010 1764 2081 partientiam
1797 2026 1876 2065 re-

267 2107 494 2160 vocaret
563 2099 629 2155 ad
683 2098 914 2165 bonum,
971 2099 1412 2170 contemptibilis
1476 2109 1530 2154 et
1591 2099 1878 2170 despectus

266 2189 452 2246 ﬁebat.
501 2214 521 2236 ι
557 2189 739 2260 Usque
771 2186 936 2244 modo
972 2230 987 2255 ,
1021 2212 1039 2235 ι
1083 2186 1140 2242 id
1182 2195 1284 2254 est,
1328 2204 1500 2259 usque
1531 2204 1681 2243 nunc
1709 2189 1873 2244 etiam

259 2279 410 2353 apud
441 2276 790 2344 Corinthios,
834 2293 933 2348 pro
962 2275 1165 2349 quibus
1212 2275 1352 2344 hac,
1401 2294 1520 2349 quae
1557 2293 1721 2347 supra
1768 2294 1876 2334 me-

265 2378 468 2437 morat,
515 2369 664 2423 mala
706 2384 896 2440 passus
944 2373 1043 2423 est.
1094 2368 1166 2422 Et
1207 2367 1467 2438 quoniam
1504 2367 1877 2449 humilitatem

264 2477 425 2518 suam
459 2458 606 2514 nihil
639 2457 695 2512 in
728 2457 815 2512 his
847 2456 1108 2530 proﬁcere
1137 2456 1380 2524 videbat,
1412 2457 1661 2529 queritur
1691 2457 1878 2514 dolore

271 2556 591 2606 commotus
625 2553 836 2602 tantam
879 2545 1279 2616 subjectionem
1313 2553 1366 2600 et
1396 2544 1628 2616 injurias
1658 2547 1875 2601 nullum

269 2640 520 2694 fructum
553 2635 753 2692 habere
781 2635 1022 2707 potuisse
1053 2654 1065 2702 ;
1116 2635 1210 2692 sed
1241 2644 1295 2691 et
1325 2634 1472 2708 quod
1501 2634 1744 2691 deterius
1773 2644 1874 2704 est,

267 2729 323 2784 in
363 2727 519 2800 pejus
547 2726 860 2798 profecisse.

341 2827 531 2897 (Vers.
569 2823 685 2893 14.)
731 2848 748 2870 ι
794 2822 917 2878 Non
964 2832 1028 2879 ut
1081 2822 1416 2880 confundam
1450 2839 1571 2892 vos,
1600 2823 1717 2879 hac
1747 2823 1876 2879 scri-

269 2915 379 2982 bo;
409 2941 428 2964 -
475 2915 586 2971 hoc
639 2921 740 2980 est,
773 2929 883 2968 non
920 2919 982 2968 ut
1030 2912 1284 2968 ruborem
1324 2912 1482 2968 vobis
1509 2911 1728 2981 faciam,
1762 2912 1881 2969 1]ωο

264 3005 478 3071 scribo,
513 3003 606 3060 sed
666 3010 728 3058 ut
773 3001 1079 3073 corrigatis.
1129 3026 1146 3047 ε
1197 3001 1301 3057 Sed
1349 3001 1501 3074 quasi
1553 3001 1697 3057 ﬁlios
1730 3019 1878 3058 meos

260 3093 627 3152 charissimes
656 3107 871 3147 moneo.
906 3113 924 3137 ι
996 3089 1197 3146 Adhuc
1246 3106 1302 3146 se
1358 3091 1660 3162 supplicem
1722 3091 1874 3158 facit,

259 3269 386 3340 ejus
418 3275 758 3338 spernerent.
795 3267 854 3323 Id
904 3267 1017 3338 agit
1069 3275 1132 3322 ut
1188 3265 1432 3320 medicus
1474 3267 1749 3335 salutaris,
1783 3267 1876 3340 qui

262 3356 559 3430 putamina
586 3355 932 3424 abscindens,
962 3355 1209 3411 dolorem
1242 3355 1456 3410 illatum
1489 3372 1582 3427 spe
1631 3363 1684 3411 et
1726 3356 1878 3412 blan-

259 3445 420 3502 ditiis
458 3445 696 3516 mitigat,
721 3452 784 3500 ut
813 3460 952 3516 ager
982 3460 1036 3499 se
1068 3442 1250 3499 curari
1281 3441 1591 3513 permittat.

329 3547 524 3613 (Vers.
563 3545 676 3616 15.)
726 3567 744 3590 ι
769 3543 826 3600 Si
856 3542 1002 3599 enim
1044 3543 1230 3599 decem
1256 3543 1412 3597 milia
1454 3543 1874 3614 paedagogorum

259 3634 578 3692 habueritis
605 3634 664 3690 in
702 3633 946 3700 Christo,
977 3633 1071 3689 sed
1103 3650 1216 3688 non
1247 3634 1451 3688 multos
1505 3641 1709 3703 patres.
1743 3632 1880 3686 Nam

258 3725 315 3781 in
347 3723 582 3782 Christo
608 3724 736 3779 Jesu
767 3739 863 3794 per
907 3724 1271 3795 Evangelium
1336 3739 1434 3794 ego
1478 3739 1578 3777 vos
1632 3721 1815 3792 genui.
1852 3747 1868 3768 ι

258 3815 355 3872 His
388 3814 564 3870 dictis
602 3811 847 3870 ostendit
876 3812 1090 3867 nullum
1123 3828 1279 3883 posse
1306 3828 1370 3868 eo
1407 3811 1609 3866 affectu
1655 3810 1882 3882 diligere

259 3904 414 3966 illos.
452 3920 563 3977 quo
615 3904 732 3976 ipse
789 3919 880 3959 eos
937 3902 1220 3974 diligebat.
1275 3902 1409 3970 Quis
1466 3901 1614 3957 enim
1675 3902 1887 3960 alienos

253 3994 407 4050 ﬁlios
436 3993 554 4049 suis
589 3999 873 4064 praeponat
902 3993 960 4047 in
985 4009 1168 4048 amore
1198 3992 1226 4047 ‘P
1266 3993 1343 4048 Ac
1375 4007 1472 4062 per
1523 3990 1629 4046 hoc
1672 3990 1887 4045 monita

249 4083 399 4156 ejus,
462 4082 560 4153 qui
611 4090 665 4137 et
723 4098 821 4152 pro
877 4081 966 4136 his
1025 4089 1176 4137 tanta
1231 4081 1374 4136 mala
1417 4095 1608 4152 passus
1641 4085 1745 4146 est,
1775 4094 1886 4132 non

243 4173 477 4229 debere
511 4185 605 4223 eos
633 4185 911 4238 spernere.

336 4269 544 4341 (Vers.
584 4266 702 4334 16.)
758 4290 776 4311 ι
808 4264 1046 4319 Obsecro
1083 4282 1209 4336 ergo
1255 4283 1372 4334 vos,
1420 4267 1724 4325 imitatores
1781 4267 1889 4322 mei

247 4366 474 4417 estote.
510 4380 529 4404 ›
573 4355 619 4411 O
669 4352 1114 4409 benevolentiam
1138 4353 1311 4407 sancti
1341 4356 1704 4428 Apostoli,qui
1735 4355 1889 4411 obse-

249 4459 382 4508 crat
442 4447 609 4513 ﬁlios,
659 4454 721 4502 ut
779 4444 1074 4501 imitentur
1129 4450 1360 4516 patrem,
1421 4443 1524 4499 hoc
1572 4455 1650 4501 est
1692 4457 1886 4518 sponte

253 4546 426 4611 rogat
485 4553 681 4607 aegros,
737 4544 796 4592 ut
852 4533 1124 4606 recipiant
1179 4531 1518 4588 medicinam
1552 4535 1564 4588 l
1599 4536 1658 4590 In
1687 4536 1775 4591 his
1802 4545 1878 4591 ta-
1909 4546 1957 4605 ι)

257 4645 394 4684 men
429 4626 520 4682 sui
552 4625 679 4680 illos
722 4624 1023 4680 imitatores
1074 4623 1199 4678 vult
1253 4637 1419 4688 esse;
1478 4628 1539 4676 ut
1594 4622 1736 4678 sicut
1789 4625 1878 4679 hic

257 4719 449 4773 multa
477 4714 654 4771 exitia
684 4730 782 4784 pro
807 4715 978 4768 salute
1007 4729 1194 4769 eorum
1227 4710 1296 4766 ab
1341 4711 1645 4768 incredulis
1691 4730 1879 4785 passus

257 4813 369 4873 est,
427 4810 483 4857 et
525 4817 640 4858 non
693 4800 872 4865 cessit,
924 4799 1225 4856 dummodo
1283 4816 1376 4872 per
1428 4799 1545 4857 dies
1590 4808 1644 4857 et
1694 4809 1914 4858 noctes-

258 4893 677 4964 evangelizaret
731 4889 846 4945 illis
895 4889 1098 4945 donum
1155 4889 1344 4961 gratias
1402 4889 1524 4957 Dei,
1561 4889 1639 4945 ita
1695 4900 1748 4946 et
1795 4891 1878 4948 illi

264 4991 568 5040 manentes
598 4981 657 5036 in
688 4979 797 5036 ﬁde
835 4978 952 5050 ejus
1002 4988 1054 5035 et
1097 4979 1370 5048 doctrina,
1416 4995 1528 5034 non
1577 4981 1883 5053 reciperent

262 5073 543 5129 falsorum
595 5068 969 5141 apostolorum
1027 5082 1191 5138 prava
1236 5077 1569 5135 commenta,
1608 5068 1702 5123 sed
1755 5070 1883 5125 resi-

261 5169 480 5220 sterent
505 5161 623 5230 (19)
653 5164 1068 5216 contemnentes
1106 5157 1416 5229 opprobria,
1449 5166 1545 5213 aut
1592 5157 1884 5215 detractio-

263 5269 395 5319 nes,
427 5259 489 5306 ut
520 5248 662 5321 patri
715 5265 814 5304 suo
857 5246 1094 5321 spiritali
1151 5246 1484 5304 inviolatum
1539 5258 1887 5305 reservarent

265 5342 542 5399 aﬂ'ectum
555 5383 568 5395 .

373 5485 464 5551 18)
497 5481 821 5556 Bom.edit.,
849 5489 1104 5556 tanquam
1137 5483 1485 5538 lustramenta
1516 5501 1680 5556 usque
1712 5485 1883 5541 modo.

373 5491 464 5551 18)
502 5491 821 5548 Rom.edit.,
849 5491 1104 5554 tanquam
1137 5491 1485 5538 tustramenta
1516 5501 1680 5556 usque
1712 5491 1883 5541 modo.

340 5491 466 5626 119)
499 5555 701 5613 Omnes
731 5554 890 5623 edit.,
937 5555 1026 5609 sed
1079 5557 1464 5626 persisterent;
1492 5572 1687 5613 omnes
1728 5574 1886 5625 mss.,

267 5627 359 5683 sed
391 5628 710 5682 resisterent.

345 5697 591 5767 (20)Ms.
626 5696 811 5767 Corb.,
863 5697 968 5754 Ρία
1015 5698 1414 5756 commonitione
1455 5700 1746 5774 promittit,
1779 5706 1885 5760 etc.

1392 333 1755 392 COMMENT.
1799 337 1869 392 IN
1908 336 2175 393 EPIST.I
2216 337 2310 393 AD
2351 336 2506 396 COB.

267 477 337 517 ne
367 459 421 514 in
461 459 580 514 loco
610 457 711 514 diu
744 465 1046 524 manentes,
1094 458 1277 529 plures
1316 457 1596 516 docerent.
1639 460 1767 518 Ideo
1808 469 1862 517 et
1892 467 1942 524 Α

2513 146 2537 173 δ

3469 343 3573 401 218

2051 463 2071 524 (
2095 463 2250 517 Vers.
2288 464 2400 534 17.)
2457 489 2475 510 ‹
2505 464 2632 521 Ideo
2666 467 2792 522 misi
2822 467 2891 524 ad
2918 484 3015 524 vos
3062 467 3437 536 Timotheum,
3482 470 3576 543 qui

1984 559 2064 607 est
2106 552 2254 606 ﬁlius
2285 570 2439 609 meus
2475 555 2832 612 charissimus
2859 565 2912 612 et
2954 557 3136 614 ﬁdelis
3166 559 3222 614 in
3252 559 3512 616 Domino.
3547 586 3564 607 ι

1984 643 2247 698 Hortatur
2301 643 2430 700 illos
2460 645 2514 699 in
2549 645 2652 702 hoc
2680 646 2869 701 eodem
2917 648 3228 716 Timotheo,
3260 666 3421 722 quem
3455 650 3578 706 ideo

1983 731 2365 789 charissimum
2399 741 2452 788 et
2482 733 2695 788 ﬁdelem
2727 735 2902 790 ﬁlium
2935 737 3240 793 obtestatur
3288 737 3344 792 in
3391 738 3576 794 Domi-

1984 837 2074 887 no,
2105 830 2165 877 ut
2194 820 2251 876 in
2285 821 2389 878 hoc
2419 822 2709 885 discerent,
2743 812 2874 896 quid
2917 834 3238 896 peccarent;
3273 843 3398 883 cum
3428 827 3573 883 enim

1984 909 2117 966 huic
2144 911 2526 966 testimonium
2556 915 2821 984 perhibet.
2861 915 2988 971 illos
3023 917 3226 987 arguit.

2067 1024 2085 1044 σ
2115 999 2219 1064 Qui
2258 1016 2356 1053 vos
2399 1003 2851 1057 commonefaciat
2899 1003 3015 1058 vias
3065 1021 3231 1072 meas,
3282 1021 3402 1077 quae
3451 1013 3580 1061 sunt

1982 1087 2038 1141 in
2071 1087 2292 1144 Christo
2321 1088 2470 1153 Jesu,
2501 1090 2644 1144 sicut
2673 1076 2877 1162 ubique
2909 1092 2964 1147 in
3012 1095 3164 1148 omni
3212 1076 3458 1152 Ecclesia
3485 1096 3578 1151 do-

1982 1191 2098 1231 ceo.
2130 1201 2148 1223 ι
2192 1177 2294 1232 Per
2325 1177 2493 1233 istum
2544 1195 2706 1250 quem
2758 1179 2975 1234 ﬁdelem
3025 1180 3202 1235 ﬁlium
3233 1182 3290 1236 in
3339 1183 3578 1240 Domino

1981 1267 2294 1336 conﬁrmat,
2324 1268 2524 1324 reverti
2557 1268 2683 1325 illos
2706 1270 2835 1324 vult
2866 1269 2934 1325 ad
2991 1271 3235 1342 regulam
3283 1288 3315 1326 a
3357 1289 3413 1328 se
3459 1281 3581 1329 tra—

1981 1355 2109 1412 dita
2163 1357 2442 1426 veritatis;
2500 1367 2562 1414 ut
2610 1360 2936 1416 commoniti
2982 1361 3168 1417 verbis
3209 1369 3264 1417 et
3313 1363 3582 1434 exemplis

1981 1463 2206 1518 operum
2258 1448 2378 1519 ejus
2435 1449 2841 1522 resipiscerent,
2871 1460 3264 1524 cognoscentes
3312 1469 3423 1508 non
3465 1469 3581 1526 per-

1982 1552 2160 1607 peram
2195 1554 2251 1593 se
2283 1539 2448 1594 fuisse
2476 1541 2545 1595 ab
2574 1543 2836 1611 Apostolo
2865 1543 3077 1611 doctos,
3126 1543 3344 1616 quando
3393 1543 3580 1600 eadem

1981 1628 2165 1679 tenere
2197 1641 2386 1681 omnes
2418 1627 2694 1683 Ecclesias
2723 1629 3016 1685 discerent.
3306 1681 3313 1694 ,

2051 1717 2233 1789 (Vers.
2288 1717 2400 1786 18.)
2465 1741 2482 1765 σ
2533 1718 2814 1791 Tanquam
2849 1736 2960 1775 non
2991 1729 3260 1777 venturus
3309 1738 3476 1778 essem
3510 1723 3576 1779 ad

2924 1833 2940 1854 ι
3003 1809 3434 1882 Indignabantur
3465 1812 3580 1884 qui-

1988 1892 2110 1948 dam
2164 1893 2605 1965 Corinthiorum,
2657 1896 2789 1969 quia
2834 1914 2945 1954 non
2995 1899 3109 1954 ibat
3155 1899 3224 1954 ad
3273 1900 3420 1967 illos,
3470 1917 3582 1956 non

1987 1981 2280 2059 desiderio,
2312 1983 2405 2039 sed
2444 1985 2720 2056 superbia,
2761 1987 2908 2058 quod
2951 1987 3108 2058 quasi
3158 1988 3412 2060 indignos
3460 1987 3585 2044 illos

1987 2072 2215 2128 haberet
2247 2091 2260 2131 ;
2291 2091 2416 2129 cum
2442 2075 2616 2146 magis
2648 2077 2914 2146 Apostolo
2963 2076 3067 2132 hoc
3117 2077 3360 2132 studium
3393 2078 3582 2146 fuerit,

1988 2170 2048 2216 ut
2069 2161 2137 2217 de
2161 2162 2404 2234 indignis
2433 2164 2634 2220 faceret
2673 2165 2886 2236 dignos.
2923 2165 3167 2222 Habebat
3213 2183 3341 2238 ergo
3388 2175 3581 2223 votum

1988 2251 2177 2319 eundi,
2208 2251 2302 2306 sed
2335 2252 2543 2324 majora
2582 2263 2758 2321 erant,
2784 2272 2904 2327 quae
2934 2255 3145 2327 agebat.

2062 2340 2246 2412 (Vers.
2281 2342 2394 2413 19.)
2467 2369 2483 2390 ε
2518 2344 2750 2399 Veniam
2782 2352 2963 2399 autem
2995 2344 3107 2400 cito
3134 2344 3203 2399 ad
3234 2362 3352 2414 vos,
3387 2346 3429 2401 si
3463 2348 3585 2402 Do-

1988 2429 2174 2485 minus
2233 2431 2548 2502 permiserit
2603 2432 2745 2503 (20).
2807 2457 2822 2479 υ
2904 2433 3034 2488 Post
3093 2434 3584 2490 commonitionem

1990 2519 2241 2590 promitit
2271 2536 2327 2574 se
2361 2521 2436 2575 ire
2465 2519 2532 2574 ad
2560 2520 2706 2587 illos,
2732 2519 2825 2575 sed
2844 2520 2888 2575 si
2923 2521 3194 2576 Dominus
3223 2523 3584 2592 permitteret,

1989 2614 2051 2661 ut
2099 2608 2226 2678 quia
2283 2609 2406 2680 plus
2451 2608 2556 2662 scit
2583 2609 2728 2663 Deus
2762 2624 2926 2679 quam
2976 2609 3164 2677 homo,
3196 2610 3319 2666 ideo
3347 2612 3394 2666 si
3423 2611 3586 2668 sciret

1989 2713 2167 2768 operae
2205 2697 2440 2769 pretium
2499 2714 2637 2765 esse,
2690 2699 3078 2770 permitteret:
3136 2710 3189 2754 et
3243 2701 3285 2757 si
3320 2719 3429 2756 non
3463 2702 3586 2769 iret,

1987 2785 2284 2841 Dominum
2317 2803 2426 2841 non
2458 2787 2686 2842 scivisse
2721 2785 3049 2856 ostenderet,
3095 2804 3255 2844 causa
3287 2790 3476 2862 utique
3510 2789 3588 2844 in-

1989 2874 2275 2946 dignitatis
2310 2875 2556 2929 illorum.

2077 2985 2094 3008 ι
2152 2963 2225 3019 Et
2276 2979 2660 3036 recognoscam
2717 2979 2826 3017 non
2879 2979 3185 3019 sermonem
3218 2964 3464 3032 illorum,
3497 2967 3592 3038 qui

1993 3052 2167 3107 inﬂati
2213 3061 2364 3121 sunt,
2423 3051 2516 3107 sed
2561 3052 2843 3107 virtutem.
2879 3077 2898 3101 ι
2955 3053 3260 3110 Confundit
3286 3055 3432 3122 illos,
3464 3055 3593 3126 quia

261 3141 333 3236 Ii;
392 3180 653 3250 correpti,
684 3186 737 3234 et
787 3179 855 3234 ad
913 3178 1053 3233 iram
1115 3141 1875 3248 provocati,[admonitiones
1915 3185 1964 3245 Ο
2168 3141 3395 3250 ἱῗὼδηδδδηῑωθ
3436 3142 3591 3216 quasi

1993 3228 2145 3302 digni
2177 3237 2355 3285 essent
2386 3229 2454 3284 ab
2477 3231 2743 3300 Apostolo
2775 3230 3010 3285 visitari.

2062 3319 2246 3388 (Vers.
2302 3319 2420 3390 20.)
2493 3343 2511 3364 ι
2557 3319 2668 3373 Nec
2701 3318 2848 3373 enim
2879 3319 2936 3373 in
2962 3334 3212 3373 sermone
3240 3327 3322 3374 est
3350 3336 3580 3391 regnum

1988 3408 2110 3475 Dei,
2141 3407 2238 3462 sed
2284 3407 2342 3462 in
2390 3407 2618 3461 virtute.
2653 3431 2669 3452 ι
2733 3408 2804 3462 Ut
2856 3407 3001 3462 sicut
3055 3423 3282 3478 regnum
3332 3407 3431 3463 Dei
3483 3424 3596 3463 non

1990 3499 2280 3570 splendore
2311 3498 2610 3554 verborum
2641 3498 3080 3566 commendatur,
3131 3498 3222 3554 sed
3270 3499 3478 3554 virtute
3525 3498 3596 3552 si-

1996 3607 2252 3662 gnorum,
2293 3589 2370 3645 ita
2398 3597 2450 3645 et
2478 3587 2536 3644 hi
2567 3606 2679 3645 non
2708 3589 2896 3645 verbis
2915 3588 3103 3657 nudis,
3135 3588 3228 3645 sed
3250 3589 3455 3644 virtute
3471 3605 3596 3660 ope-

1993 3697 2115 3734 rum
2147 3679 2522 3752 spiritualium
2554 3679 2750 3752 dignos
2779 3696 2835 3735 se
2866 3679 3217 3736 ostenderent
3246 3679 3313 3734 ab
3332 3678 3598 3751 Apostolo

1996 3770 2232 3826 visitari.

2070 3859 2251 3930 (Vers.
2312 3859 2426 3930 21.)
2499 3883 2516 3904 α
2561 3858 2705 3925 Quid
2754 3859 2969 3914 vultisl
3011 3861 3071 3914 ln
3103 3859 3256 3930 virga
3287 3859 3503 3913 veniam
3530 3857 3599 3913 ad

1998 3968 2116 4019 vos,
2176 3968 2244 4006 an
2302 3953 2359 4006 in
2404 3951 2673 4006 charitate
2707 3958 2761 4006 et
2803 3950 3002 4022 spiritu
3034 3947 3475 4004 mansuetudinis
3505 3947 3533 4001 7
3567 3973 3585 3993 ι

1997 4042 2244 4098 Terroris
2272 4041 2441 4096 verba
2469 4039 2658 4107 infert,
2691 4047 2754 4095 ut
2782 4038 3043 4111 pudorem
3094 4036 3256 4109 passi,
3291 4035 3385 4107 qui
3420 4033 3597 4089 inﬂati

1999 4137 2174 4198 erant,
2224 4129 2691 4193 humiliarentur;
2742 4136 2803 4182 ut
2851 4127 2898 4182 si
2926 4143 3052 4182 vere
3084 4123 3333 4196 Apostoli
3366 4138 3596 4194 praesen-

2002 4219 2137 4276 tiam
2177 4218 2574 4284 desiderarent,
2606 4223 2975 4288 praepararent
3021 4230 3077 4268 se
3106 4212 3173 4268 ad
3208 4210 3597 4283 excipiendum

2001 4328 2148 4377 eum,
2207 4309 2264 4365 id
2302 4317 2404 4376 est,
2458 4307 2744 4363 abluerent
2787 4322 2843 4360 se
2883 4305 2951 4360 ab
2980 4304 3132 4360 omni
3163 4304 3377 4358 macula
3401 4301 3602 4358 crimi-

2002 4402 2089 4456 nis
2120 4400 2238 4472 (21)
2267 4418 2280 4468 ;
2311 4407 2372 4454 ut
2398 4396 2625 4453 veniens
2652 4395 2719 4450 ad
2742 4394 2887 4463 illos,
2921 4393 3169 4450 laetitiam
3202 4391 3428 4447 haberet
3444 4391 3600 4464 quasi

2002 4508 2128 4548 cum
2161 4490 2293 4546 ﬁliis
2322 4488 2686 4546 charissimis.

2617 4595 2845 4652 CAPUT
2867 4594 2940 4650 V.

2071 4706 2253 4778 (Vers.
2290 4705 2368 4776 1.)
2415 4727 2430 4749 ι
2463 4702 2705 4759 Omnino
2734 4700 2959 4755 auditur
2980 4698 3125 4754 inter
3146 4713 3248 4753 vos
3283 4696 3598 4762 fornicatio,

1999 4803 2052 4851 et
2105 4794 2230 4850 talis
2287 4789 2603 4858 fornicatio,
2657 4789 2836 4861 qualis
2894 4803 2997 4843 nec
3049 4787 3194 4842 inter
3224 4794 3431 4857 gentes.
3469 4811 3485 4833 ι
3531 4785 3604 4842 Ut

2008 4902 2169 4960 quam
2201 4899 2386 4976 .grave
2439 4883 2510 4938 sit
2553 4880 2700 4936 istud
2744 4885 2883 4942 127
2933 4886 3218 4952 peccatum
3269 4876 3598 4944 ostenderet,

2000 5001 2103 5040 nec
2131 4984 2200 5038 ab
2252 4982 2322 5038 iis
2365 4981 2470 5037 hoc
2507 4980 2654 5037 dixit
2689 4977 2930 5044 admitti,
2961 4977 3058 5050 qui
3090 4979 3265 5033 Deum
3298 4975 3551 5031 nesciunt
3583 4991 3595 5036 ;

1997 5083 2060 5129 ut
2105 5072 2336 5146 proinde
2387 5088 2494 5144 qua
2523 5085 2682 5143 paena
2711 5068 2803 5132 hic
2833 5065 3186 5124 mulctandus
3216 5073 3377 5133 esset,
3410 5071 3603 5120 osten-

1997 5161 2171 5230 deret,
2201 5161 2295 5234 qui
2324 5160 2426 5216 sub
2456 5168 2659 5215 aaterna
2686 5165 2740 5212 et
2767 5156 2961 5212 divina
2982 5154 3202 5226 justitia
3235 5154 3352 5226 (22)
3386 5148 3604 5209 consti-

2000 5259 2175 5319 tutus,
2217 5250 2355 5307 tanti
2389 5249 2614 5306 sceleris
2641 5248 2850 5304 crimen
2882 5246 3198 5302 admiserat.

2087 5365 2105 5388 ι
2150 5342 2231 5398 Ita
2272 5348 2335 5396 ut
2381 5339 2505 5413 quis
2549 5353 2780 5396 uxorem
2813 5336 2985 5410 patris
3017 5335 3231 5392 habeat.
3266 5359 3284 5379 ›
3325 5325 3598 5386 Praainissi

2101 5486 2195 5556 21)
2224 5483 2492 5543 Nonnulli
2525 5500 2679 5552 mss.,
2710 5481 2776 5556 ab
2805 5481 3130 5556 omniplaga
3157 5471 3414 5556 ᾳνίῖζιίτιίε·
3452 5541 3462 5552 ,
3542 5547 3573 5556 Α,

2101 5486 2195 5556 21)
2224 5485 2492 5543 Nonnulli
2525 5500 2679 5552 mss.,
2710 5485 2776 5538 ab
2805 5485 3130 5550 omniplaga
3157 5485 3414 5552 crinita”.
3452 5541 3462 5552 .
3565 5547 3573 5555 '

2075 5485 2195 5632 122)
2227 5559 2336 5614 Mss
2363 5556 2594 5630 aliquot,
2633 5555 2726 5628 qui
2764 5553 2857 5608 sub
2896 5558 3105 5606 terrena
3135 5554 3180 5606 et
3214 5544 3402 5601 divina
3434 5552 3602 5615 Jusu.

2005 5631 2100 5688 tia.
