4090 6182
491 372 598 433 219

491 503 744 564 criminis
773 501 1020 576 prodidit
1051 515 1242 573 genus,
1273 507 1336 556 ut
1363 515 1473 555 non
1505 499 1681 553 solum
1715 496 1874 552 illum
1909 505 2092 571 aperte
2120 517 2171 574 Α

493 612 646 653 reum
677 593 871 650 mortis
901 593 1124 659 faceret,
1154 590 1249 646 sed
1280 597 1335 645 et
1363 588 1707 644 adhzerentes
1738 588 1819 643 illi
1854 605 1964 644 non
1993 589 2093 642 im-

491 699 688 740 munes
738 699 770 738 a
817 682 1050 738 crimine
1097 681 1514 744 demonstraret;
1548 676 1607 732 in
1636 693 1744 750 quo
1774 677 1920 732 enim
1952 676 2092 732 diﬂi-

492 775 597 832 cile
627 780 904 847 peccatur,
936 772 1060 843 plus
1086 769 1217 825 facit
1247 783 1421 822 reum.

567 861 754 933 (Vers.
799 860 880 928 2.)
953 881 972 903 ε
1017 858 1088 912 Et
1135 871 1234 909 vos
1282 852 1461 908 inﬂati
1504 851 1656 921 estis,
1697 860 1750 908 et
1779 867 1891 907 non
1921 851 2094 922 magis

493 952 702 1007 luctum
758 946 1050 1003 habuistis.
1103 967 1121 992 ›
1178 943 1500 1015 Superbiam
1533 941 1755 998 illorum
1788 943 1844 998 in
1879 952 2091 1004 tantum

493 1040 770 1106 humiliat,
813 1044 874 1092 ut
901 1052 1014 1091 non
1045 1035 1306 1107 querulos
1328 1033 1466 1105 jam,
1497 1034 1591 1090 sed
1620 1034 1792 1106 magis
1821 1037 2093 1107 supplices

491 1129 674 1185 faciat.
707 1128 883 1182 Erant
910 1125 1057 1180 enim
1089 1131 1143 1178 et
1177 1123 1282 1193 ipsi
1323 1123 1640 1194 participes,
1671 1123 1801 1178 dum
1832 1133 2094 1195 pateren—

489 1227 581 1276 tur
617 1235 770 1274 reum
801 1225 913 1271 tam
945 1213 1186 1285 ingentis
1217 1213 1481 1268 facinoris
1499 1230 1682 1269 secum
1717 1213 2090 1288 incorreptum

491 1308 790 1365 convenire
817 1324 830 1373 ;
877 1311 940 1359 ut
973 1318 1166 1358 omnes
1194 1318 1307 1358 uno
1339 1302 1572 1358 consilio
1613 1302 1914 1375 abjicerent
1942 1321 2090 1374 eum,

491 1401 537 1456 si
595 1404 817 1470 negaret
865 1393 1154 1450 emendare
1208 1408 1286 1447 se.
1320 1391 1376 1446 Si
1406 1400 1587 1447 autem
1618 1394 1742 1464 quis
1771 1402 2091 1465 potestatem

491 1506 605 1548 non
654 1487 840 1556 habet,
898 1501 1059 1558 quem
1105 1483 1210 1540 scit
1239 1499 1416 1550 reum,
1448 1481 1705 1554 abjicere,
1739 1493 1835 1539 aut
1861 1485 2093 1557 probare

491 1595 603 1636 non
633 1577 801 1644 valet,
834 1574 1100 1630 immunis
1130 1579 1235 1638 est,
1265 1580 1318 1627 et
1342 1570 1550 1643 judicis
1575 1588 1684 1627 non
1713 1581 1793 1628 est
1827 1573 1945 1628 sine
1991 1591 2094 1630 ac-

491 1677 742 1727 cusatore
793 1666 1075 1732 damnare,
1114 1661 1243 1736 quia
1301 1670 1357 1718 et
1408 1663 1678 1718 Dominus
1714 1663 1932 1731 ludam,
1965 1681 2090 1720 cum

490 1759 580 1814 fur
624 1763 784 1823 esset,
835 1754 966 1827 quia
1011 1768 1124 1807 non
1154 1759 1236 1806 est
1267 1758 1576 1819 accusatus,
1609 1750 1838 1807 minime
1869 1753 2087 1824 abjecit.

1539 369 1636 424 AD
1675 366 1909 425 OPERA
1948 367 2002 424 S.
2046 367 2380 427 AMBROSII
2409 368 2792 426 APPENDIX.

3693 375 3801 434 220

2287 525 2304 547 ι
2355 500 2426 556 Ut
2451 500 2679 573 spiritus
2707 499 2892 555 salvus
2920 497 2992 555 sit
3024 497 3082 554 in
3111 496 3202 555 die
3226 499 3454 555 Domini
3484 499 3612 581 Jesu
3643 501 3798 562 Chri.

2203 590 2294 646 sti.
2326 614 2345 639 ι
2386 590 2576 647 Tradit
2605 591 3042 647 contaminatum
3082 589 3462 660 supradictum
3493 591 3709 650 Satanae
3741 603 3802 652 ut

2202 679 2429 750 spiritus
2486 681 2668 737 salvus
2725 681 2797 736 sit
2851 682 2910 735 in
2969 678 3592 742 hominibusEcclesiaa
3624 682 3682 738 in
3712 682 3802 740 die

2196 767 2430 840 judicii;
2497 768 2603 824 nisi
2650 769 2797 824 enim
2836 768 3044 840 ejectus
3091 776 3250 835 esset,
3284 784 3394 824 non
3425 767 3581 826 ﬁeret
3610 772 3801 829 salvus

2202 858 2429 931 spiritus
2484 857 2745 914 Ecclesiae
2799 858 2857 912 in
2907 857 2996 912 die
3039 856 3260 928 judicii.
3305 858 3597 914 Deserebat
3649 861 3803 918 enim

2203 962 2394 1002 omnes
2447 944 2933 1002 contaminationis
2985 960 3168 1011 causa,
3219 951 3281 1000 ut
3329 944 3387 999 in
3442 944 3531 1001 die
3577 949 3804 1006 Domini

2201 1037 2338 1092 nudi
2385 1035 2453 1091 ab
2504 1035 2715 1108 Spiritu
2767 1041 2956 1090 sancto
2997 1033 3232 1102 inventi,
3272 1033 3528 1091 audirent
3557 1037 3804 1109 ajudice

2203 1126 2476 1183 Domino:
2524 1149 2542 1171 ι
2575 1124 2830 1181 Recedite
2857 1141 2889 1179 a
2913 1140 3019 1191 me,
3051 1140 3163 1179 non
3191 1124 3321 1180 novi
3354 1141 3452 1181 vos
3476 1126 3803 1197 (Matth.vn,

2201 1217 2294 1287 23)
2330 1234 2342 1283 ;
2402 1239 2422 1264 ι
2490 1215 2634 1270 sicut
2682 1214 2820 1270 dicit
2871 1213 2939 1268 ad
2969 1215 3281 1269 Romanos:
3329 1237 3346 1260 ι
3378 1213 3433 1270 Si
3465 1215 3589 1288 quis
3615 1224 3802 1274 autem

2202 1306 2458 1377 spiritum
2495 1304 2700 1362 Christi
2734 1319 2844 1358 non
2874 1303 3061 1371 habet,
3098 1303 3189 1359 hic
3221 1319 3332 1359 non
3358 1313 3439 1360 est
3468 1305 3586 1376 ejus
3619 1308 3800 1377 (Rom.

2203 1414 2326 1465 vni,
2347 1396 2404 1467 9)
2439 1413 2452 1462 ;
2501 1420 2520 1443 ι
2563 1401 2617 1450 et
2657 1394 2714 1449 in
2745 1394 2852 1449 alia
2882 1393 3162 1466 Epistola:
3209 1417 3228 1440 ι
3256 1393 3440 1450 Nolite
3473 1397 3803 1454 contristare

2202 1485 2468 1558 Spiritum
2516 1491 2765 1540 sanctum
2822 1483 2919 1538 Dei
2967 1483 3185 1554 (Ephes.
3219 1501 3293 1550 iv,
3345 1483 3460 1554 30).
3508 1510 3526 1533 ι
3569 1485 3626 1541 Si
3652 1487 3806 1544 enim

2201 1573 2579 1640 contristatur,
2609 1571 2811 1626 deserit
2853 1579 2906 1626 et
2935 1586 3048 1625 non
3077 1572 3182 1626 erit
3209 1572 3428 1628 salvus:
3463 1589 3576 1628 non
3607 1573 3805 1647 utique

2203 1663 2328 1731 sibi,
2378 1662 2474 1736 qui
2531 1661 2890 1734 impassibilis
2938 1669 3040 1730 est,
3084 1662 3178 1718 sed
3209 1663 3370 1719 nobis
3400 1665 3608 1736 quibus
3638 1664 3802 1722 datus

2201 1761 2314 1808 est:
2348 1759 2408 1808 ut
2439 1768 2533 1824 per
2562 1751 2720 1806 illum
2752 1751 2850 1806 Dei
2882 1750 2983 1805 ﬁlii
3012 1767 3126 1806 esse
3173 1751 3488 1823 probemur.
3520 1753 3624 1809 Res
3652 1754 3804 1810 enim

577 1871 595 1894 ε
641 1847 710 1902 Ut
753 1843 1043 1900 tolleretur
1072 1841 1139 1897 de
1170 1840 1355 1895 medio
1383 1848 1649 1909 vestrum,
1678 1842 1771 1913 qui
1815 1840 1922 1897 hoc
1951 1860 2090 1914 opus
2120 1875 2166 1936 Β
2201 1859 2322 1914 quae
2357 1841 2648 1908 amittitur,
2680 1841 2828 1896 salva
2859 1856 2971 1896 non
3001 1847 3102 1908 est,
3134 1857 3245 1896 non
3278 1841 3472 1915 utique
3517 1842 3647 1911 sibi,
3679 1860 3806 1917 qua;

489 1936 642 1993 fecit.
666 1961 684 1982 ι
739 1933 974 2004 Cognito
1001 1946 1164 2002 opere
1193 1931 1320 1997 isto,
1353 1930 1667 2002 pellendum
1701 1930 1860 1985 illum
1915 1931 2086 1986 fuisse

491 2025 558 2082 de
584 2032 730 2082 cmtu
760 2021 1141 2087 fraternitatis;
1170 2035 1360 2076 omnes
1387 2019 1534 2074 enim
1566 2020 1776 2076 crimen
1807 2020 1923 2092 ejus
1956 2022 2088 2079 scie-

494 2116 650 2181 bant,
717 2123 771 2171 et
814 2130 925 2169 non
973 2111 1304 2184 arguebant;
1339 2111 1559 2182 publice
1589 2111 1736 2166 enim
1795 2128 2090 2170 novercam

495 2222 650 2262 suam
685 2207 806 2260 loco
836 2204 1029 2259 uxoris
1053 2201 1309 2258 habebat.
1333 2202 1396 2256 In
1427 2217 1534 2272 qua
1567 2217 1624 2255 re
1653 2217 1830 2274 neque
1858 2203 2091 2258 testibus

491 2314 629 2368 Opus
667 2303 804 2363 erat,
837 2309 1014 2367 neque
1053 2289 1504 2364 tergiversatione
1533 2290 1717 2362 aliqua
1738 2299 1950 2363 poterat
1979 2293 2090 2364 tegi

491 2401 724 2444 crimen.

565 2475 747 2546 (Vers.
780 2472 935 2543 3-5.)
996 2495 1014 2518 ι
1048 2471 1165 2543 Ego
1196 2468 1421 2542 quidem
1452 2469 1647 2525 absens
1676 2484 1926 2541 corpore,
1954 2486 2087 2542 prae-

492 2579 616 2620 sens
644 2571 828 2620 autem
861 2561 1061 2634 spiritu
1095 2579 1108 2628 ;
1164 2584 1183 2607 ι
1234 2558 1292 2613 id
1321 2566 1422 2627 est,
1454 2559 1652 2613 absens
1679 2559 1819 2614 facie
1847 2575 2092 2631 praesens

493 2674 674 2721 autem
732 2661 1056 2719 auctoritate
1112 2658 1339 2732 spiritus
1369 2702 1382 2727 ,
1441 2659 1536 2731 qui
1590 2673 1862 2731 nusquam
1915 2660 2084 2716 abest.

504 2753 642 2807 clam
669 2749 917 2822 judicavi
949 2756 1010 2805 ut
1049 2763 1307 2820 praesens,
1337 2762 1462 2804 eum
1495 2746 1589 2818 qui
1621 2746 1727 2802 hoc
1754 2746 1996 2816 admisit,
2031 2750 2087 2804 in

493 2840 717 2898 nomine
747 2839 974 2896 Domini
1015 2837 1189 2893 nostri
1219 2837 1345 2892 Jesu
1385 2835 1593 2894 Christi
1624 2837 1964 2910 congregatis
1995 2855 2086 2894 vo-

490 2939 576 2995 bis
615 2946 667 2993 et
684 2955 806 2992 meo
836 2938 1056 3008 spiritu,
1087 2952 1212 2991 cum
1244 2935 1452 2991 virtute
1482 2936 1705 2990 Domini
1739 2936 1912 2990 nostri
1937 2937 2085 3005 Iesu,

491 3027 704 3083 tradere
761 3026 912 3081 hunc
959 3024 1168 3079 Satanze
1200 3022 1256 3076 in
1297 3023 1582 3079 interitum
1632 3025 1834 3081 carnis.
1868 3052 1886 3074 ι
1928 3027 2089 3093 Quo-

492 3117 642 3171 niam
698 3113 878 3169 omnis
915 3112 1033 3185 (23)
1090 3113 1272 3168 carnis
1304 3112 1556 3184 voluptas
1586 3129 1616 3166 a
1642 3112 1864 3168 diabolo
1893 3123 1995 3184 est,
2024 3133 2087 3173 ac

2203 1932 2518 2004 ubicunque
2547 1931 2640 1999 sit,
2672 1946 2888 1987 necesse
2913 1937 2995 1986 est
3019 1939 3079 1986 ut
3107 1931 3210 1998 sit;
3245 1931 3340 1988 sed
3369 1932 3420 1988 ei
3448 1949 3482 1990 a
3509 1949 3620 2006 quo
3644 1933 3805 1992 aruit-

2203 2024 2360 2080 titur.

2278 2115 2459 2185 (Vers.
2493 2114 2574 2184 6.)
2621 2137 2638 2160 ι
2669 2113 2820 2170 Bona
2847 2120 2930 2170 est
2960 2111 3216 2186 gloriatio
3241 2120 3425 2170 vestra
3455 2115 3610 2188 (26)?
3635 2143 3653 2165 ι
3684 2117 3805 2174 Hoc

2202 2213 2303 2272 est,
2320 2222 2431 2260 non
2461 2205 2602 2260 bona
2632 2213 2747 2272 est;
2784 2204 2893 2261 laeti
2919 2205 3065 2260 enim
3096 2213 3272 2274 erant,
3303 2221 3428 2261 cum
3467 2205 3640 2278 magis
3659 2223 3808 2263 con-

2202 2297 2408 2352 tristari
2439 2297 2730 2352 debuerint
2761 2297 2815 2352 in
2844 2297 3012 2352 fratre
3040 2304 3154 2352 tam
3185 2295 3379 2352 acerbe
3406 2305 3692 2368 peccante,
3735 2296 3807 2353 si-

2202 2394 2294 2456 cut
2326 2387 2498 2443 tristis
2528 2387 2635 2442 fuit
2663 2387 2879 2442 Samuel
2911 2387 2968 2441 in
2999 2387 3126 2442 Saul
3156 2394 3433 2458 peccante.
3466 2388 3514 2442 A
3545 2403 3655 2459 quo
3682 2387 3807 2444 cri-

2202 2476 2351 2530 mine
2397 2475 2527 2530 mali
2572 2475 2821 2532 doctores
2871 2484 2965 2530 aut
2991 2474 3432 2542 dissimulabant,
3478 2484 3572 2532 aut
3607 2476 3800 2548 negli—

2203 2567 2416 2638 gentius
2439 2567 2740 2638 arguebant
2773 2568 2940 2638 (sicut
2969 2575 3022 2622 et
3052 2566 3173 2622 Heli
3204 2566 3457 2624 sacerdos
3493 2568 3552 2640 (Ι
3573 2569 3702 2639 Reg.
3737 2585 3801 2637 ιι,

2202 2656 2294 2728 23)
2329 2656 2472 2711 ﬁlios
2497 2673 2625 2712 suos
2654 2662 2940 2728 peccantes
2969 2656 3026 2711 in
3048 2657 3273 2729 Deum),
3306 2671 3376 2712 ne
3406 2657 3578 2713 amari
3617 2666 3802 2714 essent

2202 2745 2521 2802 hominibus
2551 2747 2691 2818 (27).

2286 2860 2304 2882 ι
2337 2836 2570 2892 Nescitis
2600 2837 2728 2910 quia
2756 2834 3035 2892 modicum
3067 2835 3402 2892 fermentum
3435 2843 3606 2902 totam
3653 2854 3799 2895 mas-

2199 2941 2312 2980 sam
2344 2925 2698 2997 corrumpit?
2729 2951 2744 2973 ι
2787 2927 2868 2981 Ita
2903 2935 2956 2980 et
2983 2933 3270 2997 peccatum
3303 2927 3486 2995 unius,
3517 2927 3668 2999 quod
3699 2945 3806 2985 co-

2200 3017 2414 3087 gnitum
2449 3032 2560 3072 non
2583 3018 2850 3089 arguitur,
2883 3018 3087 3073 multos
3116 3017 3449 3074 contaminat
3475 3036 3488 3084 ;
3523 3017 3638 3072 imo
3669 3035 3808 3075 om-

2199 3123 2295 3162 nes
2342 3108 2433 3179 qui
2485 3115 2711 3175 norunt,
2763 3116 2815 3163 et
2860 3123 2970 3162 non
3007 3107 3275 3175 devitant,
3309 3115 3552 3164 autcum
3582 3109 3805 3180 possint

491 3222 588 3278 per
617 3204 744 3270 hoc,
776 3220 903 3260 cum
933 3201 1065 3258 huic
1090 3202 1362 3273 voluptati
1386 3201 1711 3271 remittitur,
1735 3203 1973 3260 traditur
1997 3205 2087 3260 Sa-
2124 3231 2167 3291 Ο
2197 3215 2441 3271 arguere,
2477 3200 2851 3257 dissimulant.
2883 3201 3020 3256 Nom
3043 3201 3192 3256 enim
3225 3200 3328 3256 sibi
3360 3199 3581 3256 videtur
3608 3217 3799 3273 pecca-

490 3305 654 3362 tanze;
707 3309 832 3349 caro
881 3291 1028 3346 enim
1062 3290 1167 3346 hoc
1195 3291 1360 3347 habet
1383 3291 1441 3346 in
1477 3299 1692 3360 natura,
1724 3301 1785 3348 ut
1815 3294 2083 3361 intereat;

491 3385 676 3439 anima
704 3398 831 3454 ergo
858 3397 982 3437 cum
1013 3396 1070 3436 se
1114 3379 1302 3452 jungit
1331 3379 1607 3436 desiderio
1633 3379 1770 3452 ejus,
1803 3382 2088 3438 inﬁrmans

491 3473 835 3544 spiritualem
865 3487 1026 3527 suum
1057 3470 1326 3543 vigorem,
1373 3469 1538 3524 simul
1570 3469 1831 3525 interitur
1857 3471 2084 3542 patitur.

490 3563 677 3634 Itaque
719 3562 766 3616 si
809 3560 903 3616 hic
940 3568 1224 3631 correptus
1264 3560 1438 3631 stupri
1470 3558 1714 3619 admissi.
1747 3559 2089 3618 erubesceret

491 3650 724 3722 ejectum
781 3666 859 3714 se,
900 3665 1010 3704 non
1043 3648 1313 3716 interiret,
1346 3648 1668 3720 pmnitentia
1699 3649 2083 3720 subsequente.

490 3741 613 3798 Non
649 3747 863 3796 tantum
923 3737 1172 3793 omnium
1231 3754 1504 3793 consensu
1550 3745 1603 3793 et
1632 3740 1958 3810 praesentia;
1993 3741 2089 3797 sed

489 3832 698 3887 virtute
749 3829 972 3886 Domini
1027 3830 1175 3898 Jesu,
1221 3829 1278 3886 id
1327 3838 1408 3886 est
1444 3831 1716 3887 sententia
1746 3831 1906 3904 cujus
1934 3833 2088 3904 lega--

490 3921 643 3977 tione
702 3918 993 3992 fugebatur
1049 3921 1372 3991 Apostolus,
1420 3920 1794 3991 abjiciendum
1832 3921 1989 3977 illum
2021 3923 2087 3979 de

491 4009 739 4067 Ecclesia
767 4009 982 4066 censuit
1015 4008 1155 4081 (24).
1174 4008 1310 4065 Cum
1329 4008 1570 4080 ejicitur,
1602 4011 1847 4066 tradetur
1875 4012 2087 4068 Satanae

491 4101 548 4156 in
573 4098 863 4156 interitum
895 4098 1076 4154 carnis
1111 4116 1122 4164 ;
1155 4105 1207 4152 et
1232 4097 1416 4152 anima
1460 4097 1608 4152 enim
1642 4108 1694 4154 et
1723 4118 1920 4172 corpus
1951 4102 2087 4156 inte-

489 4200 670 4258 reunt,
702 4187 923 4262 quando
939 4205 1060 4262 quae
1093 4193 1285 4243 contra
1313 4186 1486 4257 legem
1517 4195 1666 4252 sunt,
1700 4188 1840 4243 ﬁunt
1866 4206 1876 4242 :
1912 4189 2006 4244 sed
2031 4191 2087 4246 in

490 4275 593 4331 hac
643 4278 803 4331 aliter
837 4293 999 4333 causa
1028 4277 1288 4332 interitus
1317 4276 1498 4332 carnis
1529 4275 1743 4331 homini
1773 4277 2084 4348 deputatur.

489 4371 812 4444 Quanquam
843 4372 990 4427 enim
1021 4375 1210 4429 omnia
1241 4381 1458 4446 peccata
1489 4374 1763 4429 carnalem
1800 4374 2085 4432 hominem

489 4468 769 4533 praestent,
829 4460 935 4515 hoc
975 4468 1160 4515 tamen
1193 4463 1505 4532 specialiter
1534 4462 1868 4518 desiderium
1903 4467 2087 4522 carnis

490 4558 592 4617 est,
640 4564 749 4620 quo
795 4565 919 4603 cum
977 4564 1205 4619 corpore
1257 4549 1422 4603 tradit
1453 4551 1750 4621 gehennae;
1783 4552 1911 4624 quia
1939 4554 2087 4610 victa

488 4638 692 4706 anima,
723 4636 978 4693 sordibus
1006 4637 1276 4692 maculata
1304 4637 1510 4706 anima,
1545 4639 1778 4697 libidine
1808 4643 1991 4700 carnis
2023 4644 2085 4700 fit

488 4743 614 4783 caro
647 4726 804 4799 (25);
846 4727 989 4784 sicut
1017 4735 1071 4784 et
1107 4744 1307 4800 corpus
1336 4736 1480 4785 recte
1511 4728 1874 4802 gubernatum
1907 4734 2081 4806 spiri-

488 4815 596 4872 tale
646 4816 970 4888 appellatur.
1021 4817 1258 4874 Animus
1306 4825 1490 4874 tamen
1521 4828 1618 4888 est,
1651 4822 1745 4893 qui
1775 4832 1870 4878 aut
1897 4823 2082 4880 victus

489 4904 784 4973 illecebris,
832 4912 1010 4961 totum
1059 4906 1342 4962 hominem
1384 4924 1644 4964 carneum
1695 4911 1858 4967 facit:
1897 4920 1992 4966 aut
2023 4911 2082 4967 in

489 4993 676 5064 vigore
702 5001 910 5050 naturae
944 5010 1057 5051 suae
1085 5011 1334 5064 manens,
1367 4997 1520 5051 carni
1552 5005 1777 5069 prestat,
1808 5007 1870 5054 ut
1907 5000 2083 5072 spiri-

486 5083 654 5141 tualis
682 5083 918 5140 dicatur.

562 5227 699 5300 (23),
729 5226 811 5282 Ita
859 5243 988 5282 mss.
1022 5233 1077 5282 et
1107 5223 1240 5283 edit.
1276 5234 1410 5297 vet.;
1442 5233 1499 5282 at
1526 5229 1684 5286 Rom.
1725 5228 1860 5286 edit.
1890 5246 2082 5289 vocem

487 5297 665 5354 omnis
686 5297 818 5355 hinc
841 5305 1128 5353 resecarat.

561 5369 679 5444 (24)
710 5369 976 5445 Nonnulli
994 5369 1143 5445 cod,
1164 5371 1301 5426 Nam
1319 5373 1557 5445 omnium
1585 5389 1856 5441 consensu,
1881 5380 1929 5428 et
1943 5392 2082 5445 prce-

487 5441 667 5498 sentia'
688 5444 942 5516 Spiritus,
989 5441 1140 5510 cujus
1163 5442 1540 5516 legatione”...
1574 5445 1635 5498 de
1663 5445 1901 5499 Ecclesia
1925 5441 2080 5516 pra:-

487 5516 650 5585 cepit;
697 5515 791 5570 alii
843 5529 969 5568 mss.
1021 5520 1074 5568 et
1117 5513 1248 5569 edit.
1301 5514 1446 5570 inter
1485 5532 1540 5570 se
1569 5513 1942 5585 conSentiunt,
1977 5517 2083 5573 nisi

487 5584 636 5657 quod
685 5594 794 5659 vet.
816 5585 978 5659 _edit.
1015 5586 1317 5659 praeferunt
1344 5587 1510 5643 etiam
1538 5605 1664 5642 nam
1695 5604 1791 5659 pro
1819 5584 1946 5657 non,
1978 5606 2082 5646 nec

487 5671 598 5711 non
640 5657 977 5734 perindeuac
1025 5657 1350 5734 Rom._ed_it.
1382 5659 1649 5716 omittunt
1678 5657 1903 5730 tantum,
1936 5659 2083 5734 quod

486 5742 588 5785 nos
615 5742 645 5784 θ
673 5743 803 5784 mss.
836 5731 1050 5804 aliquot
1080 5730 1444 5788 restituimus.

2198 3304 2277 3354 re,
2315 3288 2534 3360 quando
2563 3305 2595 3343 a
2623 3287 2779 3343 nullo
2808 3288 3106 3360 corripitur
3142 3297 3236 3344 aut
3267 3289 3493 3344 vitatur.

2281 3383 2422 3439 128
2461 3379 2642 3450 (Vers.
2697 3377 2772 3449 7.)
2836 3402 2854 3423 ε
2906 3379 3219 3450 Expurgate
3249 3387 3407 3434 vetus
3436 3368 3796 3448 fermentum,

2199 3483 2258 3530 ut
2288 3475 2409 3531 sitis
2434 3491 2578 3530 nova
2605 3474 2940 3547 conspersio.
2977 3501 2993 3523 ι
3050 3476 3165 3531 Hoc
3195 3475 3403 3547 duplici
3431 3491 3625 3547 genere
3654 3474 3795 3531 acci-

2198 3563 2459 3635 piendum
2517 3571 2620 3632 est,
2670 3564 2800 3636 quia
2846 3571 2927 3620 est
2972 3571 3026 3620 et
3065 3565 3396 3620 fermentum
3429 3563 3671 3620 humana
3700 3563 3797 3618 do-

2199 3654 2397 3720 ctrina,
2427 3651 2643 3710 dicente
2672 3655 2952 3711 Salvatore
2977 3673 2988 3711 :
3035 3679 3054 3701 ‹
3082 3655 3281 3714 Cavete
3309 3654 3625 3709 afermento
3656 3652 3795 3709 Pha-

2197 3742 2480 3800 risaeorum
2534 3744 2744 3816 (Matth.
2796 3761 2914 3810 xvr,
2957 3743 3039 3816 6),
3090 3769 3108 3793 ι
3143 3743 3200 3799 id
3229 3753 3310 3799 est
3346 3759 3377 3798 a
3415 3743 3688 3800 doctrina.
3725 3743 3798 3798 Et

2198 3832 2266 3887 ad
2324 3834 2520 3888 malam
2570 3850 2699 3906 ergo
2737 3833 3046 3890 doctrinam
3105 3832 3428 3899 cavendam,
3472 3839 3525 3888 et
3553 3831 3621 3887 ad
3649 3831 3797 3888 hanc

2198 3939 2416 3979 causam
2466 3925 2676 3981 dictum
2727 3931 2829 3991 est,
2881 3925 3010 3998 quia
3039 3924 3212 3997 ejecto
3244 3924 3597 3992 fornicatore,
3629 3931 3794 3979 vetus

2198 4007 2529 4070 fermentum
2571 4014 2812 4086 ejicitur.
2846 4015 2972 4070 Ideo
3002 4023 3185 4069 autem
3218 4022 3397 4079 vetus,
3421 4013 3550 4086 quia
3577 4011 3798 4084 antiqui

2201 4103 2402 4158 erroris
2432 4112 2715 4174 peccatum
2746 4110 2846 4158 est.
2880 4103 3034 4159 Nova
3062 4109 3245 4159 autem
3267 4102 3612 4174 compositio,
3637 4099 3797 4158 Chri-

2200 4191 2271 4244 sti
2302 4191 2556 4246 doctrina
2585 4199 2685 4246 est.

2283 4303 2301 4326 ‹
2333 4280 2486 4336 Sicut
2529 4279 2661 4336 estis
2703 4279 2906 4352 azymi.
2961 4306 2978 4328 ι
3021 4281 3232 4352 Azyma
3260 4296 3328 4335 ex
3358 4296 3519 4335 causa
3547 4295 3660 4335 non
3691 4277 3794 4334 fer-

2198 4381 2452 4428 mentatae
2508 4373 2699 4430 farinae
2755 4373 2964 4430 dictum
3016 4380 3118 4440 est,
3151 4389 3275 4428 cum
3309 4372 3412 4428 ﬁlii
3443 4372 3609 4427 Israel
3632 4370 3794 4442 ejecti

2199 4471 2328 4518 sunt
2363 4463 2429 4518 de
2457 4465 2718 4536 ngypto;
2752 4473 2814 4519 ut
2843 4464 3175 4519 fermentum
3204 4470 3444 4519 vetustas
3477 4460 3798 4528 haberetur,

2199 4553 2374 4609 azima
2391 4561 2573 4610 autem
2603 4554 2839 4610 novitas.
2873 4551 3119 4625 Abjectis
3148 4553 3296 4608 enim
3345 4551 3623 4608 veteribus
3647 4566 3797 4606 erro-

2198 4643 2350 4700 ribus
2396 4645 2809 4715 Egyptiorum,
2840 4643 2897 4698 in
2946 4658 3147 4698 novam
3180 4643 3350 4714 legem
3379 4641 3589 4697 inducti
3623 4648 3795 4706 sunt;

2192 4733 2271 4789 ita
2317 4741 2370 4787 et
2417 4732 2691 4789 Corinthii
2738 4741 2858 4804 post
2910 4748 3246 4804 paganorum
3269 4747 3481 4787 errores
3509 4729 3566 4784 in
3598 4730 3801 4786 Evan-

2195 4821 2398 4892 gelium
2456 4821 2662 4878 Christi
2708 4819 2920 4876 inducti
2951 4827 3099 4876 sunt.
3128 4820 3393 4876 Hortatur
3418 4835 3566 4890 ergo,
3607 4825 3670 4874 ut
3715 4833 3800 4873 se-

2191 4909 2432 4966 cundum
2457 4910 2849 4981 professionem
2881 4925 3059 4977 suam,
3094 4925 3257 4981 quam
3287 4907 3356 4963 ab
3383 4907 3649 4979 Apostolo
3691 4905 3798 4962 sub

2193 4999 2418 5055 nomine
2479 4999 2683 5056 Christi
2723 5005 3065 5070 acceperant,
3115 5005 3170 5054 et
3197 4998 3472 5066 viverent,
3499 4995 3616 5068 jam
3663 4995 3800 5051 vitm

2191 5103 2348 5145 novae
2377 5089 2633 5146 cultores:
2667 5096 2721 5144 et
2752 5089 2856 5145 hoc
2885 5096 2967 5144 est
2995 5103 3219 5161 azymos
3249 5102 3387 5144 esse.

2265 5233 2381 5305 (25)
2429 5233 2556 5290 Mss.
2601 5231 2880 5305 nonnulli,
2929 5240 2984 5289 et
3019 5233 3176 5290 Rom.
3209 5229 3508 5305 edit.,Aquo
3542 5227 3805 5285 cordibus

2190 5302 2458 5361 maculata
2515 5304 2718 5369 anima,
2769 5322 2802 5358 a
2863 5305 3084 5360 libidine
3134 5302 3315 5358 carnis
3371 5302 3431 5373 ﬁt
3485 5318 3631 5368 caro,
3663 5308 3800 5367 etc.;

2191 5376 2431 5444 Thuan.,
2460 5376 2600 5446 quod
2627 5376 2872 5431 sordibus
2902 5377 3227 5431 maculatam
3254 5373 3492 5429 animam
3521 5389 3638 5428 cum
3664 5390 3805 5427 cor-

2186 5465 2317 5520 pore
2347 5449 2513 5503 tradit
2544 5449 2799 5519 gehennw.

2267 5519 2384 5590 (26)
2418 5521 2497 5575 Ita
2523 5515 2649 5575 mss.
2684 5535 2849 5592 prope
2879 5518 2947 5574 ad
2975 5534 3146 5573 unum
3174 5535 3186 5584 ;
3223 5532 3414 5572 omnes
3451 5532 3583 5592 vero
3625 5515 3799 5585 edit.,

2192 5589 2312 5663 Non
2343 5589 2417 5645 est
2443 5593 2575 5647 bona
2603 5589 2856 5663 gloriatio
2881 5597 3077 5663 vestra,
3115 5593 3209 5645 hoc
3241 5595 3334 5656 est,
3359 5589 3508 5644 mala
3536 5593 3632 5642 est.

2265 5662 2380 5734 (27)
2419 5664 2545 5736 Mss.
2582 5661 2792 5736 Remig.
2836 5679 2899 5719 ac
2928 5661 3126 5732 Laud.,
3160 5677 3223 5718 ne
3275 5677 3500 5718 amarus
3528 5665 3680 5730 esset,
3716 5675 3808 5716 eos

2191 5750 2297 5790 non
2315 5735 2586 5807 arguebat.
