4112 6178
299 425 403 483 221

1397 418 1758 479 COMMENT.
1801 417 1873 474 IN
1912 414 2129 472 EPIST.
2172 416 2195 470 Ι
2234 413 2330 470 AD
2369 413 2526 470 COR.

3515 415 3617 473 222

388 575 406 599 ι
443 549 649 607 Pascha
672 558 925 607 nostrum
946 549 1261 606 immolatus
1287 555 1369 605 est
1395 548 1667 607 Christus.
1706 574 1724 595 ι
1780 548 1888 605 Se-
1927 550 1977 608 A
2005 560 2110 600 nec
2155 559 2506 601 communem
2548 558 2726 599 escam
2769 541 2970 599 docet:
3027 550 3087 598 ut
3130 541 3436 611 erubescat,
3487 559 3616 601 cum

300 641 543 699 cundum
605 641 780 713 legem
836 639 992 696 docet
1046 640 1351 696 novitatem
1405 640 1628 696 Paschaa
1685 639 1896 694 ratione

301 729 622 796 consistere,
651 737 704 785 et
734 729 856 785 ideo
885 728 1163 786 Christum
1197 745 1312 785 esse
1341 729 1611 795 occisum,
1646 735 1707 782 ut
1736 742 1806 781 ex
1835 741 1900 780 eo

299 838 446 878 nova
475 820 791 893 praedicatio
831 837 1031 876 novam
1063 821 1265 876 faceret
1291 818 1766 875 conversationem
1795 834 1808 883 ;
1842 823 1902 870 ut

301 911 436 984 quia
465 909 680 966 Pascha:
720 910 990 966 rationem
1025 910 1286 976 colimus,
1317 915 1556 964 veterem
1589 907 1758 961 vitam
1790 921 1900 960 non

300 1015 612 1072 sequamur.
637 999 843 1054 Pascha
875 999 1060 1069 itaque
1083 997 1392 1052 immolatio
1420 1005 1521 1064 est,
1552 1012 1661 1050 non
1691 993 1901 1050 transi-

301 1097 410 1157 tus,
441 1090 583 1146 sicut
604 1089 936 1162 quibusdam
959 1087 1182 1144 videtur
1206 1107 1218 1154 ;
1249 1088 1400 1160 prius
1430 1087 1576 1141 enim
1604 1084 1900 1152 Pascha,et

301 1181 383 1238 sic
411 1182 701 1246 transitus,
735 1180 863 1252 quia
892 1188 1018 1236 ante
1052 1181 1368 1251 exemplum
1401 1179 1700 1235 Salvatoris
1729 1186 1812 1232 est
1845 1186 1901 1232 et

300 1270 383 1326 sic
411 1270 633 1341 signum
663 1269 875 1324 salutis.
910 1269 1019 1323 Nec
1057 1267 1206 1322 enim
1264 1277 1390 1322 ante
1441 1267 1680 1338 signum,
1732 1282 1898 1340 quam

297 1375 473 1424 crux;
523 1373 646 1412 nam
703 1356 882 1412 occiso
919 1371 1140 1427 vespere
1169 1371 1329 1425 agno,
1381 1356 1439 1410 in
1503 1357 1745 1427 JEgypto
1801 1355 1901 1410 ﬁlii

299 1449 465 1504 Israél
496 1447 702 1502 Pascha
731 1452 982 1518 egerunt,
1010 1461 1078 1499 ex
1118 1443 1277 1516 cujus
1305 1443 1572 1515 sanguine
1607 1451 1786 1516 postes
1815 1444 1901 1499 si-

302 1543 573 1611 gnarunt:
625 1542 687 1589 ut
727 1541 895 1589 noctu
944 1534 1175 1604 angelus
1201 1533 1499 1599 transiens,
1533 1549 1593 1587 ea
1625 1534 1743 1589 loca
1790 1550 1903 1590 non

300 1630 661 1703 contingeret,
683 1645 802 1702 quae
815 1628 1081 1701 sanguine
1110 1626 1236 1699 agni
1266 1626 1485 1684 fuerant
1500 1626 1672 1682 oblita
1695 1625 1900 1698 (Exod.

303 1736 406 1788 xn,
435 1719 525 1787 22,
557 1717 676 1788 23).

375 1828 557 1898 (Vers.
586 1826 667 1897 8.)
716 1848 734 1874 ι
771 1825 963 1896 Itaque
998 1822 1139 1878 festa
1167 1820 1532 1889 celebremus,
1565 1838 1674 1876 non
1707 1821 1762 1876 in
1788 1821 1909 1877 fer-

2005 633 2234 701 vitatur,
2269 642 2322 689 et
2353 650 2411 689 se
2441 633 2702 704 corrigat.

2083 723 2262 795 (Veis.
2292 722 2406 792 13.)
2455 748 2472 770 ι
2491 723 2681 777 Nonne
2708 721 2775 776 de
2805 722 2871 777 iis
2901 722 2994 795 qui
3016 723 3167 778 intus
3195 729 3347 790 sunt,
3379 739 3480 779 vos
3529 720 3617 794 ju-

2010 810 2206 868 dicatis
2225 812 2254 867 ?
2293 838 2310 861 ι
2353 811 2570 868 Iudicat
2600 811 2742 883 quis,
2761 810 2893 866 dum
2923 811 3191 866 discernit
3219 810 3311 867 cui
3347 811 3503 867 fratri
3525 811 3615 868 ad-

2010 900 2232 967 hzereat,
2265 917 2427 973 quem
2459 908 2672 971 arguat,
2702 916 2867 972 quem
2895 899 3121 966 devitet,
3159 923 3176 946 ι
3217 901 3352 955 Nam
3381 917 3474 957 eos
3519 902 3616 975 qui

2009 989 2144 1044 foris
2172 997 2317 1053 sunt,
2341 991 2484 1044 Deus
2519 988 2870 1057 dijudicabit.
2916 1013 2933 1033 ι
3006 989 3266 1060 Superius
3297 1006 3308 1042 ε
3355 1013 3371 1035 ι
3404 991 3608 1059 Nolite,

2010 1079 2105 1144 ait,
2137 1086 2260 1133 ante
2292 1085 2506 1149 tempus
2529 1076 2782 1148 judicare
2814 1078 2873 1148 (I
2901 1079 3027 1134 Cor.
3067 1096 3146 1144 1v,
3179 1078 3276 1147 5);
3323 1102 3340 1122 ι
3388 1078 3480 1135 hic
3509 1097 3618 1136 non

2011 1166 2282 1238 prohibet.
2333 1166 2438 1222 Sed
2484 1167 2736 1236 superius
2788 1166 3071 1236 incognita
3103 1182 3198 1237 per
3246 1167 3617 1239 suspicionem

2012 1255 2251 1311 maxime
2275 1255 2342 1311 de
2377 1262 2588 1311 rectore
2623 1254 2907 1328 prohibuit
2922 1255 3192 1326 judicare,
3226 1257 3357 1328 quia
3389 1259 3489 1313 Dei
3520 1277 3621 1315 so-

2011 1345 2124 1401 lius
2162 1354 2245 1401 est
2275 1346 2490 1402 occulta
2517 1345 2797 1416 judicare;
2832 1343 2936 1400 hoc
2974 1352 3156 1399 autem
3191 1345 3330 1411 loco,
3365 1353 3423 1400 ut
3453 1347 3621 1404 frater

2014 1435 2240 1491 fratrem
2270 1436 2551 1492 examinet
2577 1438 2741 1492 etiam
2768 1435 2945 1506 jubet,
2977 1434 3120 1489 sicut
3169 1435 3279 1490 alio
3313 1440 3452 1498 129
3499 1438 3618 1494 loco

2013 1531 2150 1588 dicit
2178 1533 2267 1603 (ΙῙ
2298 1534 2422 1589 Cor.
2454 1550 2580 1600 xm,
2610 1533 2668 1602 5)
2697 1550 2708 1587 :
2754 1555 2773 1578 ε
2815 1531 2926 1588 Vos
2952 1530 3098 1602 ipsos
3127 1538 3356 1600 tentate,
3391 1533 3435 1587 si
3484 1534 3615 1589 estis

2014 1621 2071 1676 in
2103 1621 2209 1676 fide
2231 1620 2362 1692 :ipsi
2398 1638 2497 1676 vos
2527 1620 2770 1692 probate.
2804 1644 2822 1666 ι
2866 1619 2971 1686 Qui
3003 1628 3184 1674 autem
3217 1619 3352 1675 foris
3380 1631 3528 1686 sunt,
3561 1622 3619 1677 in

2015 1708 2313 1782 diejudicii
2335 1709 2746 1765 damnabuntur
2771 1728 2783 1775 ;
2806 1707 2934 1780 quia
2960 1707 3107 1763 dixit
3128 1709 3430 1764 Dominus:
3466 1735 3482 1756 ε
3514 1711 3618 1777 Qui

2016 1814 2125 1853 non
2143 1797 2456 1865 crediderit,
2478 1797 2594 1870 jam
2612 1797 2893 1868 judicatus
2918 1803 2999 1852 est
3023 1795 3205 1867 (Joan.
3224 1813 3308 1864 ιιι,
3340 1798 3450 1868 18).
3489 1824 3506 1845 ι
3553 1801 3613 1854 In

303 1926 494 1974 mento
522 1915 718 1970 veteri.
759 1938 778 1960 ι
827 1914 941 1968 Hoc
967 1921 1049 1968 est
1091 1911 1338 1967 laetitiam
1369 1911 1636 1967 habentes
1666 1927 1901 1966 renova-

2017 1905 2125 1961 quo
2154 1889 2302 1943 enim
2333 1904 2454 1959 spes
2478 1905 2588 1944 non
2619 1895 2719 1954 est,
2753 1904 2852 1959 pro
2874 1893 3093 1940 mortuo
3124 1885 3410 1942 habendus
3437 1895 3538 1942 est.

302 2005 497 2071 tionis,
530 2004 670 2059 facta
703 2011 886 2057 vetera
918 2000 1214 2072 fugiamus,
1248 1999 1667 2055 immunditiam
1689 2014 1908 2054 omnem

301 2093 626 2166 abjicientes
655 2109 684 2146 a
730 2089 911 2158 nobis,
952 2106 1073 2162 quae
1118 2096 1199 2144 est
1230 2089 1552 2161 corruptio;
1588 2089 1717 2161 quia
1769 2088 1911 2143 sicut

305 2184 632 2240 fermentum
680 2187 852 2235 totam
905 2195 1138 2234 massam
1187 2177 1515 2249 corrumpit,
1557 2178 1633 2233 ita
1674 2185 1726 2232 et
1769 2178 1910 2232 mala

306 2273 421 2327 vita
446 2279 622 2326 totum
652 2269 958 2325 hominem.
991 2269 1138 2339 Ergo
1169 2277 1229 2323 ut
1262 2283 1373 2322 non
1403 2268 1583 2323 solum
1613 2283 1644 2322 a
1673 2267 1907 2339 turpitu-

305 2361 432 2417 dine
487 2361 615 2415 vitze
671 2376 769 2415 nos
811 2358 1186 2424 observemus,
1245 2357 1340 2414 sed
1380 2366 1433 2414 et
1480 2357 1546 2413 ab
1596 2357 1907 2430 iniquitatis

311 2449 516 2518 studio,
547 2447 750 2522 adjecit
770 2466 782 2503 :

394 2577 410 2597 ι
450 2550 559 2606 Nec
609 2550 667 2605 in
703 2549 975 2605 fermento
1018 2547 1245 2603 malitiae
1297 2557 1351 2603 et
1380 2547 1668 2620 nequitiae,
1703 2547 1798 2603 sed
1849 2547 1907 2602 in

315 2640 523 2712 azymis
552 2639 885 2697 sinceritatis
912 2646 966 2694 et
995 2637 1262 2694 veritatis.
1308 2661 1326 2683 ι
1368 2637 1483 2694 Hoc
1512 2645 1615 2704 est,
1646 2645 1708 2693 ut
1735 2636 1909 2694 since-

310 2730 444 2785 ritas
475 2728 735 2785 mundam
785 2729 956 2785 vitam
1006 2727 1190 2796 faciat,
1221 2727 1424 2782 veritas
1473 2736 1654 2784 autem
1686 2742 1906 2783 omnem

310 2825 555 2881 fraudem
585 2825 863 2882 excludat.

385 2925 570 2993 (Vers.
608 2924 660 2990 9,
700 2922 811 2993 10.)
856 2947 873 2968 ι
913 2920 1120 2992 Scripsi
1143 2921 1302 2978 vobis
1327 2921 1383 2975 in
1401 2920 1654 2992 epistola,
1673 2935 1743 2974 ne
1763 2934 1910 2974 com-

308 3011 650 3068 misceamini
709 3010 1041 3066 fornicariis.
1102 3035 1120 3056 ι
1171 3009 1464 3080 Scripsisse
1521 3024 1578 3063 se
1635 3006 1913 3078 signiﬁcat

309 3103 483 3175 prius,
516 3103 614 3157 ubi
661 3107 974 3158 commonet
1022 3099 1169 3166 illos,
1203 3115 1270 3154 ne
1312 3098 1608 3169 jungerent
1637 3112 1694 3152 se
1752 3097 1909 3151 malae

308 3193 441 3247 vitae
472 3189 817 3245 hominibus.
859 3190 930 3244 Et
960 3187 1089 3260 quia
1136 3204 1246 3243 non
1297 3187 1634 3242 intellexisse
1666 3186 1806 3240 forte
1848 3202 1910 3240 ea

2106 2001 2123 2023 ι
2138 1977 2366 2032 Auferte
2380 1978 2582 2032 malum
2601 1993 2669 2032 ex
2682 1977 2839 2032 vobis
2854 1976 3004 2048 ipsis.
3023 2000 3038 2019 -
3071 1974 3268 2032 Adhuc
3283 1993 3404 2031 com
3414 1985 3617 2046 monet,

2018 2073 2081 2122 ut
2109 2065 2492 2124 discernantur
2519 2085 2550 2123 a
2580 2067 2739 2122 malis
2769 2074 2821 2121 et
2848 2065 3105 2137 operibus
3135 2072 3188 2120 et
3218 2065 3559 2122 hominibus.

2632 2200 2858 2258 CAPUT
2891 2200 2985 2257 VI.

2091 2317 2276 2389 (Vers.
2311 2318 2389 2388 1.)
2436 2342 2454 2364 ι
2485 2317 2666 2374 Audet
2696 2317 2898 2390 aliquis
2929 2325 3172 2373 vestrum
3204 2315 3465 2373 adversus
3487 2315 3617 2371 alte-

2016 2421 2138 2461 rum
2181 2405 2386 2462 habens
2418 2408 2717 2479 negotium,
2733 2406 2970 2478 judicari
2994 2407 3137 2479 apud
3159 2406 3401 2478 iniquos,
3432 2413 3486 2460 et
3507 2420 3617 2459 non

2016 2495 2162 2567 apud
2192 2497 2452 2552 sanctos?
2484 2521 2500 2542 ι
2550 2498 2773 2569 lniquos
2793 2497 3004 2568 duplici
3024 2512 3217 2568 genere
3245 2495 3542 2566 significat,
3565 2502 3620 2550 et

2017 2586 2112 2658 qui
2139 2603 2249 2642 non
2279 2586 2530 2654 credunt,
2586 2597 2641 2641 et
2671 2588 2766 2657 qui
2799 2587 2940 2656 leges
2991 2604 3022 2640 a
3051 2589 3162 2641 Deo
3194 2585 3402 2639 mundo
3432 2584 3621 2640 credi-

2017 2682 2099 2729 tas
2144 2676 2461 2746 frequenter
2492 2690 2618 2728 cum
2673 2673 2989 2727 adulatione
3042 2673 3492 2742 interpretantur,
3525 2689 3617 2725 au-

2019 2764 2329 2819 ctoritatem
2359 2761 2551 2815 harum
2588 2759 2750 2814 idolis
2779 2759 3121 2830 deputantes,
3159 2759 3388 2830 ideoque
3441 2758 3621 2829 iniqui

2019 2859 2150 2905 sunt
2179 2869 2192 2916 ;
2226 2850 2422 2922 etquia
2440 2850 2498 2902 in
2528 2848 2774 2903 Ecclesia
2799 2847 2970 2918 magis
2994 2849 3080 2901 lex
3106 2856 3206 2912 est,
3231 2845 3326 2900 ubi
3349 2846 3616 2900 Dominus

2022 2937 2155 3009 legis
2182 2937 2431 3004 timetur,
2464 2936 2659 2990 melius
2687 2935 2823 2990 dicit
2851 2933 2996 3005 apud
3025 2934 3122 2989 Dei
3155 2932 3438 2988 ministros
3465 2949 3621 3004 agere

2020 3045 2269 3084 causam:
2305 3024 2522 3082 facilius
2549 3026 2698 3081 enim
2736 3026 2803 3082 de
2827 3025 2927 3082 Dei
2958 3026 3154 3084 timore
3179 3025 3506 3081 sententiam
3533 3024 3621 3080 le-

2020 3117 2102 3187 gis
2133 3133 2316 3171 veram
2347 3123 2627 3189 promunt.

2093 3205 2273 3276 (Vers.
2307 3209 2386 3276 2.)
2461 3232 2478 3253 ι
2509 3208 2622 3261 Aut
2652 3205 2918 3278 ignoratis
2945 3203 3208 3276 quoniam
3243 3204 3417 3261 sancti
3463 3203 3611 3259 hunc

307 3297 440 3370 quas
483 3279 794 3370 scripserat,
824 3277 1175 3370 videbantur.
1223 3293 1370 3370 ηιξηο
1418 3276 1472 3330 in
1518 3276 1621 3370 ha};
1676 3275 1906 3370 epistola
1941 3279 1983 3338 C
2017 3275 2282 3352 mundum
2308 3275 2708 3369 judicabuntf-
2751 3275 3090 3350 Nihilotiose
3118 3294 3256 3350 dicit
3278 3295 3611 3370 Apostolus;

305 3368 443 3442 quid
477 3368 778 3439 scripserit,
823 3368 1215 3438 interpretatur
1243 3366 1468 3422 dicens:
1516 3388 1534 3411 «
1573 3366 1690 3420 Νοιι
1717 3363 1904 3436 utique

306 3456 623 3514 fornicariis
663 3455 826 3527 hujus
867 3455 1082 3524 mundi,
1124 3481 1141 3504 ι
1199 3454 1295 3511 sed
1322 3472 1354 3510 a
1400 3452 1662 3509 fratribus
1701 3452 1904 3509 talibus

305 3548 501 3619 scripsi
533 3545 918 3602 recedendum.

395 3669 410 3691 ι
447 3647 561 3700 Aut
587 3643 788 3711 avaris,
817 3651 912 3699 aut
939 3641 1249 3714 rapacibus,
1281 3650 1376 3698 aut
1407 3642 1572 3700 idolis
1603 3643 1906 3699 servienti-

306 3735 453 3801 bus;
508 3734 754 3805 alioquin
786 3732 1100 3789 debueratis
1130 3732 1197 3788 de
1241 3732 1347 3788 hoc
1379 3734 1588 3789 mundo
1629 3734 1828 3789 exisse.
1869 3758 1889 3780 ι

307 3824 482 3895 Igitur
510 3824 853 3879 intellectum
876 3838 1064 3878 eorum
1094 3821 1297 3894 arguit,
1330 3823 1424 3894 qui
1456 3822 1719 3893 putabant
1765 3822 1904 3878 forte

306 3912 437 3985 quia
465 3914 533 3970 ab
563 3912 885 3977 incredulis,
925 3911 1260 3976 fornicariis,
1292 3919 1388 3966 aut
1422 3911 1620 3978 avaris,
1676 3921 1771 3968 aut
1807 3929 1905 3968 ra—

307 4002 552 4073 pacibus,
583 4009 678 4058 aut
709 4000 874 4056 idolis
900 3998 1274 4056 servientibus
1302 3999 1695 4072 prohibuisset,
1729 4016 1840 4056 non
1871 4017 1903 4057 a

303 4089 569 4148 fratribus
597 4112 611 4159 ;
642 4101 695 4150 et
725 4091 849 4148 ideo
879 4091 1040 4147 illum
1072 4091 1167 4163 qui
1199 4108 1430 4147 uxorem
1459 4092 1628 4163 patris
1645 4092 1900 4160 habebat,

304 4179 453 4235 inter
496 4198 551 4237 se
580 4198 694 4238 esse
723 4197 834 4236 non
865 4198 1004 4253 aegre
1033 4180 1299 4236 ferebant.
1335 4181 1391 4236 Si
1423 4181 1594 4253 igitur
1625 4181 1712 4236 his
1740 4197 1902 4238 com-

303 4270 890 4343 misceamini,inquit,
912 4272 1111 4327 melius
1146 4278 1263 4326 erat
1298 4272 1439 4326 mori
1461 4289 1597 4339 vos;
1640 4289 1898 4343 compen-

303 4362 471 4418 dium
501 4371 577 4418 est
593 4362 740 4418 enim
772 4362 913 4416 male
929 4360 1236 4432 agentibus,
1256 4360 1301 4415 si
1323 4360 1489 4417 citius
1511 4361 1628 4433 (28)
1660 4362 1899 4418 morian-

301 4461 418 4518 tur,
454 4468 611 4524 quam
644 4453 691 4509 si
719 4452 932 4508 diutius
961 4450 1019 4506 in
1049 4450 1288 4522 peccatis
1319 4458 1624 4506 versentur.

377 4550 560 4620 (Vers.
594 4551 707 4620 11.)
753 4575 770 4596 ι
810 4550 968 4606 Nunc
999 4558 1182 4606 autem
1214 4547 1407 4620 scripsi
1442 4547 1617 4615 vobis,
1650 4563 1718 4602 ne
1738 4565 1902 4606 com—

2013 3385 2136 3440 ideo
2174 3387 2322 3441 enim
2359 3386 2508 3440 hunc
2537 3385 2805 3441 mundum
2836 3385 3002 3451 dixit,
3033 3391 3093 3438 ut
3123 3383 3374 3438 ostendat
3394 3392 3448 3438 et
3480 3385 3619 3438 alte-

2013 3491 2134 3528 rum
2160 3493 2173 3539 ;
2215 3476 2346 3546 quia
2372 3483 2423 3530 et
2453 3475 2690 3529 Joannes
2720 3474 3016 3545 apostolus,
3054 3496 3072 3518 ι
3102 3472 3306 3538 Nolite,
3349 3472 3446 3539 ait,
3480 3471 3616 3528 dili-

2012 3579 2133 3634 gere
2155 3564 2304 3620 hunc
2326 3565 2591 3620 mundum
2622 3565 2678 3635 (Ι
2700 3565 2858 3619 Joan.
2890 3581 2952 3631 ιι,
2981 3563 3093 3634 15).
3130 3587 3148 3609 ι
3175 3562 3244 3616 Ει
3265 3563 3533 3618 Dominus
3558 3561 3615 3617 in

2010 3655 2341 3726 Evangelio:
2394 3681 2411 3703 ι
2455 3655 2566 3720 Sic,
2596 3655 2799 3726 inquit,
2829 3653 3028 3709 dilexit
3060 3655 3202 3709 Deus
3261 3653 3553 3721 mundum,
3586 3678 3604 3701 ο

2011 3752 2114 3800 etc.
2151 3745 2330 3814 (Joan.
2361 3762 2444 3811 ιιι,
2480 3745 2590 3814 16).
2625 3745 2727 3799 Hic
2755 3761 2881 3814 ergo
2914 3743 3154 3798 mundus
3183 3743 3241 3798 in
3276 3760 3456 3798 errore
3505 3749 3611 3808 est,

2013 3849 2120 3888 non
2153 3832 2247 3887 ille
2276 3833 2545 3903 superior,
2573 3831 2640 3886 ad
2670 3831 2827 3902 cujus
2864 3832 3291 3887 similitudinem
3322 3831 3413 3888 hic
3441 3831 3616 3886 factus

2011 3931 2110 3977 est.
2149 3923 2301 3978 Unde
2332 3922 2500 3976 homo
2531 3921 2620 3977 hic
2669 3923 2878 3993 positus
2907 3930 3009 3989 est,
3040 3923 3108 3977 ad
3157 3923 3451 3991 imaginem
3517 3919 3614 3974 Dei

2012 4011 2208 4078 factus,
2239 4021 2299 4067 ut
2327 4011 2472 4066 sicut
2493 4011 2548 4065 in
2578 4012 2858 4084 superiore
2891 4013 3098 4067 mundo
3125 4011 3193 4065 ab
3210 4026 3320 4064 uno
3344 4011 3455 4062 Deo
3485 4013 3618 4060 sunt

2010 4101 2218 4168 omnia,
2252 4101 2325 4158 ita
2351 4111 2404 4158 et
2434 4101 2490 4156 in
2535 4102 2641 4158 hoc
2670 4101 2739 4156 ab
2783 4117 2894 4156 uno
2926 4100 3149 4154 homine
3189 4111 3382 4150 omnes
3430 4092 3609 4147 habe-

2009 4198 2130 4245 rent
2176 4190 2464 4262 originem.
2517 4192 2661 4246 Hinc
2710 4197 2791 4244 est
2821 4188 2966 4242 unde
2999 4186 3216 4254 Moyses
3264 4179 3322 4233 in
3353 4181 3612 4236 Deutero-

2007 4281 2196 4336 nomio
2221 4297 2232 4334 :
2279 4304 2296 4326 ι
2327 4281 2467 4336 Cum
2489 4278 2784 4342 divideret,
2809 4273 3010 4345 inquit,
3037 4268 3358 4326 Altissimus
3374 4277 3612 4342 gentem,

2009 4368 2473 4442 quemadmodum
2519 4365 2782 4437 dispersit
2816 4363 2961 4417 filios
3003 4361 3169 4418 Adze:
3229 4361 3422 4416 statuit
3474 4360 3613 4416 fines

2005 4460 2248 4530 gentium
2278 4456 2582 4515 secundum
2615 4469 2905 4512 numerum
2937 4453 3255 4524 angelorum
3286 4451 3380 4506 Dei
3417 4451 3606 4521 (Deut.

2009 4565 2191 4616 xxxn,
2225 4550 2306 4620 8).
2338 4575 2357 4596 ι
2395 4546 2539 4615 Quid
2553 4553 2664 4602 tam
2679 4553 2951 4617 apertum,
2985 4543 3134 4600 hunc
3155 4541 3424 4598 mundum
3455 4556 3612 4612 supeo

302 4639 670 4696 misceamini.
702 4642 756 4698 Si
809 4641 854 4697 is
901 4641 997 4714 qui
1043 4641 1213 4696 frater
1259 4641 1580 4696 nominatur
1612 4639 1755 4694 inter
1783 4657 1898 4706 vos,
1933 4641 1981 4698 D
2012 4636 2174 4691 τιστις.
2217 4653 2331 4693 esse
2385 4636 2680 4709 imaginem
2709 4644 2858 4691 certa
2907 4651 2977 4690 ex
3019 4633 3233 4689 causa?
3271 4639 3353 4687 est
3383 4632 3530 4686 enim
3560 4638 3615 4686 et

295 4738 382 4785 est
410 4730 734 4798 fornicator,
791 4740 886 4787 aut
922 4747 1143 4797 avarus,
1173 4740 1268 4788 aut
1312 4730 1478 4787 idolis
1507 4728 1771 4796 serviens,
1805 4738 1899 4785 aut

296 4819 625 4888 maledicus,
656 4829 752 4876 aut
777 4820 1048 4888 ebriosus,
1079 4829 1173 4876 aut
1193 4837 1385 4892 rapax,
1417 4837 1541 4876 cum
1574 4819 1898 4893 hujusmodi

293 4927 368 4965 ne
415 4910 602 4966 cibum
654 4909 878 4983 quidem
909 4927 1142 4966 sumere.
1177 4935 1195 4956 ι
1252 4910 1391 4968 Cum
1439 4911 1607 4967 fratre
1642 4911 1900 4982 prohibet

297 5000 490 5056 cibum
541 5015 778 5065 sumere,
815 5015 943 5056 cum
975 4997 1185 5056 inﬁdeli
1232 5006 1415 5054 autem
1446 5017 1557 5055 non
1592 4999 1896 5072 prohibuit,

296 5087 504 5159 quippe
531 5103 657 5142 cum
677 5087 824 5144 dicat
849 5105 861 5142 :
895 5086 950 5142 Si
977 5087 1100 5159 quis
1129 5103 1228 5143 vos
1255 5095 1416 5144 vocat
1443 5104 1512 5143 ex
1541 5088 1798 5144 ﬁdelibus
1830 5088 1897 5144 ad

295 5194 536 5244 caenam,
567 5185 620 5233 et
649 5178 818 5234 vultis
848 5177 948 5244 ire,
980 5193 1143 5232 omne
1175 5177 1326 5249 quod
1354 5178 1672 5250 appositum
1706 5176 1894 5244 fuerit,

297 5267 628 5324 manducate
659 5267 811 5340 (Luc.
845 5284 904 5336 x,
930 5267 1011 5338 8).
1046 5265 1172 5322 Ideo
1198 5266 1277 5320 ait
1312 5285 1324 5322 :

372 5365 555 5436 (Vers.
592 5365 706 5436 12.)
741 5388 760 5413 ι
794 5365 914 5432 Quo
941 5363 1090 5420 enim
1115 5362 1253 5418 mihi
1281 5362 1452 5419 dehis
1482 5363 1577 5436 qui
1609 5363 1744 5420 foris
1769 5371 1898 5420 sunt

289 5453 544 5526 judicare
563 5455 592 5510 ‘I
631 5480 650 5503 ι
692 5453 900 5510 Verum
930 5461 1012 5510 est
1041 5451 1173 5526 quia
1192 5451 1431 5523 perﬁdos
1460 5455 1750 5526 episcopus
1783 5469 1895 5509 non

295 5551 477 5616 potest
500 5543 750 5616 judicare
776 5561 786 5598 :
811 5559 939 5599 cum
969 5541 1134 5599 fratre
1165 5546 1347 5594 autem
1385 5540 1440 5594 in
1472 5557 1580 5613 quo
1615 5541 1755 5619 vitia
1779 5541 1898 5598 haec

295 5633 668 5706 reperiuntur,
701 5648 813 5689 non
833 5631 1012 5688 solum
1041 5635 1380 5687 sacramenta
1408 5643 1520 5684 non
1540 5628 1772 5696 edenda,
1801 5628 1896 5688 sed

370 5775 490 5849 (28)
523 5774 846 5845 Corb.cod.,
879 5774 1035 5832 malis
1063 5789 1173 5831 non
1199 5771 1624 5839 emendantibus,
1654 5771 1700 5827 si
1718 5771 1891 5843 citius,

2007 4726 2309 4782 Jerusalem
2341 4727 2604 4789 inferior;
2656 4733 2710 4780 et
2743 4725 2836 4779 illa
2867 4724 3140 4793 superior,
3175 4738 3340 4793 quam
3375 4729 3608 4775 matrem

2010 4824 2252 4873 nostram
2284 4823 2445 4870 vocat
2489 4814 2636 4870 idem
2668 4814 2966 4884 Apostolus
3002 4813 3211 4884 (Galat.
3246 4829 3325 4879 IV,
3368 4812 3499 4880 26):
3534 4819 3615 4866 est

2008 4905 2240 4962 inferior
2266 4901 2570 4976 paradisus,
2605 4903 2662 4957 in
2701 4918 2810 4975 quo
2841 4901 3009 4956 homo
3040 4901 3250 4973 positus
3284 4899 3612 4956 mandatum

2007 5003 2061 5052 et
2089 5003 2150 5051 ut
2179 5002 2496 5066 operaretur
2521 4993 2619 5060 ibi,
2651 4999 2704 5048 et
2751 5001 2812 5048 ut
2839 4991 3169 5059 custodiret,
3203 4989 3417 5061 accepit
3454 4989 3610 5060 (Gen.

2007 5103 2067 5154 ιι,
2103 5087 2215 5156 15).
2247 5086 2346 5141 Est
2373 5093 2428 5140 et
2460 5085 2552 5140 ille
2602 5083 2860 5150 cmlestis,
2897 5083 2953 5137 in
3001 5099 3112 5154 quo
3141 5090 3329 5152 raptus
3379 5081 3614 5149 Aposto-

2007 5177 2110 5244 lus,
2143 5175 2360 5231 audivit
2407 5174 2573 5230 verba
2602 5189 2798 5228 arcana
2837 5172 2922 5241 (ll
2955 5172 3080 5228 Cor.
3115 5187 3216 5237 xu,
3263 5169 3344 5239 4).
3377 5166 3611 5222 Iudica-

2005 5270 2143 5327 bunt
2171 5286 2298 5342 ergo
2327 5269 2501 5338 sancti
2538 5267 2688 5323 hunc
2733 5264 3038 5321 mundum:
3075 5263 3206 5335 quia
3259 5259 3520 5328 exemplo
3552 5254 3610 5309 ﬁ-

2005 5359 2095 5416 dei
2123 5360 2349 5414 illorum
2377 5357 2611 5429 perﬁdia
2642 5355 2835 5412 mundi
2867 5353 3246 5410 damnabitur.

2090 5473 2109 5496 ι
2147 5450 2217 5504 Ει
2246 5449 2292 5505 si
2320 5448 2376 5503 in
2398 5447 2559 5502 nobis
2569 5446 2916 5518 judicabitur
2945 5441 3205 5498 mundus.
3231 5464 3248 5486 ι
3291 5436 3445 5489 Tunc
3459 5431 3610 5502 judi-

2003 5539 2219 5598 cabitur
2247 5537 2342 5595 hic
2396 5537 2637 5595 mundus
2683 5537 2742 5593 in
2781 5535 2961 5602 nobis,
3008 5533 3053 5588 si
3099 5543 3238 5599 opus
3270 5520 3607 5594 perﬁdorum

2003 5629 2294 5687 hominum
2321 5645 2434 5685 non
2474 5627 2792 5684 inveniatur
2821 5625 2880 5679 in
2909 5619 3086 5677 nobis.
3132 5638 3150 5661 ι
3190 5611 3409 5687 Indigni
3479 5631 3608 5691 ergo

2009 5781 2115 5833 θιο.
