4090 6182
513 361 614 419 223
1542 362 1634 416 AD
1674 359 1906 415 OPERA
1947 358 2000 413 S.
2033 357 2364 416 AMBROSII
2403 358 2785 415 APPENDIX.

510 502 640 550 sunt
667 490 1006 564 hujusmodi,
1035 492 1128 564 qui
1157 490 1322 548 etiam
1362 490 1428 546 de
1484 487 1728 542 minimis
1751 484 2049 557 judicent?
2083 513 2099 537 ι
2141 491 2190 549 Α
2219 487 2419 556 facitis,
2451 496 2505 543 et
2548 487 2814 543 fraudatis
2847 505 2857 542 :
2894 495 2949 543 et
2991 486 3097 543 hoc
3125 486 3408 543 fratribus.
3460 511 3476 532 -

511 585 627 640 Hoc
647 590 750 649 est,
773 600 882 638 non
912 592 1040 638 sunt
1061 584 1250 656 utique
1280 579 1492 651 indigni
1515 579 1576 645 ii,
1610 577 1702 650 qui
1737 576 1916 649 ipsum
1953 596 2110 635 mun-

510 672 641 729 dum
679 672 980 744 judicaturi
1011 681 1159 732 sunt.
1193 689 1255 727 ea
1277 669 1530 742 judicare
1579 685 1699 741 quae
1731 667 1922 722 mundi
1954 677 2104 723 sunt.

585 763 766 827 (Vers.
797 763 876 830 3.)
952 789 967 810 ι
997 763 1233 819 Nescitis
1267 759 1527 832 quoniam
1577 760 1799 830 angelos
1821 757 2112 830 judicabi-

513 869 634 907 mus
659 852 687 908 ?
712 876 730 900 ι
768 852 998 908 Addidit
1047 851 1187 922 plus,
1217 848 1468 904 dicendo:
1527 873 1543 893 ι
1575 848 1796 920 angelos
1828 847 2114 920 judicabi—

513 957 653 1008 mus,
687 967 706 989 ι
762 941 818 996 id
867 949 967 1007 est,
1017 938 1291 1010 potentias
1325 939 1617 1009 spiritales,
1651 955 1784 1011 quas
1830 940 1940 994 alio
1993 940 2114 995 loco

515 1031 678 1086 tradit
708 1031 763 1084 in
795 1029 1106 1085 caelestibus
1145 1029 1360 1100 degere,
1396 1029 1588 1083 eodem
1620 1045 1814 1100 genere
1841 1029 2107 1100 judican-

508 1119 605 1174 dos
633 1121 855 1190 angelos
882 1137 914 1175 a
942 1120 1123 1185 nobis,
1164 1136 1272 1191 quo
1299 1127 1352 1173 et
1384 1119 1621 1174 mundus
1644 1118 2012 1188 judicabitur.

583 1209 766 1281 (Vers.
799 1209 853 1276 4,
886 1209 968 1280 5.)
1014 1233 1030 1254 ι
1063 1209 1353 1264 Saecularia
1381 1208 1550 1280 igitur
1571 1209 1782 1280 judicia
1810 1209 1853 1264 si
1898 1209 2115 1264 habue-

512 1300 652 1365 ritis,
708 1298 1152 1369 contemptibiles
1181 1298 1275 1370 qui
1310 1306 1440 1354 sunt
1471 1297 1527 1352 in
1557 1299 1832 1365 Ecclesia,
1891 1299 2020 1354 illos
2046 1299 2113 1354 ad

500 1387 866 1459 iudicandum
909 1387 1249 1443 constituite.
1286 1412 1303 1434 ι
1370 1387 1664 1442 Saecularia
1701 1386 1916 1458 judicia
1963 1396 2111 1454 sunt,

510 1478 577 1534 ad
607 1493 804 1548 corpus
833 1476 1163 1548 pertinentia
1191 1477 1277 1531 vel
1309 1493 1590 1547 corporea.
1623 1478 1694 1532 Et
1723 1477 1853 1549 quia
1887 1494 1994 1532 non
2037 1477 2116 1534 sic

512 1567 629 1623 ﬁeri
661 1565 842 1634 debet,
873 1565 1109 1638 adjecit:
1157 1590 1175 1613 ι
1207 1565 1292 1621 Ad
1320 1567 1684 1622 reverentiam
1715 1566 1832 1636 (29)
1871 1575 2108 1622 vestram

508 1657 651 1713 dico.
684 1679 702 1704 ι
737 1654 814 1713 Ne
841 1655 970 1727 quia
998 1655 1455 1726 supranegotium
1489 1654 1821 1722 nominavit,
1854 1655 1950 1711 sed
1981 1672 2115 1727 qua-

512 1745 563 1802 le
613 1760 723 1801 non
763 1743 1129 1814 signiﬁcavit:
1192 1751 1320 1799 sunt
1347 1743 1496 1799 enim
1527 1753 1580 1800 et
1636 1744 1828 1800 divina
1877 1744 2114 1820 negotia,

3722 360 3829 418 224

3539 487 3700 544 Nunc
3728 489 3829 546 hos

2222 578 2469 650 corripit,
2503 595 2735 652 quorum
2771 577 3046 649 injustitia
3068 576 3314 649 jurgium
3348 584 3666 649 generatur;
3700 579 3830 652 quia

2224 685 2333 724 non
2382 671 2560 723 solum
2611 687 2706 741 per
2736 670 2982 725 fraudem
3013 669 3305 724 admissam
3342 668 3418 724 rei
3449 676 3600 737 sunt,
3634 669 3727 725 sed
3774 677 3828 726 et

2224 765 2430 829 partem
2479 757 2682 812 habent
2729 757 2918 814 delicti
2968 759 3215 824 illorum,
3247 757 3343 829 qui
3393 757 3570 813 coacti
3622 757 3830 830 injuria

2223 854 2316 900 aut
2347 845 2537 900 fraude
2568 861 2779 912 eorum,
2813 846 3063 901 inﬁdeles
3094 853 3286 918 rogant
3315 845 3383 901 ad
3410 845 3772 917 judicandum
3811 866 3822 903 2

2223 943 2276 989 et
2319 951 2442 990 cum
2491 934 2737 990 fraudem
2785 943 2879 989 aut
2909 935 3141 1006 injurias
3189 935 3370 990 illatas
3404 936 3656 1008 persequi
3708 953 3820 992 non

2223 1027 2505 1095 deberent,
2537 1044 2648 1082 non
2678 1029 2856 1084 solum
2879 1027 3166 1083 vindicant
3219 1027 3313 1084 sed
3347 1036 3401 1084 et
3436 1029 3536 1101 ipsi
3571 1029 3822 1086 fraudem

2224 1127 2275 1174 et
2309 1117 2539 1188 injurias
2570 1119 2812 1184 faciunt;
2848 1127 2908 1173 ut
2940 1119 3217 1190 punienda
3261 1121 3512 1192 exempla
3563 1121 3828 1176 fratribus

2224 1209 2489 1264 tribuant.
2525 1210 2594 1263 Et
2615 1208 2748 1282 quid
2779 1209 2904 1264 aliis
2934 1209 3110 1265 facere
3139 1209 3414 1277 credatur,
3438 1209 3533 1282 qui
3565 1226 3674 1265 non
3707 1228 3828 1282 par-

2223 1299 2300 1353 cit
2331 1298 2488 1354 suis?

2299 1387 2479 1457 (Vers.
2530 1388 2584 1455 9,
2621 1387 2734 1459 l0.)
2779 1410 2797 1433 ι
2830 1388 2914 1442 An
2949 1387 3193 1455 nescitis,
3227 1386 3354 1460 quia
3386 1386 3565 1460 iniqui
3595 1405 3825 1460 regnum

2225 1477 2320 1532 Dei
2345 1492 2456 1531 non
2488 1476 2892 1549 possidebunt?
2923 1502 2939 1523 ι
2977 1478 3090 1533 Hoc
3111 1477 3258 1533 dicto
3289 1475 3530 1532 ostendit
3562 1479 3684 1534 Illos
3715 1495 3829 1534 non

2228 1567 2438 1622 nescios
2481 1582 2720 1636 peccare,
2754 1582 2816 1620 ac
2846 1582 2941 1636 per
2987 1566 3090 1622 hoc
3135 1566 3354 1638 gravius
3403 1565 3828 1624 vindicandum.

2226 1654 2281 1708 Si
2311 1654 2457 1709 enim
2489 1654 2952 1710 immisericordes
2985 1656 3100 1726 (32)
3154 1656 3231 1711 rei
3277 1663 3405 1711 sunt
3454 1656 3598 1728 apud
3627 1658 3828 1724 Deum,

2226 1751 2432 1815 quanto
2465 1745 2634 1816 magis
2664 1744 2880 1816 iniqui?
2939 1769 2956 1791 ε
3003 1746 3185 1800 Nolite
3218 1762 3426 1811 errare;
3476 1762 3599 1801 nam
3650 1762 3833 1818 neque

511 1834 725 1891 dicente
755 1833 983 1890 eodem:
1053 1856 1071 1879 ι
1103 1833 1341 1906 Adjutor
1390 1833 1594 1906 negotii
1638 1834 1740 1889 mei
1775 1836 1956 1906 (Rom-
1995 1852 2112 1904 xvr,
2148 1849 2192 1907 Β
2228 1833 2529 1899 fornicarii,
2582 1850 2758 1904 neque
2790 1833 2955 1889 idolis
2985 1835 3308 1900 servientes,
3344 1851 3518 1908 neque
3562 1835 3829 1903 adulteri,

511 1925 586 1997 3).
626 1949 646 1972 ι
711 1924 781 1979 Et
824 1923 1108 1980 saecularia
1137 1925 1278 1979 forte
1322 1923 1554 1994 judicia,
1587 1924 1714 1996 quia
1755 1924 2111 1996 prohibuerat

510 2013 652 2087 apud
686 2011 920 2084 perﬁdos
972 2012 1202 2084 agenda,
1251 2013 1505 2085 quamvis
1548 2012 1603 2067 in
1662 2013 1930 2080 Ecclesia,
1963 2013 2109 2069 sicut

510 2102 818 2169 audierant,
873 2119 905 2158 a
961 2102 1434 2174 qualibuscunque
1481 2109 1662 2157 tamen
1716 2111 1972 2175 putarent
2010 2119 2101 2159 au-

511 2191 710 2247 dienda
758 2198 852 2246 aut
907 2191 1276 2258 terminanda,
1329 2191 1396 2246 ad
1445 2191 1700 2247 ruborem
1757 2207 1948 2246 eorum
1998 2191 2103 2247 ait:

525 2307 542 2326 ι
576 2280 1028 2352 Contemptibiles
1048 2281 1142 2354 qui
1167 2288 1296 2336 sunt
1322 2281 1378 2336 in
1412 2280 1680 2347 Ecclesia,
1710 2279 1834 2335 illos
1865 2279 1936 2334 ad
1961 2279 2109 2351 judi-

510 2370 745 2426 candum
785 2369 1124 2426 constituite.
1166 2394 1183 2418 ι
1216 2370 1355 2425 Sunt
1395 2371 1542 2424 enim
1577 2370 1633 2424 in
1679 2368 1925 2424 Ecclesia
1959 2376 2013 2422 et
2045 2367 2110 2422 li-

513 2474 647 2531 gnea
673 2474 827 2524 vasa;
862 2467 972 2514 tam
1008 2458 1156 2514 enim
1188 2458 1564 2514 intractabiles
1591 2466 1645 2512 et
1676 2457 2108 2513 inconsiderato:

512 2565 602 2604 eos
657 2547 1010 2619 signiﬁcavit,
1069 2556 1130 2604 ut
1182 2547 1469 2619 imperitos
1518 2547 1658 2602 forte
1716 2562 1786 2601 ex
1847 2545 2109 2600 fratribus

505 2636 720 2709 judices
747 2638 1029 2708 eligerent.
1074 2637 1188 2692 Hoc
1215 2637 1282 2691 de
1311 2644 1538 2708 experto
1570 2637 1866 2707 Apostolus
1894 2654 1907 2702 ;
1961 2637 2110 2690 scie-

508 2713 600 2782 bat
627 2726 775 2782 enim
809 2743 974 2799 quam
1004 2726 1176 2798 tepidi
1207 2733 1260 2781 et
1293 2725 1595 2798 improvidi
1628 2725 1684 2780 in
1713 2725 1947 2797 reliquis
1977 2741 2101 2780 cau-

511 2814 586 2869 sis
614 2816 830 2870 fuerant
859 2814 1214 2887 deprehensi.

597 2929 614 2950 ε
645 2903 734 2960 Sic
781 2920 890 2960 non
926 2912 1006 2959 est
1063 2904 1205 2959 inter
1251 2919 1350 2958 vos
1395 2903 1682 2976 quisquam
1714 2902 1952 2975 sapiens,
2015 2902 2108 2976 qui

516 2993 686 3064 possit
690 2991 944 3063 judicare
961 2993 1106 3046 inter
1127 2993 1350 3047 fratrem
1375 3009 1536 3046 suum
1557 2993 1584 3047 ‘I
1606 3016 1623 3038 ι
1660 2991 1798 3058 Quia
1815 3008 1941 3063 ergo
1955 3001 2104 3059 sunt,

515 3081 714 3153 inquit,
748 3080 1020 3152 sapientes
1047 3080 1260 3145 fratres,
1293 3081 1462 3152 aliqui
1495 3080 1689 3135 horum
1724 3080 1999 3151 eligantur
2042 3081 2110 3135 ad

508 3169 870 3270 judicandum
903 3186 1135 3270 quorum
1156 3169 1426 3269 judicium
1446 3169 1674 3224 miretur
1698 3170 1936 3270 mundus
1963 3170 2106 3241 (30).
2144 3211 2186 3270 Ο

513 3260 739 3330 Magnus
765 3258 911 3315 enim
964 3257 1141 3331 pudor
1174 3266 1276 3327 est,
1307 3260 1352 3314 si
1397 3260 1539 3315 inter
1569 3275 1660 3315 eos
1704 3260 1798 3331 qui
1847 3259 2110 3316 dicuntur

512 3349 683 3403 Deum
735 3349 1076 3421 cognovisse,
1111 3364 1222 3402 non
1271 3349 1610 3415 inveniatur,
1642 3348 1736 3420 qui
1791 3348 2108 3403 examinare

511 3439 681 3509 possit
708 3442 989 3511 negotium
1015 3436 1177 3510 juxta
1204 3437 1296 3508 jus
1334 3439 1734 3509 evangelicum.
1769 3437 1896 3492 Ideo
1925 3446 2107 3493 autem

513 3525 732 3580 fratrem
766 3525 1012 3597 judicem
1038 3525 1350 3596 eligendum
1382 3525 1541 3591 dicit,
1563 3524 1690 3596 quia
1718 3523 1903 3579 adhuc
1930 3532 2110 3580 rector

510 3613 772 3668 Ecclesiae
799 3613 1023 3669 illorum
1053 3630 1164 3668 non
1187 3620 1302 3669 erat
1330 3614 1638 3669 ordinatus.

586 3701 767 3771 (Vers.
791 3702 871 3773 6.)
919 3727 936 3749 ι
965 3702 1070 3758 Sed
1101 3703 1266 3758 frater
1297 3719 1421 3758 cum
1454 3703 1624 3758 fratre
1649 3701 1864 3774 judicio
1885 3711 2106 3758 conten-

512 3787 614 3855 dit,
662 3797 716 3845 et
763 3789 866 3846 hoc
914 3791 1056 3862 apud
1090 3790 1357 3847 inﬁdeles.
1399 3815 1416 3838 ι
1463 3791 1813 3847 Manifestum
1843 3800 1923 3847 est
1980 3790 2106 3863 quia

515 3876 766 3934 inﬁdeles
811 3887 906 3934 aut
953 3878 1208 3948 arbitros,
1240 3889 1302 3934 ut
1330 3881 1529 3935 assolet
1583 3880 1724 3947 ﬁeri,
1789 3881 2097 3951 postulatos

511 3966 806 4039 signiﬁcat,
836 3974 931 4023 aut
951 3967 1198 4040 judicem
1222 3969 1525 4039 publicum,
1548 3970 1637 4024 cui
1657 3968 1769 4024 dici
1788 3969 1927 4024 solet
1952 3986 1963 4022 :
1986 3969 2110 4023 Ho—

510 4056 599 4112 die
620 4055 737 4113 dies
764 4073 1046 4114 sacrorum
1078 4066 1179 4127 est,
1206 4057 1298 4129 jus
1319 4057 1428 4112 dici
1462 4074 1572 4112 non
1595 4065 1789 4129 potest.

594 4154 734 4210 130
763 4148 943 4221 (Vers.
980 4149 1057 4221 7.)
1124 4173 1142 4196 ε
1181 4150 1298 4204 .lam
1328 4149 1550 4221 quidem
1583 4150 1810 4205 omnino
1845 4150 2107 4206 delictum

511 4248 568 4302 in
597 4248 753 4301 vobis
779 4256 880 4316 est,
907 4248 1053 4320 quod
1077 4248 1289 4319 judicia
1322 4248 1533 4305 habetis
1565 4248 1710 4303 inter
1744 4265 1860 4303 vos.
1902 4273 1918 4294 -
1967 4248 2109 4303 Pec—

512 4344 692 4391 catum
723 4353 837 4392 esse
886 4339 1180 4408 signiﬁcat,
1227 4341 1356 4412 quia
1395 4339 1566 4393 frater
1594 4356 1720 4396 cum
1782 4338 1950 4393 fratre
2000 4337 2108 4392 liti-

513 4433 620 4495 gat,
655 4440 780 4479 cum
824 4425 1002 4480 danda
1054 4444 1217 4498 opera
1247 4430 1338 4495 sit,
1367 4438 1426 4483 ut
1455 4429 1756 4488 concordes
1785 4429 1921 4494 sint,
1951 4429 2108 4500 quasi

513 4512 776 4585 germani,
826 4514 1066 4568 maxime
1118 4531 1242 4568 cum
1296 4514 1432 4570 ﬁdes
1474 4526 1658 4572 nostra
1705 4515 1824 4587 paci
1869 4517 2106 4574 studeat.

2221 1940 2395 1995 neque
2430 1924 2641 1988 molles,
2676 1940 2852 1996 neque
2881 1927 3248 1980 masculorum
3279 1925 3686 1995 concubitores,
3719 1944 3831 1983 ne-

2219 2029 2323 2084 que
2355 2011 2521 2078 fures,
2555 2027 2734 2084 neque
2777 2014 2949 2081 avari,
2984 2030 3159 2086 neque
3188 2013 3413 2078 ebriosi,
3446 2031 3622 2087 neque
3663 2017 3827 2072 male~

2222 2101 2354 2168 dici,
2389 2119 2563 2175 neque
2602 2119 2820 2174 rapaces
2851 2120 3076 2174 regnum
3097 2103 3192 2159 Dei
3226 2103 3602 2175 possidebunt.
3636 2129 3655 2153 ι
3704 2107 3825 2162 Non

2219 2191 2336 2247 haec
2385 2192 2592 2249 idcirco
2625 2193 2952 2248 memoravit
2983 2193 3137 2265 quasi
3189 2193 3484 2260 nescirent,
3516 2194 3661 2267 apud
3691 2213 3831 2268 quos

2219 2297 2423 2336 annum
2457 2290 2512 2337 et
2541 2298 2634 2336 sex
2669 2299 2885 2338 menses
2906 2282 3066 2350 sedit,
3097 2282 3297 2338 docens
3328 2283 3691 2356 Evangelium
3726 2287 3829 2341 Dei

2223 2371 2364 2439 (Act.
2399 2387 2560 2438 xvm,
2599 2372 2686 2441 11)
2724 2391 2734 2426 ;
2769 2370 2862 2426 sed
2906 2372 3268 2435 commonuit,
3306 2379 3365 2426 ut
3407 2380 3738 2429 restauraret
3768 2374 3828 2429 in

2221 2458 2334 2513 illis
2379 2459 2740 2515 reverentiam
2777 2460 2930 2532 legis,
2964 2469 3016 2517 et
3065 2460 3323 2515 meritum
3357 2460 3425 2516 ad
3459 2476 3620 2534 regna
3662 2463 3828 2517 caalo-

2222 2565 2367 2603 rum.

2295 2638 2474 2710 (Vers.
2515 2638 2626 2708 11.)
2675 2662 2693 2684 ε
2723 2639 2793 2695 Et
2847 2639 2952 2694 hoc
2982 2639 3202 2713 quidem
3236 2638 3440 2695 fuistis.
3474 2665 3491 2686 ι
3535 2639 3612 2695 Ne
3642 2640 3826 2696 omni-

2218 2725 2323 2783 bus
2367 2727 2474 2784 hoc
2521 2728 2790 2784 ascribere
2839 2729 3140 2797 videretur,
3171 2736 3264 2783 aut
3311 2736 3458 2785 certe
3513 2745 3700 2785 omnes
3755 2729 3827 2784 ab

2221 2815 2308 2871 his
2345 2815 2679 2873 criminibus
2725 2817 3000 2872 immunes
3046 2817 3267 2883 faceret,
3319 2817 3363 2872 si
3416 2825 3621 2874 taceret
3671 2818 3823 2889 (pro-

2221 2903 2466 2960 hibuisse
2524 2905 2672 2961 enim
2730 2905 3042 2972 videbatur,
3101 2921 3212 2961 non
3273 2905 3539 2962 revelasse
3583 2898 3830 2962 crimina

2222 2991 2494 3064 illorum),
2528 2992 2736 3049 idcirco
2767 2993 2846 3050 sic
2873 2995 2951 3049 ait
2985 3012 2996 3049 :
3045 3018 3062 3039 ι
3095 2995 3166 3049 Et
3191 2993 3295 3050 hoc
3315 2993 3528 3067 quidem
3560 2993 3769 3049 fuistis.
3797 3019 3817 3042 ι

2221 3083 2291 3136 Et
2339 3098 2406 3137 ne
2436 3081 2504 3137 ad
2558 3082 2695 3138 iram
2752 3083 2878 3138 illos
2935 3090 3278 3156 provocaret,
3335 3080 3531 3154 adjecit
3586 3101 3597 3137 :
3649 3105 3667 3128 ε
3720 3083 3831 3139 Sed

2219 3171 2394 3226 abluti
2425 3172 2551 3238 esti,
2585 3197 2601 3220 ι
2663 3181 2724 3227 ut
2752 3181 3106 3244 agnoscentes
3147 3172 3382 3228 crimina
3409 3171 3484 3226 rei
3519 3171 3669 3238 facti,
3711 3181 3822 3227 sta-

2218 3260 2318 3314 tim
2351 3259 2680 3331 respirarent
2738 3261 3023 3317 audientes
3085 3279 3096 3316 :
3143 3286 3160 3308 ε
3219 3260 3322 3316 Sed
3366 3259 3542 3316 abluti
3601 3261 3754 3316 estis.
3792 3285 3810 3305 -

2219 3351 2407 3405 Solent
2437 3350 2584 3405 enim
2635 3350 2806 3422 aliqui
2839 3351 3098 3423 pudorem
3131 3351 3322 3422 pati,et
3352 3349 3646 3421 corrigere,
3686 3366 3817 3406 cum

2219 3437 2288 3493 de
2312 3455 2367 3494 se
2396 3439 2632 3494 audiunt
2665 3439 2825 3494 bona.

2301 3551 2318 3573 ι
2379 3528 2482 3584 Sed
2529 3529 2854 3584 sanctiﬁcati
2901 3530 3053 3597 estis,
3089 3529 3182 3585 sed
3235 3529 3527 3602 justiﬁcati
3584 3529 3718 3584 estis
3770 3530 3829 3584 in

2219 3615 2442 3670 nomine
2491 3617 2710 3671 Domini
2745 3617 2917 3672 nostri
2960 3619 3088 3674 Jesu
3118 3618 3345 3686 Christi,
3379 3627 3434 3674 et
3483 3618 3690 3690 Spiritu
3726 3620 3828 3674 Dei

2218 3705 2412 3759 nostri.
2447 3729 2465 3753 ι
2511 3706 2636 3762 Haec
2674 3707 2861 3763 omnia
2892 3707 3158 3764 beneﬁcia
3215 3708 3474 3780 puritatis
3521 3708 3578 3763 in
3627 3707 3831 3778 baptis.

2217 3802 2358 3850 mate
2383 3797 2664 3853 consecuti
2711 3805 3034 3866 noscuntur,
3087 3799 3235 3871 quod
3265 3807 3345 3854 est
3396 3797 3830 3854 fundamentum

2218 3886 2544 3954 evangelicae
2594 3888 2836 3943 veritati.
2891 3888 3015 3944 Illic
3066 3889 3214 3944 enim
3275 3887 3536 3945 omnibus
3592 3887 3834 3960 peccatis

2217 3973 2499 4046 depositis,
2549 3977 2797 4034 abluitur
2845 3979 3092 4047 credens,
3129 3987 3184 4036 et
3231 3979 3572 4051 justiﬁcatur
3603 3978 3660 4034 in
3715 3979 3834 4033 Do-

2220 4064 2355 4118 mini
2388 4066 2631 4134 nomine,
2659 4075 2711 4122 et
2740 4085 2836 4138 per
2864 4069 3132 4140 Spiritum
3184 4069 3283 4124 Dei
3316 4069 3488 4126 nostri
3525 4071 3638 4124 Deo
3672 4068 3825 4123 ﬁlius

2219 4152 2530 4224 adoptatur.
2573 4156 2674 4210 Per
2718 4157 2822 4213 hoc
2860 4158 3121 4214 admonet
3152 4159 3279 4214 illos
3309 4164 3515 4231 quanta
3544 4164 3599 4213 et
3646 4157 3832 4229 qualis

2218 4243 2290 4296 sit
2337 4242 2528 4312 gratia,
2583 4261 2745 4316 quam
2797 4263 2893 4318 per
2941 4263 3126 4302 veram
3183 4246 3536 4302 traditionem
3594 4243 3830 4302 assecuti

2219 4338 2347 4384 sunt
2399 4349 2409 4386 :
2455 4341 2640 4404 postea
2671 4352 2801 4390 vero
2844 4343 3034 4391 contra
3076 4336 3217 4391 hanc
3259 4336 3499 4407 regulam
3542 4333 3672 4389 ﬁdei
3725 4335 3830 4388 im-

2219 4419 2381 4490 pulsu
2415 4422 2682 4477 malorum
2724 4423 3013 4480 doctorum
3057 4425 3374 4486 sentientes,
3411 4423 3496 4478 his
3542 4423 3830 4479 beneﬁciis

2217 4523 2272 4561 se
2302 4519 2598 4565 exuerunt.
2634 4513 2788 4567 Unde
2824 4513 2878 4568 id
2911 4513 3043 4586 agit,
3078 4522 3140 4569 ut
3187 4521 3406 4569 revocet
3448 4514 3575 4568 illos
3605 4512 3675 4566 ad
3724 4529 3833 4566 ve-

511 4602 831 4675 Quanquam
882 4601 1031 4656 enim
1081 4601 1426 4658 Christianus
1475 4605 1687 4676 litigare
1705 4577 1836 4660 .non
1895 4605 2109 4676 debe’at,
2141 4577 2189 4634 D
2219 4611 2337 4652 mm
2375 4607 2428 4655 θῑ
2476 4601 2710 4672 Primam
2749 4602 3099 4670 sententiam,
3146 4610 3208 4658 ιη
3240 4608 3647 4675 recuperarent,
3685 4599 3835 4674 Ψιοά

511 4700 696 4748 tamen
727 4691 771 4746 si
811 4708 972 4763 grave
1006 4691 1139 4764 quid
1184 4693 1370 4760 fuerit,
1424 4703 1478 4750 et
1507 4695 1655 4766 quod
1690 4696 1971 4752 contemni
2003 4713 2113 4752 non

516 4781 704 4852 possit,
735 4797 956 4836 causam
1001 4781 1070 4837 ad
1098 4783 1400 4840 Ecclesiam
1431 4783 1658 4841 deferati
1684 4805 1696 4854 ;
1760 4804 1828 4842 ne
1880 4797 1934 4844 et
1962 4787 2112 4843 dam-

513 4886 645 4924 num
667 4868 735 4925 ad
766 4886 1018 4942 praesens,
1051 4881 1104 4927 et
1132 4872 1490 4928 offensionem
1513 4875 1653 4930 forte
1686 4875 1922 4931 incurat.

585 4959 766 5027 (Vers.
803 4959 884 5030 8.)
933 4985 949 5006 ι
979 4960 1157 5027 Quare
1204 4977 1313 5016 non
1348 4964 1516 5033 magis
1563 4963 1826 5034 injuriam
1862 4964 2114 5035 accipitis

516 5048 632 5120 (3i)
656 5048 684 5104 ‘l
713 5064 880 5121 quare
909 5064 1020 5104 non
1049 5049 1220 5122 magis
1257 5050 1505 5106 fraudem
1524 5052 1550 5106 ?
1579 5051 1684 5106 Sed
1717 5069 1815 5108 vos
1847 5051 2112 5124 injuriam

588 5207 705 5282 (29)
741 5208 890 5265 Edit.
921 5216 976 5264 et
1003 5225 1141 5282 mss.
1162 5208 1440 5279 nonnulli,
1473 5212 1545 5266 ad
1575 5212 1940 5266 verecundiam
1966 5230 1978 5276 ;
2013 5212 2110 5268 alii

513 5280 642 5337 mss.
685 5280 879 5357 plures
892 5296 986 5357 _a_c
1033 5280 1290 5357 potiores,
1331 5283 1404 5357 ad_
1441 5283 1829 5357 νευίίιοεεῃιὶαηι.Δ
1868 5284 2105 5357 Αιῌεθᾳ.

513 5369 680 5478 γθτιὶεῖιιι⁸
706 5370 803 5425 pro
845 5352 1030 5407 divina
1070 5352 1294 5423 negotia,
1327 5353 1476 5409 solus
1527 5353 1691 5410 Corb.
1728 5354 1878 5426 legit,
1921 5352 2112 5422 divina

513 5439 571 5478 tu
614 5441 736 5478 ισια.

539 5441 715 5480 uaicta
725 5468 736 5479 .

505 5439 807 5567 Jutgdjllta
837 5511 964 5551 mss.
983 5493 1176 5567 aliqui,
1209 5503 1263 5550 et
1291 5503 1402 5551 vet.
1437 5495 1570 5551 edit.
1598 5497 1786 5560 ;Bom.
1817 5513 1948 5552 vero
1977 5497 2110 5552 imi-

519 5571 655 5636 tetur
689 5568 953 5633 mundus;
1015 5566 1088 5621 at
1115 5566 1297 5636 plures
1346 5584 1509 5636 mss,
1563 5575 1793 5623 meretur
1839 5570 2104 5636 mundus;

513 5634 702 5709 Cprb.,
742 5636 950 5709 judicio
979 5634 1376 5693 exaniinabitur
1421 5634 1666 5695 mundus.
1702 5639 1853 5695 Infra
1899 5634 2105 5709 autem,

515 5704 612 5762 ubi
626 5704 900 5765 vet.‘edit.
931 5725 995 5767 ac
1021 5725 1152 5767 mss.
1185 5726 1296 5766 non
1326 5711 1505 5783 pauci,
1528 5711 1695 5781 juxta
1713 5710 1809 5781 jus
1833 5704 2108 5783 evangeli;

2221 4696 2442 4744 tuerant
2468 4691 2771 4746 consecuti.

2296 4777 2476 4849 (Vers.
2515 4780 2626 4851 12.)
2674 4805 2690 4826 ι
2734 4780 2934 4835 Omnia
2964 4781 3102 4836 mihi
3137 4780 3323 4842 licent,
3359 4779 3454 4835 sed
3503 4795 3613 4834 non
3646 4778 3840 4834 omnia

2221 4867 2524 4937 expediunt
2560 4868 2700 4938 (33).
2725 4894 2741 4914 ι
2786 4869 3129 4935 Quibusdam
3163 4869 3384 4924 videtur
3413 4875 3635 4939 prepter
3666 4867 3838 4922 liber-

2222 4963 2390 5011 tatem
2420 4958 2663 5013 concessi
2693 4957 3131 5013 arbitriidixisse
3163 4958 3489 5029 Apostolum
3526 4974 3537 5010 :
3578 4979 3594 5001 ι
3631 4954 3840 5010 Omnia

2221 5043 2359 5098 mihi
2408 5045 2595 5112 licent,
2629 5071 2646 5092 ι
2710 5053 2837 5112 etc.,
2871 5051 2932 5098 ut
2977 5045 3138 5102 liceat
3180 5043 3465 5111 fornicari,
3499 5059 3611 5100 non
3647 5050 3839 5098 tamen

2219 5221 2356 5270 cum,
2385 5204 2619 5261 habetur
2650 5206 2706 5260 in
2738 5205 2862 5262 aliis
2894 5205 3040 5273 cod.,
3066 5207 3234 5276 juxta
3265 5221 3377 5274 ejus
3398 5203 3763 5276 evangelium.

2294 5278 2410 5360 (3i)
2441 5280 2598 5332 Rom.
2634 5277 2763 5332 edit.
2795 5286 2848 5358 et
2878 5274 3101 5360 quidam
3140 5294 3292 5358 mss,
3327 5275 3590 5345 injuriam
3613 5274 3841 5346 patimi-

2221 5349 2320 5404 ni?
2351 5366 2518 5417 quare
2543 5366 2644 5402 non
2671 5350 2842 5418 magis
2869 5349 3234 5418 fraudamini.

2436 5419 2582 5500 Edit.
2616 5417 2875 5500 quaedam,
2899 5420 3108 5499 Paris,
3127 5419 3346 5500 Signini
3368 5417 3767 5473 misericordes.

2291 5491 2407 5563 (33)
2439 5491 2729 5563 Expositio
2762 5491 2926 5563 hujus
2970 5492 3230 5563 versiculi
3285 5491 3342 5546 in
3376 5507 3505 5563 mss.
3561 5504 3676 5542 non
3709 5505 3844 5563 pau-

2217 5559 2454 5634 οἱς-1100
2483 5559 2603 5618 loco
2650 5559 2947 5629 omittitur,
2993 5562 3084 5617 sed
3136 5563 3423 5634 reponitur
3471 5561 3528 5615 in
3573 5559 3839 5634 sequenti

2217 5632 2432 5706 pagina,
2463 5633 2608 5690 unde
2639 5635 2748 5691 alia
2779 5651 2971 5690 rursus
3000 5632 3463 5705 transponuntur.
