4112 6178
324 260 433 328 225

1422 266 1784 332 COMMENT.
1826 260 1900 330 IN
1934 264 2153 329 EPIST.
2198 275 2221 330 ι
2258 276 2354 331 AD
2393 274 2553 333 con.

3520 272 3629 343 226

322 403 596 477 expediat.
629 403 734 461 Sed
763 404 1038 478 quomodo
1057 405 1208 475 licet,
1239 406 1385 480 quod
1417 406 1742 479 prohibetur
1761 406 1790 463 ’Τ
1816 406 1933 462 Aut
1962 406 2014 464 A
2036 415 2138 474 est,
2170 423 2332 480 quem
2363 409 2615 481 exemplo
2659 410 2840 467 voluit
2872 411 3175 469 Dominica
3204 413 3627 471 resurrectionis

320 502 469 553 certe
491 495 536 552 si
566 496 753 552 omnia
774 497 966 565 licent,
996 498 1136 554 nihil
1168 505 1348 570 potest
1368 497 1480 554 dici
1503 495 1920 556 illicitum.Sed
2025 497 2278 563 ﬁrmare;
2330 498 2511 555 virtus
2564 499 2711 556 enim
2761 501 2857 559 Dei
2917 503 3174 561 Christus
3220 513 3320 572 est,
3371 522 3477 579 qua
3524 521 3625 562 nos

322 584 472 652 licet,
502 601 614 640 non
667 594 854 641 tamen
897 586 1136 659 expedit.
1196 587 1324 643 Haec
1366 594 1655 643 susurrant
1711 587 1919 659 potius,

319 692 484 749 quam
542 685 812 747 asserunt,
868 686 962 734 aut
1009 678 1360 735 immemores
1416 688 1512 734 aut
1558 679 1920 751 negligentes.

314 765 469 821 Dicit
517 767 666 823 enim
698 769 932 825 Joannes
978 769 1225 842 Baptista
1272 769 1341 825 ad
1391 768 1695 824 Herodem:
1745 792 1763 814 ε
1801 767 1924 823 Non

317 853 452 910 licet
481 855 585 911 tibi
619 856 1060 914 habereuxorem
1092 857 1282 913 fratris
1309 857 1395 912 tui
1417 858 1614 929 (Marc.
1648 874 1724 917 γι,
1744 858 1856 927 18).
1892 882 1910 904 ι

314 941 424 998 Sed
478 944 617 1000 forte
657 944 894 1002 Joannes
942 963 1140 1018 expers
1188 946 1358 1001 fuerit
1413 945 1640 1001 humani
1689 945 1920 1017 eloquii,

314 1031 615 1104 inspiratus
644 1035 703 1090 in
733 1043 912 1100 utero,
945 1035 1078 1107 quia
1106 1035 1151 1090 si
1183 1034 1287 1090 hoc
1330 1041 1432 1099 est,
1464 1033 1647 1090 dicere
1676 1032 1874 1089 debuit
1901 1051 1913 1088 :

314 1118 447 1176 licet
473 1122 599 1189 tibi,
632 1122 730 1179 sed
778 1138 891 1179 non
921 1124 1161 1196 expedit.
1199 1123 1305 1180 Sed
1335 1131 1389 1179 et
1424 1122 1693 1179 Dominus
1721 1121 1917 1179 simili-

314 1219 401 1269 ter
455 1215 680 1270 mulieri
726 1214 1045 1272 Chananaaae
1088 1215 1192 1269 ait:
1264 1240 1281 1259 ε
1319 1214 1440 1270 Non
1488 1212 1617 1268 licet
1671 1212 1920 1285 accipere

310 1318 517 1376 panem
570 1305 837 1374 ﬁliorum,
886 1314 939 1361 et
986 1305 1204 1361 mittere
1249 1305 1483 1362 canibus
1539 1305 1756 1375 (Matth.
1814 1321 1915 1372 vn,

309 1393 433 1465 26).
464 1418 484 1441 ι
552 1395 624 1449 Et
664 1395 866 1449 iterum
914 1394 1051 1450 dicit
1109 1394 1380 1450 Dominus
1435 1393 1680 1449 Iudaeis:
1746 1418 1764 1439 ι
1795 1393 1917 1448 Non

310 1483 523 1556 legistis
563 1483 698 1557 quid
744 1484 878 1541 fecit
908 1484 1109 1553 David,
1153 1501 1277 1541 cum
1321 1485 1590 1541 esuriret:
1640 1483 1918 1557 quomodo

311 1572 545 1629 intravit
576 1572 635 1628 in
665 1572 892 1629 domum
943 1573 1188 1642 Domini,
1221 1581 1275 1630 et
1324 1590 1489 1646 panes
1522 1573 1918 1648 propositionis

307 1662 539 1735 accepit,
591 1678 729 1735 quos
758 1679 871 1718 non
927 1663 1131 1719 licebat
1183 1662 1234 1718 ei
1264 1662 1443 1731 edere,
1474 1687 1493 1710 ι
1561 1671 1667 1719 etc.
1718 1664 1913 1734 (Marc.

2029 588 2337 656 suscitabit,
2366 595 2420 643 et
2448 588 2625 659 ipsum
2658 591 2976 649 Dominum.
3010 594 3126 651 Hoc
3153 594 3319 662 dixit,
3349 596 3479 668 quia
3510 609 3624 667 ipse

2030 677 2300 733 Dominus
2335 692 2539 749 corpus
2574 694 2736 733 suum
2768 682 3075 752 suscitavit,
3106 683 3249 741 sicut
3275 693 3329 741 et
3361 685 3475 758 ipse
3506 686 3625 741 Do-

2032 764 2217 821 minus
2269 766 2346 821 ait
2379 784 2391 821 :
2440 791 2458 812 ι
2489 766 2699 822 Solvite
2746 770 3010 840 templum
3063 771 3187 840 hoc,
3218 781 3273 828 et
3314 789 3414 845 ego
3443 774 3624 830 tribus

2030 852 2226 910 diebus
2269 854 2545 911 suscitabo
2585 856 2743 912 illud.
2778 857 2893 914 Hoc
2933 867 3118 917 autem
3148 862 3294 918 dixit
3322 863 3388 920 de
3416 864 3624 935 templo

2029 942 2275 1012 corporis
2304 943 2388 998 sui
2423 944 2603 1013 (Joan.
2640 962 2699 1012 η,
2739 945 2826 1013 19,
2860 946 2976 1017 2i).
3021 972 3040 995 ι

2103 1032 2286 1100 (Vers.
2340 1032 2457 1101 l5.)
2522 1057 2540 1078 ε
2581 1033 2821 1087 Nescitis
2873 1034 3135 1106 quoniam
3178 1051 3406 1109 corpora
3446 1048 3627 1096 vestra

2029 1118 2273 1173 membra
2321 1127 2452 1174 sunt
2501 1120 2756 1176 Christi?
2787 1146 2804 1169 ι
2854 1122 3098 1194 Corpora
3145 1133 3334 1182 nostra
3386 1127 3628 1183 membra

2027 1208 2232 1266 Christi
2283 1219 2432 1279 sunt,
2478 1211 2571 1268 sed
2611 1211 2668 1267 in
2719 1228 2926 1267 novum
2959 1212 3265 1276 hominem.
3298 1218 3393 1289 qui
3422 1234 3628 1274 secun-

2025 1297 2159 1354 dum
2211 1301 2385 1356 Deum
2433 1308 2651 1357 creatus
2689 1308 2770 1357 est
2820 1303 3042 1374 (Ephes.
3089 1320 3166 1373 iv,
3207 1303 3322 1376 24),
3352 1307 3483 1379 quia
3512 1308 3626 1379 ipse

2014 1395 2111 1457 est
2139 1398 2304 1461 caput
2332 1390 2616 1446 Ecclesiae.
2660 1416 2678 1438 ε
2708 1391 2916 1446 Tollam
2958 1407 3085 1464 ergo
3116 1394 3363 1450 membra
3392 1394 3621 1464 Christi,

2026 1484 2081 1532 et
2110 1477 2309 1533 faciam
2355 1480 2604 1535 membra
2647 1480 2952 1537 meretricis
2972 1481 3001 1537 ?
3032 1481 3211 1538 Absit.
3242 1508 3262 1530 ι
3304 1483 3417 1553 Ait,
3448 1484 3622 1553 Absit,

2025 1566 2156 1638 quia
2203 1569 2478 1626 meretrici
2524 1569 2863 1627 adhaerentia
2908 1570 3154 1628 membra
3202 1571 3463 1629 desinunt
3505 1591 3623 1632 esse

2024 1656 2272 1713 membra
2302 1658 2531 1717 Christi.
3484 1676 3491 1683 ‘

310 1768 374 1820 ιι,
405 1750 496 1819 25,
517 1750 611 1823 26)
632 1751 854 1808 ?Omne
881 1768 1011 1824 ergo
1035 1751 1181 1825 quod
1210 1752 1559 1824 prohibetur,
1593 1768 1705 1809 non
1741 1753 1908 1819 licet;
1948 1757 1996 1817 Β
2098 1745 2281 1816 (Vers.
2316 1748 2403 1805 16.
2433 1748 2455 1820 )
2497 1772 2516 1795 ι
2548 1749 2635 1804 An
2683 1748 2933 1815 nescitis,
2964 1748 3096 1822 quia
3125 1750 3221 1822 qui
3245 1749 3490 1808 adhaeret
3516 1769 3624 1809 me-

310 1848 368 1897 et
398 1856 584 1908 omne,
614 1840 763 1915 quod
792 1856 906 1896 non
931 1841 1081 1909 licet,
1112 1840 1439 1912 prohibetur
1469 1840 1589 1913 (34)
1628 1859 1640 1896 :
1696 1840 1790 1897 sed
1819 1840 1916 1896 ali-

307 1928 567 2003 quando,
600 1930 1009 1986 interveniente
1036 1945 1200 1987 causa
1244 1928 1451 2003 aliqua,
1484 1929 1633 1998 licet,
1666 1929 1759 1986 sed
1805 1945 1917 1985 non

307 2017 561 2091 expedit.

397 2129 417 2155 ι
462 2106 661 2163 Omnia
695 2107 837 2163 mihi
870 2108 1059 2176 licent,
1094 2109 1185 2166 sed
1208 2126 1307 2182 ego
1333 2109 1437 2167 sub
1465 2110 1676 2167 nullius
1702 2109 1918 2181 redigar

310 2204 596 2270 potestate.
633 2221 650 2244 ι
710 2196 909 2253 Omnia
963 2197 1069 2252 sibi
1120 2199 1284 2255 licere
1343 2198 1503 2268 dicit,
1562 2216 1624 2255 ea
1678 2199 1912 2263 scilicet,

312 2304 434 2361 quae
461 2295 518 2343 et
572 2287 903 2360 coapostolis
930 2287 1049 2360 ejus
1084 2288 1382 2358 licuerunt,
1427 2307 1547 2363 quae
1579 2297 1633 2345 et
1664 2290 1753 2345 lex
1784 2305 1912 2345 con-

313 2376 455 2432 tinet
497 2377 783 2445 naturalis,
830 2393 942 2432 non
969 2377 1195 2449 Moysis,
1230 2378 1363 2451 quia
1420 2380 1597 2434 multa
1624 2378 1913 2451 prohibuit

316 2465 530 2537 Moyses
558 2474 779 2538 propter
806 2464 1070 2521 duritiam
1101 2466 1283 2523 cordis
1316 2468 1508 2539 populi
1554 2466 1827 2524 increduli
1857 2473 1911 2522 et

309 2553 578 2610 cervicosi
613 2556 827 2625 (Matth.
851 2571 971 2623 nx,
1002 2554 1084 2626 8).
1108 2554 1310 2611 Tamen
1340 2556 1385 2611 si
1416 2556 1485 2611 ad
1504 2572 1722 2612 causam
1742 2556 1908 2628 respi-

314 2642 449 2711 cias,
479 2643 630 2699 aliud
684 2644 793 2699 fuit
821 2644 880 2699 in
910 2661 1074 2701 sensu
1103 2646 1373 2718 Apostoli,
1410 2655 1470 2702 ut
1518 2645 1634 2702 haec
1664 2647 1907 2719 loquere-

310 2737 405 2786 tur
431 2750 445 2799 ;
480 2731 594 2788 haec
612 2732 761 2788 enim
785 2733 1049 2805 praemisit
1064 2741 1250 2804 postea
1265 2742 1487 2790 acturus
1507 2734 1648 2792 hanc
1664 2752 1906 2805 causam,

311 2818 452 2875 sicut
497 2821 629 2877 fecit
659 2831 712 2878 et
741 2824 809 2879 de
838 2823 937 2878 illo
975 2828 1109 2884 131
1144 2824 1239 2896 qui
1272 2826 1542 2879 incestum
1574 2825 1906 2892 admiserat;

311 2918 566 2990 proponit
594 2919 742 2975 enim
777 2920 1070 2993 designans
1088 2920 1224 2991 quid
1255 2928 1479 2976 acturus
1528 2930 1670 2976 esset
1698 2929 1907 2993 postea.

305 3005 552 3080 Denique
602 3008 794 3064 statim
852 3009 921 3064 ad
977 3010 1318 3080 superiorem
1376 3026 1618 3078 sensum,
1670 3010 1913 3067 breviter

2025 1835 2233 1905 retrici,
2283 1854 2457 1894 unum
2513 1855 2713 1912 corpus
2760 1839 2871 1896 ﬁt?
2899 1866 2918 1887 ι
2973 1839 3090 1896 Hoc
3135 1839 3293 1909 dicit,
3343 1842 3473 1915 quia
3528 1844 3623 1916 qui

2024 1927 2483 1984 contaminationi
2531 1946 2587 1985 se
2632 1928 2920 1998 admiscet,
2953 1944 3127 1985 unum
3158 1927 3222 1985 ﬁt
3250 1944 3376 1985 cum
3414 1947 3501 2000 eo,
3533 1933 3621 1988 cui

2033 2029 2092 2069 se
2120 2014 2407 2072 admiscet.
2440 2017 2756 2075 Fornicatio
2784 2019 2933 2084 enim
2963 2018 3156 2074 ambos
3178 2034 3350 2074 unum
3380 2018 3533 2088 facit,
3562 2029 3622 2077 ut

2026 2104 2305 2175 quomodo
2352 2105 2410 2160 in
2448 2116 2663 2176 natura,
2695 2108 2775 2165 sic
2813 2116 2868 2164 et
2913 2107 2973 2163 in
3017 2108 3231 2164 macula
3271 2124 3444 2165 unum
3487 2110 3618 2167 sint.

2039 2217 2057 2239 ε
2086 2193 2287 2262 Erunt,
2320 2195 2525 2269 inquit,
2567 2196 2679 2253 duo
2722 2197 2780 2253 in
2810 2213 2973 2254 carne
3001 2212 3114 2252 una
3152 2197 3310 2267 (Gen.
3344 2214 3405 2263 η,
3438 2194 3553 2271 2i).
3588 2225 3607 2248 ι

2019 2281 2374 2340 Manifestum
2421 2293 2521 2355 est,
2555 2294 2616 2342 ut
2662 2286 2791 2360 quia
2837 2286 3038 2343 mulier
3081 2285 3150 2341 de
3179 2286 3300 2343 viro
3326 2294 3426 2356 est,
3456 2287 3621 2344 ambo

2020 2371 2080 2427 in
2108 2389 2272 2430 carne
2302 2391 2409 2430 una
2432 2377 2565 2432 sint.

2094 2472 2276 2545 (Vers.
2314 2474 2428 2546 17.)
2476 2500 2493 2523 ι
2516 2476 2626 2543 Qui
2675 2485 2857 2533 autem
2901 2475 3147 2533 adhaeret
3185 2477 3444 2546 Domino,
3476 2494 3619 2534 unus

2020 2560 2247 2632 spiritus
2274 2570 2375 2618 est.
2408 2588 2427 2611 ι
2468 2564 2740 2631 Quoniam
2790 2563 2848 2617 in
2882 2564 3019 2620 bene
3065 2566 3353 2635 agentibus
3383 2566 3619 2637 Spiritus

2019 2649 2120 2706 Dei
2150 2658 2233 2708 est
2262 2653 2577 2706 communis
2605 2668 2731 2707 cum
2763 2653 2877 2705 Deo
2899 2658 2955 2705 et
2984 2651 3324 2707 hominibus.

2095 2748 2280 2818 (Vers.
2333 2746 2447 2817 18.)
2493 2770 2511 2793 ι
2542 2747 2735 2818 Fugite
2784 2746 3232 2802 fornicationem.
3263 2771 3282 2793 ι
3326 2749 3489 2804 Recte
3536 2750 3620 2804 fu-

2020 2840 2277 2913 giendam
2322 2847 2509 2895 monet
2553 2840 2975 2896 fornicationem
3026 2839 3167 2912 (35),
3199 2855 3296 2912 per
3324 2856 3486 2913 quam
3518 2840 3620 2896 ﬁlii

2019 2931 2121 2988 Dei
2169 2930 2312 2985 ﬁunt
2359 2930 2459 2986 ﬁlii
2498 2930 2725 2986 diaboli.
2775 2957 2793 2978 ι
2820 2930 2997 2987 Omne
3021 2938 3306 3002 peccatum
3336 2930 3620 3003 quodcun-

2019 3037 2124 3095 que
2146 3021 2336 3078 fecerit
2359 3022 2544 3089 homo,
2566 3028 2722 3078 extra
2742 3037 2941 3092 corpus
2962 3029 3088 3077 est.-
3126 3021 3266 3088 Quia
3282 3027 3477 3077 caetera
3498 3037 3618 3093 pec-

305 3093 596 3189 ίηξθΓί-ιξιιᾪ
622 3097 1029 3189 οοξιξφθξὶάἒφ»
1056 3098 1225 3162 redit;
1268 3098 1372 3154 1100
1401 3099 1552 3153 enim
1583 3099 1707 3155 ideo
1737 3101 1905 3169 (ΠΧίῐ,
1937 3115 1981 3176 C
2016 3124 2155 3184 cata,
2178 3116 2281 3171 etsi
2311 3132 2407 3187 per
2433 3132 2632 3187 corpus
2652 3123 3003 3189 generantur,
3029 3131 3139 3170 non
3164 3122 3347 3169 tamen
3374 3113 3613 3170 animam

299 3184 438 3256 quia
469 3185 670 3240 licebat
700 3186 789 3240 illi
818 3186 887 3241 ab
919 3186 1006 3241 his
1050 3194 1302 3259 sumptus
1333 3189 1598 3260 accipere.
1639 3190 1742 3246 Sed
1775 3208 1905 3263 quo-

299 3271 458 3327 niam
502 3273 708 3329 sciebat
748 3274 1228 3347 pseudoapostolos
1273 3279 1615 3334 occasionem
1665 3292 1908 3352 quaerere

300 3360 637 3432 accipiendi,
669 3364 851 3418 noluit
880 3366 949 3420 ab
978 3364 1066 3420 his
1093 3366 1357 3436 accipere,
1392 3382 1462 3422 ne
1504 3384 1666 3423 causa
1700 3369 1907 3425 ventris

301 3448 460 3521 vigor
509 3453 838 3523 evangelicae
870 3453 1121 3509 veritatis
1165 3462 1517 3526 torpesceret.
1569 3456 1623 3512 Si
1656 3458 1803 3513 enim
1836 3459 1905 3515 ab

300 3536 372 3593 iis
399 3539 691 3611 acciperet,
735 3556 873 3613 quos
907 3541 966 3596 in
1017 3543 1185 3598 tantis
1218 3542 1371 3599 vitiis
1402 3545 1685 3616 arguebat,
1719 3555 1903 3603 aucto-

301 3626 519 3683 ritatem
570 3629 870 3700 magisterii
900 3646 1213 3686 concessam
1267 3632 1374 3689 sibi
1406 3650 1438 3688 a
1469 3635 1707 3691 Domino
1744 3636 1902 3691 incli-

299 3716 510 3785 nabat;
568 3734 681 3774 non
734 3719 884 3776 enim
913 3728 1092 3793 potest
1148 3730 1461 3779 constanter
1505 3725 1661 3797 argui
1716 3741 1748 3780 a
1793 3743 1903 3799 quo

299 3805 606 3878 accipitur:
638 3809 881 3865 maxime
909 3827 1035 3866 cum
1057 3810 1182 3866 ideo
1213 3820 1501 3885 promptus
1531 3814 1601 3869 ad
1632 3814 1900 3885 dandum,

299 3894 395 3962 sit,
424 3904 487 3953 ut
543 3897 649 3955 sibi
696 3898 957 3956 humiliet
1006 3902 1384 3973 prmpositum.
1430 3902 1584 3960 Unde
1638 3914 1691 3962 et
1721 3906 1898 3963 dicit:

311 4008 332 4030 ι
372 3984 477 4042 Sed
504 4004 604 4061 ego
628 3991 733 4046 sub
762 3991 975 4047 nullius
1006 3992 1225 4065 redigar
1252 4002 1542 4067 potestate.
1576 4021 1595 4046 ι

377 4074 558 4146 (V'ers.
591 4078 705 4151 13.)
751 4102 769 4125 ι
808 4081 951 4136 Esca
977 4082 1184 4151 ventri,
1218 4092 1273 4139 et
1304 4093 1496 4141 venter
1545 4086 1723 4153 escis;
1756 4089 1901 4145 Deus

295 4168 483 4219 autem
511 4173 565 4222 et
593 4167 743 4224 hunc
763 4177 817 4225 et
848 4168 947 4224 has
977 4169 1242 4229 destruet.
1279 4199 1297 4222 ι
1341 4176 1657 4232 Destructio
1686 4176 1901 4234 ventris

292 4257 400 4319 est,
430 4268 557 4309 cum
586 4256 782 4314 edendi
813 4265 986 4313 cessat
1014 4259 1262 4315 ofﬁcium
1295 4279 1306 4316 :
1358 4279 1492 4319 escae
1523 4281 1656 4320 vero
1687 4264 1899 4321 destru-

291 4339 415 4395 ctio
435 4348 566 4400 tunc
592 4346 720 4414 erit,
754 4345 976 4419 quando
1004 4348 1217 4403 steterit
1241 4350 1523 4408 nativitas.
1561 4354 1899 4427 Pseudoapo-

2018 3205 2096 3260 ita
2151 3205 2357 3261 carnali
2415 3206 2863 3277 concupiscentia
2916 3205 3130 3260 faciunt
3189 3204 3509 3259 obstrictam
3562 3211 3617 3258 et

2016 3293 2339 3361 obnoxiam,
2363 3292 2829 3366 quemadmodum
2851 3292 3197 3348 commisceri
3215 3292 3345 3347 facit
3373 3293 3614 3347 animam

2015 3399 2141 3439 cum
2191 3384 2311 3455 ipso
2358 3398 2586 3455 corpore
2646 3398 2779 3437 usus
2828 3382 3101 3448 libidinis,
3145 3396 3309 3452 agens
3352 3380 3408 3434 in
3454 3395 3616 3450 opere

2013 3473 2251 3551 carnalis
2288 3470 2706 3537 fornicationis;
2746 3470 2877 3543 quia
2904 3471 2963 3525 in
2994 3477 3209 3524 tantum
3240 3469 3618 3542 agglutinetur

2012 3562 2199 3617 anima
2227 3562 2467 3633 corpori,
2497 3569 2557 3617 ut
2599 3561 2657 3616 in
2704 3561 2824 3632 ipso
2870 3566 3147 3614 momento
3178 3557 3321 3613 nihil
3350 3559 3499 3615 aliud
3526 3576 3612 3615 co-

2012 3651 2184 3722 gitare
2213 3650 2430 3706 homini
2454 3650 2613 3706 liceat
2634 3659 2729 3704 aut
2761 3648 3070 3713 intendere,
3101 3648 3231 3721 quia
3258 3648 3431 3720 ipsam
3464 3665 3611 3705 men-

2010 3746 2122 3795 tem
2165 3740 2439 3813 captivam
2492 3738 2683 3796 subdit
2726 3738 2843 3809 ipsa
2880 3738 3189 3794 submersio
3228 3746 3281 3794 et
3310 3737 3611 3794 absorbitio

2013 3827 2267 3884 libidinis
2293 3838 2349 3884 et
2380 3844 2575 3897 concu‘
2600 3828 2845 3883 iscentia:
2866 3827 3120 3882 carnalis.
3148 3826 3299 3882 Unde
3319 3827 3606 3883 subditur:

2097 3942 2117 3965 ι
2145 3917 2250 3983 Qui
2280 3924 2462 3973 autem
2492 3914 2820 3985 fornicatur,
2851 3915 2910 3971 in
2948 3932 3146 3988 corpus
3172 3933 3334 3972 suum
3365 3923 3595 3988 peccat.-

2011 4007 2265 4063 Ostendit
2309 4005 2698 4079 gravissimum
2741 4021 2857 4062 esse
2900 4013 3209 4078 peccatum,
3240 4004 3370 4076 quia
3408 4019 3478 4058 ex
3506 4001 3611 4058 hoc

2010 4110 2173 4151 omne
2220 4094 2434 4167 deperit
2473 4111 2676 4167 corpus
2721 4111 2734 4151 :
2780 4095 2839 4149 in
2880 4093 3093 4150 caeteris
3138 4099 3322 4145 autem
3375 4089 3611 4159 peccatis

2009 4183 2189 4255 portio
2228 4185 2391 4255 perit,
2438 4200 2551 4239 non
2602 4190 2800 4238 totum.
2849 4181 3048 4235 Totum
3094 4178 3244 4231 enim
3287 4191 3487 4248 corpus
3525 4177 3612 4233 vir

2009 4280 2089 4328 est
2116 4282 2171 4329 et
2201 4273 2419 4339 mulier,
2438 4272 2567 4344 quia
2596 4270 2779 4343 portio
2806 4269 2916 4322 viri
2938 4275 3020 4323 est
3040 4265 3257 4322 mulier.
3282 4266 3608 4341 Quicunque

2008 4364 2156 4419 enim
2200 4363 2352 4419 aliud
2398 4370 2698 4433 peccatum
2724 4357 3029 4427 admiserit,
3068 4368 3226 4416 extra
3269 4374 3326 4415 se
3361 4369 3593 4432 peccat.

290 4432 428 4490 που
460 4443 662 4503 autem,
705 4436 801 4509 qui
845 4452 958 4492 ηοῐι
997 4436 1190 4509 utique
1231 4437 1516 4511 religionis
1565 4458 1745 4511 causa,
1795 4443 1890 4499 88d
1922 4482 1971 4540 Β
2008 4452 2337 4509 fornicarius
2386 4432 2518 4507 vero
2560 4451 2619 4507 in
2657 4465 2879 4507 carnem
2926 4466 3079 4506 suam
3136 4457 3340 4522 peccat.
3388 4452 3527 4523 Age,
3557 4467 3605 4524 si

292 4534 539 4599 quaestus
583 4528 973 4599 circumibant,
1008 4530 1364 4602 peccantibus
1390 4533 1562 4589 amari
1600 4550 1714 4590 esse
1742 4538 1889 4591 nole-

291 4615 452 4672 bant.

378 4731 398 4753 ι
428 4706 640 4779 Corpus
658 4718 838 4766 autem
869 4727 980 4766 non
1010 4711 1401 4781 fornicationi,
1435 4713 1529 4770 sed
1562 4714 1825 4770 Domino.
1868 4740 1887 4764 ι

288 4794 454 4851 Nunc
481 4797 625 4853 redit
654 4797 722 4853 ad
769 4799 1103 4870 superiorem
1134 4817 1389 4857 sensum:
1462 4827 1479 4849 ε
1513 4804 1585 4858 Et
1618 4804 1900 4859 Dominus

288 4887 532 4957 corpori.
564 4913 583 4935 ι
624 4888 769 4955 Quid
790 4889 1059 4947 Dominus
1078 4892 1296 4963 corpori
1322 4893 1349 4947 Ὺ
1379 4891 1759 4951 Subauditur:
1797 4894 1896 4949 im-

287 4975 686 5031 mortalitatem
707 4977 1028 5035 resuscitato
1049 4980 1331 5052 praestabit
1353 4998 1366 5045 ;
1399 4997 1600 5053 corpus
1614 4984 1763 5038 enim
1784 4986 1898 5039 Deo

286 5061 558 5132 dicatum,
582 5065 729 5121 dono
743 5067 982 5140 spiritali
1012 5070 1460 5126 remunerabitur
1479 5071 1681 5127 merito
1713 5071 1893 5141 ducis,

287 5151 352 5209 id
377 5160 482 5222 est,
512 5154 708 5212 animi.

365 5252 551 5324 (Vers.
586 5254 701 5327 14.)
746 5280 766 5305 ι
801 5257 947 5313 Deus
975 5271 1107 5312 vero
1153 5263 1208 5311 et
1235 5258 1534 5315 Dominum
1583 5257 1895 5330 suscitavit,

286 5348 345 5399 et
372 5358 475 5399 nos
500 5344 795 5401 suscitabit
814 5360 912 5417 per
939 5344 1203 5402 virtutem
1235 5361 1411 5402 suam.
1459 5374 1479 5395 ι
1520 5347 1669 5405 Idem
1703 5364 1897 5406 sensus

364 5533 483 5660 $35)
540 5535 616 5593 Et
645 5551 864 5593 omne...
896 5535 1226 5608 prohibetur,
1260 5535 1319 5591 in
1372 5544 1583 5595 textum
1644 5557 1715 5597 ex
1760 5557 1890 5598 mss.

364 5622 375 5659 ι
398 5605 439 5660 l.
471 5615 530 5660 et
553 5607 682 5660 aliis
710 5608 999 5660 nonnullis
1027 5606 1391 5660 restituimus.

288 5602 439 5662 Vall.
460 5602 530 5663 ὀι
553 5607 682 5664 aliis
710 5602 999 5664 nonnullis
1027 5602 1391 5665 restituimus.

2000 4542 2194 4615 laqueo
2242 4544 2414 4599 vitam
2466 4543 2643 4612 ﬁniat,
2702 4551 2797 4599 aut
2858 4542 3005 4598 ferro
3060 4556 3118 4597 se
3175 4540 3441 4609 trucidet,
3490 4556 3605 4597 non

2010 4629 2069 4686 in
2125 4647 2321 4703 corpus
2374 4649 2537 4688 suum
2569 4634 2790 4689 videtur
2838 4648 3084 4705 peccare,
3116 4631 3210 4687 sed
3239 4631 3295 4686 in
3340 4631 3602 4700 animam,

2008 4720 2098 4777 cui
2145 4720 2259 4775 vim
2292 4722 2440 4776 facit.
2476 4723 2760 4777 Fornicari
2789 4730 2995 4788 autem,
3026 4720 3308 4791 corporale
3340 4720 3602 4778 delictum

2008 4819 2107 4876 est,
2137 4809 2286 4883 quod
2314 4818 2369 4865 et
2396 4826 2595 4881 corpus
2615 4811 2889 4881 contingit
2918 4817 2971 4865 et
3000 4811 3241 4865 animam
3272 4829 3284 4866 :
3315 4826 3428 4866 non
3456 4812 3600 4866 enim

2007 4901 2125 4955 sine
2162 4899 2439 4955 desiderio
2481 4899 2683 4966 carnis,
2717 4900 2847 4972 quia
2878 4898 3043 4955 habet
3073 4908 3126 4955 et
3155 4914 3282 4955 caro
3324 4900 3601 4971 proprium

2006 5000 2240 5059 motum,
2272 4992 2456 5047 anima
2497 4990 2862 5063 concupiscit,
2913 4997 2975 5045 ut
3024 4999 3209 5062 peccet
3256 4990 3313 5044 in
3358 5005 3599 5057 carnem,

2006 5087 2260 5155 quamvis
2300 5084 2420 5139 sine
2462 5083 2648 5138 anima
2682 5081 2826 5138 nihil
2856 5089 3048 5153 possit.
3083 5082 3185 5135 Per
3215 5079 3271 5134 id
3300 5095 3427 5152 ergo
3456 5078 3602 5152 quod

2006 5173 2064 5227 in
2094 5189 2334 5241 carnem,
2359 5190 2479 5247 qua:
2500 5189 2568 5229 ex
2598 5189 2655 5229 se
2682 5182 2788 5241 est,
2817 5180 3008 5244 peccat
3038 5170 3131 5242 (ad
3160 5169 3430 5241 originem
3453 5168 3601 5223 enim
3646 5234 3653 5247 Ι

2005 5265 2245 5335 retulit),
2277 5267 2332 5320 in
2367 5281 2569 5336 corpus
2595 5280 2756 5321 suum
2788 5264 2997 5321 dicitur
3026 5277 3266 5335 peccare,
3300 5268 3360 5315 ut
3387 5258 3603 5314 desinat

2004 5370 2036 5409 a
2063 5354 2449 5423 fornicatione,
2480 5354 2642 5426 quasi
2672 5353 2779 5410 sibi
2804 5369 3052 5426 parcens.
3080 5348 3388 5407 Novatiano
3417 5356 3598 5403 tamen

2079 5540 2196 5615 (35)
2230 5542 2331 5598 Hic
2374 5541 2643 5600 articulus
2689 5541 2843 5615 abest
2878 5556 2910 5596 a
2937 5554 3069 5595 mss.
3102 5530 3325 5600 nostris,
3356 5538 3413 5588 at
3454 5548 3597 5592 con-

2004 5612 2097 5667 tra
2117 5614 2175 5668 in
2215 5614 2433 5671 cunctis
2460 5621 2642 5670 exstat
2670 5612 2805 5669 edit.
