4090 6182
461 234 564 302 227

466 474 712 532 peccare,
748 457 842 514 sed
873 457 928 511 in
959 453 1201 521 Christi;
1243 452 1402 508 aliter
1426 450 1569 507 enim
1596 448 1701 503 hoc
1719 445 2062 518 pronuntiat,

1495 235 1591 292 AD
1630 231 1864 290 operm
1902 229 1958 285 s.
2000 221 2334 285 AMBROSII
2371 189 2749 282 APPENDIX.

464 372 578 440 hic,
608 369 704 444 qui
754 366 1078 434 fornicatur,
1119 361 1339 420 non'iu
1384 377 1584 434 corpus
1625 375 1784 414 suum
1837 355 2058 412 videtur
2091 357 2142 415 A

3655 209 3762 275 228

2769 346 3000 406 CAPUT
3037 344 3158 401 VII.

2247 462 2428 534 (Vers.
2467 462 2544 534 1.)
2589 484 2607 508 ι
2647 462 2725 517 De
2773 459 2843 514 iis
2894 465 3075 514 autem
3123 468 3243 525 qua!
3274 448 3574 522 scripsistis
3605 449 3770 521 mihi,

469 561 530 608 ω
561 551 724 607 etiam
758 550 940 618 illum,
963 547 1056 621 (illi
1084 545 1410 611 fornicatur:
1432 543 1490 597 in
1515 539 1782 612 Spiritum
1812 544 2062 592 sanetum
2170 551 2378 608 bonum
2410 559 2490 607 est
2527 548 2742 606 homini
2778 547 3065 602 mulierem
3098 558 3210 598 non
3241 547 3482 612 tangere.
3515 564 3534 587 ι
3582 540 3774 597 Pravis

465 640 613 697 dicat
661 656 884 712 peccare
918 657 928 694 :
965 647 1188 711 propter
1235 649 1475 700 causam,
1515 647 1623 704 qua
1661 629 1937 685 abscissus
1983 634 2065 682 est

465 730 534 786 ab
564 731 830 786 Ecclesia.
867 729 983 784 Hoc
1008 728 1162 783 nulla
1191 725 1402 780 ratione
1430 721 1600 776 astrui
1628 725 1832 791 potest;
1867 733 2066 788 corpus

466 819 613 875 enim
649 819 857 877 Christi
909 834 1018 872 non
1057 824 1138 871 est
1167 830 1310 868 unus
1341 820 1436 866 aut
1468 811 1580 866 duo
1610 806 1938 870 Christiani,
1970 804 2065 860 sed

465 923 677 975 omnes,
711 906 915 976 singuli
951 911 1130 958 autem
1166 900 1410 956 membra
1436 907 1586 954 sunt.
1620 894 1908 964 Quomodo
1937 910 2064 963 ergo

467 994 562 1067 qui
609 993 934 1054 fornicatur,
968 990 1026 1044 in
1071 1005 1270 1060 corpus
1311 986 1517 1044 Christi
1555 993 1768 1056 peccat,
1798 1000 1920 1038 cum
1954 998 2064 1037 non

465 1097 654 1137 omnes
682 1078 1023 1137 contaminet
1045 1079 1072 1133 ?
1103 1077 1261 1144 Quod
1291 1077 1338 1132 si
1367 1077 1444 1130 ita
1472 1083 1631 1141 esset,
1665 1080 1728 1127 ut
1758 1070 2066 1127 Novatiano

469 1177 710 1247 videtur,
757 1187 951 1235 caetera
1003 1173 1144 1229 132
1190 1174 1378 1230 omnia
1425 1179 1641 1244 peccata
1686 1177 1843 1225 extra
1893 1169 2065 1222 Deum

471 1276 670 1335 essent,
703 1275 756 1322 et
794 1268 911 1322 sola
962 1264 1254 1321 fornicatio
1284 1271 1565 1334 peccatum
1599 1267 1740 1315 esset
1768 1259 1826 1313 in
1867 1259 2064 1312 Deum.

471 1356 654 1412 Etiam
702 1356 797 1429 qui
844 1354 997 1410 vadit
1041 1353 1109 1410 ad
1165 1353 1333 1420 idola,
1371 1367 1480 1406 non
1531 1356 1720 1423 peccat
1769 1346 1827 1401 in
1867 1347 2066 1413 Deum,

471 1461 571 1501 nec
597 1445 690 1517 qui
720 1452 879 1516 negat
910 1444 967 1497 in
997 1441 1396 1514 persecutione,
1429 1439 1558 1512 quia
1587 1453 1751 1493 omne
1782 1442 2070 1507 peccatum

470 1533 837 1606 quodcunque
880 1532 1071 1587 fecerit
1115 1531 1304 1598 homo,
1350 1536 1506 1583 extra
1549 1542 1750 1597 corpus
1794 1534 1876 1580 est
1914 1521 2069 1580 Chri-

469 1621 560 1689 sti,
611 1621 754 1676 sicut
810 1621 894 1676 illi
961 1621 1201 1675 videtur.
1264 1618 1321 1673 Si
1381 1625 1562 1673 autem
1632 1623 1686 1671 et
1743 1614 1849 1669 hoc
1910 1613 2071 1669 aliter

470 1710 710 1766 voluerit
783 1709 1164 1781 pronuntiare,
1243 1714 1305 1763 ut
1377 1713 1537 1778 neget
1611 1703 1839 1777 aliquod
1911 1710 2068 1758 extra
2099 1729 2146 1789 B
2181 1716 2323 1774 δραι,

470 1815 668 1870 corpus
739 1797 945 1854 Christi
1021 1814 1138 1853 esse
1203 1803 1511 1867 peccatum,
1591 1801 1815 1865 cogetur
1889 1791 2070 1847 dicere

471 1887 601 1961 quia
629 1886 813 1941 omnis
842 1886 1208 1959 quodcunque
1237 1893 1520 1958 peccatum
1563 1883 1775 1950 fecerit,
1808 1882 1865 1937 in
1895 1883 2070 1937 Deum

471 1983 676 2049 peccat,
709 1982 762 2031 et
807 1975 866 2029 in
913 1975 1180 2046 Spiritum
1210 1981 1464 2029 sanctum
1500 1990 1511 2027 :
1545 1979 1607 2027 ut
1633 1979 1686 2027 et
1713 1972 1826 2039 fur,
1858 1980 1911 2026 et
1940 1985 2074 2041 per—

470 2065 652 2137 jurus,
705 2072 759 2119 et
810 2065 1049 2120 mendax
1104 2064 1162 2118 in
1213 2062 1480 2135 Spiritum
1538 2069 1793 2117 sanctum
1850 2074 2073 2132 peccare

475 2154 711 2210 dicatur.
745 2154 817 2208 Et
859 2152 1135 2225 quomodo
1163 2160 1245 2207 est
1279 2151 1443 2218 illud,
1475 2150 1621 2222 quod
1652 2151 1729 2205 ait
1756 2149 2064 2205 Dominus:

489 2268 507 2289 ι
557 2243 698 2310 Quia
744 2243 933 2298 omnia
978 2248 1199 2314 peccata
1242 2250 1296 2297 et
1339 2240 1684 2312 blasphemia
1722 2237 2076 2294 remittentur

476 2332 830 2400 hominibus;
880 2331 974 2404 qui
1005 2341 1183 2388 autem
1218 2331 1527 2403 peccaverit
1554 2331 1610 2385 in
1640 2328 1905 2401 Spiritum
1937 2342 2076 2382 san—

478 2430 652 2490 ctum,
682 2438 792 2476 non
822 2422 1135 2478 remittetur
1161 2422 1235 2487 ei,
1265 2436 1443 2492 neque
1475 2420 1588 2488 hic,
1618 2435 1794 2492 neque
1825 2419 1882 2472 in
1912 2417 2076 2471 futu—

476 2532 536 2570 ro
593 2513 805 2584 (Matth.
863 2529 965 2580 ΧΠ,
1024 2513 1162 2584 3i)?
1215 2539 1232 2561 ι
1285 2514 1526 2584 Apparet
1573 2511 1784 2582 utique,
1835 2507 2079 2580 exceptis

475 2606 688 2661 caeteris
728 2605 984 2677 peccatis,
1018 2603 1170 2658 aliud
1207 2619 1321 2659 esse
1359 2611 1667 2673 peccatum,
1700 2601 1849 2674 quod
1880 2617 2080 2672 pecca-

483 2703 598 2750 tum
647 2695 852 2751 dicitur
898 2695 952 2749 in
984 2694 1250 2764 Spiritum
1282 2702 1552 2750 sanctum.
1587 2693 1926 2761 Quibusdam
1963 2692 2078 2746 ite-

483 2802 603 2840 rum
654 2785 875 2840 videtur
929 2784 1058 2856 quia
1100 2784 1195 2856 qui
1245 2784 1569 2848 fornicatur,
1603 2783 1727 2840 ideo
1772 2783 1830 2837 in
1879 2796 2077 2853 corpus

480 2891 641 2930 suum
697 2875 903 2930 dicitur
957 2891 1204 2945 peccare,
1263 2875 1392 2945 quia
1453 2874 1712 2929 Ecclesiae
1769 2871 2080 2928 membrum

483 2971 565 3018 est
596 2981 607 3016 :
642 2970 696 3017 et
737 2979 793 3018 se
822 2961 1227 3029 contaminatis,
1261 2962 1319 3016 in
1348 2963 1649 3017 Ecclesiam
1681 2968 1890 3032 peccat,
1923 2958 2079 3030 cujus

483 3051 792 3105 membrum
845 3057 945 3106 est.
1000 3050 1105 3117 Qui
1152 3066 1279 3121 ergo
1326 3050 1585 3105 Ecclesiae
1623 3050 1930 3104 membrum
1973 3055 2073 3114 est,

483 3101 792 3105 ______-_
1009 3101 1105 3117 Γ-
1160 3101 1272 3121 ηο,
1326 3101 1581 3105 -η----η

481 3138 775 3194 dicendum
805 3146 887 3194 est
907 3139 1013 3207 illi,
1038 3156 1164 3194 cum
1195 3139 1519 3208 fornicatur,
1545 3139 1673 3211 quia
1696 3154 1807 3192 non
1829 3136 1955 3205 sibi,
1983 3135 2079 3191 sed
2112 3101 2157 3161 θ

480 3227 539 3282 in
586 3228 889 3283 Ecclesiam
936 3235 1140 3300 peccat.
1175 3229 1343 3284 Porro
1377 3237 1558 3285 autem
1589 3229 1728 3285 dicit
1757 3227 2075 3299 Apostolus,

481 3317 610 3390 quia
639 3318 734 3390 qui
762 3318 1088 3387 fornicatur,
1123 3335 1217 3391 per
1242 3318 1297 3373 id
1325 3318 1470 3391 quod
1497 3319 1555 3374 in
1585 3319 1896 3391 portionem
1922 3333 2076 3374 suam

480 3405 775 3480 delinquit,
806 3408 863 3464 in
895 3426 1094 3481 corpus
1126 3425 1287 3465 suum
1320 3416 1528 3480 peccat.

554 3497 736 3569 (Vere.
792 3499 905 3569 19.)
971 3522 990 3544 ι
1046 3500 1133 3552 An
1179 3498 1401 3553 nescitis
1447 3498 1577 3569 quia
1628 3514 1856 3568 corpora
1899 3507 2080 3554 vestra

481 3587 747 3657 templum
778 3594 860 3642 est
887 3588 1124 3658 Spiritus
1149 3593 1348 3652 sancti,
1381 3587 1474 3658 qui
1504 3588 1561 3641 in
1592 3586 1751 3642 vobis
1780 3594 1881 3654 est,
1916 3604 2077 3660 quem

479 3674 694 3732 habetis
721 3691 753 3730 a
781 3677 934 3731 Deo?
962 3699 981 3722 ι
1027 3660 1289 3746 Superius
1319 3676 1375 3745 (Ι
1411 3675 1535 3730 Cor.
1569 3692 1654 3743 III,
1689 3676 1777 3746 16)
1811 3677 2079 3748 templum

481 3769 580 3826 Dei
610 3768 777 3837 dixit,
809 3766 902 3823 hic
927 3767 1196 3839 templum
1226 3767 1466 3839 Spiritus
1493 3766 1689 3837 sancti,
1713 3769 1843 3842 quia
1867 3769 1924 3825 in
1955 3770 2079 3826 sub-

479 3856 682 3913 stantia
710 3857 816 3913 hoc
848 3864 928 3912 est
960 3856 1218 3928 Spiritus,
1250 3856 1397 3929 quod
1427 3858 1572 3914 Deus
1600 3865 1699 3914 est.
1734 3858 1849 3915 Hoc
1875 3858 2079 3915 idcirco

479 3946 644 4016 dixit,
677 3956 740 4003 ut
787 3964 1016 4021 corpora
1062 3957 1250 4003 nostra
1291 3947 1729 4004 incontaminata
1773 3965 2074 4019 servemus,

485 4045 543 4094 ut
569 4040 741 4112 possit
771 4039 888 4096 illic
915 4038 1156 4112 Spiritus
1185 4045 1406 4095 sanctus
1437 4038 1708 4094 habitare.

552 4138 734 4211 (Vers.
788 4138 910 4210 20.)
973 4162 990 4185 ι
1039 4137 1112 4193 Et
1157 4154 1269 4193 non
1318 4137 1449 4193 estis
1495 4137 1692 4204 vestri;
1730 4137 1900 4209 empti
1930 4136 2079 4192 enim

480 4227 614 4283 estis
678 4228 854 4299 pretio
916 4244 1135 4300 magno.
1188 4253 1206 4276 ι
1266 4226 1618 4282 Manifestum
1668 4234 1749 4282 est
1802 4226 1932 4298 quia
1984 4226 2079 4298 qui

481 4323 698 4387 emptus
744 4323 848 4383 est,
890 4333 1002 4372 non
1067 4327 1147 4374 est
1193 4318 1277 4373 sui
1318 4317 1560 4385 arbitrii,
1608 4317 1703 4373 sed
1750 4315 1867 4389 ejus
1903 4333 1934 4371 a
1971 4333 2080 4389 quo

481 4417 698 4480 emptus
747 4416 848 4476 est,
892 4417 954 4464 ut
1002 4425 1114 4464 non
1155 4427 1334 4478 suam,
1365 4410 1461 4466 sed
1488 4411 1642 4466 illius
1671 4409 1838 4465 faciat
1865 4410 2078 4464 volun-

2173 641 2423 697 sensibus
2467 637 3051 712 pseudoapostolorum
3100 629 3382 703 exagitati,
3410 629 3506 702 qui
3552 629 3775 701 nuptias

2174 748 2268 804 per
2315 729 2660 802 hypocrisin,
2719 735 2780 782 ut
2844 726 3092 798 puriores
3157 721 3371 778 caeteris
3425 717 3774 788 viderentur,

2173 821 2508 894 spernendas
2555 819 2847 885 docebant,
2894 816 3012 872 haec
3044 831 3136 886 per
3169 811 3460 884 epistolam
3494 810 3563 866 ab
3611 812 3776 881 Apo-

2173 913 2316 969 stolo
2364 909 2747 982 requirebant;
2805 907 2934 978 quia
2979 905 3127 961 enim
3186 919 3297 957 non
3356 899 3778 957 oblectabantur

2173 1002 2278 1058 hac
2339 1000 2633 1066 sententia,
2698 994 3080 1070 praetermissis
3136 991 3369 1058 caeteris,
3427 990 3532 1046 hoc
3593 990 3775 1046 solum

2175 1091 2482 1163 requirunt.
2541 1087 2754 1156 Quibus
2809 1093 2990 1142 tamen
3050 1081 3336 1154 respondit
3397 1080 3604 1137 bonum
3662 1097 3779 1136 esse

2175 1180 2397 1252 quidem
2446 1179 2733 1234 mulierem
2781 1192 2891 1231 non
2922 1174 3260 1246 contingere,
3297 1186 3609 1244 quanquam
3664 1186 3776 1224 non

2177 1271 2260 1327 illi
2300 1271 2438 1327 illud
2462 1269 2790 1341 simpliciter
2817 1274 3081 1324 asserant.

2252 1361 2435 1433 (Vers.
2469 1360 2548 1430 2.)
2594 1384 2612 1406 ι
2653 1359 2856 1414 Tamen
2878 1363 3100 1428 propter
3129 1352 3581 1419 fornicationem,
3612 1377 3630 1399 ι
3673 1350 3780 1408 hoc

2178 1457 2281 1518 est,
2309 1465 2378 1504 ne
2407 1448 2542 1521 quid
2585 1454 2778 1504 contra
2806 1446 2977 1516 legem
3011 1442 3357 1510 admittatur,
3399 1458 3526 1497 cum
3556 1440 3781 1513 quando

2179 1540 2326 1613 quod
2357 1541 2446 1595 lex
2473 1555 2582 1594 non
2616 1537 2891 1610 prohibet,
2919 1535 3127 1592 vitatur
3152 1553 3162 1590 :
3202 1558 3219 1580 ι
3243 1533 3624 1606 unusquisque
3646 1548 3782 1587 uxo-

2178 1645 2293 1684 rem
2341 1644 2497 1684 suam
2543 1626 2760 1693 habeat,
2795 1634 2845 1681 et
2879 1640 3220 1696 unaquaeque
3266 1640 3428 1679 suum
3459 1624 3643 1678 virum
3671 1621 3785 1676 ha-

2375 1741 2392 1765 ι
2458 1718 2646 1773 Solent
2699 1714 2845 1770 enim
2903 1713 3000 1786 qui
3055 1711 3447 1784 compendium
3501 1718 3782 1784 quaerunt,

2182 1824 2380 1865 errare.
2416 1807 2520 1874 Qui
2552 1807 2698 1862 enim
2728 1805 2846 1860 ﬁeri
2878 1811 3077 1876 posset,
3105 1810 3167 1858 ut
3188 1803 3246 1858 hi
3277 1804 3344 1860 ab
3373 1802 3644 1860 uxoribus
3666 1803 3786 1858 suis

2181 1913 2238 1953 se
2285 1895 2644 1964 abstinerent,
2687 1912 2823 1968 quos
2875 1895 2933 1950 in
2974 1893 3145 1949 tantis
3193 1892 3347 1948 vitiis
3375 1892 3623 1964 reperit?
3653 1891 3786 1947 Ideo

2181 2004 2309 2060 ergo
2357 2004 2470 2044 non
2520 1987 2812 2060 permittit,
2865 2001 2934 2041 ne
2989 1984 3057 2040 ab
3106 1984 3274 2040 licitis
3322 1999 3378 2039 se
3420 1982 3785 2048 abstinentes,

2183 2078 2504 2135 inconcessa
2543 2081 2957 2149 praasumerent,
3007 2073 3150 2128 sicut
3201 2072 3414 2128 faciunt
3464 2071 3779 2128 Manichaei.

2257 2169 2439 2239 (Vers.
2471 2168 2524 2234 3,
2561 2167 2642 2236 4.)
2690 2192 2708 2214 ι
2738 2165 2912 2222 Uxori
2941 2164 3029 2219 vir
3057 2161 3304 2218 debitum
3334 2160 3546 2228 reddat,
3573 2159 3789 2215 simili-

2183 2265 2269 2315 ter
2297 2265 2478 2313 autem
2513 2265 2567 2312 et
2596 2272 2737 2312 uxor
2774 2255 2916 2310 viro.
2949 2279 2967 2302 ι
3011 2252 3254 2308 Invicem
3283 2249 3390 2305 sibi
3420 2248 3622 2320 subjici
3657 2248 3789 2304 illos

2185 2347 2243 2403 in
2291 2347 2395 2404 hac
2442 2363 2625 2415 causa,
2660 2353 2723 2401 ut
2769 2345 2899 2417 quia
2927 2359 3104 2399 unum
3135 2357 3333 2413 corpus
3363 2348 3511 2407 sunt,
3544 2356 3656 2395 una
3682 2355 3788 2395 eo-

2185 2452 2311 2491 rum
2359 2436 2432 2491 sit
2479 2443 2532 2491 et
2576 2435 2836 2490 voluntas
2882 2432 2942 2488 in
2985 2433 3101 2504 lege
3133 2438 3364 2486 naturae.
3411 2452 3429 2475 ι
3459 2428 3659 2484 Mulier
3697 2428 3786 2483 sui

2187 2523 2432 2596 corporis
2473 2531 2798 2595 potestatem
2843 2538 2956 2576 non
2985 2519 3205 2587 habeat,
3234 2518 3330 2576 sed
3361 2517 3448 2572 vir
3478 2536 3492 2585 ;
3525 2516 3789 2572 similiter

2187 2622 2241 2668 et
2270 2613 2357 2667 vir
2385 2613 2472 2668 sui
2498 2612 2743 2684 corporis
2773 2618 3095 2683 potestatem
3127 2625 3237 2664 non
3270 2607 3488 2674 habeat,
3516 2605 3611 2663 sed
3650 2623 3786 2661 mu—

2191 2701 2315 2757 lier.
2345 2725 2363 2748 ι
2409 2702 2526 2757 Hoc
2572 2700 2730 2768 dicit,
2775 2699 2923 2772 quod
2970 2715 3148 2772 neque
3181 2698 3303 2753 viro
3348 2711 3525 2768 neque
3563 2694 3789 2750 mulieri

2190 2793 2350 2849 liceat
2380 2809 2578 2864 corpus
2606 2808 2767 2848 suum
2798 2792 2892 2847 alii
2922 2790 3172 2858 tradere;
3224 2789 3462 2845 invicem
3502 2788 3650 2844 enim
3681 2785 3790 2842 sibi

2191 2881 2465 2939 debitores
2517 2890 2647 2938 sunt
2707 2882 2766 2938 in
2826 2881 2928 2939 hac
2978 2897 3160 2950 causa,
3207 2897 3276 2937 ne
3323 2878 3581 2953 peccandi
3625 2877 3796 2934 detur

2193 2974 2427 3030 occasio.

2266 3063 2448 3136 (Vers.
2498 3062 2580 3133 5.)
2648 3061 2849 3118 «Nolite
2899 3059 3152 3118 fraudare
3186 3061 3445 3116 invicem.
3480 3084 3498 3106 ι
3537 3058 3655 3115 Hoc
3693 3058 3796 3115 di-

2198 3151 2293 3220 cit,
2325 3161 2387 3208 ut
2415 3151 2708 3208 conveniat
2738 3151 2851 3206 illis
2887 3151 3002 3223 (36)
3037 3152 3095 3206 in
3135 3167 3193 3208 re
3223 3151 3436 3218 uxoria,
3465 3165 3534 3204 ne
3563 3148 3790 3205 dissen-

2194 3241 2278 3297 sio
2325 3251 2546 3313 generet
2590 3240 3034 3298 fornicationem.
3089 3265 3108 3287 ι
3154 3241 3270 3297 Nisi
3313 3257 3383 3296 ex
3419 3255 3691 3296 consensu
3719 3241 3789 3296 ad

2189 3339 2427 3404 tempus,
2469 3356 2488 3379 »
2536 3331 2592 3387 id
2641 3339 2745 3400 est,
2797 3338 2860 3386 ut
2915 3347 2984 3387 ex
3033 3331 3289 3388 condicto
3342 3329 3652 3386 abstineant
3710 3346 3789 3396 se,

2189 3427 2413 3492 propter
2442 3420 2742 3492 gratiarum
2773 3421 3038 3476 actiones.
3084 3444 3102 3466 ε
3131 3421 3202 3477 Ut
3232 3420 3438 3477 vacetis
3467 3418 3726 3475 orationi.
3761 3444 3778 3464 -

2189 3509 2516 3581 Quanquam
2563 3509 2712 3564 enim
2756 3509 2875 3565 sine
2925 3509 3336 3566 intermissione
3382 3509 3653 3566 orandum
3692 3509 3800 3578 sit,

2193 3600 2478 3656 meditatio
2525 3601 2673 3657 enim
2721 3600 2839 3657 haec
2883 3601 3036 3656 omni
3075 3600 3164 3656 die
3195 3599 3445 3657 facienda
3469 3610 3571 3668 est,
3605 3608 3793 3656 tamen

2193 3695 2256 3744 ut
2295 3689 2532 3745 orationi
2579 3689 2855 3758 insistant,
2888 3689 3020 3746 huic
3059 3690 3138 3746 rei
3182 3689 3488 3746 vacandum
3517 3690 3789 3763 pracipit,

2189 3777 2531 3852 interpositis
2551 3789 2661 3838 tem
2670 3781 2895 3852 poribus
2909 3780 2977 3836 ad
2997 3781 3299 3836 Dominum
3321 3780 3745 3852 promerendum
3776 3799 3791 3848 ;

2187 3877 2249 3926 ut
2323 3871 2469 3926 enim
2548 3871 2898 3935 misereatur,
2963 3869 3226 3926 mundius
3302 3868 3613 3925 exorandus
3678 3877 3789 3926 est.

2194 3958 2462 4026 Quamvis
2490 3960 2695 4016 munda
2717 3959 2830 4016 sint
2857 3958 3133 4032 conjugia,
3156 3967 3340 4015 tamen
3369 3959 3533 4014 etiam
3558 3975 3590 4014 a
3617 3957 3790 4014 licitis

2192 4047 2584 4104 abstinendum
2617 4057 2716 4118 est,
2748 4057 2810 4104 ut
2837 4050 3056 4106 facilius
3086 4048 3154 4104 ad
3192 4048 3443 4105 effectum
3485 4047 3792 4104 deducatur

2190 4139 2388 4194 oratio.
2423 4140 2559 4195 Nam
2594 4147 2649 4195 et
2695 4139 2752 4194 in
2796 4141 2910 4212 lege
2947 4138 3279 4195 sanctiﬁcari
3323 4138 3588 4205 volentes,
3642 4137 3793 4193 inter

2189 4235 2385 4283 caetera
2412 4229 2578 4284 etiam
2619 4229 2686 4284 ab
2731 4230 2855 4285 uvis
2897 4229 3069 4302 passis
3109 4227 3268 4300 jussu
3310 4227 3532 4284 Domini
3573 4234 3787 4298 tempe-

2190 4315 2405 4384 rabant,
2464 4324 2527 4372 ut
2577 4317 2771 4374 fierent
2828 4317 3126 4374 sanctiores
3184 4317 3366 4388 (Num.
3408 4333 3486 4383 v1,
3527 4313 3609 4385 4).
3646 4314 3787 4371 Cum

2191 4405 2338 4460 enim
2383 4405 2506 4478 quis
2550 4407 2716 4462 etiam
2764 4423 3019 4463 concessa
3066 4421 3179 4462 non
3207 4405 3503 4478 contingit,
3541 4403 3788 4460 ostendit

481 4469 672 4554 tatem.
720 4497 792 4552 Et
820 4469 949 4570 quia
977 4497 1144 4552 charo
1174 4469 1350 4570 pretio
1387 4499 1560 4569 empti
1591 4515 1801 4566 sumus,
1834 4515 2079 4577 propen;
2108 4469 2155 4527 D
2188 4511 2243 4550 se
2277 4469 2438 4563 velle,
2471 4497 2617 4568 quod
2645 4504 2917 4569 precatur,
2950 4497 3218 4568 accipere.

481 4589 596 4645 sius
633 4588 871 4645 Domino
918 4597 1106 4644 nostro
1144 4588 1352 4644 servire
1405 4589 1688 4658 debemus,
1721 4607 1788 4646 ne
1816 4591 2077 4662 offensus,

482 4696 514 4735 a
559 4696 668 4752 qua
715 4696 816 4736 nos
861 4679 1113 4748 redemit,
1148 4679 1312 4735 morti
1344 4695 1446 4735 nos
1485 4679 1693 4736 reddat.
1728 4681 1900 4749 Quam
1930 4683 2076 4738 enim

481 4769 808 4827 charissimo
859 4770 1036 4842 pretio
1088 4786 1189 4826 nos
1235 4769 1390 4839 emit,
1439 4778 1501 4826 ut
1553 4770 1874 4844 sanguinem
1916 4789 2078 4828 suum

481 4856 635 4914 daret
665 4874 764 4930 pro
794 4857 998 4913 nobis?

567 4980 585 5004 ι
615 4954 927 5013 Clariﬁcate
957 4963 1012 5012 et
1040 4964 1251 5028 portate
1278 4959 1452 5014 Deum
1477 4959 1533 5013 in
1563 4973 1790 5030 corpore
1816 4965 2020 5015 vestro.
2045 4985 2062 5007 ι

482 5043 600 5102 Hoc
644 5054 725 5103 est
767 5046 1069 5103 clariﬁcare
1113 5056 1166 5103 et
1196 5055 1413 5119 portare
1445 5050 1617 5103 Deum
1650 5047 1706 5101 in
1736 5063 1985 5118 corpore,
2018 5056 2078 5104 ut

481 5133 782 5193 secundum
824 5135 996 5207 legem
1027 5135 1146 5208 ejus
1174 5136 1554 5203 ambulemus;
1605 5152 1700 5208 per
1729 5137 1898 5208 legem
1928 5137 2075 5194 enim

481 5245 635 5285 suam
684 5228 798 5300 ipse
841 5225 1059 5282 videtur
1103 5227 1163 5282 in
1193 5227 1373 5283 nobis.
1408 5228 1628 5283 Portare
1660 5235 1846 5283 tamen
1877 5229 2072 5298 Deum,

484 5317 590 5376 hoc
609 5326 712 5388 est,
729 5317 1023 5390 imaginem
1043 5317 1145 5374 Dei
1160 5317 1218 5374 in
1239 5317 1402 5374 rebus
1419 5317 1558 5374 bene
1579 5315 1743 5390 gestis
1767 5317 2073 5376 ostendere.

559 5535 675 5610 (36)
709 5539 866 5610 Rom.
895 5534 1053 5610 edit,
1083 5541 1143 5592 ut
1163 5533 1479 5610 conveniant
1508 5534 1610 5610 illi.

559 5606 675 5680 (37)
710 5608 843 5667 Cod.
887 5609 1080 5678 Laud.,
1134 5607 1392 5681 conjugt'is
1439 5607 1716 5663 consilium
1769 5606 1950 5676 datur,
2002 5607 2074 5664 ad

2275 4591 2414 4647 133
2448 4611 2465 4632 ε
2491 4587 2562 4642 Et
2591 4587 2789 4642 iterum
2818 4586 3158 4642 revertimini
3181 4584 3251 4641 ad
3273 4583 3329 4640 id
3359 4584 3562 4655 ipsum.
3586 4607 3603 4630 ι
3639 4581 3786 4649 Quo-

2189 4683 2336 4739 niam
2381 4683 2678 4740 consilium
2725 4681 3053 4755 conjugibus
3080 4682 3197 4753 (37)
3229 4682 3322 4738 dat
3350 4686 3474 4753 post
3503 4679 3618 4736 dies
3646 4694 3784 4733 ora-

2187 4773 2356 4829 tionis
2386 4772 2455 4829 ad
2481 4789 2642 4828 usum
2671 4773 2974 4828 naturalem
3007 4771 3206 4828 reverti
3237 4769 3436 4826 debere
3470 4787 3481 4824 :
3529 4793 3547 4814 ι
3575 4767 3654 4822 Ne
3684 4783 3787 4823 vos

2192 4869 2363 4918 tentet
2377 4863 2602 4918 Satanas
2615 4871 2838 4933 propter
2857 4861 3336 4933 intemperantiam
3367 4867 3604 4916 vestram
3642 4882 3659 4904 ι
3702 4856 3786 4911 in-

2186 4951 2465 5024 terpositis
2488 4950 2681 5007 diebus
2701 4951 3089 5007 abstinendum
3113 4958 3300 5006 monet
3321 4967 3334 5016 ;
3369 4964 3438 5004 ne
3457 4945 3672 5003 occasio
3692 4945 3786 5002 de-

2186 5049 2278 5097 tur
2324 5041 2564 5110 diabolo,
2613 5041 2757 5098 sicut
2801 5041 2940 5098 dicit
2983 5043 3178 5097 Petrus
3217 5038 3543 5112 apostolus:
3591 5061 3610 5085 ι
3639 5036 3787 5092 Ecce

2185 5129 2438 5186 diabolus
2476 5139 2538 5186 ut
2567 5132 2652 5186 leo
2690 5130 2912 5201 rugiens
2949 5130 3170 5198 circuit,
3195 5144 3446 5202 quaerens
3476 5142 3638 5199 quem
3674 5124 3788 5180 de-

2186 5227 2341 5274 voret
2371 5221 2429 5291 (Ι
2451 5221 2595 5275 Petr.
2619 5236 2676 5287 v,
2697 5217 2778 5289 8).
2811 5243 2828 5265 ι
2871 5218 2925 5274 Si
2955 5218 3102 5275 enim
3131 5234 3295 5274 causa
3321 5216 3565 5273 filiorum
3594 5229 3786 5272 crean-

2184 5307 2381 5365 dorum
2429 5307 2653 5364 ducitur
2698 5323 2864 5378 uxor,
2896 5324 3009 5364 non
3045 5308 3288 5365 multum
3315 5315 3532 5380 tempus
3559 5319 3784 5362 conces~

2183 5532 2356 5606 ipsum
2377 5529 2663 5606 Dominum
2689 5536 3043 5606 revertantur,
3077 5529 3392 5606 abstinentes
3421 5545 3474 5584 se
3500 5523 3783 5606 all

2184 5597 2278 5662 Eas
2316 5604 2450 5672 suis,
2495 5610 2553 5659 ut
2581 5604 2789 5676 possint
2814 5604 3028 5675 dignius
3053 5602 3290 5674 accipere
3315 5615 3508 5672 corpus
3534 5597 3776 5657 Domini.
