4112 6178
280 219 386 287 229

1382 220 1745 290 COMMENT.
1786 220 1859 288 IN
1894 228 2113 288 EPIST.
2155 230 2178 287 Ι
2216 231 2312 287 AD
2349 228 2508 290 COR.

3480 234 3587 297 230

278 380 405 423 sum
431 362 651 421 videtur
674 362 743 420 ad
774 363 954 437 ipsum
980 377 1179 431 usum;
1229 362 1360 437 quia
1402 372 1457 420 et
1485 362 1603 419 dies
1631 362 1780 429 festi,
1817 371 1872 420 et
1897 370 1948 429 Α
1981 371 2133 433 sunt,
2169 361 2436 421 denuntio
2465 380 2576 420 non
2604 380 2723 438 ego,
2752 364 2848 422 sed
2874 364 3174 424 Dominus.
3207 386 3226 415 ι
3272 358 3575 442 Postquam

280 452 401 510 dies
429 453 815 526 processionis,
843 461 899 510 et
925 454 1045 527 ipsa
1071 454 1213 511 ratio
1250 461 1550 526 conceptus
1580 460 1636 510 et
1689 460 1876 526 partus

274 538 439 612 juxta
466 541 637 614 legem
668 542 870 599 cessari
899 543 1239 615 temporibus
1268 542 1357 599 his
1398 542 1597 599 debere
1652 540 1876 597 demon-

281 635 475 686 strant.

352 722 535 793 (Vers.
561 722 616 792 6,
633 723 713 795 7.)
740 722 893 781 «Hoc
906 732 1089 781 autem
1107 723 1233 781 dico
1248 722 1554 782 secundum
1594 719 1883 792 indulgen-

278 811 439 881 tiam,
470 828 583 868 non
609 812 905 870 secundum
927 810 1642 886 imperium.»Manifestnm
1664 816 1745 863 est
1761 807 1883 863 ideo

277 899 389 958 hoc
407 901 564 958 illum
586 901 712 959 dare
722 903 1044 970 consilium,
1064 911 1128 958 ut
1145 899 1572 957 fornicationem
1603 896 1879 965 excludat,

274 1007 394 1048 non
416 1000 475 1049 ut
505 991 573 1048 ad
602 992 892 1049 meliorem
925 992 1103 1048 vitam
1120 990 1478 1048 tendentibus
1498 990 1604 1044 iter
1637 987 1875 1043 claudat.

293 1102 314 1127 ε
337 1079 601 1138 Volebam
622 1090 810 1138 autem
831 1097 1024 1137 omnes
1044 1080 1297 1136 homines
1317 1094 1431 1136 esse
1473 1078 1618 1134 sicut
1659 1092 1747 1132 me
1798 1075 1878 1146 ip-

275 1184 453 1227 sum»
481 1170 766 1239 Quantum
783 1188 911 1244 ergo
931 1169 998 1227 ad
1016 1170 1349 1228 benevolum
1365 1178 1420 1225 et
1438 1167 1743 1223 sollicitum
1768 1184 1878 1224 ma-

273 1265 430 1315 trum
485 1260 745 1332 pertinet,
789 1276 979 1316 omnes
1012 1260 1170 1325 tales,
1194 1259 1239 1315 si
1277 1257 1398 1314 ﬁeri
1425 1263 1627 1329 posset,
1657 1254 1879 1312 volebat

272 1362 401 1405 esse
453 1349 597 1406 sicut
622 1367 679 1406 se
708 1351 908 1422 ipsum.
928 1349 1119 1418 Qualis
1138 1357 1320 1406 autem
1354 1348 1469 1420 ipse
1485 1353 1620 1414 erat,
1654 1362 1784 1401 mox
1819 1345 1878 1400 in

273 1436 543 1509 subjectis
585 1439 863 1496 ostendit:
927 1464 946 1488 ι
993 1438 1098 1495 Sed
1152 1435 1531 1510 unusquisque
1591 1434 1878 1507 proprium

275 1540 413 1581 num
440 1524 601 1584 habet
623 1543 693 1584 ex
721 1526 1005 1595 Deo,alius
1032 1526 1254 1600 quidem
1286 1524 1537 1591 sic,alius
1565 1539 1697 1579 vero
1725 1522 1805 1580 sic
1823 1542 1865 1591 ,-

276 1613 386 1671 hoc
437 1623 537 1683 est,
579 1616 960 1690 unusquisque
1010 1614 1162 1686 justa
1209 1622 1403 1671 votum
1458 1631 1619 1671 suum
1668 1613 1878 1668 donum

274 1703 378 1760 Dei
407 1702 593 1775 habet,
622 1714 686 1762 ut
713 1705 761 1761 si
784 1705 943 1774 velit,
978 1704 1153 1777 ipsius
1209 1713 1350 1760 nutu
1375 1703 1507 1771 Dei,
1544 1701 1878 1775 possibilita-
1913 1732 1963 1793 Β

273 1803 387 1851 tem
418 1804 807 1869 consequatur.
845 1796 975 1853 Ideo
1004 1812 1117 1851 non
1156 1795 1318 1852 debet
1350 1795 1475 1868 quis
1524 1792 1829 1866 constringi
1860 1810 1876 1861 ;

274 1900 350 1941 ne
378 1901 413 1941 a
440 1885 593 1942 licito
650 1885 987 1958 prohibitus,
1046 1886 1246 1943 illicita
1284 1885 1583 1943 admittat:
1632 1883 1728 1940 sed
1770 1884 1886 1955 ipse

274 1973 391 2030 sibi
421 1974 607 2048 eligat,
636 1975 773 2048 quid
803 1983 1083 2049 sequatur.

354 2061 540 2134 (Vers.
571 2063 675 2135 8.)
740 2087 759 2111 ‹
798 2064 937 2122 Dico
982 2073 1166 2122 autem
1223 2080 1336 2121 non
1376 2062 1567 2138 nuptis
1592 2070 1646 2119 et
1675 2061 1882 2132 viduis,

274 2152 490 2209 bonum
526 2161 608 2210 est
638 2154 827 2223 illis,si
857 2155 938 2212 sic
954 2155 1549 2229 permaneant,sicutet
1563 2170 1679 2227 ego.
1711 2180 1729 2203 ι
1758 2155 1880 2210 Non

275 2241 505 2309 diceret,
536 2243 744 2300 bonum
788 2254 870 2301 est
908 2244 1176 2317 innuptis,
1211 2252 1272 2300 ut
1298 2246 1430 2311 sint,
1464 2244 1608 2300 sicut
1648 2252 1703 2299 et
1732 2259 1832 2315 ego
1861 2260 1876 2310 ;

278 2331 391 2389 nisi
420 2340 560 2389 esset
587 2333 800 2406 integer
827 2334 1191 2406 corpore.Nec
1209 2333 1454 2390 diceret:
1492 2357 1511 2379 ι
1542 2332 1746 2389 Omnes
1783 2330 1879 2386 ho-

281 2421 460 2479 mines
490 2423 742 2479 volebam
773 2439 909 2492 esse,
938 2423 1081 2479 sicut
1099 2439 1183 2479 me
1213 2423 1394 2495 ipsum
1425 2441 1438 2489 ;
1473 2448 1491 2470 ι
1536 2422 1582 2477 si
1611 2422 1762 2477 enim
1785 2420 1879 2475 ha-

277 2509 469 2568 buerit
496 2528 750 2583 uxorem,
784 2521 838 2569 et
882 2512 988 2569 hoc
1026 2512 1191 2581 dixit,
1239 2511 1481 2583 virgines
1528 2527 1645 2568 esse
1674 2510 1876 2565 noluit.

279 2599 389 2657 Sed
417 2599 588 2657 absit:
624 2602 706 2658 sic
725 2602 873 2658 enim
895 2601 1178 2675 apueritia
1206 2601 1438 2657 servivit
1456 2599 1597 2673 (38),
1636 2607 1695 2654 ut
1716 2597 1882 2671 hujus

283 2687 367 2744 rei
394 2689 639 2746 studium
673 2707 784 2747 non
814 2690 1073 2760 haberet;
1113 2691 1317 2765 quippe
1367 2706 1494 2747 cum
1541 2687 1881 2761 jnvenculus

278 2778 616 2851 anticipatos
644 2779 716 2835 sit
744 2796 776 2835 a
795 2779 967 2853 gratia
992 2779 1114 2837 Dei.
1155 2780 1450 2852 Postquam
1480 2777 1628 2834 dixit
1681 2793 1880 2831 unum-

285 2882 560 2941 quemque
590 2870 877 2942 proprium
922 2869 1132 2926 donum
1173 2868 1375 2924 habere
1414 2884 1445 2923 a
1472 2869 1608 2935 Deo,
1631 2863 1878 2921 ostendit

285 2954 349 3012 in
379 2974 483 3030 qua
512 2975 571 3014 re
601 2958 801 3015 melius
828 2966 912 3015 est
940 2974 1057 3015 esse
1084 2957 1497 3029 propensiorem
1527 2973 1559 3027 ,1
1577 2954 1710 3026 quia
1725 2952 1784 3007 in
1819 2968 1884 3007 eo

277 3044 577 3117 adjuvatur
605 3047 906 3122 qnis,quod
932 3046 1155 3103 videtur
1185 3045 1451 3103 aviditate
1480 3044 1682 3099 mentis
1724 3056 1883 3115 appe-
1915 3094 1959 3156 Ο

277 3142 399 3191 tere
407 3178 421 3192 .

358 3223 548 3295 (Vers.
578 3223 662 3294 9.)
708 3245 727 3270 ε
761 3222 921 3291 Quod
950 3222 996 3279 si
1025 3239 1082 3279 se
1111 3239 1225 3279 non
1254 3221 1560 3291 continent,
1595 3220 1830 3277 nubant.
1851 3244 1871 3268 ι

269 3314 343 3371 In
376 3311 484 3368 ista
504 3328 563 3367 re
581 3312 709 3369 illos
737 3314 858 3369 vult
888 3314 1006 3386 (39)
1038 3313 1390 3383 contendere,
1424 3322 1485 3370 ut
1535 3313 1879 3369 contineant.

275 3400 429 3470 Quid
455 3400 504 3457 si
534 3401 779 3474 impulsu
808 3404 991 3460 carnis
1021 3419 1366 3475 perseverare
1392 3419 1450 3458 se
1473 3402 1723 3458 viderint
1770 3416 1885 3456 non

278 3506 459 3564 posse,
491 3489 622 3564 quia
640 3507 742 3549 nec
768 3499 899 3548 sunt
927 3492 1293 3564 promptiores
1322 3492 1381 3548 in
1411 3508 1476 3548 eo
1506 3492 1649 3564 ipso,
1680 3498 1742 3546 ut
1792 3488 1884 3545 ad-

276 3579 552 3653 juventur
575 3595 607 3634 a
633 3581 780 3648 Deo;
816 3580 975 3636 illum
1006 3581 1156 3637 enim
1180 3584 1327 3638 Deus
1341 3581 1522 3655 juvat,
1544 3596 1709 3654 quem
1733 3577 1886 3634 videt

281 3676 403 3726 tota
442 3669 651 3726 virtute
686 3671 1051 3728 contendere:
1103 3669 1319 3727 nubant
1351 3670 1565 3744 utique,
1614 3668 1661 3724 si
1689 3666 1778 3722 uri
1816 3666 1883 3722 ti-

283 3766 456 3814 ment.
516 3759 677 3816 Forte
729 3759 879 3816 enim
936 3766 1195 3832 poterunt
1235 3759 1343 3816 hoc
1388 3768 1577 3832 postea
1613 3756 1883 3830 adipisci;

283 3845 498 3920 digesto
544 3847 695 3904 enim
737 3848 1138 3921 impedimento
1172 3856 1387 3922 reparat
1429 3865 1487 3905 se
1519 3856 1778 3904 voluntas
1793 3863 1879 3903 ro-

282 3934 528 3994 bustiore
543 3938 769 3995 virtute.

370 4048 392 4072 ι
417 4025 614 4083 Melius
642 4036 726 4085 est
750 4026 899 4085 enim
926 4027 1134 4084 nubere
1164 4043 1328 4102 quam
1380 4028 1488 4085 uri.
1512 4052 1533 4077 ι
1590 4027 1714 4084 Non
1761 4026 1888 4083 ideo

285 4112 437 4170 dixit
457 4118 491 4171 :‘
515 4140 533 4163 ι
562 4117 764 4174 Melius
800 4126 881 4175 est
910 4117 1061 4174 enim
1091 4117 1300 4174 nubere
1330 4134 1494 4191 quam
1522 4116 1631 4186 uri,
1664 4141 1682 4165 ι
1726 4114 1886 4189 quasi

284 4202 500 4263 bonum
531 4204 602 4262 sit
624 4205 735 4275 uri,
766 4206 891 4262 ideo
910 4206 1117 4263 nubere
1147 4207 1381 4283 melius:
1412 4206 1508 4263 sed
1537 4204 1887 4263 consuetudi-

287 4308 427 4350 nem
471 4302 689 4351 secutus
716 4303 818 4352 est.
849 4296 1100 4351 Solemus
1140 4295 1289 4350 enim
1335 4294 1543 4352 dicere:
1573 4295 1769 4351 Melius
1806 4301 1889 4350 est

284 4384 515 4442 lucrum
536 4385 729 4455 facere,
765 4402 933 4461 quam
960 4385 1245 4441 damnum.
1264 4385 1368 4442 Ubi
1386 4402 1516 4442 vero
1544 4392 1646 4454 est,
1676 4384 1886 4442 deside-

282 4476 389 4533 riis
417 4476 504 4548 agi
535 4480 621 4533 vel
653 4460 840 4535 vinci:
873 4495 999 4535 cum
1031 4478 1181 4535 enim
1211 4478 1471 4533 voluntas
1499 4477 1671 4533 calori
1701 4476 1883 4533 carnis
1915 4460 1966 4519 D

283 4568 590 4638 consentit,
620 4569 803 4626 uritur
829 4587 841 4625 :
874 4585 1003 4626 nam
1029 4568 1303 4627 desideria
1317 4567 1453 4642 pati,
1485 4574 1540 4624 et
1558 4582 1675 4623 non
1708 4566 1882 4634 vinci,

287 4654 529 4714 illustris
558 4657 669 4713 viri
698 4666 780 4715 est
798 4667 853 4716 et
880 4658 1131 4732 perfecti.

363 4745 773 4821 (Vers.10,ll.)
819 4772 837 4797 ι
868 4748 940 4805 lis
960 4757 1144 4805 autem
1174 4747 1270 4822 qui
1294 4745 1654 4805 matrimonio
1700 4741 1886 4819 juncti

395 4949 491 5030 ἓξ)
519 4949 682 5030 item.
714 4949 849 5030 edit.
884 4966 947 5008 ac
974 4967 1115 5030 mss;
1127 4948 1407 5030 nonnulli,
1432 4949 1642 5030 spiritu
1667 4948 1885 5030 ferbuit.

519 5021 646 5080 Vet.
677 5022 812 5079 edit.
836 5039 908 5095 ac
926 5039 1055 5079 mss.
1090 5019 1548 5095 frequentissimi,
1580 5019 1789 5077 imitari
1816 5022 1888 5095 ιι-

288 5092 521 5151 los‘vult
547 5112 563 5162 ;
594 5096 751 5152 Rom.
784 5094 1016 5163 edit.,...
1052 5111 1104 5148 se
1147 5092 1279 5149 vult.
1317 5092 1474 5149 Haud
1514 5092 1888 5161 incommode,

288 5181 485 5239 veram
511 5173 695 5239 tamen
721 5173 979 5239 putamus
1014 5164 1309 5221 lectionem
1330 5180 1470 5231 esse,
1504 5180 1669 5237 quam
1706 5180 1735 5219 e
1764 5163 1887 5220 cod.

287 5235 440 5296 Vall.
474 5235 838 5296 reposuimus.

368 5307 490 5382 (40)
525 5306 687 5366 Rom.
726 5308 883 5376 edit.,
915 5314 1012 5365 aut
1069 5307 1121 5362 si
1150 5306 1447 5382 impellente
1477 5307 1719 5382 lascivia,
1738 5323 1893 5362 usum

291 5375 506 5451 quierat
532 5382 724 5437 uxoris
746 5382 1040 5447 invertere;
1072 5375 1413 5451 vet.edit.ac
1431 5394 1577 5451 mss.‘
1594 5389 1657 5434 ut
1685 5375 1741 5433 in
1756 5394 1892 5451 con-

292 5448 478 5527 textu,
508 5452 627 5527 nisi
650 5452 798 5527 quod
828 5452 963 5527 alibi
993 5450 1248 5517 habetur,
1278 5448 1621 5527 illicite,aljbi
1661 5450 1889 5527 illicita.

1985 450 2237 524 innuptis
2276 458 2331 508 et
2379 451 2564 509 viduis
2597 453 2816 511 locutus
2861 462 2965 523 est,
2993 454 3096 513 hos
3137 456 3441 529 alloquitur
3482 455 3581 530 qui

1986 541 2344 598 matrimonio
2367 540 2549 612 juncti
2578 550 2725 611 sunt,
2756 560 2850 600 ore
2878 545 3174 603 Dominico
3209 565 3220 602 :
3286 571 3305 595 ι
3336 547 3581 604 Uxorem

1988 647 2021 686 a
2056 631 2180 686 viro
2206 646 2319 686 non
2350 629 2667 699 discedere;
2700 632 2845 705 quod
2873 634 2919 689 si
2966 634 3303 703 discesserit,
3363 652 3585 692 manere

1990 720 2304 792 innuptam.
2338 748 2356 770 ι
2400 722 2516 778 Hoc
2543 722 2792 794 Apostoli
2832 725 3125 781 consilium
3155 733 3258 795 est,
3290 734 3354 782 ut
3384 727 3430 782 si
3461 725 3588 783 dis-

1989 811 2214 866 cesserit
2280 819 2503 882 propter
2550 812 2749 866 malam
2786 815 3256 871 conversationem
3286 815 3417 884 viri,
3468 814 3585 886 jam

1989 900 2223 972 innupta
2243 908 2477 956 maneat.
2527 925 2545 948 ι
2565 902 2681 956 Aut
2707 901 2829 957 viro
2849 916 2953 958 suo
2984 894 3345 960 reconciliari.
3371 931 3389 952 ι
3429 903 3587 971 Quod

1986 990 2034 1045 si
2064 991 2347 1045 continere
2375 1006 2452 1057 se,
2485 989 2809 1062 inquit,non
2826 1000 3030 1063 potest,
3059 992 3191 1065 quia
3218 1009 3456 1064 pugnare
3475 1009 3588 1048 non

1987 1079 2109 1133 vult
2134 1086 2325 1133 contra
2353 1094 2595 1147 carnem,
2624 1078 2746 1135 viro
2803 1073 3235 1148 reconcilietur;
3298 1096 3411 1137 non
3443 1082 3589 1137 enim

1986 1167 2322 1240 permittitur
2345 1168 2586 1236 mulieri,
2608 1175 2671 1224 ut
2724 1166 2918 1237 nubat,
2950 1169 2997 1225 si
3027 1169 3211 1225 virum
3238 1186 3401 1226 suum
3428 1186 3594 1225 causa

1985 1258 2371 1316 fornicationis
2399 1258 2700 1327 dimiserit,
2730 1266 2825 1316 aut
2847 1259 3158 1331 apostasia),
3192 1268 3290 1316 aut
3314 1260 3362 1315 si
3392 1260 3593 1316 illicita

1987 1349 2307 1423 impellente
2336 1350 2587 1415 lascivia,
2616 1364 2776 1406 usum
2807 1358 3017 1422 quaerat
3046 1350 3239 1406 uxoris
3271 1349 3390 1422 (40)
3421 1367 3432 1405 :
3458 1350 3592 1422 quia

1987 1440 2220 1496 inferior
2249 1456 2359 1495 non
2392 1438 2765 1496 omninohzec
2802 1440 2917 1512 lege
2947 1439 3143 1507 utitur,
3166 1455 3274 1511 qua
3303 1438 3502 1510 potior.
3530 1438 3589 1495 Si

1989 1534 2173 1585 tamen
2203 1528 2597 1600 apostataverit
2635 1528 2743 1596 vir,
2776 1537 2871 1585 aut
2932 1543 3098 1585 usum
3153 1537 3360 1599 quaerat
3398 1528 3591 1585 uxoris

1989 1617 2288 1687 invertere,
2316 1632 2418 1674 nec
2445 1617 2544 1673 alii
2576 1624 2755 1690 potest
2780 1617 2988 1674 nubere
3015 1616 3241 1686 mulier,
3262 1634 3364 1674 nec
3384 1619 3590 1673 reverti

1990 1705 2058 1761 ad
2086 1706 2250 1763 illum
2284 1705 2424 1777 (41).
2466 1729 2484 1751 ι
2511 1706 2583 1762 Ει
2621 1705 2810 1763 virum
2841 1722 3073 1762 uxorem
3102 1722 3214 1761 non
3245 1705 3578 1762 dimittere.-

1995 1795 2338 1852 Subauditur
2366 1803 2571 1865 autem,
2620 1804 2849 1869 excepta
2885 1795 3275 1853 fornicationis
3305 1812 3487 1853 causa.
3520 1796 3591 1853 Et

1994 1885 2119 1942 ideo
2148 1902 2261 1941 non
2290 1885 2533 1956 sub,ecit
2554 1884 2764 1955 dicens,
2794 1885 2940 1943 sicut
2976 1885 3045 1943 de
3071 1884 3338 1952 muliere;
3361 1884 3510 1958 quod
3539 1885 3587 1941 si

1993 1973 2326 2042 discesserit,
2366 1990 2585 2030 manere
2616 1973 2732 2041 sic;
2765 1974 2897 2048 quia
2924 1975 3048 2031 viro
3077 1974 3420 2032 licetducere
3450 1991 3585 2029 uxo-

1992 2081 2130 2133 rem,
2171 2064 2219 2120 si
2246 2063 2521 2120 dimiserit
2552 2081 2781 2121 uxorem
2830 2072 3176 2137 peccantem:
3205 2064 3338 2138 quia
3366 2079 3479 2120 non
3510 2064 3590 2119 ita

1994 2155 2111 2228 lege
2144 2153 2546 2227 constringitur
2600 2154 2709 2224 vir,
2756 2153 2902 2213 sicut
2931 2154 3172 2223 mulier;
3234 2162 3398 2226 caput
3436 2154 3590 2210 enim

1992 2244 2243 2300 mulieris
2275 2245 2365 2300 vir
2392 2250 2492 2300 est.

2064 2334 2246 2407 (Vers.
2299 2333 2413 2405 i2.)
2461 2359 2478 2382 ι
2503 2334 2640 2390 Nam
2676 2333 2887 2390 caeteris
2915 2349 3014 2405 ego
3061 2332 3208 2403 dico,
3241 2350 3353 2390 non
3382 2332 3588 2390 Domi-

1990 2439 2113 2480 nus.
2140 2450 2158 2473 ι
2194 2425 2312 2481 Hoc
2338 2423 2502 2493 dixit,
2525 2433 2586 2481 ut
2600 2424 2853 2481 ostendat
2886 2423 3021 2497 quid
3038 2424 3262 2496 proprio
3282 2441 3377 2480 ore
3398 2425 3587 2483 Domi-

1991 2528 2094 2570 nus
2116 2513 2305 2585 jussit,
2327 2523 2382 2571 et
2407 2514 2542 2586 quid
2572 2512 2740 2583 hujus
2762 2514 3084 2569 auctoritati
3112 2516 3423 2582 concessit;
3456 2516 3589 2587 quia

1991 2611 2045 2659 et
2095 2619 2191 2674 per
2237 2603 2408 2658 istum
2438 2600 2712 2657 Dominus
2763 2599 3036 2671 loquitur.
3085 2601 3182 2655 Ait
3207 2601 3396 2657 enim:
3442 2626 3460 2647 ι
3494 2605 3584 2656 An

1990 2693 2433 2765 experimentum
2479 2690 2728 2763 quaeritis
2781 2687 2901 2759 ejus
2948 2687 3045 2759 qui
3098 2688 3159 2743 in
3212 2704 3300 2744 me
3342 2690 3589 2762 loquitur

1992 2781 2247 2839 Christus
2279 2780 2367 2849 (II
2397 2779 2522 2834 Cor.
2556 2794 2681 2844 xm,
2714 2776 2770 2847 3)
2801 2776 2830 2832 ?
2860 2800 2880 2825 ι

2076 2877 2221 2933 134
2250 2870 2431 2942 (Vers.
2468 2868 2582 2941 13.)
2628 2891 2647 2915 ι
2674 2867 2733 2923 Si
2762 2867 2887 2939 quis
2915 2865 3088 2923 frater
3136 2881 3369 2922 uxorem
3415 2864 3583 2925 habet

1992 2968 2294 3036 inﬁdelem,
2321 2977 2376 3025 et
2403 2967 2522 3024 haec
2545 2967 2819 3024 consentit
2846 2965 3098 3023 habitare
3122 2982 3251 3023 cum
3294 2965 3417 3035 illo,
3467 2982 3582 3023 non

1991 3058 2235 3115 dimittat
2255 3058 2429 3113 illam.
2452 3058 2526 3113 Et
2552 3057 2600 3112 si
2632 3073 2741 3130 qua
2761 3056 2961 3112 mulier
2989 3055 3157 3112 habet
3184 3055 3369 3110 virum
3392 3053 3587 3111 inﬁde-

1994 3146 2125 3211 lem,
2146 3155 2201 3203 et
2226 3147 2318 3203 hic
2336 3146 2613 3203 consentit
2626 3144 2873 3202 habitare
2887 3161 3013 3201 cum
3036 3144 3154 3212 illa,
3169 3160 3285 3201 non
3300 3143 3581 3215 relinquat

1994 3237 2199 3293 virum.
2226 3263 2244 3286 ι
2288 3237 2404 3293 Hoc
2426 3236 2596 3305 dixit,
2626 3236 2756 3309 quia
2786 3236 2929 3291 inter
2969 3236 3069 3291 illa
3098 3233 3422 3307 primordia,
3449 3250 3581 3290 cum

1994 3325 2157 3382 ambo
2187 3325 2378 3399 utique
2405 3333 2585 3382 essent
2616 3325 2868 3398 gentiles,
2898 3324 3066 3382 ﬁebat
3091 3332 3154 3380 ut
3181 3339 3327 3380 unus
3381 3338 3452 3378 ex
3502 3321 3591 3377 his

1994 3414 2275 3471 crederet:
2308 3423 2363 3471 et
2392 3416 2521 3488 quia
2569 3414 2868 3472 horrebant
2900 3413 3094 3486 perﬁdi
3134 3413 3414 3470 culturam
3459 3410 3583 3479 Dei,

1994 3504 2254 3561 similiter
2304 3513 2359 3561 et
2408 3504 2694 3563 credentes
2746 3503 3276 3561 contaminationem
3320 3500 3587 3573 praeteriti

1995 3596 2196 3653 erroris
2222 3614 2236 3664 ;
2272 3596 2395 3652 ideo
2414 3596 2762 3668 praecipit,ut
2782 3596 2826 3651 si
2857 3594 3106 3651 contenti
3128 3601 3310 3650 essent
3340 3592 3589 3650 habitare

1994 3703 2120 3743 cum
2147 3685 2476 3755 immutatis,
2507 3685 2755 3743 contenti
2782 3694 2966 3742 essent
3001 3692 3057 3741 et
3102 3682 3293 3741 ﬁdeles
3312 3698 3432 3740 esse
3454 3696 3585 3740 cum

1994 3774 2129 3831 illis.

2068 3864 2252 3936 (Vere.
2286 3864 2401 3935 14.)
2439 3888 2458 3910 ι
2489 3862 2872 3921 Sanctiﬁcatus
2894 3872 2975 3920 est
3011 3864 3162 3921 enim
3196 3863 3287 3919 vir
3350 3859 3593 3918 inﬁdelis

1996 3969 2094 4026 per
2121 3969 2351 4010 uxorem
2381 3952 2623 4023 ﬁdelem,
2654 3962 2709 4010 et
2736 3953 3077 4011 sanctiﬁcata
3101 3960 3183 4008 est
3212 3953 3414 4007 mulier
3469 3946 3592 4002 inﬁ-

1994 4043 2137 4101 delis
2166 4060 2236 4101 ex
2264 4044 2388 4101 viro
2416 4042 2588 4101 ﬁdeli.
2614 4071 2632 4093 -
2676 4045 2885 4101 Habere
2920 4044 3047 4099 illos
3072 4039 3403 4097 beneﬁcium
3434 4036 3605 4090 bonae.

1995 4134 2300 4193 voluntatis
2345 4135 2589 4192 ostendit
2634 4135 2776 4207 (42),
2827 4133 2957 4205 quia
3003 4132 3289 4186 horrorem
3348 4123 3595 4181 nominis

1997 4224 2202 4283 Christi
2232 4243 2345 4282 non
2375 4226 2619 4282 habent:
2653 4234 2707 4280 et
2762 4223 2831 4279 ad
2869 4221 3170 4278 tuitionem
3213 4216 3444 4290 hospitii
3475 4232 3594 4289 per-

1995 4315 2154 4384 tinet,
2187 4316 2245 4372 in
2276 4333 2386 4389 quo
2414 4315 2634 4385 signum
2666 4311 2730 4369 ﬁt
2753 4310 2954 4378 crucis,
2987 4325 3096 4383 quo
3122 4323 3268 4365 mors
3301 4307 3449 4365 victa
3475 4314 3587 4376 est,

1996 4405 2360 4463 sanctiﬁcatio
2387 4404 2536 4460 enim
2572 4410 2673 4463 est.

2084 4519 2101 4541 ι
2124 4496 2389 4568 Alioquin
2412 4493 2516 4550 ﬁlii
2545 4491 2713 4549 vestri
2736 4488 3012 4549 immundi
3032 4494 3233 4546 essent.
3255 4514 3275 4538 ει
3309 4485 3593 4545 Immundi

1996 4592 2177 4640 essent
2204 4583 2307 4639 ﬁlii
2332 4601 2545 4652 eorum,
2586 4582 2633 4639 si
2661 4581 3006 4638 dimitterent
3036 4579 3285 4635 volentes
3342 4576 3594 4634 habitare

1997 4690 2182 4731 secum
2202 4673 2342 4745 (43),
2376 4681 2431 4729 et
2453 4673 2576 4729 aliis
2599 4688 2655 4728 se
2686 4672 3039 4743 copularent;
3072 4676 3252 4724 essent
3275 4666 3423 4723 enim
3440 4665 3594 4723 adul-

1996 4765 2123 4835 teri,
2155 4781 2217 4822 ac
2244 4780 2340 4837 per
2368 4762 2475 4819 hoc
2494 4771 2551 4820 et
2574 4761 2681 4818 ﬁlii
2709 4776 2900 4817 eorum
2917 4758 3092 4830 spurii
3117 4778 3132 4828 ;
3161 4758 3287 4816 ideo
3314 4756 3594 4815 immundi

1998 4944 2232 5015 subjecti,
2263 4952 2391 5011 etc.,
2449 4957 2622 5015 usque
2667 4938 2737 4996 ad
2770 4953 2912 4995 vers.
2950 4936 3036 5015 1:2,
3058 4937 3221 5015 abest
3257 4954 3289 4994 a
3314 4935 3443 5015 cod.
3478 4936 3596 5015 Re:-

1998 5007 2411 5101 mig.‘_unon,__Et
2438 5007 2713 5087 adjectum
2742 5010 3029 5069 contendit
3055 5011 3118 5066 P.
3170 5007 3517 5066 Lombardus
3548 5008 3591 5063 ῐ.

1997 5090 2340 5233 “23213335
2333 5132 2443 5215 vet.
2471 5158 2606 5215 edit.
2639 5174 2702 5213 ac
2728 5171 2860 5238 mss.
2886 5154 3161 5281 (plerique,
3194 5169 3226 5209 a
3255 5151 3457 5225 quibus
3478 5163 3592 5205 non

2000 5232 2228 5281 dissidet.
2258 5233 2416 5281 Rom-
2447 5230 2602 5281 edit...
2634 5229 2741 5281 nis:
2773 5243 2882 5281 uno
2956 5226 3195 5281 praefert.
3254 5240 3358 5277 non
3402 5221 3592 5276 habere

2000 5221 2228 5289 dissidet
2258 5233 2416 5288 Rom.
2447 5230 2602 5297 edit.,
2634 5228 2741 5283 nisi
2773 5221 2922 5297 quod
2956 5221 3203 5297 praefert,
3254 5221 3358 5297 rion
3402 5221 3593 5297 habere

1998 5306 2070 5360 ad
2101 5305 2412 5359 tuitionem:
2442 5319 2545 5358 ms.
2578 5292 2760 5357 autem
2788 5292 2972 5357 Corbf
2985 5296 3137 5369 legit,
3171 5296 3240 5352 In
3269 5293 3443 5364 fratre
3482 5292 3593 5344 ha-

2000 5376 2115 5431 bere
2144 5378 2266 5431 illos
2292 5376 2611 5445 beneﬁcium,
2642 5379 2747 5445 etc.

2075 5447 2190 5519 (43)
2225 5448 2324 5505 Ms.
2365 5443 2556 5515 Cerh.,
2585 5445 2631 5499 si
2670 5443 3001 5519 dimitterent
3022 5450 3249 5516 uxorein
3290 5446 3475 5519 fugin,
3500 5445 3593 5519 uo-

367 5501 486 5597 Zlii’)
509 5501 1315 5597 ’ὅὸξὶεῖίᾶοἶοίἱῗτῖςὲἶὲἐῦὲέιές
1330 5501 1895 5597 adspersam;
2002 5501 2158 5597 ζειὰεὲ
2172 5501 2329 5597 ἐἀῇἱ-
2354 5501 2555 5597 uber;
2568 5531 2759 5574 secum.
2800 5514 2872 5572 Et
2912 5511 3081 5576 infra,
3117 5506 3248 5577 quia
3273 5508 3322 5558 et
3346 5501 3409 5558 de
3453 5517 3592 5560 con-

292 5592 574 5653 ad'ill'um.
607 5595 769 5665 Quod
794 5604 978 5654 autem
1016 5592 1248 5651 habetur
1286 5592 1434 5648 intra
1478 5593 1592 5648 :Et
1636 5592 1749 5648 ideo
1779 5610 1889 5647 non

1991 5588 2212 5662 jugibus
2241 5590 2419 5650 licitis.
