4112 6178
287 282 394 344 233

1377 282 1734 341 COMMENT.
1778 281 1848 337 ΙΝ
1887 281 2102 337 El’ii'i‘.
2147 283 2167 336 l
2207 279 2300 335 AD
2340 281 2495 337 COll.

3467 281 3574 340 εδι

294 413 530 484 (Matth,
559 425 638 478 xx,
668 407 760 477 29,
783 408 899 481 30).
927 433 946 457 ν
990 409 1306 483 Superbiam
1339 411 1519 484 itaque
1549 410 1801 479 abscidit,
1834 418 1888 466 et
1918 413 1967 470 A
1998 408 2103 464 nisi
2133 426 2294 464 causa
2338 408 2730 464 fornicationis.
2782 411 3114 482 Frequenter
3152 409 3294 464 enim
3336 427 3458 466 suas
3486 413 3582 468 di-

292 500 556 556 unitatem
585 497 756 566 fecit;
797 506 860 554 ut
890 513 1064 571 neque
1092 513 1285 554 servus
1314 497 1522 571 pudore
1551 498 1887 556 conditionis

291 587 605 661 despectum
635 601 694 644 se
722 594 893 660 putet,
927 603 1100 661 neque
1128 587 1270 644 liber
1299 587 1536 644 elatione
1564 589 1764 646 mentis
1791 588 1890 644 in-

289 678 472 746 ﬂatus,
506 693 666 735 servo
693 693 750 736 se
777 687 1124 751 superponat.

367 767 551 840 (Vers.
582 767 700 840 23.)
751 791 770 816 σ
797 766 979 824 Pretio
1007 766 1181 840 empti
1213 767 1369 836 estis,
1397 765 1571 824 nolite
1599 765 1718 822 ﬁeri
1746 763 1890 823 servi

291 853 606 915 hominum.
636 881 656 905 ι
685 855 888 914 Verum
909 863 1013 924 est,
1037 856 1169 928 quia
1195 863 1304 911 tam
1335 869 1462 912 caro
1491 855 1658 926 empti
1679 871 1888 919 sumus,

291 955 358 1003 ut
385 963 416 1002 a
443 945 598 1002 nullo
643 943 845 1000 redimi
883 943 1278 1016 potuissemus,
1325 941 1432 999 nisi
1459 959 1494 998 a
1525 941 1762 1010 Christo,
1792 941 1887 1014 qui

292 1033 542 1090 omnium
583 1033 741 1089 dives
782 1041 885 1088 est.
921 1030 1028 1098 Qui
1077 1047 1204 1101 ergo
1245 1031 1420 1103 pretio
1462 1031 1684 1098 emitur,
1717 1029 1889 1102 magis

292 1123 500 1178 servire
526 1119 712 1187 debet,
739 1125 816 1175 .ut
842 1117 1185 1190 aliquatenus
1236 1118 1409 1174 vicem
1442 1118 1631 1176 reddat
1661 1128 1884 1189 erupto-

291 1211 362 1266 ri.
397 1211 447 1266 Α
472 1211 590 1266 Deo
623 1223 752 1280 ergo
781 1207 970 1278 empti,
1005 1205 1060 1261 id
1089 1213 1169 1261 est
1193 1223 1225 1263 a
1253 1205 1493 1275 Christo,
1523 1206 1668 1262 servi
1696 1206 1889 1264 homi-

292 1315 434 1356 num
486 1311 602 1354 esse
647 1311 759 1352 non
801 1295 1017 1350 debent.
1059 1293 1213 1350 Servi
1263 1304 1443 1352 autem
1491 1295 1779 1351 hominum
1827 1295 1888 1352 hi

304 1395 445 1453 sunt,
493 1384 586 1458 qui
633 1383 891 1440 humanis
939 1398 996 1439 se
1035 1381 1336 1454 subjiciunt
1383 1385 1886 1457 superstitionibus.

311 1473 588 1546 Apostolus
617 1480 799 1527 tamen
821 1468 961 1526 illud
995 1478 1281 1537 memorat,
1313 1470 1460 1545 quod
1489 1469 1547 1526 in
1575 1472 1752 1542 capite
1780 1469 1891 1544 epi,

313 1566 448 1623 notae
467 1561 838 1636 reprehendit,
859 1577 926 1618 eo
952 1561 1099 1636 quod
1118 1561 1394 1618 dicereut:
1423 1561 1540 1632 Ego
1565 1577 1686 1617 sum
1713 1561 1888 1627 Pauli;

311 1653 439 1720 ilius
465 1661 644 1710 autem
687 1669 700 1709 :
753 1653 872 1723 Ego
901 1651 1101 1721 Apollo
1137 1650 1190 1720 (1
1219 1650 1346 1708 Cor.
1381 1667 1423 1720 ι,
1456 1650 1568 1721 12).
1609 1649 1773 1706 Dedit
1801 1658 1896 1706 ta-

1997 497 2297 562 miltentes,
2333 496 2435 552 sub
2466 497 2698 566 tegmine
2736 499 3085 553 continentia?
3118 498 3248 552 alias
3279 497 3578 572 decipiunt,

1997 587 2383 658 refrigescente
2433 597 2729 658 prepomto.
2771 588 2872 642 Sed
2905 589 2950 644 si
2996 587 3191 643 melius
3231 589 3349 644 vult
3396 591 3583 646 vi\ere

2001 691 2123 732 cum
2153 691 2325 730 uxore
2356 691 2454 730 sua
2501 675 2732 747 positus,
2781 675 3098 732 exhortetur
3149 675 3323 745 illam,
3363 684 3427 733 ut
3465 678 3584 736 sine

2001 763 2257 820 seandalo
2283 764 2476 836 purius
2505 764 2590 819 ι’ὶι
2603 773 2718 820 ant.

2086 877 2104 899 ε
2141 853 2362 910 Solutus
2399 869 2456 908 es
2501 851 2569 908 ab
2598 852 2820 908 uxore?
2867 869 2935 910 ne
2963 854 3236 927 quaesieris
3263 872 3510 915 uxorem.
3551 883 3570 908 ι

1998 941 2071 998 Ut
2093 943 2268 999 sciens
2299 942 2405 997 hoc
2433 944 2607 1012 magis
2636 943 2751 999 Deo
2782 951 3088 1014 acceptum,
3133 952 3186 998 et
3213 959 3244 998 a
3271 947 3587 1005 necessitate

1999 1033 2256 1100 liberum,
2293 1046 2402 1085 non
2437 1039 2645 1102 quaerat
2675 1045 2902 1085 uxorem
2929 1047 2942 1098 ;
2979 1029 3055 1084 ita
3083 1037 3266 1086 tamen
3296 1039 3411 1086 uta
3436 1041 3589 1088 crete-

1997 1118 2074 1174 ris
2101 1124 2384 1190 temperet.
2415 1116 2471 1172 Si
2495 1115 2817 1190 quominus,
2844 1113 2978 1189 quid
3011 1117 3230 1190 prodest
3258 1117 3591 1175 desiderium

1998 1208 2176 1264 carnis
2210 1220 2473 1277 premere,
2525 1203 2632 1261 hoc
2678 1210 2781 1273 est,
2827 1218 2940 1259 rem
2991 1203 3196 1264 licitam
3231 1221 3508 1276 spernere,
3539 1215 3594 1264 et

2001 1293 2212 1350 illicitis
2237 1292 2517 1364 subjaccre
2535 1293 2564 1347 Ἰ

2075 1389 2255 1460 (Vers.
2283 1386 2399 1456 28.)
2421 1412 2436 1434 ι
2458 1385 2512 1442 Si
2543 1394 2724 1442 autem
2756 1385 3026 1458 acceperis
3053 1403 3303 1454 uxorem,
3333 1405 3442 1443 non
3471 1396 3589 1460 pec‘

2001 1479 2156 1536 casti.
2189 1501 2208 1523 ι
2273 1476 2393 1531 Non
2428 1475 2618 1549 utique
2665 1485 2872 1547 peccat,
2913 1476 3042 1548 quia
3087 1475 3230 1546 quod
3277 1491 3590 1533 concessum

2003 1575 2103 1635 est,
2135 1565 2284 1622 facit.
2315 1565 2371 1620 Si
2403 1580 2534 1619 vero
2569 1563 2978 1634 contempserit,
3011 1563 3265 1618 meritum
3295 1563 3397 1618 sibi
3430 1565 3591 1620 collo-

2005 1663 2090 1712 cat
2113 1663 2166 1710 et
2194 1667 2474 1710 coronam.
2508 1652 2713 1723 Magum
2737 1651 2885 1706 enim
2915 1651 3192 1723 patientiae
3223 1658 3322 1718 est,
3352 1651 3455 1708 hoc
3485 1669 3594 1708 non

297 1757 424 1798 men
451 1741 747 1798 articulum
784 1739 1068 1830 Christ“!!!
1095 1736 1378 1794 fatendum
1430 1737 1601 1830 Πθιιιξι
1628 1755 1642 1804 ;
1678 1734 1896 1810 quando
1921 1767 1969 1830 Β
2003 1744 2334 1816 contingere,
2367 1743 2511 1818 quod
2545 1737 2885 1814 prohibitum
2919 1757 3026 1796 non
3047 1749 3150 1797 est.
3189 1766 3206 1788 ι
3227 1742 3298 1796 Et
3325 1742 3370 1796 si
3401 1759 3597 1815 nupse-

299 1847 493 1889 servos
524 1827 736 1890 Christi
765 1843 880 1885 non
918 1823 1164 1884 hominis
1193 1841 1381 1887 servos
1403 1825 1762 1902 appellandos
1797 1843 1897 1884 os—

295 1919 503 1976 tendit.

375 2017 560 2089 (Vers.
589 2014 706 2088 24.)
749 2037 770 2062 ι
797 2013 1191 2092 Unusquisque
1222 2014 1409 2086 frater,
1442 2015 1504 2074 in
1531 2033 1640 2094 quo
1671 2020 1896 2074 voc-atus

296 2111 404 2173 est,
434 2104 493 2160 iu
525 2119 590 2160 eo
614 2110 832 2160 maneat
859 2103 1004 2176 apud
1033 2105 1228 2160 Deum.
1253 2127 1274 2152 ι
1310 2103 1424 2162 Hoc
1452 2112 1534 2161 est
1563 2102 1708 2177 quod
1735 2116 1898 2177 sapl'a

300 2193 466 2262 dixit,
501 2191 648 2266 quod
675 2199 738 2248 ut
766 2192 925 2266 plene
953 2191 1322 2261 commendet,
1354 2193 1598 2252 reiterat.

377 2303 559 2374 (Vers.
607 2301 724 2372 25.)
789 2325 809 2350 ι
854 2302 934 2358 De
977 2301 1288 2374 virginibus
1333 2310 1514 2358 autem
1565 2307 1895 2374 praeceptum

303 2391 527 2447 Domini
575 2407 684 2446 non
729 2389 922 2446 habeo.
959 2415 978 2437 ι
1033 2389 1148 2446 lloc
1194 2389 1262 2445 ad
1306 2389 1508 2461 scripta
1549 2390 1770 2446 illorum
1803 2403 1898 2448 re—

307 2482 551 2556 spondit,
585 2482 731 2540 sicut
758 2498 923 2556 supra
949 2481 1132 2540 dixit:
1167 2483 1244 2538 De
1261 2481 1464 2554 quibus
1480 2488 1658 2536 autem
1681 2479 1896 2548 scripsi-

303 2570 407 2626 stis
427 2571 587 2638 mihi,
610 2579 715 2628 etc.
747 2571 885 2643 (cap.
905 2587 1006 2636 vn,
1028 2569 1106 2642 1).
1129 2595 1148 2616 ι
1169 2597 1224 2608 -ο
1250 2593 1267 2616 ‹
1287 2567 1780 2625 Consiliumautem
1806 2567 1896 2634 do,

306 2666 567 2734 tauquam
618 2657 1051 2717 misericordiam
1099 2665 1422 2716 consecutus
1467 2673 1499 2714 ιι
1531 2657 1791 2720 Domino,
1839 2663 1902 2714 ut

306 2747 413 2804 sim
460 2747 654 2804 ﬁdelis.
705 2773 725 2796 ι
783 2748 1120 2818 Praeceptum
1177 2745 1244 2802 de
1294 2745 1602 2817 virginibus
1643 2754 1802 2816 negat
1846 2761 1902 2820 se

307 2834 595 2906 accepisse,
621 2835 750 2908 quia
779 2852 891 2892 non
918 2840 1130 2906 poterat
1159 2841 1351 2890 auctor
1380 2833 1626 2904 conjugii
1653 2849 1764 2888 rem
1797 2831 1904 2886 ad-

308 2940 523 2980 versam
569 2924 776 2995 nuptiis
812 2923 1101 2994 imperare,
1149 2937 1218 2978 ne
1259 2921 1469 2976 factum
1519 2937 1679 2977 suum
1709 2919 1907 2990 pristi-

303 3030 441 3070 num
475 3021 771 3070 accusaret.
834 3033 853 3056 ε
887 3009 1196 3066 Consilium
1232 3015 1440 3074 autem,
1474 3006 1572 3073 ait,
1602 3005 1701 3072 do;
1735 3029 1754 3053 ι
1795 3021 1907 3064 non

303 3100 458 3173 quod
484 3100 794 3172 displiceat,
817 3113 994 3168 neque
1014 3094 1162 3166 quod
1191 3094 1506 3150 adulatione
1532 3093 1775 3150 fucatam
1794 3094 1894 3160 sit;

299 3189 442 3264 quia
469 3185 539 3242 ad
569 3187 675 3242 hoc
711 3187 940 3257 gratiam
973 3191 1301 3240 consecutus
1329 3190 1431 3252 est,
1460 3189 1523 3240 ut
1563 3182 1792 3241 idoneus
1827 3181 1900 3238 sit

293 3273 368 3333 in
401 3272 600 3330 dandis
628 3271 874 3328 consiliis
899 3268 1248 3326 salutaribus.

380 3379 692 3454 (Vers.26.)
713 3402 730 3426 ι
746 3376 1022 3434 Existimo
1043 3390 1170 3448 ergo
1193 3375 1300 3432 hoc
1319 3375 1526 3432 bonum
1547 3390 1664 3432 esse
1683 3381 1902 3446 propter

303 3477 630 3545 praesentem
661 3467 1039 3524 necessitatem
1063 3482 1078 3533 ;
1132 3463 1262 3537 quia
1285 3463 1557 3534 optimum
1577 3471 1660 3522 est
1686 3460 1902 3518 homini

303 3559 388 3616 sic
414 3573 550 3615 esse.
579 3581 598 3604 ι
640 3555 854 3612 Bonum
883 3553 1019 3610 dicit
1037 3569 1154 3609 esse
1172 3551 1444 3623 virginem
1475 3567 1808 3622 permanere.
1829 3550 1904 3606 Et

307 3655 371 3705 ut
395 3647 502 3702 hoc
520 3643 828 3702 absolutius
844 3641 1174 3708 ostenderet,
1193 3664 1211 3688 α
1231 3649 1450 3712 propter
1467 3647 1784 3710 praasentem
1811 3653 1903 3696 ne-

310 3735 645 3800 cessitatem,
669 3757 690 3781 ›
719 3731 797 3788 ait
821 3750 832 3787 :
866 3731 996 3804 quia
1018 3729 1291 3802 optimum
1311 3735 1414 3796 est,
1437 3735 1499 3782 ut
1526 3727 1670 3784 inter
1695 3726 1903 3784 bonum

309 3834 363 3880 et
393 3821 667 3896 optimum
711 3819 852 3878 nihil
898 3827 1010 3874 tam
1062 3817 1386 3891 praeclarum
1424 3823 1589 3888 atque
1613 3815 1749 3872 utile
1785 3830 1904 3874 esse

307 3919 749 3982 cognosceretur,
773 3922 935 3980 quam
958 3913 1039 3964 est
1069 3905 1395 3976 virginitas;
1427 3903 1558 3978 quia
1584 3920 1696 3964 non
1721 3903 1903 3963 solum

307 3999 458 4076 apud
503 4001 676 4056 Deum
731 3995 1105 4066 virginitatem
1157 3993 1682 4052 commendatiorem
1721 3991 1904 4057 docet,

311 4088 408 4148 sed
459 4094 513 4142 et
565 4086 710 4158 apud
771 4084 942 4140 vitam
989 4089 1332 4156 praasentem,
1387 4081 1519 4138 dum
1557 4079 1906 4138 necessitates

309 4174 574 4248 temporis
605 4172 779 4229 nescit
800 4187 936 4246 quas
964 4169 1172 4243 patitur
1199 4167 1542 4241 conjugatio;
1572 4177 1628 4224 et
1649 4184 1905 4225 maerores

305 4270 523 4338 partus,
554 4262 832 4333 simulque
861 4259 1123 4315 orbitates
1149 4257 1395 4314 ﬁliorum
1425 4256 1658 4327 ignorat.
1683 4255 1750 4312 Ut
1779 4273 1906 4328 ergo

307 4354 381 4413 ad
411 4351 557 4408 hanc
581 4348 938 4408 atiectandam
985 4347 1318 4414 hortaretur,
1354 4348 1483 4406 136
1511 4351 1790 4414 praesentis
1816 4358 1908 4400 ne.

2003 1833 2077 1889 rit
2109 1833 2284 1906 virgo,
2334 1849 2444 1888 non
2494 1832 2758 1904 peccavit.
2794 1855 2814 1879 ι
2872 1830 2993 1888 Non
3023 1838 3232 1902 peccat,
3284 1831 3415 1904 quia
3449 1832 3594 1906 apud

2003 1919 2178 1978 Deum
2205 1937 2274 1976 ex
2302 1919 2405 1976 hac
2433 1936 2593 1976 causa
2619 1919 2791 1975 libera
2817 1928 2917 1976 est.

2090 2043 2112 2069 ι
2148 2017 2552 2076 Τι’ἱὺιιιαῑὶοιιεε
2580 2026 2762 2074 tamen
2791 2015 2970 2074 carnis
3004 2016 3284 2075 habebunt
3312 2017 3592 2091 huiusmo-

2007 2107 2085 2168 di.
2125 2134 2144 2158 ιι
2211 2108 2324 2165 lloc
2363 2116 2463 2175 est,
2517 2107 2618 2163 etsi
2660 2123 2691 2162 a
2736 2115 2956 2179 peccato
3005 2106 3158 2163 liberi
3206 2107 3339 2175 sint,
3387 2109 3444 2163 in
3493 2109 3595 2166 hac

2004 2207 2188 2255 tamen
2220 2198 2334 2253 vita
2365 2195 2748 2252 tribulationes
2771 2195 3073 2264 habebunt,
3105 2196 3337 2268 gemitus
3364 2200 3592 2267 ventris,

2006 2287 2340 2343 nutrimenta
2362 2287 2624 2354 filiorum,
2656 2286 2855 2354 victus,
2890 2292 3221 2357 tegumenta,
3246 2285 3418 2355 dotes,
3441 2287 3594 2358 mgri-

2005 2375 2159 2444 tudo,
2208 2383 2498 2448 apparatus
2540 2373 2757 2446 domus,
2804 2373 2996 2432 uxoris
3041 2374 3354 2443 necessitas,
3411 2375 3594 2432 mariti

2007 2462 2326 2521 dominatio.

2091 2585 2110 2608 ε
2147 2561 2263 2628 Ego
2291 2567 2474 2616 autem
2503 2558 2663 2614 vobis
2691 2573 2871 2632 parco.
2896 2583 2916 2606 ι
2949 2557 3129 2614 Parcit
3156 2559 3375 2630 quando
3395 2559 3461 2614 ab
3481 2560 3598 2615 haec

2010 2648 2182 2719 magis
2220 2655 2501 2719 provocat,
2558 2662 2678 2718 quae
2716 2645 3100 2702 tribulationes
3137 2646 3315 2701 carnis
3350 2654 3404 2702 et
3436 2646 3601 2702 solli-

2011 2739 2286 2795 citudines
2323 2745 2649 2792 memoratas
2706 2735 3030 2792 excludunt.
3091 2736 3276 2790 Potest
3311 2737 3392 2792 sic
3426 2735 3602 2792 videri

2016 2841 2253 2896 parcere,
2281 2841 2407 2880 cum
2439 2824 2727 2896 permittit,
2772 2832 2826 2879 et
2853 2839 2966 2880 non
2995 2822 3323 2884 contradicit
3352 2825 3602 2884 volenti—

2012 2914 2138 2982 bus,
2168 2913 2316 2988 quod
2344 2929 2631 2972 onerosum
2664 2914 2921 2974 ostendit.

2089 3021 2266 3089 (Vers.
2299 3021 2414 3091 29.)
2465 3045 2485 3068 ι
2526 3022 2640 3078 Hoc
2677 3021 2859 3094 itaque
2897 3021 3054 3090 dico,
3114 3023 3343 3091 fratres,
3384 3034 3600 3095 tempus

2012 3109 2318 3168 breviatum
2343 3117 2445 3178 est,
2477 3118 2532 3166 et
2560 3111 2834 3182 reliquum
2862 3119 2962 3168 est.
2985 3137 3003 3159 ι
3037 3112 3352 3168 Βινυιὶίιὶυιι]
3385 3122 3600 3185 tempus

2006 3205 2063 3255 et
2090 3199 2360 3271 reliquum
2402 3198 2614 3266 dicens,
2661 3198 2823 3254 ﬁnem
2857 3199 3062 3256 mundo
3091 3200 3378 3258 imminere
3409 3203 3599 3272 signi-

2009 3285 2196 3344 ﬁcavit
2228 3304 2240 3341 :
2288 3286 2540 3358 quamvis
2568 3285 2732 3342 sciret
2764 3287 2880 3359 (47)
2921 3288 3102 3346 adhuc
3129 3297 3372 3359 tcn'ipora
3400 3306 3601 3362 superu-

2006 3389 2142 3432 esse.
2167 3374 2272 3430 Sed
2299 3375 2459 3431 aliter
2485 3375 2722 3432 scribere
2756 3391 2866 3432 non
2898 3375 3087 3432 debuit
3115 3386 3334 3448 propter
3362 3377 3482 3444 hos,
3503 3377 3599 3449 qui

2005 3462 2200 3519 lecturi
2230 3461 2348 3518 haec
2377 3470 2507 3520 tunc
2534 3471 2684 3530 sunt,
2713 3479 2838 3518 cum
2869 3463 3130 3536 prebreve
3157 3467 3423 3535 supererit
3451 3473 3599 3521 tem-

2009 3566 2146 3624 pus;
2177 3567 2246 3606 ne
2272 3567 2486 3624 semper
2514 3551 2646 3608 dum
2673 3553 2834 3623 longe
2863 3569 2979 3608 esse
3008 3561 3290 3624 putaretur
3311 3553 3427 3611 dies
3451 3553 3598 3626 judi-

2009 3639 2104 3708 cii,
2133 3649 2227 3697 aut
2255 3657 2367 3696 non
2396 3641 2701 3708 timeretur,
2730 3647 2826 3696 aut
2846 3641 3047 3698 falsum
3075 3659 3192 3698 esse
3219 3643 3596 3702 mstimaretur.

2009 3725 2154 3784 Illud
2179 3735 2360 3784 autem
2394 3727 2541 3800 quod
2571 3728 2799 3794 dicitur,
2827 3744 2952 3784 cum
2984 3727 3162 3786 adhuc
3191 3730 3349 3800 longe
3375 3731 3468 3798 sit,
3499 3731 3599 3786 im-

2013 3815 2220 3870 minere
2260 3815 2496 3870 multum
2525 3815 2776 3886 prolicit;
2828 3825 3089 3872 terrorem
3129 3819 3276 3876 enim
3310 3817 3602 3878 incutitad

2011 3903 2299 3964 meliorem
2329 3903 2500 3962 vitam
2543 3903 2807 3976 agendam
2855 3905 3195 3965 hominibus.
3235 3907 3483 3975 Denique
3509 3903 3603 3958 hic

2012 3999 2072 4061 in
2097 3997 2349 4071 praesenti
2379 4014 2544 4074 quam
2574 3998 2800 4056 solliciti
2825 4009 2957 4054 sunt
2987 3999 3048 4067 ii,
3090 3997 3186 4068 qui
3220 3994 3364 4065 apud
3388 3993 3602 4062 iudices

2012 4086 2216 4146 habent
2245 4102 2362 4158 quae
2391 4095 2572 4157 agant,
2601 4104 2724 4144 cum
2753 4094 3000 4141 actorum
3032 4083 3148 4138 dies
3176 4080 3380 4138 dicitur
3407 4077 3603 4137 immi-v

2013 4191 2142 4234 nere
2161 4175 2189 4232 ?
2227 4174 2343 4231 Hoc
2371 4183 2526 4230 sonat
2555 4175 2666 4240 hic,
2704 4175 2850 4244 quod
2879 4173 2988 4226 alio
3022 4172 3079 4224 in
3106 4171 3226 4225 loco
3257 4167 3412 4237 dicit,
3461 4193 3480 4216 σ
3508 4186 3604 4226 se~

2008 4262 2286 4332 ductores,
2311 4263 2405 4319 sed
2435 4277 2652 4318 veraces
2682 4261 2769 4332 (ΙΙ
2799 4260 2924 4315 Cor.
2955 4275 3032 4326 v1,
3057 4257 3145 4330 8).
3183 4283 3202 4306 ι

2095 4392 2119 4418 ι
2155 4370 2224 4427 Ut.
2257 4377 2314 4426 et
2358 4367 2455 4442 qui
2499 4367 2702 4424 habent
2749 4381 2964 4434 uxores,
3015 4366 3094 4422 ita
3123 4367 3256 4434 sint,
3295 4383 3360 4423 ac
3397 4367 3443 4422 si
3489 4383 3602 4424 non

307 4448 584 4510 cessitatis
611 4447 780 4504 exitia
810 4444 1014 4504 lucrari
1041 4443 1202 4501 docet
1232 4441 1350 4510 has,
1380 4439 1676 4546 quasillam
1703 4438 1900 4546 dilexe-

2015 4454 2296 4514 babentes.
2325 4481 2347 4506 ι
2373 4438 2548 4522 “Quia
2577 4454 2722 4512 enim
2753 4455 2948 4512 mundi
2976 4454 3104 4511 ﬁnis
3133 4455 3190 4511 in
3217 4455 3471 4528 proximo
3499 4464 3603 4524 est,

311 4537 460 4604 r3113;
509 4543 571 4592 ιη
605 4551 734 4592 cum
779 4550 890 4592 non
921 4533 1100 4590 δοῙῑιω
1143 4532 1286 4590 hanc
1330 4529 1480 4603 apud
1507 4530 1682 4586 Deum
1724 4528 1906 4616 locum
1935 4528 1986 4546 υ
2011 4559 2128 4606 non
2155 4543 2348 4602 debere
2374 4545 2441 4602 ad
2471 4544 2838 4615 generandum
2867 4561 2984 4601 esse
3011 4543 3300 4611 sollicitos,
3332 4561 3506 4616 neque
3537 4546 3606 4602 ad

307 4625 600 4682 meliorem
633 4623 836 4680 habere
865 4622 1108 4688 discunt,
1136 4636 1328 4678 verum
1349 4617 1514 4675 etiam
1543 4617 1603 4674 in
1630 4615 1907 4690 praesenti,

313 4715 468 4774 omni
518 4713 797 4772 industria
835 4711 979 4770 hanc
1022 4718 1358 4785 appeterent.
1402 4709 1584 4766 Unum
1627 4705 1777 4764 enim
1804 4713 1908 4776 est,

311 4803 462 4880 quod
491 4804 743 4872 laborat;
790 4808 852 4858 ut
877 4802 1132 4860 adactum
1157 4799 1340 4856 carnis
1369 4797 1576 4864 vincat,
1613 4795 1672 4854 in
1697 4793 1911 4852 caeteris

309 4891 580 4950 omnibus
613 4891 805 4948 libera.
854 4889 997 4956 Quia
1021 4887 1170 4944 enim
1207 4903 1334 4944 caro
1375 4886 1435 4941 in
1461 4884 1677 4955 origine
1703 4901 1803 4940 sua
1829 4892 1912 4940 est

310 4988 368 5035 et
387 4986 611 5046 natura,
633 4994 764 5034 usus
787 4975 905 5047 ejus
925 4975 1110 5030 suavis
1129 4975 1350 5030 videtur
1369 4981 1422 5028 et
1442 4971 1622 5027 dulcis
1651 4972 1905 5054 affectus;

311 5067 442 5124 ideo
471 5067 588 5123 haec
615 5079 870 5137 superare
898 5080 1010 5119 non
1039 5062 1224 5118 brevis
1254 5061 1429 5134 gloria
1457 5069 1558 5116 est.

391 5173 579 5244 (Vers.
603 5172 722 5243 27.)
765 5196 784 5218 ι
813 5170 1048 5229 Vinctus
1078 5187 1135 5226 es
1163 5169 1376 5225 uxori?
1403 5168 1481 5223 Ne
1509 5165 1791 5240 quaesieris
1814 5181 1913 5222 so-

311 5261 612 5320 lationem.
647 5283 670 5310 ο
723 5260 852 5317 Haec
877 5257 1246 5316 remediorum
1291 5255 1522 5313 consilia
1561 5263 1724 5320 sunt;
1779 5253 1916 5310 dicit

309 5351 466 5406 enim
517 5365 630 5406 non
685 5348 883 5406 debere
938 5361 1266 5422 quemquam
1323 5343 1534 5399 absolvi
1588 5343 1657 5399 ab
1705 5359 1913 5412 uxore,

417 5538 511 5613 47)
550 5537 832 5613 Quidquid
876 5535 1085 5613 ab‘his
1103 5534 1309 5613 verbis,
1357 5532 1798 5613 quamvissciret,

319 5607 588 5672 inferiora
622 5607 741 5679 illa',
793 5615 842 5665 et
875 5607 970 5682 qui
997 5607 1185 5663 habent
1227 5621 1448 5674 uxores,
1495 5607 1829 5672 continetur,
1857 5607 1918 5658 in

664 5706 909 5765 Paeon.
947 5701 1125 5766 XVII.

2015 4650 2179 4692 usum
2211 4633 2388 4705 ipsum
2420 4634 2634 4691 deditos
2667 4653 2679 4692 :
2727 4642 2791 4690 ut
2817 4635 3200 4704 propensiores
3231 4641 3286 4688 et
3317 4633 3607 4704 vigilantes

2017 4725 2078 4782 in
2120 4721 2327 4781 divinis
2370 4723 2648 4793 operibus,
2696 4722 2988 4778 exercitati
3029 4723 3175 4778 circa
3219 4739 3404 4780 curam
3451 4723 3604 4794 legis,

2017 4811 2342 4870 imminente
2370 4810 2560 4881 praelio
2585 4817 2908 4880 repugnent.
2958 4810 3228 4868 Pressurm
3249 4811 3398 4868 enim
3423 4818 3608 4878 erunt,

2019 4901 2206 4972 quales
2251 4914 2532 4971 nunquam
2582 4896 2826 4968 fuerunt,
2876 4905 2929 4954 et
2957 4899 3118 4956 multi
3164 4900 3343 4958 casuri
3367 4907 3513 4955 sunt
3549 4898 3608 4959 in

2021 4989 2275 5060 laqueum
2305 4987 2512 5042 diaboli
2537 5005 2549 5042 :
2584 4986 2820 5056 denique
2850 4987 3038 5042 nullus
3059 4995 3304 5042 nostrum
3329 4987 3451 5040 vult
3475 4993 3607 5040 tem-

2020 5093 2150 5156 pore
2177 5095 2277 5133 suo
2307 5077 2422 5134 haec
2467 5076 2777 5148 provenire,
2821 5077 3018 5134 timens
3049 5078 3332 5148 praedictas
3361 5092 3392 5130 a
3427 5075 3609 5130 Salva-

2021 5173 2138 5222 tore
2195 5166 2309 5237 (48)
2368 5180 2646 5237 pressuras
2703 5165 2918 5234 (Matth.
2976 5181 3136 5232 xxxv,
3196 5162 3416 5233 15—21).
3483 5161 3609 5220 meo

2023 5253 2164 5312 sicut
2193 5253 2351 5310 nobis
2377 5259 2654 5324 optamus,
2683 5251 3036 5306 consulamus
3079 5258 3132 5306 et
3155 5251 3314 5314 aliis;
3364 5254 3425 5302 ut
3451 5263 3482 5300 a
3510 5259 3610 5315 ge-

2022 5344 2304 5400 neratione
2368 5358 2468 5398 nos
2529 5341 2771 5397 ﬁliorum
2848 5342 3146 5396 multorum
3219 5337 3607 5392 abstineamus.

2023 5544 2127 5588 ms.
2159 5526 2318 5583 Corb.
2351 5525 2615 5583 omissum
2647 5523 2774 5579 fuit.

2099 5597 2215 5671 (48)
2241 5595 2509 5657 Nonnulli
2533 5593 3018 5664 nm.,prwdt'catas
3035 5606 3071 5646 α
3100 5587 3390 5644 Saluatore.
3410 5588 3480 5648 Et
3495 5607 3609 5668 seq.

3321 5687 3356 5746 8
