  <div class='ocr_page' id='page_1' title='image "/cluster/home/n/w/nwhite01/storage/ocr_20150623/17/hvd.32044096580436/123.png"; bbox 0 0 4090 6182; ppageno 0'>
   <div class='ocr_carea' id='block_1_1' title="bbox 537 251 643 310">
    <p class='ocr_par' dir='ltr' id='par_1_1' title="bbox 537 251 643 310">
     <span class='ocr_line' id='line_1_1' title="bbox 537 251 643 310; baseline -0.009 0"><span class='ocrx_word' id='word_1_1' title='bbox 537 251 643 310; x_wconf 73' lang='grc'><strong>235</strong></span> 
     </span>
    </p>
   </div>
   <div class='ocr_carea' id='block_1_2' title="bbox 1535 228 2784 305">
    <p class='ocr_par' dir='ltr' id='par_1_2' title="bbox 1535 228 2784 305">
     <span class='ocr_line' id='line_1_2' title="bbox 1535 228 2784 305; baseline -0.006 0"><span class='ocrx_word' id='word_1_2' title='bbox 1535 251 1630 305; x_wconf 73' lang='grc' dir='ltr'><strong>ΑΒ</strong></span> <span class='ocrx_word' id='word_1_3' title='bbox 1670 245 1904 304; x_wconf 81' lang='lat' dir='ltr'><strong>OPEBA</strong></span> <span class='ocrx_word' id='word_1_4' title='bbox 1938 245 1996 302; x_wconf 91' lang='lat' dir='ltr'><strong>s.</strong></span> <span class='ocrx_word' id='word_1_5' title='bbox 2035 242 2366 302; x_wconf 77' lang='lat' dir='ltr'><strong>AMBROSII</strong></span> <span class='ocrx_word' id='word_1_6' title='bbox 2403 228 2784 299; x_wconf 74' lang='lat' dir='ltr'><strong>APPENDIX.</strong></span> 
     </span>
    </p>
   </div>
   <div class='ocr_carea' id='block_1_3' title="bbox 3720 241 3827 301">
    <p class='ocr_par' dir='ltr' id='par_1_3' title="bbox 3720 241 3827 301">
     <span class='ocr_line' id='line_1_3' title="bbox 3720 241 3827 301; baseline -0.009 -2"><span class='ocrx_word' id='word_1_7' title='bbox 3720 241 3827 301; x_wconf 77' lang='lat'><strong>236</strong></span> 
     </span>
    </p>
   </div>
   <div class='ocr_carea' id='block_1_4' title="bbox 537 363 3831 452">
    <p class='ocr_par' dir='ltr' id='par_1_4' title="bbox 537 363 3831 452">
     <span class='ocr_line' id='line_1_4' title="bbox 537 363 3831 452; baseline -0.003 -17"><span class='ocrx_word' id='word_1_8' title='bbox 537 379 663 452; x_wconf 87' lang='lat' dir='ltr'><strong>plus</strong></span> <span class='ocrx_word' id='word_1_9' title='bbox 701 374 938 434; x_wconf 78' lang='lat' dir='ltr'><strong>orationi</strong></span> <span class='ocrx_word' id='word_1_10' title='bbox 969 381 1023 432; x_wconf 91' lang='lat' dir='ltr'><strong>et</strong></span> <span class='ocrx_word' id='word_1_11' title='bbox 1049 371 1147 431; x_wconf 85' lang='lat' dir='ltr'><strong>Dei</strong></span> <span class='ocrx_word' id='word_1_12' title='bbox 1176 373 1428 432; x_wconf 94' lang='lat' dir='ltr'><strong>servituti</strong></span> <span class='ocrx_word' id='word_1_13' title='bbox 1475 371 1725 444; x_wconf 83' lang='lat' dir='ltr'><strong>subjecti,</strong></span> <span class='ocrx_word' id='word_1_14' title='bbox 1774 368 2136 443; x_wconf 75' lang='lat' dir='ltr'><strong>praevidentes</strong></span> <span class='ocrx_word' id='word_1_15' title='bbox 2167 373 2219 432; x_wconf 83' lang='grc' dir='ltr'><strong>Α</strong></span> <span class='ocrx_word' id='word_1_16' title='bbox 2248 366 2504 424; x_wconf 87' lang='lat' dir='ltr'><strong>mulieres</strong></span> <span class='ocrx_word' id='word_1_17' title='bbox 2543 367 2784 440; x_wconf 78' lang='lat' dir='ltr'><strong>virgines</strong></span> <span class='ocrx_word' id='word_1_18' title='bbox 2826 363 3119 441; x_wconf 77' lang='lat' dir='ltr'><strong>appellatas</strong></span> <span class='ocrx_word' id='word_1_19' title='bbox 3157 364 3341 440; x_wconf 87' lang='lat' dir='ltr'><strong>(Num.</strong></span> <span class='ocrx_word' id='word_1_20' title='bbox 3369 379 3534 435; x_wconf 70' lang='grc' dir='ltr'><strong>χχχι,</strong></span> <span class='ocrx_word' id='word_1_21' title='bbox 3573 365 3656 439; x_wconf 87' lang='grc'><strong>9).</strong></span> <span class='ocrx_word' id='word_1_22' title='bbox 3704 367 3831 424; x_wconf 80' lang='lat' dir='ltr'><strong>Alia</strong></span> 
     </span>
    </p>
   </div>
   <div class='ocr_carea' id='block_1_5' title="bbox 543 460 2140 550">
    <p class='ocr_par' dir='ltr' id='par_1_5' title="bbox 543 460 2140 550">
     <span class='ocr_line' id='line_1_5' title="bbox 543 460 2140 550; baseline -0.007 -24"><span class='ocrx_word' id='word_1_23' title='bbox 543 469 691 526; x_wconf 90' lang='lat' dir='ltr'><strong>diem</strong></span> <span class='ocrx_word' id='word_1_24' title='bbox 717 465 953 538; x_wconf 90' lang='lat' dir='ltr'><strong>judicii;</strong></span> <span class='ocrx_word' id='word_1_25' title='bbox 1004 481 1071 521; x_wconf 92' lang='lat' dir='ltr'><strong>ne</strong></span> <span class='ocrx_word' id='word_1_26' title='bbox 1100 472 1153 522; x_wconf 89' lang='lat' dir='ltr'><strong>et</strong></span> <span class='ocrx_word' id='word_1_27' title='bbox 1181 481 1282 522; x_wconf 90' lang='lat' dir='ltr'><strong>nos</strong></span> <span class='ocrx_word' id='word_1_28' title='bbox 1325 463 1498 521; x_wconf 87' lang='lat' dir='ltr'><strong>simus</strong></span> <span class='ocrx_word' id='word_1_29' title='bbox 1541 461 1792 534; x_wconf 82' lang='lat' dir='ltr'><strong>imparati</strong></span> <span class='ocrx_word' id='word_1_30' title='bbox 1831 477 1927 534; x_wconf 91' lang='lat' dir='ltr'><strong>per</strong></span> <span class='ocrx_word' id='word_1_31' title='bbox 1956 460 2140 550; x_wconf 80' lang='lat' dir='ltr'><strong>impe—</strong></span> 
     </span>
    </p>
   </div>
   <div class='ocr_carea' id='block_1_6' title="bbox 541 551 2135 628">
    <p class='ocr_par' dir='ltr' id='par_1_6' title="bbox 541 551 2135 628">
     <span class='ocr_line' id='line_1_6' title="bbox 541 551 2135 628; baseline -0.006 -13"><span class='ocrx_word' id='word_1_32' title='bbox 541 557 788 615; x_wconf 87' lang='lat' dir='ltr'><strong>dimenta</strong></span> <span class='ocrx_word' id='word_1_33' title='bbox 847 555 1182 612; x_wconf 83' lang='lat' dir='ltr'><strong>necessitatis</strong></span> <span class='ocrx_word' id='word_1_34' title='bbox 1240 553 1545 628; x_wconf 73' lang='lat' dir='ltr'><strong>praesentis,</strong></span> <span class='ocrx_word' id='word_1_35' title='bbox 1600 558 1653 607; x_wconf 93' lang='lat' dir='ltr'><strong>et</strong></span> <span class='ocrx_word' id='word_1_36' title='bbox 1691 551 1776 608; x_wconf 87' lang='lat' dir='ltr'><strong>illi</strong></span> <span class='ocrx_word' id='word_1_37' title='bbox 1832 551 2135 618; x_wconf 83' lang='lat' dir='ltr'><strong>incurrant,</strong></span> 
     </span>
    </p>
   </div>
   <div class='ocr_carea' id='block_1_7' title="bbox 547 643 2138 722">
    <p class='ocr_par' dir='ltr' id='par_1_7' title="bbox 547 643 2138 722">
     <span class='ocr_line' id='line_1_7' title="bbox 547 643 2138 722; baseline -0.005 -18"><span class='ocrx_word' id='word_1_38' title='bbox 547 647 696 722; x_wconf 90' lang='lat' dir='ltr'><strong>quod</strong></span> <span class='ocrx_word' id='word_1_39' title='bbox 727 663 826 703; x_wconf 91' lang='lat' dir='ltr'><strong>nos</strong></span> <span class='ocrx_word' id='word_1_40' title='bbox 869 646 1148 704; x_wconf 90' lang='lat' dir='ltr'><strong>timemus.</strong></span> <span class='ocrx_word' id='word_1_41' title='bbox 1199 646 1378 702; x_wconf 88' lang='lat' dir='ltr'><strong>Etiam</strong></span> <span class='ocrx_word' id='word_1_42' title='bbox 1421 661 1453 700; x_wconf 92' lang='lat' dir='ltr'><strong>a</strong></span> <span class='ocrx_word' id='word_1_43' title='bbox 1480 643 1649 701; x_wconf 86' lang='lat' dir='ltr'><strong>licitis</strong></span> <span class='ocrx_word' id='word_1_44' title='bbox 1687 659 1813 715; x_wconf 88' lang='lat' dir='ltr'><strong>ergo</strong></span> <span class='ocrx_word' id='word_1_45' title='bbox 1841 643 1962 699; x_wconf 91' lang='lat' dir='ltr'><strong>vult</strong></span> <span class='ocrx_word' id='word_1_46' title='bbox 1988 649 2138 697; x_wconf 89' lang='lat' dir='ltr'><strong>tem-</strong></span> 
     </span>
    </p>
   </div>
   <div class='ocr_carea' id='block_1_8' title="bbox 549 729 2138 810">
    <p class='ocr_par' dir='ltr' id='par_1_8' title="bbox 549 729 2138 810">
     <span class='ocr_line' id='line_1_8' title="bbox 549 729 2138 810; baseline -0.004 -18"><span class='ocrx_word' id='word_1_47' title='bbox 549 753 740 810; x_wconf 89' lang='lat' dir='ltr'><strong>perare</strong></span> <span class='ocrx_word' id='word_1_48' title='bbox 766 733 986 801; x_wconf 88' lang='lat' dir='ltr'><strong>ﬁdeles;</strong></span> <span class='ocrx_word' id='word_1_49' title='bbox 1020 737 1080 790; x_wconf 91' lang='lat' dir='ltr'><strong>ut</strong></span> <span class='ocrx_word' id='word_1_50' title='bbox 1108 748 1221 790; x_wconf 91' lang='lat' dir='ltr'><strong>non</strong></span> <span class='ocrx_word' id='word_1_51' title='bbox 1249 733 1429 789; x_wconf 92' lang='lat' dir='ltr'><strong>solum</strong></span> <span class='ocrx_word' id='word_1_52' title='bbox 1461 731 1798 798; x_wconf 89' lang='lat' dir='ltr'><strong>innocentes,</strong></span> <span class='ocrx_word' id='word_1_53' title='bbox 1829 729 1923 786; x_wconf 90' lang='lat' dir='ltr'><strong>sed</strong></span> <span class='ocrx_word' id='word_1_54' title='bbox 1945 737 1999 784; x_wconf 92' lang='lat' dir='ltr'><strong>et</strong></span> <span class='ocrx_word' id='word_1_55' title='bbox 2027 729 2138 802; x_wconf 90' lang='lat' dir='ltr'><strong>glo-</strong></span> 
     </span>
    </p>
   </div>
   <div class='ocr_carea' id='block_1_9' title="bbox 543 815 2139 892">
    <p class='ocr_par' dir='ltr' id='par_1_9' title="bbox 543 815 2139 892">
     <span class='ocr_line' id='line_1_9' title="bbox 543 815 2139 892; baseline -0.006 -11"><span class='ocrx_word' id='word_1_56' title='bbox 543 824 679 881; x_wconf 88' lang='lat' dir='ltr'><strong>riosi</strong></span> <span class='ocrx_word' id='word_1_57' title='bbox 711 822 1044 878; x_wconf 90' lang='lat' dir='ltr'><strong>videantur:</strong></span> <span class='ocrx_word' id='word_1_58' title='bbox 1096 835 1352 876; x_wconf 91' lang='lat' dir='ltr'><strong>concessa</strong></span> <span class='ocrx_word' id='word_1_59' title='bbox 1393 819 1538 878; x_wconf 91' lang='lat' dir='ltr'><strong>enim</strong></span> <span class='ocrx_word' id='word_1_60' title='bbox 1591 817 1869 892; x_wconf 81' lang='lat' dir='ltr'><strong>praeterire</strong></span> <span class='ocrx_word' id='word_1_61' title='bbox 1916 815 2139 873; x_wconf 88' lang='lat' dir='ltr'><strong>virtutis</strong></span> 
     </span>
    </p>
   </div>
   <div class='ocr_carea' id='block_1_10' title="bbox 542 906 2138 980">
    <p class='ocr_par' dir='ltr' id='par_1_10' title="bbox 542 906 2138 980">
     <span class='ocr_line' id='line_1_10' title="bbox 542 906 2138 980; baseline -0.005 -12"><span class='ocrx_word' id='word_1_62' title='bbox 542 919 627 968; x_wconf 89' lang='lat' dir='ltr'><strong>est</strong></span> <span class='ocrx_word' id='word_1_63' title='bbox 659 911 942 974; x_wconf 81' lang='lat' dir='ltr'><strong>maximae;</strong></span> <span class='ocrx_word' id='word_1_64' title='bbox 971 914 1026 962; x_wconf 92' lang='lat' dir='ltr'><strong>et</strong></span> <span class='ocrx_word' id='word_1_65' title='bbox 1057 907 1336 980; x_wconf 90' lang='lat' dir='ltr'><strong>prohibita</strong></span> <span class='ocrx_word' id='word_1_66' title='bbox 1363 923 1473 964; x_wconf 93' lang='lat' dir='ltr'><strong>non</strong></span> <span class='ocrx_word' id='word_1_67' title='bbox 1499 907 1808 964; x_wconf 87' lang='lat' dir='ltr'><strong>desiderare</strong></span> <span class='ocrx_word' id='word_1_68' title='bbox 1838 921 1948 962; x_wconf 94' lang='lat' dir='ltr'><strong>non</strong></span> <span class='ocrx_word' id='word_1_69' title='bbox 1979 906 2138 977; x_wconf 89' lang='lat' dir='ltr'><strong>longe</strong></span> 
     </span>
    </p>
   </div>
   <div class='ocr_carea' id='block_1_11' title="bbox 542 999 796 1069">
    <p class='ocr_par' dir='ltr' id='par_1_11' title="bbox 542 999 796 1069">
     <span class='ocr_line' id='line_1_11' title="bbox 542 999 796 1069; baseline -0.004 -14"><span class='ocrx_word' id='word_1_70' title='bbox 542 1007 624 1056; x_wconf 91' lang='lat' dir='ltr'><strong>est</strong></span> <span class='ocrx_word' id='word_1_71' title='bbox 657 999 796 1069; x_wconf 84' lang='grc'><strong>(49).</strong></span> 
     </span>
    </p>
   </div>
   <div class='ocr_carea' id='block_1_12' title="bbox 616 1084 2122 1159">
    <p class='ocr_par' dir='ltr' id='par_1_12' title="bbox 616 1084 2122 1159">
     <span class='ocr_line' id='line_1_12' title="bbox 616 1084 2122 1159; baseline -0.002 -16"><span class='ocrx_word' id='word_1_72' title='bbox 616 1087 802 1157; x_wconf 86' lang='lat' dir='ltr'><strong>(Vers.</strong></span> <span class='ocrx_word' id='word_1_73' title='bbox 831 1085 946 1157; x_wconf 91' lang='lat'><strong>30.)</strong></span> <span class='ocrx_word' id='word_1_74' title='bbox 985 1109 1004 1133; x_wconf 72' lang='grc' dir='ltr'>ι</span> <span class='ocrx_word' id='word_1_75' title='bbox 1023 1085 1093 1140; x_wconf 89' lang='lat' dir='ltr'><strong>Et</strong></span> <span class='ocrx_word' id='word_1_76' title='bbox 1123 1085 1217 1157; x_wconf 91' lang='lat' dir='ltr'><strong>qui</strong></span> <span class='ocrx_word' id='word_1_77' title='bbox 1247 1085 1400 1154; x_wconf 87' lang='lat' dir='ltr'><strong>ﬁent,</strong></span> <span class='ocrx_word' id='word_1_78' title='bbox 1425 1091 1687 1159; x_wconf 85' lang='lat' dir='ltr'><strong>tanquam</strong></span> <span class='ocrx_word' id='word_1_79' title='bbox 1720 1101 1832 1142; x_wconf 93' lang='lat' dir='ltr'><strong>non</strong></span> <span class='ocrx_word' id='word_1_80' title='bbox 1861 1084 2080 1152; x_wconf 86' lang='lat' dir='ltr'><strong>ﬂentes;</strong></span> <span class='ocrx_word' id='word_1_81' title='bbox 2102 1108 2122 1132; x_wconf 75' lang='grc' dir='ltr'><strong><em>ι</em></strong></span> 
     </span>
    </p>
   </div>
   <div class='ocr_carea' id='block_1_13' title="bbox 542 1175 2140 1247">
    <p class='ocr_par' dir='ltr' id='par_1_13' title="bbox 542 1175 2140 1247">
     <span class='ocr_line' id='line_1_13' title="bbox 542 1175 2140 1247; baseline -0.001 -15"><span class='ocrx_word' id='word_1_82' title='bbox 542 1175 780 1233; x_wconf 87' lang='lat' dir='ltr'><strong>scientes</strong></span> <span class='ocrx_word' id='word_1_83' title='bbox 809 1176 954 1232; x_wconf 91' lang='lat' dir='ltr'><strong>enim</strong></span> <span class='ocrx_word' id='word_1_84' title='bbox 987 1175 1044 1230; x_wconf 94' lang='lat' dir='ltr'><strong>in</strong></span> <span class='ocrx_word' id='word_1_85' title='bbox 1075 1177 1329 1247; x_wconf 88' lang='lat' dir='ltr'><strong>proximo</strong></span> <span class='ocrx_word' id='word_1_86' title='bbox 1358 1176 1523 1232; x_wconf 87' lang='lat' dir='ltr'><strong>ﬁnem</strong></span> <span class='ocrx_word' id='word_1_87' title='bbox 1554 1175 1747 1233; x_wconf 90' lang='lat' dir='ltr'><strong>mundi</strong></span> <span class='ocrx_word' id='word_1_88' title='bbox 1775 1193 1905 1232; x_wconf 88' lang='lat' dir='ltr'><strong>mox</strong></span> <span class='ocrx_word' id='word_1_89' title='bbox 1934 1192 2140 1232; x_wconf 90' lang='lat' dir='ltr'><strong>conso-</strong></span> 
     </span>
    </p>
   </div>
   <div class='ocr_carea' id='block_1_14' title="bbox 545 1263 2140 1337">
    <p class='ocr_par' dir='ltr' id='par_1_14' title="bbox 545 1263 2140 1337">
     <span class='ocr_line' id='line_1_14' title="bbox 545 1263 2140 1337; baseline -0.002 -16"><span class='ocrx_word' id='word_1_90' title='bbox 545 1265 808 1321; x_wconf 85' lang='lat' dir='ltr'><strong>lationem</strong></span> <span class='ocrx_word' id='word_1_91' title='bbox 836 1281 1025 1320; x_wconf 89' lang='lat' dir='ltr'><strong>eorum</strong></span> <span class='ocrx_word' id='word_1_92' title='bbox 1057 1263 1320 1333; x_wconf 84' lang='lat' dir='ltr'><strong>futuram,</strong></span> <span class='ocrx_word' id='word_1_93' title='bbox 1363 1267 1455 1337; x_wconf 86' lang='lat' dir='ltr'><strong>qui</strong></span> <span class='ocrx_word' id='word_1_94' title='bbox 1487 1281 1585 1336; x_wconf 87' lang='lat' dir='ltr'><strong>pro</strong></span> <span class='ocrx_word' id='word_1_95' title='bbox 1616 1267 1712 1320; x_wconf 85' lang='lat' dir='ltr'><strong>Dei</strong></span> <span class='ocrx_word' id='word_1_96' title='bbox 1739 1264 1958 1336; x_wconf 90' lang='lat' dir='ltr'><strong>justitia</strong></span> <span class='ocrx_word' id='word_1_97' title='bbox 2000 1264 2140 1319; x_wconf 85' lang='lat' dir='ltr'><strong>forte</strong></span> 
     </span>
    </p>
   </div>
   <div class='ocr_carea' id='block_1_15' title="bbox 549 1351 2142 1426">
    <p class='ocr_par' dir='ltr' id='par_1_15' title="bbox 549 1351 2142 1426">
     <span class='ocr_line' id='line_1_15' title="bbox 549 1351 2142 1426; baseline -0.003 -16"><span class='ocrx_word' id='word_1_98' title='bbox 549 1361 893 1426; x_wconf 88' lang='lat' dir='ltr'><strong>premuntur,</strong></span> <span class='ocrx_word' id='word_1_99' title='bbox 938 1352 1040 1409; x_wconf 87' lang='lat' dir='ltr'><strong>hac</strong></span> <span class='ocrx_word' id='word_1_100' title='bbox 1067 1369 1159 1424; x_wconf 87' lang='lat' dir='ltr'><strong>spe</strong></span> <span class='ocrx_word' id='word_1_101' title='bbox 1207 1354 1350 1408; x_wconf 90' lang='lat' dir='ltr'><strong>inter</strong></span> <span class='ocrx_word' id='word_1_102' title='bbox 1389 1368 1479 1409; x_wconf 92' lang='lat' dir='ltr'><strong>eos</strong></span> <span class='ocrx_word' id='word_1_103' title='bbox 1523 1354 1876 1410; x_wconf 87' lang='lat' dir='ltr'><strong>consolentur</strong></span> <span class='ocrx_word' id='word_1_104' title='bbox 1899 1368 1976 1421; x_wconf 90' lang='lat' dir='ltr'><strong>se,</strong></span> <span class='ocrx_word' id='word_1_105' title='bbox 2025 1377 2042 1399; x_wconf 79' lang='grc' dir='ltr'>ι</span> <span class='ocrx_word' id='word_1_106' title='bbox 2071 1351 2142 1407; x_wconf 91' lang='lat' dir='ltr'><strong>Et</strong></span> 
     </span>
    </p>
   </div>
   <div class='ocr_carea' id='block_1_16' title="bbox 543 1439 2141 1514">
    <p class='ocr_par' dir='ltr' id='par_1_16' title="bbox 543 1439 2141 1514">
     <span class='ocr_line' id='line_1_16' title="bbox 543 1439 2141 1514; baseline -0.001 -18"><span class='ocrx_word' id='word_1_107' title='bbox 543 1441 639 1514; x_wconf 88' lang='lat' dir='ltr'><strong>qui</strong></span> <span class='ocrx_word' id='word_1_108' title='bbox 688 1439 944 1513; x_wconf 81' lang='lat' dir='ltr'><strong>gaudent,</strong></span> <span class='ocrx_word' id='word_1_109' title='bbox 988 1447 1248 1511; x_wconf 87' lang='lat' dir='ltr'><strong>tanquam</strong></span> <span class='ocrx_word' id='word_1_110' title='bbox 1296 1457 1407 1496; x_wconf 92' lang='lat' dir='ltr'><strong>non</strong></span> <span class='ocrx_word' id='word_1_111' title='bbox 1447 1440 1778 1512; x_wconf 84' lang='lat' dir='ltr'><strong>gaudentes;</strong></span> <span class='ocrx_word' id='word_1_112' title='bbox 1821 1466 1840 1489; x_wconf 75' lang='grc' dir='ltr'>ι</span> <span class='ocrx_word' id='word_1_113' title='bbox 1883 1442 1941 1496; x_wconf 91' lang='lat' dir='ltr'><strong>in</strong></span> <span class='ocrx_word' id='word_1_114' title='bbox 1993 1457 2141 1512; x_wconf 62' lang='lat' dir='ltr'><strong>prte—</strong></span> 
     </span>
    </p>
   </div>
   <div class='ocr_carea' id='block_1_17' title="bbox 540 1526 2139 1599">
    <p class='ocr_par' dir='ltr' id='par_1_17' title="bbox 540 1526 2139 1599">
     <span class='ocr_line' id='line_1_17' title="bbox 540 1526 2139 1599; baseline -0.001 -15"><span class='ocrx_word' id='word_1_115' title='bbox 540 1529 683 1584; x_wconf 89' lang='lat' dir='ltr'><strong>senti</strong></span> <span class='ocrx_word' id='word_1_116' title='bbox 713 1528 860 1583; x_wconf 90' lang='lat' dir='ltr'><strong>enim</strong></span> <span class='ocrx_word' id='word_1_117' title='bbox 907 1526 999 1599; x_wconf 90' lang='lat' dir='ltr'><strong>qui</strong></span> <span class='ocrx_word' id='word_1_118' title='bbox 1032 1527 1265 1598; x_wconf 86' lang='lat' dir='ltr'><strong>gaudent</strong></span> <span class='ocrx_word' id='word_1_119' title='bbox 1297 1528 1473 1584; x_wconf 87' lang='lat' dir='ltr'><strong>sciant</strong></span> <span class='ocrx_word' id='word_1_120' title='bbox 1522 1544 1652 1584; x_wconf 81' lang='lat' dir='ltr'><strong>mox</strong></span> <span class='ocrx_word' id='word_1_121' title='bbox 1698 1529 1907 1585; x_wconf 91' lang='lat' dir='ltr'><strong>luctum</strong></span> <span class='ocrx_word' id='word_1_122' title='bbox 1950 1535 2139 1584; x_wconf 91' lang='lat' dir='ltr'><strong>ventu-</strong></span> 
     </span>
    </p>
   </div>
   <div class='ocr_carea' id='block_1_18' title="bbox 541 1615 2142 1688">
    <p class='ocr_par' dir='ltr' id='par_1_18' title="bbox 541 1615 2142 1688">
     <span class='ocr_line' id='line_1_18' title="bbox 541 1615 2142 1688; baseline 0 -16"><span class='ocrx_word' id='word_1_123' title='bbox 541 1631 689 1684; x_wconf 89' lang='lat' dir='ltr'><strong>rum,</strong></span> <span class='ocrx_word' id='word_1_124' title='bbox 741 1617 820 1671; x_wconf 87' lang='lat' dir='ltr'><strong>eis</strong></span> <span class='ocrx_word' id='word_1_125' title='bbox 849 1615 1112 1672; x_wconf 86' lang='lat' dir='ltr'><strong>videlicet</strong></span> <span class='ocrx_word' id='word_1_126' title='bbox 1143 1616 1238 1687; x_wconf 91' lang='lat' dir='ltr'><strong>qui</strong></span> <span class='ocrx_word' id='word_1_127' title='bbox 1269 1615 1476 1671; x_wconf 90' lang='lat' dir='ltr'><strong>mundo</strong></span> <span class='ocrx_word' id='word_1_128' title='bbox 1506 1617 1763 1688; x_wconf 79' lang='lat' dir='ltr'><strong>gaudent,</strong></span> <span class='ocrx_word' id='word_1_129' title='bbox 1807 1616 2142 1688; x_wconf 84' lang='lat' dir='ltr'><strong>ambigentes</strong></span> 
     </span>
    </p>
   </div>
   <div class='ocr_carea' id='block_1_19' title="bbox 2217 1341 2620 1426">
    <p class='ocr_par' dir='ltr' id='par_1_19' title="bbox 2217 1341 2620 1426">
     <span class='ocr_line' id='line_1_19' title="bbox 2217 1341 2620 1426; baseline 0.002 -30"><span class='ocrx_word' id='word_1_130' title='bbox 2217 1349 2302 1426; x_wconf 47' lang='lat' dir='ltr'><strong>’et</strong></span> <span class='ocrx_word' id='word_1_131' title='bbox 2343 1341 2560 1413; x_wconf 86' lang='lat' dir='ltr'><strong>spiritu,</strong></span> <span class='ocrx_word' id='word_1_132' title='bbox 2602 1368 2620 1391; x_wconf 77' lang='grc' dir='ltr'><strong>ιι</strong></span> 
     </span>
    </p>
   </div>
   <div class='ocr_carea' id='block_1_20' title="bbox 2247 454 3824 530">
    <p class='ocr_par' dir='ltr' id='par_1_20' title="bbox 2247 454 3824 530">
     <span class='ocr_line' id='line_1_20' title="bbox 2247 454 3824 530; baseline 0 -17"><span class='ocrx_word' id='word_1_133' title='bbox 2247 473 2373 530; x_wconf 89' lang='lat' dir='ltr'><strong>ergo</strong></span> <span class='ocrx_word' id='word_1_134' title='bbox 2401 456 2718 513; x_wconf 90' lang='lat' dir='ltr'><strong>sollicitudo</strong></span> <span class='ocrx_word' id='word_1_135' title='bbox 2765 457 3033 526; x_wconf 88' lang='lat' dir='ltr'><strong>mulieris,</strong></span> <span class='ocrx_word' id='word_1_136' title='bbox 3079 456 3186 512; x_wconf 90' lang='lat' dir='ltr'><strong>alia</strong></span> <span class='ocrx_word' id='word_1_137' title='bbox 3227 454 3462 527; x_wconf 85' lang='lat' dir='ltr'><strong>virginis</strong></span> <span class='ocrx_word' id='word_1_138' title='bbox 3490 463 3598 523; x_wconf 90' lang='lat' dir='ltr'><strong>est;</strong></span> <span class='ocrx_word' id='word_1_139' title='bbox 3645 463 3824 513; x_wconf 89' lang='lat' dir='ltr'><strong>tamen</strong></span> 
     </span>
    </p>
   </div>
   <div class='ocr_carea' id='block_1_21' title="bbox 2245 543 3829 617">
    <p class='ocr_par' dir='ltr' id='par_1_21' title="bbox 2245 543 3829 617">
     <span class='ocr_line' id='line_1_21' title="bbox 2245 543 3829 617; baseline -0.002 -14"><span class='ocrx_word' id='word_1_140' title='bbox 2245 562 2371 603; x_wconf 90' lang='lat' dir='ltr'><strong>cum</strong></span> <span class='ocrx_word' id='word_1_141' title='bbox 2401 545 2605 602; x_wconf 88' lang='lat' dir='ltr'><strong>dicitur</strong></span> <span class='ocrx_word' id='word_1_142' title='bbox 2627 547 2846 613; x_wconf 89' lang='lat' dir='ltr'><strong>mulier,</strong></span> <span class='ocrx_word' id='word_1_143' title='bbox 2871 545 3138 602; x_wconf 90' lang='lat' dir='ltr'><strong>incertum</strong></span> <span class='ocrx_word' id='word_1_144' title='bbox 3159 553 3238 601; x_wconf 91' lang='lat' dir='ltr'><strong>est</strong></span> <span class='ocrx_word' id='word_1_145' title='bbox 3263 544 3394 617; x_wconf 93' lang='lat' dir='ltr'><strong>quid</strong></span> <span class='ocrx_word' id='word_1_146' title='bbox 3411 543 3706 616; x_wconf 85' lang='lat' dir='ltr'><strong>signiﬁcet,</strong></span> <span class='ocrx_word' id='word_1_147' title='bbox 3723 544 3829 601; x_wconf 88' lang='lat' dir='ltr'><strong>nisi</strong></span> 
     </span>
    </p>
   </div>
   <div class='ocr_carea' id='block_1_22' title="bbox 2247 632 3830 708">
    <p class='ocr_par' dir='ltr' id='par_1_22' title="bbox 2247 632 3830 708">
     <span class='ocr_line' id='line_1_22' title="bbox 2247 632 3830 708; baseline 0 -18"><span class='ocrx_word' id='word_1_148' title='bbox 2247 633 2575 704; x_wconf 89' lang='lat' dir='ltr'><strong>signiﬁcatio</strong></span> <span class='ocrx_word' id='word_1_149' title='bbox 2604 633 2964 708; x_wconf 88' lang='lat' dir='ltr'><strong>subsequatur</strong></span> <span class='ocrx_word' id='word_1_150' title='bbox 2995 654 3008 692; x_wconf 91' lang='lat'>:</span> <span class='ocrx_word' id='word_1_151' title='bbox 3057 651 3183 692; x_wconf 92' lang='lat' dir='ltr'><strong>cum</strong></span> <span class='ocrx_word' id='word_1_152' title='bbox 3213 642 3393 690; x_wconf 89' lang='lat' dir='ltr'><strong>autem</strong></span> <span class='ocrx_word' id='word_1_153' title='bbox 3422 632 3626 691; x_wconf 87' lang='lat' dir='ltr'><strong>dicitur</strong></span> <span class='ocrx_word' id='word_1_154' title='bbox 3651 633 3830 706; x_wconf 90' lang='lat' dir='ltr'><strong>virgo,</strong></span> 
     </span>
    </p>
   </div>
   <div class='ocr_carea' id='block_1_23' title="bbox 2241 720 3836 796">
    <p class='ocr_par' dir='ltr' id='par_1_23' title="bbox 2241 720 3836 796">
     <span class='ocr_line' id='line_1_23' title="bbox 2241 720 3836 796; baseline 0.002 -20"><span class='ocrx_word' id='word_1_155' title='bbox 2241 722 2536 777; x_wconf 84' lang='lat' dir='ltr'><strong>manifesta</strong></span> <span class='ocrx_word' id='word_1_156' title='bbox 2582 722 2786 778; x_wconf 89' lang='lat' dir='ltr'><strong>locutio</strong></span> <span class='ocrx_word' id='word_1_157' title='bbox 2815 730 2916 780; x_wconf 92' lang='lat' dir='ltr'><strong>est.</strong></span> <span class='ocrx_word' id='word_1_158' title='bbox 2957 722 3059 780; x_wconf 91' lang='lat' dir='ltr'><strong>Hic</strong></span> <span class='ocrx_word' id='word_1_159' title='bbox 3086 722 3381 796; x_wconf 84' lang='lat' dir='ltr'><strong>Apostolus</strong></span> <span class='ocrx_word' id='word_1_160' title='bbox 3410 720 3681 793; x_wconf 89' lang='lat' dir='ltr'><strong>virginem</strong></span> <span class='ocrx_word' id='word_1_161' title='bbox 3711 731 3836 794; x_wconf 88' lang='lat' dir='ltr'><strong>post</strong></span> 
     </span>
    </p>
   </div>
   <div class='ocr_carea' id='block_1_24' title="bbox 2248 809 3833 882">
    <p class='ocr_par' dir='ltr' id='par_1_24' title="bbox 2248 809 3833 882">
     <span class='ocr_line' id='line_1_24' title="bbox 2248 809 3833 882; baseline 0.001 -16"><span class='ocrx_word' id='word_1_162' title='bbox 2248 810 2534 866; x_wconf 87' lang='lat' dir='ltr'><strong>mulierem</strong></span> <span class='ocrx_word' id='word_1_163' title='bbox 2565 809 2768 881; x_wconf 89' lang='lat' dir='ltr'><strong>posuit,</strong></span> <span class='ocrx_word' id='word_1_164' title='bbox 2813 819 2875 866; x_wconf 92' lang='lat' dir='ltr'><strong>ut</strong></span> <span class='ocrx_word' id='word_1_165' title='bbox 2903 811 3185 868; x_wconf 88' lang='lat' dir='ltr'><strong>mulierem</strong></span> <span class='ocrx_word' id='word_1_166' title='bbox 3226 827 3337 868; x_wconf 92' lang='lat' dir='ltr'><strong>non</strong></span> <span class='ocrx_word' id='word_1_167' title='bbox 3365 809 3635 881; x_wconf 86' lang='lat' dir='ltr'><strong>virginem</strong></span> <span class='ocrx_word' id='word_1_168' title='bbox 3666 809 3833 882; x_wconf 83' lang='lat' dir='ltr'><strong>signi-</strong></span> 
     </span>
    </p>
   </div>
   <div class='ocr_carea' id='block_1_25' title="bbox 2247 897 3832 972">
    <p class='ocr_par' dir='ltr' id='par_1_25' title="bbox 2247 897 3832 972">
     <span class='ocr_line' id='line_1_25' title="bbox 2247 897 3832 972; baseline 0.001 -20"><span class='ocrx_word' id='word_1_169' title='bbox 2247 897 2477 954; x_wconf 84' lang='lat' dir='ltr'><strong>ﬁcaret:</strong></span> <span class='ocrx_word' id='word_1_170' title='bbox 2533 913 2630 970; x_wconf 91' lang='lat' dir='ltr'><strong>per</strong></span> <span class='ocrx_word' id='word_1_171' title='bbox 2674 897 2779 955; x_wconf 91' lang='lat' dir='ltr'><strong>hoc</strong></span> <span class='ocrx_word' id='word_1_172' title='bbox 2809 898 2957 954; x_wconf 91' lang='lat' dir='ltr'><strong>enim</strong></span> <span class='ocrx_word' id='word_1_173' title='bbox 3005 899 3185 954; x_wconf 90' lang='lat' dir='ltr'><strong>voluit</strong></span> <span class='ocrx_word' id='word_1_174' title='bbox 3232 897 3515 956; x_wconf 91' lang='lat' dir='ltr'><strong>ostendere</strong></span> <span class='ocrx_word' id='word_1_175' title='bbox 3561 897 3832 972; x_wconf 86' lang='lat' dir='ltr'><strong>virginem</strong></span> 
     </span>
    </p>
   </div>
   <div class='ocr_carea' id='block_1_26' title="bbox 2248 985 3836 1062">
    <p class='ocr_par' dir='ltr' id='par_1_26' title="bbox 2248 985 3836 1062">
     <span class='ocr_line' id='line_1_26' title="bbox 2248 985 3836 1062; baseline 0.002 -20"><span class='ocrx_word' id='word_1_176' title='bbox 2248 986 2474 1042; x_wconf 85' lang='lat' dir='ltr'><strong>liberam</strong></span> <span class='ocrx_word' id='word_1_177' title='bbox 2503 1003 2534 1042; x_wconf 92' lang='lat' dir='ltr'><strong>a</strong></span> <span class='ocrx_word' id='word_1_178' title='bbox 2565 985 2741 1043; x_wconf 76' lang='lat' dir='ltr'><strong>taediis</strong></span> <span class='ocrx_word' id='word_1_179' title='bbox 2782 996 2836 1044; x_wconf 92' lang='lat' dir='ltr'><strong>et</strong></span> <span class='ocrx_word' id='word_1_180' title='bbox 2881 986 3181 1056; x_wconf 89' lang='lat' dir='ltr'><strong>laboribus,</strong></span> <span class='ocrx_word' id='word_1_181' title='bbox 3213 1004 3350 1062; x_wconf 90' lang='lat' dir='ltr'><strong>quos</strong></span> <span class='ocrx_word' id='word_1_182' title='bbox 3394 988 3598 1061; x_wconf 90' lang='lat' dir='ltr'><strong>patitur</strong></span> <span class='ocrx_word' id='word_1_183' title='bbox 3635 988 3836 1045; x_wconf 89' lang='lat' dir='ltr'><strong>mulier</strong></span> 
     </span>
    </p>
   </div>
   <div class='ocr_carea' id='block_1_27' title="bbox 2247 1074 2669 1146">
    <p class='ocr_par' dir='ltr' id='par_1_27' title="bbox 2247 1074 2669 1146">
     <span class='ocr_line' id='line_1_27' title="bbox 2247 1074 2669 1146; baseline 0.005 -17"><span class='ocrx_word' id='word_1_184' title='bbox 2247 1075 2369 1131; x_wconf 88' lang='lat' dir='ltr'><strong>viro</strong></span> <span class='ocrx_word' id='word_1_185' title='bbox 2398 1074 2669 1146; x_wconf 89' lang='lat' dir='ltr'><strong>copulata.</strong></span> 
     </span>
    </p>
   </div>
   <div class='ocr_carea' id='block_1_28' title="bbox 2321 1163 3838 1240">
    <p class='ocr_par' dir='ltr' id='par_1_28' title="bbox 2321 1163 3838 1240">
     <span class='ocr_line' id='line_1_28' title="bbox 2321 1163 3838 1240; baseline 0.003 -18"><span class='ocrx_word' id='word_1_186' title='bbox 2321 1165 2503 1236; x_wconf 85' lang='lat' dir='ltr'><strong>(Vers.</strong></span> <span class='ocrx_word' id='word_1_187' title='bbox 2537 1163 2654 1235; x_wconf 79' lang='grc'><strong>34.)</strong></span> <span class='ocrx_word' id='word_1_188' title='bbox 2718 1188 2736 1213; x_wconf 79' lang='grc' dir='ltr'>ι</span> <span class='ocrx_word' id='word_1_189' title='bbox 2766 1165 2903 1222; x_wconf 85' lang='lat' dir='ltr'><strong>Nam</strong></span> <span class='ocrx_word' id='word_1_190' title='bbox 2937 1181 3056 1239; x_wconf 64' lang='lat' dir='ltr'><strong>qum</strong></span> <span class='ocrx_word' id='word_1_191' title='bbox 3087 1181 3198 1223; x_wconf 91' lang='lat' dir='ltr'><strong>non</strong></span> <span class='ocrx_word' id='word_1_192' title='bbox 3246 1175 3327 1224; x_wconf 87' lang='lat' dir='ltr'><strong>est</strong></span> <span class='ocrx_word' id='word_1_193' title='bbox 3366 1173 3558 1240; x_wconf 88' lang='lat' dir='ltr'><strong>nupta,</strong></span> <span class='ocrx_word' id='word_1_194' title='bbox 3597 1165 3838 1227; x_wconf 86' lang='lat' dir='ltr'><strong>sollicita</strong></span> 
     </span>
    </p>
   </div>
   <div class='ocr_carea' id='block_1_29' title="bbox 2250 1253 3837 1332">
    <p class='ocr_par' dir='ltr' id='par_1_29' title="bbox 2250 1253 3837 1332">
     <span class='ocr_line' id='line_1_29' title="bbox 2250 1253 3837 1332; baseline 0.005 -23"><span class='ocrx_word' id='word_1_195' title='bbox 2250 1261 2330 1310; x_wconf 91' lang='lat' dir='ltr'><strong>est</strong></span> <span class='ocrx_word' id='word_1_196' title='bbox 2357 1253 2424 1309; x_wconf 91' lang='lat' dir='ltr'><strong>de</strong></span> <span class='ocrx_word' id='word_1_197' title='bbox 2455 1253 2523 1309; x_wconf 93' lang='lat' dir='ltr'><strong>iis</strong></span> <span class='ocrx_word' id='word_1_198' title='bbox 2553 1271 2672 1326; x_wconf 69' lang='lat' dir='ltr'><strong>quae</strong></span> <span class='ocrx_word' id='word_1_199' title='bbox 2700 1255 2921 1311; x_wconf 91' lang='lat' dir='ltr'><strong>Domini</strong></span> <span class='ocrx_word' id='word_1_200' title='bbox 2948 1265 3094 1324; x_wconf 91' lang='lat' dir='ltr'><strong>sunt,</strong></span> <span class='ocrx_word' id='word_1_201' title='bbox 3129 1264 3190 1314; x_wconf 92' lang='lat' dir='ltr'><strong>ut</strong></span> <span class='ocrx_word' id='word_1_202' title='bbox 3219 1257 3290 1314; x_wconf 90' lang='lat' dir='ltr'><strong>sit</strong></span> <span class='ocrx_word' id='word_1_203' title='bbox 3320 1265 3505 1315; x_wconf 90' lang='lat' dir='ltr'><strong>sancta</strong></span> <span class='ocrx_word' id='word_1_204' title='bbox 3530 1266 3584 1315; x_wconf 93' lang='lat' dir='ltr'><strong>et</strong></span> <span class='ocrx_word' id='word_1_205' title='bbox 3611 1276 3837 1332; x_wconf 89' lang='lat' dir='ltr'><strong>corpore</strong></span> 
     </span>
    </p>
   </div>
   <div class='ocr_carea' id='block_1_30' title="bbox 2683 1343 3835 1420">
    <p class='ocr_par' dir='ltr' id='par_1_30' title="bbox 2683 1343 3835 1420">
     <span class='ocr_line' id='line_1_30' title="bbox 2683 1343 3835 1420; baseline 0.008 -23"><span class='ocrx_word' id='word_1_206' title='bbox 2683 1343 2740 1398; x_wconf 91' lang='lat' dir='ltr'><strong>id</strong></span> <span class='ocrx_word' id='word_1_207' title='bbox 2769 1349 2851 1398; x_wconf 87' lang='lat' dir='ltr'><strong>est</strong></span> <span class='ocrx_word' id='word_1_208' title='bbox 2887 1345 3091 1400; x_wconf 91' lang='lat' dir='ltr'><strong>animo.</strong></span> <span class='ocrx_word' id='word_1_209' title='bbox 3145 1347 3288 1402; x_wconf 91' lang='lat' dir='ltr'><strong>Dum</strong></span> <span class='ocrx_word' id='word_1_210' title='bbox 3331 1346 3478 1403; x_wconf 92' lang='lat' dir='ltr'><strong>enim</strong></span> <span class='ocrx_word' id='word_1_211' title='bbox 3521 1364 3615 1420; x_wconf 90' lang='lat' dir='ltr'><strong>spe</strong></span> <span class='ocrx_word' id='word_1_212' title='bbox 3650 1349 3835 1406; x_wconf 66' lang='lat' dir='ltr'><strong>coales-</strong></span> 
     </span>
    </p>
   </div>
   <div class='ocr_carea' id='block_1_31' title="bbox 2249 1429 3835 1508">
    <p class='ocr_par' dir='ltr' id='par_1_31' title="bbox 2249 1429 3835 1508">
     <span class='ocr_line' id='line_1_31' title="bbox 2249 1429 3835 1508; baseline 0.006 -24"><span class='ocrx_word' id='word_1_213' title='bbox 2249 1429 2412 1498; x_wconf 90' lang='lat' dir='ltr'><strong>tium,</strong></span> <span class='ocrx_word' id='word_1_214' title='bbox 2435 1429 2619 1485; x_wconf 90' lang='lat' dir='ltr'><strong>mariti</strong></span> <span class='ocrx_word' id='word_1_215' title='bbox 2645 1439 2700 1486; x_wconf 91' lang='lat' dir='ltr'><strong>et</strong></span> <span class='ocrx_word' id='word_1_216' title='bbox 2720 1431 2960 1487; x_wconf 87' lang='lat' dir='ltr'><strong>ﬁliorum</strong></span> <span class='ocrx_word' id='word_1_217' title='bbox 2991 1432 3425 1491; x_wconf 88' lang='lat' dir='ltr'><strong>sollicitudinem</strong></span> <span class='ocrx_word' id='word_1_218' title='bbox 3447 1451 3556 1491; x_wconf 91' lang='lat' dir='ltr'><strong>non</strong></span> <span class='ocrx_word' id='word_1_219' title='bbox 3584 1436 3835 1508; x_wconf 83' lang='lat' dir='ltr'><strong>suscipit,</strong></span> 
     </span>
    </p>
   </div>
   <div class='ocr_carea' id='block_1_32' title="bbox 2250 1517 3840 1596">
    <p class='ocr_par' dir='ltr' id='par_1_32' title="bbox 2250 1517 3840 1596">
     <span class='ocr_line' id='line_1_32' title="bbox 2250 1517 3840 1596; baseline 0.006 -22"><span class='ocrx_word' id='word_1_220' title='bbox 2250 1517 2317 1574; x_wconf 93' lang='lat' dir='ltr'><strong>de</strong></span> <span class='ocrx_word' id='word_1_221' title='bbox 2345 1519 2584 1574; x_wconf 90' lang='lat' dir='ltr'><strong>Domino</strong></span> <span class='ocrx_word' id='word_1_222' title='bbox 2613 1520 2836 1590; x_wconf 90' lang='lat' dir='ltr'><strong>cogitat,</strong></span> <span class='ocrx_word' id='word_1_223' title='bbox 2861 1522 3138 1594; x_wconf 91' lang='lat' dir='ltr'><strong>quomodo</strong></span> <span class='ocrx_word' id='word_1_224' title='bbox 3165 1525 3503 1596; x_wconf 90' lang='lat' dir='ltr'><strong>propositum</strong></span> <span class='ocrx_word' id='word_1_225' title='bbox 3532 1527 3646 1582; x_wconf 94' lang='lat' dir='ltr'><strong>Deo</strong></span> <span class='ocrx_word' id='word_1_226' title='bbox 3673 1525 3840 1582; x_wconf 81' lang='lat' dir='ltr'><strong>devo-</strong></span> 
     </span>
    </p>
   </div>
   <div class='ocr_carea' id='block_1_33' title="bbox 2253 1606 3839 1684">
    <p class='ocr_par' dir='ltr' id='par_1_33' title="bbox 2253 1606 3839 1684">
     <span class='ocr_line' id='line_1_33' title="bbox 2253 1606 3839 1684; baseline 0.007 -23"><span class='ocrx_word' id='word_1_227' title='bbox 2253 1612 2367 1661; x_wconf 91' lang='lat' dir='ltr'><strong>tum</strong></span> <span class='ocrx_word' id='word_1_228' title='bbox 2397 1606 2705 1674; x_wconf 90' lang='lat' dir='ltr'><strong>custodiat;</strong></span> <span class='ocrx_word' id='word_1_229' title='bbox 2755 1607 2801 1663; x_wconf 91' lang='lat' dir='ltr'><strong>si</strong></span> <span class='ocrx_word' id='word_1_230' title='bbox 2832 1617 3013 1665; x_wconf 88' lang='lat' dir='ltr'><strong>tamen</strong></span> <span class='ocrx_word' id='word_1_231' title='bbox 3044 1609 3102 1665; x_wconf 93' lang='lat' dir='ltr'><strong>in</strong></span> <span class='ocrx_word' id='word_1_232' title='bbox 3133 1628 3357 1684; x_wconf 89' lang='lat' dir='ltr'><strong>corpore</strong></span> <span class='ocrx_word' id='word_1_233' title='bbox 3386 1613 3590 1670; x_wconf 93' lang='lat' dir='ltr'><strong>mundo</strong></span> <span class='ocrx_word' id='word_1_234' title='bbox 3621 1615 3839 1673; x_wconf 84' lang='lat' dir='ltr'><strong>animus</strong></span> 
     </span>
    </p>
   </div>
   <div class='ocr_carea' id='block_1_34' title="bbox 543 1693 3842 1788">
    <p class='ocr_par' dir='ltr' id='par_1_34' title="bbox 543 1693 3842 1788">
     <span class='ocr_line' id='line_1_34' title="bbox 543 1693 3842 1788; baseline 0.007 -53"><span class='ocrx_word' id='word_1_235' title='bbox 543 1703 611 1760; x_wconf 71' lang='lat' dir='ltr'>de</span> <span class='ocrx_word' id='word_1_236' title='bbox 640 1703 737 1758; x_wconf 74' lang='lat' dir='ltr'><strong>Dei</strong></span> <span class='ocrx_word' id='word_1_237' title='bbox 764 1701 996 1772; x_wconf 46' lang='lat' dir='ltr'><strong>judicio.</strong></span> <span class='ocrx_word' id='word_1_238' title='bbox 1024 1727 1045 1751; x_wconf 81' lang='lat'><strong>,</strong></span> <span class='ocrx_word' id='word_1_239' title='bbox 1107 1703 1179 1759; x_wconf 75' lang='grc' dir='ltr'><strong>Ει</strong></span> <span class='ocrx_word' id='word_1_240' title='bbox 1207 1703 1302 1776; x_wconf 73' lang='lat' dir='ltr'><strong>qui</strong></span> <span class='ocrx_word' id='word_1_241' title='bbox 1331 1712 1540 1772; x_wconf 52' lang='lat' dir='ltr'><strong>emunt,</strong></span> <span class='ocrx_word' id='word_1_242' title='bbox 1572 1712 1831 1779; x_wconf 61' lang='lat' dir='ltr'><strong>tanquam</strong></span> <span class='ocrx_word' id='word_1_243' title='bbox 1864 1721 1975 1762; x_wconf 77' lang='grc' dir='ltr'><strong>ηοη</strong></span> <span class='ocrx_word' id='word_1_244' title='bbox 2003 1721 2141 1777; x_wconf 74' lang='lat' dir='ltr'><strong>pos-</strong></span> <span class='ocrx_word' id='word_1_245' title='bbox 2173 1726 2220 1788; x_wconf 78' lang='grc' dir='ltr'>Β</span> <span class='ocrx_word' id='word_1_246' title='bbox 2254 1699 2469 1788; x_wconf 81' lang='lat' dir='ltr'><strong>terrena</strong></span> <span class='ocrx_word' id='word_1_247' title='bbox 2497 1693 2782 1788; x_wconf 83' lang='lat' dir='ltr'><strong>abjiciens,</strong></span> <span class='ocrx_word' id='word_1_248' title='bbox 2817 1697 3131 1788; x_wconf 62' lang='lat' dir='ltr'><strong>coelestibus</strong></span> <span class='ocrx_word' id='word_1_249' title='bbox 3175 1700 3391 1757; x_wconf 88' lang='lat' dir='ltr'><strong>studeat</strong></span> <span class='ocrx_word' id='word_1_250' title='bbox 3430 1702 3571 1773; x_wconf 85' lang='grc'><strong>(51).</strong></span> <span class='ocrx_word' id='word_1_251' title='bbox 3601 1703 3842 1760; x_wconf 84' lang='lat' dir='ltr'><strong>Animus</strong></span> 
     </span>
    </p>
   </div>
   <div class='ocr_carea' id='block_1_35' title="bbox 543 1790 2140 1867">
    <p class='ocr_par' dir='ltr' id='par_1_35' title="bbox 543 1790 2140 1867">
     <span class='ocr_line' id='line_1_35' title="bbox 543 1790 2140 1867; baseline 0.002 -19"><span class='ocrx_word' id='word_1_252' title='bbox 543 1790 823 1858; x_wconf 89' lang='lat' dir='ltr'><strong>sidentes;</strong></span> <span class='ocrx_word' id='word_1_253' title='bbox 872 1815 892 1839; x_wconf 76' lang='grc' dir='ltr'><strong><em>ι</em></strong></span> <span class='ocrx_word' id='word_1_254' title='bbox 953 1790 1233 1847; x_wconf 87' lang='lat' dir='ltr'><strong>credentes</strong></span> <span class='ocrx_word' id='word_1_255' title='bbox 1279 1792 1448 1861; x_wconf 91' lang='lat' dir='ltr'><strong>enim,</strong></span> <span class='ocrx_word' id='word_1_256' title='bbox 1499 1793 1594 1866; x_wconf 91' lang='lat' dir='ltr'><strong>qui</strong></span> <span class='ocrx_word' id='word_1_257' title='bbox 1641 1801 1851 1862; x_wconf 88' lang='lat' dir='ltr'><strong>emunt,</strong></span> <span class='ocrx_word' id='word_1_258' title='bbox 1909 1809 2140 1867; x_wconf 90' lang='lat' dir='ltr'><strong>parvum</strong></span> 
     </span>
    </p>
   </div>
   <div class='ocr_carea' id='block_1_36' title="bbox 543 1879 2141 1954">
    <p class='ocr_par' dir='ltr' id='par_1_36' title="bbox 543 1879 2141 1954">
     <span class='ocr_line' id='line_1_36' title="bbox 543 1879 2141 1954; baseline 0.003 -19"><span class='ocrx_word' id='word_1_259' title='bbox 543 1887 766 1950; x_wconf 87' lang='lat' dir='ltr'><strong>tempus</strong></span> <span class='ocrx_word' id='word_1_260' title='bbox 790 1894 1068 1952; x_wconf 90' lang='lat' dir='ltr'><strong>superesse</strong></span> <span class='ocrx_word' id='word_1_261' title='bbox 1097 1879 1324 1948; x_wconf 90' lang='lat' dir='ltr'><strong>mundo,</strong></span> <span class='ocrx_word' id='word_1_262' title='bbox 1357 1879 1437 1937; x_wconf 89' lang='lat' dir='ltr'><strong>sic</strong></span> <span class='ocrx_word' id='word_1_263' title='bbox 1479 1889 1663 1954; x_wconf 88' lang='lat' dir='ltr'><strong>agant,</strong></span> <span class='ocrx_word' id='word_1_264' title='bbox 1693 1891 1756 1939; x_wconf 93' lang='lat' dir='ltr'><strong>ut</strong></span> <span class='ocrx_word' id='word_1_265' title='bbox 1783 1898 1896 1939; x_wconf 94' lang='lat' dir='ltr'><strong>non</strong></span> <span class='ocrx_word' id='word_1_266' title='bbox 1923 1898 2141 1938; x_wconf 90' lang='lat' dir='ltr'><strong>omnem</strong></span> 
     </span>
    </p>
   </div>
   <div class='ocr_carea' id='block_1_37' title="bbox 541 1967 2142 2044">
    <p class='ocr_par' dir='ltr' id='par_1_37' title="bbox 541 1967 2142 2044">
     <span class='ocr_line' id='line_1_37' title="bbox 541 1967 2142 2044; baseline 0.002 -20"><span class='ocrx_word' id='word_1_267' title='bbox 541 1983 732 2024; x_wconf 89' lang='lat' dir='ltr'><strong>curam</strong></span> <span class='ocrx_word' id='word_1_268' title='bbox 777 1968 836 2022; x_wconf 91' lang='lat' dir='ltr'><strong>in</strong></span> <span class='ocrx_word' id='word_1_269' title='bbox 873 1984 988 2024; x_wconf 90' lang='lat' dir='ltr'><strong>rem</strong></span> <span class='ocrx_word' id='word_1_270' title='bbox 1035 1967 1147 2026; x_wconf 91' lang='lat' dir='ltr'><strong>cito</strong></span> <span class='ocrx_word' id='word_1_271' title='bbox 1194 1968 1494 2041; x_wconf 89' lang='lat' dir='ltr'><strong>perituram</strong></span> <span class='ocrx_word' id='word_1_272' title='bbox 1547 1970 1910 2044; x_wconf 88' lang='lat' dir='ltr'><strong>impendant:</strong></span> <span class='ocrx_word' id='word_1_273' title='bbox 1969 1970 2142 2044; x_wconf 92' lang='lat' dir='ltr'><strong>magis</strong></span> 
     </span>
    </p>
   </div>
   <div class='ocr_carea' id='block_1_38' title="bbox 539 2061 2138 2138">
    <p class='ocr_par' dir='ltr' id='par_1_38' title="bbox 539 2061 2138 2138">
     <span class='ocr_line' id='line_1_38' title="bbox 539 2061 2138 2138; baseline 0.004 -22"><span class='ocrx_word' id='word_1_274' title='bbox 539 2067 731 2117; x_wconf 90' lang='lat' dir='ltr'><strong>autem</strong></span> <span class='ocrx_word' id='word_1_275' title='bbox 763 2076 950 2118; x_wconf 89' lang='lat' dir='ltr'><strong>curam</strong></span> <span class='ocrx_word' id='word_1_276' title='bbox 980 2061 1174 2119; x_wconf 84' lang='lat' dir='ltr'><strong>animae</strong></span> <span class='ocrx_word' id='word_1_277' title='bbox 1203 2077 1315 2121; x_wconf 65' lang='lat' dir='ltr'><strong>suae</strong></span> <span class='ocrx_word' id='word_1_278' title='bbox 1343 2071 1554 2136; x_wconf 88' lang='lat' dir='ltr'><strong>gerant,</strong></span> <span class='ocrx_word' id='word_1_279' title='bbox 1575 2080 1739 2138; x_wconf 91' lang='lat' dir='ltr'><strong>quam</strong></span> <span class='ocrx_word' id='word_1_280' title='bbox 1767 2065 1952 2126; x_wconf 89' lang='lat' dir='ltr'><strong>sciunt</strong></span> <span class='ocrx_word' id='word_1_281' title='bbox 1981 2073 2138 2123; x_wconf 88' lang='lat' dir='ltr'><strong>aeter-</strong></span> 
     </span>
    </p>
   </div>
   <div class='ocr_carea' id='block_1_39' title="bbox 541 2165 689 2206">
    <p class='ocr_par' dir='ltr' id='par_1_39' title="bbox 541 2165 689 2206">
     <span class='ocr_line' id='line_1_39' title="bbox 541 2165 689 2206; baseline 0.007 -1"><span class='ocrx_word' id='word_1_282' title='bbox 541 2165 689 2206; x_wconf 90' lang='lat' dir='ltr'><strong>nam.</strong></span> 
     </span>
    </p>
   </div>
   <div class='ocr_carea' id='block_1_40' title="bbox 627 2241 2137 2318">
    <p class='ocr_par' dir='ltr' id='par_1_40' title="bbox 627 2241 2137 2318">
     <span class='ocr_line' id='line_1_40' title="bbox 627 2241 2137 2318; baseline 0.002 -17"><span class='ocrx_word' id='word_1_283' title='bbox 627 2245 768 2303; x_wconf 83' lang='lat'><strong>137</strong></span> <span class='ocrx_word' id='word_1_284' title='bbox 808 2241 991 2313; x_wconf 86' lang='lat' dir='ltr'><strong>(Vers.</strong></span> <span class='ocrx_word' id='word_1_285' title='bbox 1033 2243 1150 2317; x_wconf 87' lang='grc'><strong>31.)</strong></span> <span class='ocrx_word' id='word_1_286' title='bbox 1203 2266 1223 2291; x_wconf 75' lang='grc' dir='ltr'>ι</span> <span class='ocrx_word' id='word_1_287' title='bbox 1263 2245 1335 2302; x_wconf 94' lang='lat' dir='ltr'><strong>Et</strong></span> <span class='ocrx_word' id='word_1_288' title='bbox 1363 2243 1459 2318; x_wconf 91' lang='lat' dir='ltr'><strong>qui</strong></span> <span class='ocrx_word' id='word_1_289' title='bbox 1501 2251 1734 2303; x_wconf 88' lang='lat' dir='ltr'><strong>utuntur</strong></span> <span class='ocrx_word' id='word_1_290' title='bbox 1765 2245 1870 2304; x_wconf 92' lang='lat' dir='ltr'><strong>hoc</strong></span> <span class='ocrx_word' id='word_1_291' title='bbox 1913 2247 2137 2316; x_wconf 68' lang='lat' dir='ltr'><strong>saeculo,</strong></span> 
     </span>
    </p>
   </div>
   <div class='ocr_carea' id='block_1_41' title="bbox 545 2340 2142 2416">
    <p class='ocr_par' dir='ltr' id='par_1_41' title="bbox 545 2340 2142 2416">
     <span class='ocr_line' id='line_1_41' title="bbox 545 2340 2142 2416; baseline 0.004 -23"><span class='ocrx_word' id='word_1_292' title='bbox 545 2346 806 2411; x_wconf 89' lang='lat' dir='ltr'><strong>tanquam</strong></span> <span class='ocrx_word' id='word_1_293' title='bbox 838 2355 951 2395; x_wconf 91' lang='lat' dir='ltr'><strong>non</strong></span> <span class='ocrx_word' id='word_1_294' title='bbox 976 2347 1239 2408; x_wconf 89' lang='lat' dir='ltr'><strong>utantur;</strong></span> <span class='ocrx_word' id='word_1_295' title='bbox 1271 2365 1291 2389; x_wconf 74' lang='grc' dir='ltr'><strong>ι</strong></span> <span class='ocrx_word' id='word_1_296' title='bbox 1345 2340 1403 2397; x_wconf 90' lang='lat' dir='ltr'><strong>id</strong></span> <span class='ocrx_word' id='word_1_297' title='bbox 1431 2348 1532 2411; x_wconf 91' lang='lat' dir='ltr'><strong>est,</strong></span> <span class='ocrx_word' id='word_1_298' title='bbox 1566 2350 1630 2399; x_wconf 90' lang='lat' dir='ltr'><strong>ut</strong></span> <span class='ocrx_word' id='word_1_299' title='bbox 1656 2359 1766 2400; x_wconf 93' lang='lat' dir='ltr'><strong>non</strong></span> <span class='ocrx_word' id='word_1_300' title='bbox 1815 2351 2142 2416; x_wconf 73' lang='lat' dir='ltr'><strong>praesumant</strong></span> 
     </span>
    </p>
   </div>
   <div class='ocr_carea' id='block_1_42' title="bbox 547 2426 2138 2502">
    <p class='ocr_par' dir='ltr' id='par_1_42' title="bbox 547 2426 2138 2502">
     <span class='ocr_line' id='line_1_42' title="bbox 547 2426 2138 2502; baseline 0.006 -21"><span class='ocrx_word' id='word_1_301' title='bbox 547 2426 616 2482; x_wconf 92' lang='lat' dir='ltr'><strong>de</strong></span> <span class='ocrx_word' id='word_1_302' title='bbox 646 2444 750 2483; x_wconf 91' lang='lat' dir='ltr'><strong>usu</strong></span> <span class='ocrx_word' id='word_1_303' title='bbox 797 2427 938 2495; x_wconf 92' lang='lat' dir='ltr'><strong>hoc;</strong></span> <span class='ocrx_word' id='word_1_304' title='bbox 986 2429 1114 2502; x_wconf 90' lang='lat' dir='ltr'><strong>quia</strong></span> <span class='ocrx_word' id='word_1_305' title='bbox 1153 2429 1262 2487; x_wconf 91' lang='lat' dir='ltr'><strong>cito</strong></span> <span class='ocrx_word' id='word_1_306' title='bbox 1302 2431 1523 2502; x_wconf 84' lang='lat' dir='ltr'><strong>peribit,</strong></span> <span class='ocrx_word' id='word_1_307' title='bbox 1571 2441 1859 2490; x_wconf 91' lang='lat' dir='ltr'><strong>corruente</strong></span> <span class='ocrx_word' id='word_1_308' title='bbox 1913 2434 2138 2492; x_wconf 90' lang='lat' dir='ltr'><strong>mundo.</strong></span> 
     </span>
    </p>
   </div>
   <div class='ocr_carea' id='block_1_43' title="bbox 559 2515 2141 2589">
    <p class='ocr_par' dir='ltr' id='par_1_43' title="bbox 559 2515 2141 2589">
     <span class='ocr_line' id='line_1_43' title="bbox 559 2515 2141 2589; baseline 0.006 -20"><span class='ocrx_word' id='word_1_309' title='bbox 559 2539 580 2563; x_wconf 75' lang='grc' dir='ltr'>ι</span> <span class='ocrx_word' id='word_1_310' title='bbox 618 2515 866 2571; x_wconf 76' lang='lat' dir='ltr'><strong>Praeterit</strong></span> <span class='ocrx_word' id='word_1_311' title='bbox 895 2516 1041 2572; x_wconf 92' lang='lat' dir='ltr'><strong>enim</strong></span> <span class='ocrx_word' id='word_1_312' title='bbox 1094 2517 1267 2589; x_wconf 87' lang='lat' dir='ltr'><strong>ﬁgura</strong></span> <span class='ocrx_word' id='word_1_313' title='bbox 1309 2518 1476 2589; x_wconf 86' lang='lat' dir='ltr'><strong>hujus</strong></span> <span class='ocrx_word' id='word_1_314' title='bbox 1519 2521 1732 2577; x_wconf 90' lang='lat' dir='ltr'><strong>mundi.</strong></span> <span class='ocrx_word' id='word_1_315' title='bbox 1763 2546 1783 2570; x_wconf 75' lang='grc' dir='ltr'>ι</span> <span class='ocrx_word' id='word_1_316' title='bbox 1826 2522 1965 2589; x_wconf 86' lang='lat' dir='ltr'><strong>Quia</strong></span> <span class='ocrx_word' id='word_1_317' title='bbox 1991 2523 2141 2579; x_wconf 88' lang='lat' dir='ltr'><strong>ﬁniri</strong></span> 
     </span>
    </p>
   </div>
   <div class='ocr_carea' id='block_1_44' title="bbox 548 2603 2136 2683">
    <p class='ocr_par' dir='ltr' id='par_1_44' title="bbox 548 2603 2136 2683">
     <span class='ocr_line' id='line_1_44' title="bbox 548 2603 2136 2683; baseline 0.007 -26"><span class='ocrx_word' id='word_1_318' title='bbox 548 2603 820 2658; x_wconf 89' lang='lat' dir='ltr'><strong>mundum</strong></span> <span class='ocrx_word' id='word_1_319' title='bbox 850 2603 1017 2674; x_wconf 83' lang='lat' dir='ltr'><strong>dixit,</strong></span> <span class='ocrx_word' id='word_1_320' title='bbox 1039 2606 1280 2662; x_wconf 89' lang='lat' dir='ltr'><strong>ostendit</strong></span> <span class='ocrx_word' id='word_1_321' title='bbox 1301 2607 1528 2680; x_wconf 89' lang='lat' dir='ltr'><strong>ﬁguram</strong></span> <span class='ocrx_word' id='word_1_322' title='bbox 1552 2608 1668 2680; x_wconf 88' lang='lat' dir='ltr'><strong>ejus</strong></span> <span class='ocrx_word' id='word_1_323' title='bbox 1689 2610 1963 2681; x_wconf 82' lang='lat' dir='ltr'><strong>praeterire</strong></span> <span class='ocrx_word' id='word_1_324' title='bbox 1985 2612 2101 2683; x_wconf 82' lang='grc'><strong>(50)</strong></span> <span class='ocrx_word' id='word_1_325' title='bbox 2122 2630 2136 2680; x_wconf 92' lang='grc'>;</span> 
     </span>
    </p>
   </div>
   <div class='ocr_carea' id='block_1_45' title="bbox 548 2691 2142 2772">
    <p class='ocr_par' dir='ltr' id='par_1_45' title="bbox 548 2691 2142 2772">
     <span class='ocr_line' id='line_1_45' title="bbox 548 2691 2142 2772; baseline 0.006 -25"><span class='ocrx_word' id='word_1_326' title='bbox 548 2701 604 2748; x_wconf 92' lang='lat' dir='ltr'><strong>et</strong></span> <span class='ocrx_word' id='word_1_327' title='bbox 647 2691 796 2749; x_wconf 89' lang='lat' dir='ltr'><strong>hunc</strong></span> <span class='ocrx_word' id='word_1_328' title='bbox 842 2708 956 2750; x_wconf 90' lang='lat' dir='ltr'><strong>esse</strong></span> <span class='ocrx_word' id='word_1_329' title='bbox 998 2694 1185 2763; x_wconf 90' lang='lat' dir='ltr'><strong>ﬁnem,</strong></span> <span class='ocrx_word' id='word_1_330' title='bbox 1231 2695 1289 2750; x_wconf 91' lang='lat' dir='ltr'><strong>id</strong></span> <span class='ocrx_word' id='word_1_331' title='bbox 1341 2704 1440 2764; x_wconf 91' lang='lat' dir='ltr'><strong>est,</strong></span> <span class='ocrx_word' id='word_1_332' title='bbox 1480 2714 1590 2754; x_wconf 94' lang='lat' dir='ltr'><strong>non</strong></span> <span class='ocrx_word' id='word_1_333' title='bbox 1635 2698 1994 2756; x_wconf 89' lang='lat' dir='ltr'><strong>substantiam</strong></span> <span class='ocrx_word' id='word_1_334' title='bbox 2024 2699 2142 2772; x_wconf 91' lang='lat' dir='ltr'><strong>ejus</strong></span> 
     </span>
    </p>
   </div>
   <div class='ocr_carea' id='block_1_46' title="bbox 549 2775 2143 2862">
    <p class='ocr_par' dir='ltr' id='par_1_46' title="bbox 549 2775 2143 2862">
     <span class='ocr_line' id='line_1_46' title="bbox 549 2775 2143 2862; baseline 0.006 -25"><span class='ocrx_word' id='word_1_335' title='bbox 549 2781 850 2852; x_wconf 69' lang='lat' dir='ltr'><strong>praeterire,</strong></span> <span class='ocrx_word' id='word_1_336' title='bbox 879 2782 972 2838; x_wconf 90' lang='lat' dir='ltr'><strong>sed</strong></span> <span class='ocrx_word' id='word_1_337' title='bbox 1000 2783 1253 2841; x_wconf 85' lang='lat' dir='ltr'><strong>formam.</strong></span> <span class='ocrx_word' id='word_1_338' title='bbox 1285 2787 1472 2860; x_wconf 89' lang='lat' dir='ltr'><strong>Itaque</strong></span> <span class='ocrx_word' id='word_1_339' title='bbox 1501 2788 1548 2843; x_wconf 91' lang='lat' dir='ltr'><strong>si</strong></span> <span class='ocrx_word' id='word_1_340' title='bbox 1571 2788 1748 2844; x_wconf 85' lang='lat' dir='ltr'><strong>forma</strong></span> <span class='ocrx_word' id='word_1_341' title='bbox 1778 2789 1971 2846; x_wconf 90' lang='lat' dir='ltr'><strong>mundi</strong></span> <span class='ocrx_word' id='word_1_342' title='bbox 1998 2775 2143 2862; x_wconf 85' lang='lat' dir='ltr'><strong>peri-</strong></span> 
     </span>
    </p>
   </div>
   <div class='ocr_carea' id='block_1_47' title="bbox 545 2867 2140 2948">
    <p class='ocr_par' dir='ltr' id='par_1_47' title="bbox 545 2867 2140 2948">
     <span class='ocr_line' id='line_1_47' title="bbox 545 2867 2140 2948; baseline 0.009 -26"><span class='ocrx_word' id='word_1_343' title='bbox 545 2867 652 2936; x_wconf 85' lang='lat' dir='ltr'><strong>bit,</strong></span> <span class='ocrx_word' id='word_1_344' title='bbox 702 2869 935 2924; x_wconf 90' lang='lat' dir='ltr'><strong>dubium</strong></span> <span class='ocrx_word' id='word_1_345' title='bbox 975 2873 1168 2943; x_wconf 90' lang='lat' dir='ltr'><strong>utique</strong></span> <span class='ocrx_word' id='word_1_346' title='bbox 1197 2889 1308 2928; x_wconf 91' lang='lat' dir='ltr'><strong>non</strong></span> <span class='ocrx_word' id='word_1_347' title='bbox 1335 2883 1418 2930; x_wconf 92' lang='lat' dir='ltr'><strong>est</strong></span> <span class='ocrx_word' id='word_1_348' title='bbox 1447 2876 1653 2944; x_wconf 91' lang='lat' dir='ltr'><strong>omnia,</strong></span> <span class='ocrx_word' id='word_1_349' title='bbox 1698 2895 1818 2948; x_wconf 69' lang='lat' dir='ltr'><strong>qua:</strong></span> <span class='ocrx_word' id='word_1_350' title='bbox 1847 2879 1904 2934; x_wconf 93' lang='lat' dir='ltr'><strong>in</strong></span> <span class='ocrx_word' id='word_1_351' title='bbox 1935 2879 2140 2936; x_wconf 92' lang='lat' dir='ltr'><strong>mundo</strong></span> 
     </span>
    </p>
   </div>
   <div class='ocr_carea' id='block_1_48' title="bbox 547 2955 2141 3036">
    <p class='ocr_par' dir='ltr' id='par_1_48' title="bbox 547 2955 2141 3036">
     <span class='ocr_line' id='line_1_48' title="bbox 547 2955 2141 3036; baseline 0.01 -28"><span class='ocrx_word' id='word_1_352' title='bbox 547 2962 696 3022; x_wconf 91' lang='lat' dir='ltr'><strong>sunt,</strong></span> <span class='ocrx_word' id='word_1_353' title='bbox 730 2955 975 3012; x_wconf 88' lang='lat' dir='ltr'><strong>interire.</strong></span> <span class='ocrx_word' id='word_1_354' title='bbox 1030 2957 1158 3014; x_wconf 90' lang='lat' dir='ltr'><strong>Ideo</strong></span> <span class='ocrx_word' id='word_1_355' title='bbox 1188 2959 1450 3031; x_wconf 66' lang='lat' dir='ltr'><strong>praeterit,</strong></span> <span class='ocrx_word' id='word_1_356' title='bbox 1480 2963 1609 3034; x_wconf 88' lang='lat' dir='ltr'><strong>quia</strong></span> <span class='ocrx_word' id='word_1_357' title='bbox 1636 2964 1882 3036; x_wconf 90' lang='lat' dir='ltr'><strong>quotidie</strong></span> <span class='ocrx_word' id='word_1_358' title='bbox 1910 2965 2141 3025; x_wconf 88' lang='lat' dir='ltr'><strong>senescit</strong></span> 
     </span>
    </p>
   </div>
   <div class='ocr_carea' id='block_1_49' title="bbox 545 3041 805 3100">
    <p class='ocr_par' dir='ltr' id='par_1_49' title="bbox 545 3041 805 3100">
     <span class='ocr_line' id='line_1_49' title="bbox 545 3041 805 3100; baseline 0.015 -4"><span class='ocrx_word' id='word_1_359' title='bbox 545 3041 805 3100; x_wconf 87' lang='lat' dir='ltr'><strong>mundus.</strong></span> 
     </span>
    </p>
   </div>
   <div class='ocr_carea' id='block_1_50' title="bbox 616 3131 2123 3206">
    <p class='ocr_par' dir='ltr' id='par_1_50' title="bbox 616 3131 2123 3206">
     <span class='ocr_line' id='line_1_50' title="bbox 616 3131 2123 3206; baseline 0.01 -19"><span class='ocrx_word' id='word_1_360' title='bbox 616 3131 801 3202; x_wconf 84' lang='lat' dir='ltr'><strong>(Vers.</strong></span> <span class='ocrx_word' id='word_1_361' title='bbox 833 3133 950 3206; x_wconf 82' lang='lat'><strong>32.)</strong></span> <span class='ocrx_word' id='word_1_362' title='bbox 999 3158 1019 3184; x_wconf 77' lang='grc' dir='ltr'>ι</span> <span class='ocrx_word' id='word_1_363' title='bbox 1050 3135 1191 3194; x_wconf 82' lang='lat' dir='ltr'><strong>Volo</strong></span> <span class='ocrx_word' id='word_1_364' title='bbox 1225 3140 1337 3195; x_wconf 85' lang='lat' dir='ltr'><strong>vos</strong></span> <span class='ocrx_word' id='word_1_365' title='bbox 1365 3137 1483 3195; x_wconf 91' lang='lat' dir='ltr'><strong>sine</strong></span> <span class='ocrx_word' id='word_1_366' title='bbox 1529 3139 1903 3200; x_wconf 90' lang='lat' dir='ltr'><strong>sollicitudine</strong></span> <span class='ocrx_word' id='word_1_367' title='bbox 1931 3161 2063 3202; x_wconf 91' lang='lat' dir='ltr'><strong>esse.</strong></span> <span class='ocrx_word' id='word_1_368' title='bbox 2103 3168 2123 3193; x_wconf 73' lang='grc' dir='ltr'>ι</span> 
     </span>
    </p>
   </div>
   <div class='ocr_carea' id='block_1_51' title="bbox 542 3218 2137 3300">
    <p class='ocr_par' dir='ltr' id='par_1_51' title="bbox 542 3218 2137 3300">
     <span class='ocr_line' id='line_1_51' title="bbox 542 3218 2137 3300; baseline 0.01 -26"><span class='ocrx_word' id='word_1_369' title='bbox 542 3218 831 3278; x_wconf 89' lang='lat' dir='ltr'><strong>Diminuta</strong></span> <span class='ocrx_word' id='word_1_370' title='bbox 861 3223 1008 3280; x_wconf 92' lang='lat' dir='ltr'><strong>enim</strong></span> <span class='ocrx_word' id='word_1_371' title='bbox 1055 3225 1430 3284; x_wconf 87' lang='lat' dir='ltr'><strong>sollicitudine</strong></span> <span class='ocrx_word' id='word_1_372' title='bbox 1472 3231 1682 3300; x_wconf 81' lang='lat' dir='ltr'><strong>saeculi,</strong></span> <span class='ocrx_word' id='word_1_373' title='bbox 1726 3232 1784 3288; x_wconf 92' lang='lat' dir='ltr'><strong>in</strong></span> <span class='ocrx_word' id='word_1_374' title='bbox 1832 3235 1930 3288; x_wconf 92' lang='lat' dir='ltr'><strong>Dei</strong></span> <span class='ocrx_word' id='word_1_375' title='bbox 1977 3233 2137 3290; x_wconf 87' lang='lat' dir='ltr'><strong>rebus</strong></span> 
     </span>
    </p>
   </div>
   <div class='ocr_carea' id='block_1_52' title="bbox 540 3313 2137 3388">
    <p class='ocr_par' dir='ltr' id='par_1_52' title="bbox 540 3313 2137 3388">
     <span class='ocr_line' id='line_1_52' title="bbox 540 3313 2137 3388; baseline 0.008 -22"><span class='ocrx_word' id='word_1_376' title='bbox 540 3313 867 3383; x_wconf 87' lang='lat' dir='ltr'><strong>propensius</strong></span> <span class='ocrx_word' id='word_1_377' title='bbox 896 3316 1174 3388; x_wconf 86' lang='lat' dir='ltr'><strong>vigilatur.</strong></span> <span class='ocrx_word' id='word_1_378' title='bbox 1217 3317 1502 3386; x_wconf 87' lang='lat' dir='ltr'><strong>Quomodo</strong></span> <span class='ocrx_word' id='word_1_379' title='bbox 1549 3331 1730 3378; x_wconf 89' lang='lat' dir='ltr'><strong>autem</strong></span> <span class='ocrx_word' id='word_1_380' title='bbox 1763 3322 1880 3378; x_wconf 89' lang='lat' dir='ltr'><strong>sine</strong></span> <span class='ocrx_word' id='word_1_381' title='bbox 1922 3323 2137 3378; x_wconf 91' lang='lat' dir='ltr'><strong>sollici-</strong></span> 
     </span>
    </p>
   </div>
   <div class='ocr_carea' id='block_1_53' title="bbox 537 3401 2137 3478">
    <p class='ocr_par' dir='ltr' id='par_1_53' title="bbox 537 3401 2137 3478">
     <span class='ocr_line' id='line_1_53' title="bbox 537 3401 2137 3478; baseline 0.009 -24"><span class='ocrx_word' id='word_1_382' title='bbox 537 3401 733 3459; x_wconf 84' lang='lat' dir='ltr'><strong>tudine</strong></span> <span class='ocrx_word' id='word_1_383' title='bbox 761 3419 876 3460; x_wconf 91' lang='lat' dir='ltr'><strong>esse</strong></span> <span class='ocrx_word' id='word_1_384' title='bbox 909 3407 1198 3477; x_wconf 90' lang='lat' dir='ltr'><strong>possimus,</strong></span> <span class='ocrx_word' id='word_1_385' title='bbox 1249 3409 1488 3466; x_wconf 90' lang='lat' dir='ltr'><strong>ostendit</strong></span> <span class='ocrx_word' id='word_1_386' title='bbox 1517 3410 1704 3468; x_wconf 91' lang='lat' dir='ltr'><strong>dicens</strong></span> <span class='ocrx_word' id='word_1_387' title='bbox 1735 3429 1746 3467; x_wconf 90' lang='lat'>:</span> <span class='ocrx_word' id='word_1_388' title='bbox 1811 3435 1830 3458; x_wconf 79' lang='grc' dir='ltr'>ι</span> <span class='ocrx_word' id='word_1_389' title='bbox 1868 3411 1970 3478; x_wconf 88' lang='lat' dir='ltr'><strong>Qui</strong></span> <span class='ocrx_word' id='word_1_390' title='bbox 2019 3412 2137 3469; x_wconf 91' lang='lat' dir='ltr'><strong>sine</strong></span> 
     </span>
    </p>
   </div>
   <div class='ocr_carea' id='block_1_54' title="bbox 538 3495 2136 3572">
    <p class='ocr_par' dir='ltr' id='par_1_54' title="bbox 538 3495 2136 3572">
     <span class='ocr_line' id='line_1_54' title="bbox 538 3495 2136 3572; baseline 0.008 -26"><span class='ocrx_word' id='word_1_391' title='bbox 538 3506 713 3546; x_wconf 88' lang='lat' dir='ltr'><strong>uxore</strong></span> <span class='ocrx_word' id='word_1_392' title='bbox 754 3501 854 3560; x_wconf 89' lang='lat' dir='ltr'><strong>est,</strong></span> <span class='ocrx_word' id='word_1_393' title='bbox 907 3495 1110 3566; x_wconf 88' lang='lat' dir='ltr'><strong>cogitat</strong></span> <span class='ocrx_word' id='word_1_394' title='bbox 1147 3513 1266 3568; x_wconf 61' lang='lat' dir='ltr'><strong>quae</strong></span> <span class='ocrx_word' id='word_1_395' title='bbox 1314 3499 1537 3552; x_wconf 89' lang='lat' dir='ltr'><strong>Domini</strong></span> <span class='ocrx_word' id='word_1_396' title='bbox 1584 3508 1730 3555; x_wconf 91' lang='lat' dir='ltr'><strong>sunt.</strong></span> <span class='ocrx_word' id='word_1_397' title='bbox 1763 3525 1782 3549; x_wconf 75' lang='grc' dir='ltr'><strong><em>ι</em></strong></span> <span class='ocrx_word' id='word_1_398' title='bbox 1842 3501 2136 3572; x_wconf 83' lang='lat' dir='ltr'><strong>Amputata</strong></span> 
     </span>
    </p>
   </div>
   <div class='ocr_carea' id='block_1_55' title="bbox 540 3577 2134 3658">
    <p class='ocr_par' dir='ltr' id='par_1_55' title="bbox 540 3577 2134 3658">
     <span class='ocr_line' id='line_1_55' title="bbox 540 3577 2134 3658; baseline 0.007 -23"><span class='ocrx_word' id='word_1_399' title='bbox 540 3577 690 3635; x_wconf 90' lang='lat' dir='ltr'><strong>enim</strong></span> <span class='ocrx_word' id='word_1_400' title='bbox 720 3579 1096 3638; x_wconf 88' lang='lat' dir='ltr'><strong>sollicitudine</strong></span> <span class='ocrx_word' id='word_1_401' title='bbox 1147 3585 1227 3639; x_wconf 90' lang='lat' dir='ltr'><strong>rei</strong></span> <span class='ocrx_word' id='word_1_402' title='bbox 1272 3586 1500 3654; x_wconf 65' lang='lat' dir='ltr'><strong>uxoriae,</strong></span> <span class='ocrx_word' id='word_1_403' title='bbox 1533 3602 1651 3658; x_wconf 59' lang='lat' dir='ltr'><strong>quae</strong></span> <span class='ocrx_word' id='word_1_404' title='bbox 1682 3587 1796 3644; x_wconf 90' lang='lat' dir='ltr'><strong>sola</strong></span> <span class='ocrx_word' id='word_1_405' title='bbox 1824 3587 1882 3644; x_wconf 91' lang='lat' dir='ltr'><strong>in</strong></span> <span class='ocrx_word' id='word_1_406' title='bbox 1929 3590 2134 3647; x_wconf 91' lang='lat' dir='ltr'><strong>mundo</strong></span> 
     </span>
    </p>
   </div>
   <div class='ocr_carea' id='block_1_56' title="bbox 534 3665 2135 3746">
    <p class='ocr_par' dir='ltr' id='par_1_56' title="bbox 534 3665 2135 3746">
     <span class='ocr_line' id='line_1_56' title="bbox 534 3665 2135 3746; baseline 0.009 -25"><span class='ocrx_word' id='word_1_407' title='bbox 534 3665 751 3721; x_wconf 70' lang='lat' dir='ltr'><strong>caateris</strong></span> <span class='ocrx_word' id='word_1_408' title='bbox 779 3668 998 3739; x_wconf 90' lang='lat' dir='ltr'><strong>gravior</strong></span> <span class='ocrx_word' id='word_1_409' title='bbox 1025 3676 1128 3739; x_wconf 91' lang='lat' dir='ltr'><strong>est,</strong></span> <span class='ocrx_word' id='word_1_410' title='bbox 1167 3671 1235 3728; x_wconf 91' lang='lat' dir='ltr'><strong>ad</strong></span> <span class='ocrx_word' id='word_1_411' title='bbox 1263 3674 1436 3729; x_wconf 93' lang='lat' dir='ltr'><strong>Deum</strong></span> <span class='ocrx_word' id='word_1_412' title='bbox 1467 3675 1888 3746; x_wconf 91' lang='lat' dir='ltr'><strong>promerendum</strong></span> <span class='ocrx_word' id='word_1_413' title='bbox 1918 3678 2135 3736; x_wconf 90' lang='lat' dir='ltr'><strong>animus</strong></span> 
     </span>
    </p>
   </div>
   <div class='ocr_carea' id='block_1_57' title="bbox 538 3752 2132 3835">
    <p class='ocr_par' dir='ltr' id='par_1_57' title="bbox 538 3752 2132 3835">
     <span class='ocr_line' id='line_1_57' title="bbox 538 3752 2132 3835; baseline 0.011 -27"><span class='ocrx_word' id='word_1_414' title='bbox 538 3752 795 3810; x_wconf 90' lang='lat' dir='ltr'><strong>eruditur</strong></span> <span class='ocrx_word' id='word_1_415' title='bbox 825 3775 837 3812; x_wconf 87' lang='lat'><strong>:</strong></span> <span class='ocrx_word' id='word_1_416' title='bbox 867 3757 913 3812; x_wconf 92' lang='lat' dir='ltr'><strong>si</strong></span> <span class='ocrx_word' id='word_1_417' title='bbox 945 3765 1126 3815; x_wconf 89' lang='lat' dir='ltr'><strong>tamen</strong></span> <span class='ocrx_word' id='word_1_418' title='bbox 1158 3758 1262 3818; x_wconf 90' lang='lat' dir='ltr'><strong>hac</strong></span> <span class='ocrx_word' id='word_1_419' title='bbox 1290 3779 1387 3835; x_wconf 90' lang='lat' dir='ltr'><strong>spe</strong></span> <span class='ocrx_word' id='word_1_420' title='bbox 1421 3763 1639 3820; x_wconf 89' lang='lat' dir='ltr'><strong>animus</strong></span> <span class='ocrx_word' id='word_1_421' title='bbox 1673 3764 1761 3822; x_wconf 91' lang='lat' dir='ltr'><strong>his</strong></span> <span class='ocrx_word' id='word_1_422' title='bbox 1785 3766 2051 3824; x_wconf 89' lang='lat' dir='ltr'><strong>molestiis</strong></span> <span class='ocrx_word' id='word_1_423' title='bbox 2075 3783 2132 3824; x_wconf 86' lang='lat' dir='ltr'><strong>se</strong></span> 
     </span>
    </p>
   </div>
   <div class='ocr_carea' id='block_1_58' title="bbox 535 3847 1406 3921">
    <p class='ocr_par' dir='ltr' id='par_1_58' title="bbox 535 3847 1406 3921">
     <span class='ocr_line' id='line_1_58' title="bbox 535 3847 1406 3921; baseline 0.014 -24"><span class='ocrx_word' id='word_1_424' title='bbox 535 3851 728 3907; x_wconf 83' lang='lat' dir='ltr'><strong>exuat,</strong></span> <span class='ocrx_word' id='word_1_425' title='bbox 759 3852 821 3901; x_wconf 90' lang='lat' dir='ltr'><strong>ut</strong></span> <span class='ocrx_word' id='word_1_426' title='bbox 846 3847 959 3904; x_wconf 92' lang='lat' dir='ltr'><strong>Deo</strong></span> <span class='ocrx_word' id='word_1_427' title='bbox 987 3851 1160 3921; x_wconf 85' lang='lat' dir='ltr'><strong>magis</strong></span> <span class='ocrx_word' id='word_1_428' title='bbox 1188 3851 1406 3910; x_wconf 87' lang='lat' dir='ltr'><strong>serviat.</strong></span> 
     </span>
    </p>
   </div>
   <div class='ocr_carea' id='block_1_59' title="bbox 607 3933 2132 4016">
    <p class='ocr_par' dir='ltr' id='par_1_59' title="bbox 607 3933 2132 4016">
     <span class='ocr_line' id='line_1_59' title="bbox 607 3933 2132 4016; baseline 0.01 -26"><span class='ocrx_word' id='word_1_429' title='bbox 607 3933 794 4004; x_wconf 79' lang='lat' dir='ltr'><strong>(Vera.</strong></span> <span class='ocrx_word' id='word_1_430' title='bbox 826 3934 943 4007; x_wconf 87' lang='lat'><strong>33.)</strong></span> <span class='ocrx_word' id='word_1_431' title='bbox 987 3962 1005 3986; x_wconf 76' lang='grc' dir='ltr'>ι</span> <span class='ocrx_word' id='word_1_432' title='bbox 1029 3937 1134 4004; x_wconf 91' lang='lat' dir='ltr'><strong>Qui</strong></span> <span class='ocrx_word' id='word_1_433' title='bbox 1163 3946 1343 3996; x_wconf 89' lang='lat' dir='ltr'><strong>autem</strong></span> <span class='ocrx_word' id='word_1_434' title='bbox 1374 3958 1500 3999; x_wconf 88' lang='lat' dir='ltr'><strong>cum</strong></span> <span class='ocrx_word' id='word_1_435' title='bbox 1531 3959 1704 4002; x_wconf 87' lang='lat' dir='ltr'><strong>uxore</strong></span> <span class='ocrx_word' id='word_1_436' title='bbox 1731 3953 1832 4016; x_wconf 88' lang='lat' dir='ltr'><strong>est,</strong></span> <span class='ocrx_word' id='word_1_437' title='bbox 1864 3945 2132 4006; x_wconf 89' lang='lat' dir='ltr'><strong>sollicitus</strong></span> 
     </span>
    </p>
   </div>
   <div class='ocr_carea' id='block_1_60' title="bbox 537 4025 2124 4105">
    <p class='ocr_par' dir='ltr' id='par_1_60' title="bbox 537 4025 2124 4105">
     <span class='ocr_line' id='line_1_60' title="bbox 537 4025 2124 4105; baseline 0.008 -25"><span class='ocrx_word' id='word_1_438' title='bbox 537 4028 622 4080; x_wconf 87' lang='lat' dir='ltr'><strong>est</strong></span> <span class='ocrx_word' id='word_1_439' title='bbox 641 4039 760 4096; x_wconf 67' lang='lat' dir='ltr'><strong>quae</strong></span> <span class='ocrx_word' id='word_1_440' title='bbox 785 4031 916 4081; x_wconf 86' lang='lat' dir='ltr'><strong>sunt</strong></span> <span class='ocrx_word' id='word_1_441' title='bbox 942 4025 1112 4099; x_wconf 87' lang='lat' dir='ltr'><strong>hujus</strong></span> <span class='ocrx_word' id='word_1_442' title='bbox 1140 4027 1355 4098; x_wconf 90' lang='lat' dir='ltr'><strong>mundi,</strong></span> <span class='ocrx_word' id='word_1_443' title='bbox 1377 4033 1656 4102; x_wconf 89' lang='lat' dir='ltr'><strong>quomodo</strong></span> <span class='ocrx_word' id='word_1_444' title='bbox 1678 4034 1888 4105; x_wconf 89' lang='lat' dir='ltr'><strong>placeat</strong></span> <span class='ocrx_word' id='word_1_445' title='bbox 1910 4037 2124 4092; x_wconf 44' lang='lat' dir='ltr'><strong>uxoris</strong></span> 
     </span>
    </p>
   </div>
   <div class='ocr_carea' id='block_1_61' title="bbox 535 4112 2126 4194">
    <p class='ocr_par' dir='ltr' id='par_1_61' title="bbox 535 4112 2126 4194">
     <span class='ocr_line' id='line_1_61' title="bbox 535 4112 2126 4194; baseline 0.008 -23"><span class='ocrx_word' id='word_1_446' title='bbox 535 4112 684 4171; x_wconf 88' lang='lat' dir='ltr'><strong>Cura</strong></span> <span class='ocrx_word' id='word_1_447' title='bbox 713 4115 862 4172; x_wconf 91' lang='lat' dir='ltr'><strong>enim</strong></span> <span class='ocrx_word' id='word_1_448' title='bbox 907 4119 1098 4174; x_wconf 85' lang='lat' dir='ltr'><strong>uxoris</strong></span> <span class='ocrx_word' id='word_1_449' title='bbox 1127 4125 1180 4174; x_wconf 91' lang='lat' dir='ltr'><strong>et</strong></span> <span class='ocrx_word' id='word_1_450' title='bbox 1207 4118 1448 4176; x_wconf 90' lang='lat' dir='ltr'><strong>ﬁliorum</strong></span> <span class='ocrx_word' id='word_1_451' title='bbox 1490 4122 1748 4194; x_wconf 89' lang='lat' dir='ltr'><strong>cogitatio</strong></span> <span class='ocrx_word' id='word_1_452' title='bbox 1782 4125 1971 4180; x_wconf 91' lang='lat' dir='ltr'><strong>mundi</strong></span> <span class='ocrx_word' id='word_1_453' title='bbox 2002 4134 2083 4183; x_wconf 92' lang='lat' dir='ltr'><strong>est</strong></span> <span class='ocrx_word' id='word_1_454' title='bbox 2113 4142 2126 4182; x_wconf 93' lang='lat'>:</span> 
     </span>
    </p>
   </div>
   <div class='ocr_carea' id='block_1_62' title="bbox 532 4203 2130 4282">
    <p class='ocr_par' dir='ltr' id='par_1_62' title="bbox 532 4203 2130 4282">
     <span class='ocr_line' id='line_1_62' title="bbox 532 4203 2130 4282; baseline 0.011 -29"><span class='ocrx_word' id='word_1_455' title='bbox 532 4213 664 4254; x_wconf 87' lang='lat' dir='ltr'><strong>nam</strong></span> <span class='ocrx_word' id='word_1_456' title='bbox 716 4203 862 4258; x_wconf 90' lang='lat' dir='ltr'><strong>inter</strong></span> <span class='ocrx_word' id='word_1_457' title='bbox 899 4214 1091 4262; x_wconf 59' lang='lat' dir='ltr'><strong>caetera</strong></span> <span class='ocrx_word' id='word_1_458' title='bbox 1133 4209 1310 4264; x_wconf 89' lang='lat' dir='ltr'><strong>solent</strong></span> <span class='ocrx_word' id='word_1_459' title='bbox 1357 4207 1652 4282; x_wconf 87' lang='lat' dir='ltr'><strong>aliquando</strong></span> <span class='ocrx_word' id='word_1_460' title='bbox 1696 4227 1781 4267; x_wconf 88' lang='lat' dir='ltr'><strong>res</strong></span> <span class='ocrx_word' id='word_1_461' title='bbox 1829 4213 2130 4282; x_wconf 86' lang='lat' dir='ltr'><strong>puniendas</strong></span> 
     </span>
    </p>
   </div>
   <div class='ocr_carea' id='block_1_63' title="bbox 533 4283 2129 4364">
    <p class='ocr_par' dir='ltr' id='par_1_63' title="bbox 533 4283 2129 4364">
     <span class='ocr_line' id='line_1_63' title="bbox 533 4283 2129 4364; baseline 0.011 -25"><span class='ocrx_word' id='word_1_462' title='bbox 533 4283 858 4355; x_wconf 83' lang='lat' dir='ltr'><strong>admittere;</strong></span> <span class='ocrx_word' id='word_1_463' title='bbox 889 4307 958 4346; x_wconf 90' lang='lat' dir='ltr'><strong>ne</strong></span> <span class='ocrx_word' id='word_1_464' title='bbox 987 4293 1110 4349; x_wconf 89' lang='lat' dir='ltr'><strong>illas</strong></span> <span class='ocrx_word' id='word_1_465' title='bbox 1138 4294 1436 4364; x_wconf 77' lang='lat' dir='ltr'><strong>offendant,</strong></span> <span class='ocrx_word' id='word_1_466' title='bbox 1471 4297 1612 4354; x_wconf 89' lang='lat' dir='ltr'><strong>sicut</strong></span> <span class='ocrx_word' id='word_1_467' title='bbox 1641 4299 1807 4354; x_wconf 86' lang='lat' dir='ltr'><strong>refert</strong></span> <span class='ocrx_word' id='word_1_468' title='bbox 1833 4299 2129 4357; x_wconf 88' lang='lat' dir='ltr'><strong>Zorobabel</strong></span> 
     </span>
    </p>
   </div>
   <div class='ocr_carea' id='block_1_64' title="bbox 531 4373 2125 4458">
    <p class='ocr_par' dir='ltr' id='par_1_64' title="bbox 531 4373 2125 4458">
     <span class='ocr_line' id='line_1_64' title="bbox 531 4373 2125 4458; baseline 0.01 -28"><span class='ocrx_word' id='word_1_469' title='bbox 531 4386 680 4430; x_wconf 87' lang='lat' dir='ltr'><strong>unus</strong></span> <span class='ocrx_word' id='word_1_470' title='bbox 707 4373 774 4430; x_wconf 91' lang='lat' dir='ltr'><strong>de</strong></span> <span class='ocrx_word' id='word_1_471' title='bbox 801 4376 980 4434; x_wconf 86' lang='lat' dir='ltr'><strong>tribus</strong></span> <span class='ocrx_word' id='word_1_472' title='bbox 1000 4381 1352 4440; x_wconf 89' lang='lat' dir='ltr'><strong>cubiculariis</strong></span> <span class='ocrx_word' id='word_1_473' title='bbox 1371 4387 1724 4455; x_wconf 83' lang='lat' dir='ltr'><strong>Artaxerxis;</strong></span> <span class='ocrx_word' id='word_1_474' title='bbox 1757 4404 1950 4458; x_wconf 90' lang='lat' dir='ltr'><strong>magna</strong></span> <span class='ocrx_word' id='word_1_475' title='bbox 1979 4389 2125 4447; x_wconf 90' lang='lat' dir='ltr'><strong>enim</strong></span> 
     </span>
    </p>
   </div>
   <div class='ocr_carea' id='block_1_65' title="bbox 528 4461 2121 4548">
    <p class='ocr_par' dir='ltr' id='par_1_65' title="bbox 528 4461 2121 4548">
     <span class='ocr_line' id='line_1_65' title="bbox 528 4461 2121 4548; baseline 0.01 -28"><span class='ocrx_word' id='word_1_476' title='bbox 528 4461 838 4520; x_wconf 79' lang='lat' dir='ltr'><strong>amaritudo</strong></span> <span class='ocrx_word' id='word_1_477' title='bbox 892 4472 974 4521; x_wconf 88' lang='lat' dir='ltr'><strong>est</strong></span> <span class='ocrx_word' id='word_1_478' title='bbox 1037 4468 1095 4522; x_wconf 90' lang='lat' dir='ltr'><strong>in</strong></span> <span class='ocrx_word' id='word_1_479' title='bbox 1150 4469 1312 4526; x_wconf 91' lang='lat' dir='ltr'><strong>domo</strong></span> <span class='ocrx_word' id='word_1_480' title='bbox 1369 4489 1511 4529; x_wconf 89' lang='lat' dir='ltr'><strong>uxor</strong></span> <span class='ocrx_word' id='word_1_481' title='bbox 1564 4476 1738 4531; x_wconf 91' lang='lat' dir='ltr'><strong>tristis</strong></span> <span class='ocrx_word' id='word_1_482' title='bbox 1797 4478 1984 4547; x_wconf 84' lang='lat' dir='ltr'><strong>(Esdr.</strong></span> <span class='ocrx_word' id='word_1_483' title='bbox 2043 4497 2121 4548; x_wconf 81' lang='lat' dir='ltr'><strong>1v,</strong></span> 
     </span>
    </p>
   </div>
   <div class='ocr_carea' id='block_1_66' title="bbox 531 4550 2122 4638">
    <p class='ocr_par' dir='ltr' id='par_1_66' title="bbox 531 4550 2122 4638">
     <span class='ocr_line' id='line_1_66' title="bbox 531 4550 2122 4638; baseline 0.012 -33"><span class='ocrx_word' id='word_1_484' title='bbox 531 4550 760 4638; x_wconf 77' lang='grc'><strong>13-27).</strong></span> <span class='ocrx_word' id='word_1_485' title='bbox 811 4553 1034 4612; x_wconf 90' lang='lat' dir='ltr'><strong>Divisus</strong></span> <span class='ocrx_word' id='word_1_486' title='bbox 1075 4557 1198 4614; x_wconf 91' lang='lat' dir='ltr'><strong>ideo</strong></span> <span class='ocrx_word' id='word_1_487' title='bbox 1241 4559 1463 4628; x_wconf 90' lang='lat' dir='ltr'><strong>dicitur,</strong></span> <span class='ocrx_word' id='word_1_488' title='bbox 1515 4563 1643 4635; x_wconf 90' lang='lat' dir='ltr'><strong>quia</strong></span> <span class='ocrx_word' id='word_1_489' title='bbox 1689 4581 1798 4621; x_wconf 91' lang='lat' dir='ltr'><strong>non</strong></span> <span class='ocrx_word' id='word_1_490' title='bbox 1846 4575 2022 4638; x_wconf 88' lang='lat' dir='ltr'><strong>potest</strong></span> <span class='ocrx_word' id='word_1_491' title='bbox 2068 4575 2122 4624; x_wconf 92' lang='lat' dir='ltr'><strong>et</strong></span> 
     </span>
    </p>
   </div>
   <div class='ocr_carea' id='block_1_67' title="bbox 525 4637 2120 4716">
    <p class='ocr_par' dir='ltr' id='par_1_67' title="bbox 525 4637 2120 4716">
     <span class='ocr_line' id='line_1_67' title="bbox 525 4637 2120 4716; baseline 0.009 -18"><span class='ocrx_word' id='word_1_492' title='bbox 525 4637 736 4698; x_wconf 81' lang='lat' dir='ltr'><strong>divinis</strong></span> <span class='ocrx_word' id='word_1_493' title='bbox 780 4641 1031 4702; x_wconf 89' lang='lat' dir='ltr'><strong>insistere</strong></span> <span class='ocrx_word' id='word_1_494' title='bbox 1087 4646 1268 4716; x_wconf 88' lang='lat' dir='ltr'><strong>rebus,</strong></span> <span class='ocrx_word' id='word_1_495' title='bbox 1319 4654 1372 4703; x_wconf 93' lang='lat' dir='ltr'><strong>et</strong></span> <span class='ocrx_word' id='word_1_496' title='bbox 1416 4651 1607 4708; x_wconf 86' lang='lat' dir='ltr'><strong>uxoris</strong></span> <span class='ocrx_word' id='word_1_497' title='bbox 1649 4653 1824 4711; x_wconf 82' lang='lat' dir='ltr'><strong>facere</strong></span> <span class='ocrx_word' id='word_1_498' title='bbox 1848 4637 2120 4712; x_wconf 79' lang='lat' dir='ltr'><strong>volunta-</strong></span> 
     </span>
    </p>
   </div>
   <div class='ocr_carea' id='block_1_68' title="bbox 525 4735 662 4788">
    <p class='ocr_par' dir='ltr' id='par_1_68' title="bbox 525 4735 662 4788">
     <span class='ocr_line' id='line_1_68' title="bbox 525 4735 662 4788; baseline 0.007 -2"><span class='ocrx_word' id='word_1_499' title='bbox 525 4735 662 4788; x_wconf 83' lang='lat' dir='ltr'><strong>tem.</strong></span> 
     </span>
    </p>
   </div>
   <div class='ocr_carea' id='block_1_69' title="bbox 611 4819 2118 4904">
    <p class='ocr_par' dir='ltr' id='par_1_69' title="bbox 611 4819 2118 4904">
     <span class='ocr_line' id='line_1_69' title="bbox 611 4819 2118 4904; baseline 0.008 -27"><span class='ocrx_word' id='word_1_500' title='bbox 611 4842 633 4867; x_wconf 75' lang='grc' dir='ltr'><strong>ε</strong></span> <span class='ocrx_word' id='word_1_501' title='bbox 668 4819 861 4878; x_wconf 86' lang='lat' dir='ltr'><strong>Divisa</strong></span> <span class='ocrx_word' id='word_1_502' title='bbox 891 4833 972 4881; x_wconf 89' lang='lat' dir='ltr'><strong>est</strong></span> <span class='ocrx_word' id='word_1_503' title='bbox 1018 4827 1218 4885; x_wconf 90' lang='lat' dir='ltr'><strong>mulier</strong></span> <span class='ocrx_word' id='word_1_504' title='bbox 1246 4839 1299 4887; x_wconf 89' lang='lat' dir='ltr'><strong>et</strong></span> <span class='ocrx_word' id='word_1_505' title='bbox 1346 4832 1523 4904; x_wconf 90' lang='lat' dir='ltr'><strong>virgo.</strong></span> <span class='ocrx_word' id='word_1_506' title='bbox 1557 4856 1574 4880; x_wconf 74' lang='grc' dir='ltr'><strong>ι</strong></span> <span class='ocrx_word' id='word_1_507' title='bbox 1637 4833 1826 4889; x_wconf 91' lang='lat' dir='ltr'><strong>Divisa</strong></span> <span class='ocrx_word' id='word_1_508' title='bbox 1858 4850 1969 4889; x_wconf 92' lang='lat' dir='ltr'><strong>non</strong></span> <span class='ocrx_word' id='word_1_509' title='bbox 1997 4834 2118 4889; x_wconf 91' lang='lat' dir='ltr'><strong>uti-</strong></span> 
     </span>
    </p>
   </div>
   <div class='ocr_carea' id='block_1_70' title="bbox 526 4914 2116 4992">
    <p class='ocr_par' dir='ltr' id='par_1_70' title="bbox 526 4914 2116 4992">
     <span class='ocr_line' id='line_1_70' title="bbox 526 4914 2116 4992; baseline 0.009 -28"><span class='ocrx_word' id='word_1_510' title='bbox 526 4921 636 4980; x_wconf 84' lang='lat' dir='ltr'><strong>que</strong></span> <span class='ocrx_word' id='word_1_511' title='bbox 673 4917 890 4980; x_wconf 84' lang='lat' dir='ltr'><strong>natura,</strong></span> <span class='ocrx_word' id='word_1_512' title='bbox 945 4914 1037 4970; x_wconf 89' lang='lat' dir='ltr'><strong>sed</strong></span> <span class='ocrx_word' id='word_1_513' title='bbox 1093 4925 1238 4984; x_wconf 87' lang='lat' dir='ltr'><strong>actu,</strong></span> <span class='ocrx_word' id='word_1_514' title='bbox 1293 4919 1426 4991; x_wconf 91' lang='lat' dir='ltr'><strong>quia</strong></span> <span class='ocrx_word' id='word_1_515' title='bbox 1478 4921 1708 4992; x_wconf 87' lang='lat' dir='ltr'><strong>legimus</strong></span> <span class='ocrx_word' id='word_1_516' title='bbox 1760 4923 1818 4976; x_wconf 92' lang='lat' dir='ltr'><strong>in</strong></span> <span class='ocrx_word' id='word_1_517' title='bbox 1863 4923 2116 4980; x_wconf 89' lang='lat' dir='ltr'><strong>Numeris</strong></span> 
     </span>
    </p>
   </div>
   <div class='ocr_carea' id='block_1_71' title="bbox 516 5130 2116 5200">
    <p class='ocr_par' dir='ltr' id='par_1_71' title="bbox 516 5130 2116 5200">
     <span class='ocr_line' id='line_1_71' title="bbox 516 5130 2116 5200; baseline 0.007 -18"><span class='ocrx_word' id='word_1_518' title='bbox 516 5135 702 5200; x_wconf 75' lang='lat' dir='ltr'><strong>versu,</strong></span> <span class='ocrx_word' id='word_1_519' title='bbox 753 5140 853 5198; x_wconf 89' lang='lat' dir='ltr'><strong>pro</strong></span> <span class='ocrx_word' id='word_1_520' title='bbox 893 5130 1225 5186; x_wconf 81' lang='lat' dir='ltr'><strong>consulamus</strong></span> <span class='ocrx_word' id='word_1_521' title='bbox 1256 5137 1303 5187; x_wconf 84' lang='lat' dir='ltr'><strong>et</strong></span> <span class='ocrx_word' id='word_1_522' title='bbox 1339 5133 1488 5200; x_wconf 82' lang='lat' dir='ltr'><strong>aliis,</strong></span> <span class='ocrx_word' id='word_1_523' title='bbox 1537 5148 1636 5189; x_wconf 89' lang='lat' dir='ltr'><strong>ms.</strong></span> <span class='ocrx_word' id='word_1_524' title='bbox 1685 5132 1846 5191; x_wconf 89' lang='lat' dir='ltr'><strong>Corb.</strong></span> <span class='ocrx_word' id='word_1_525' title='bbox 1891 5133 2116 5192; x_wconf 89' lang='lat' dir='ltr'><strong>exhibet</strong></span> 
     </span>
    </p>
   </div>
   <div class='ocr_carea' id='block_1_72' title="bbox 516 5198 1102 5257">
    <p class='ocr_par' dir='ltr' id='par_1_72' title="bbox 516 5198 1102 5257">
     <span class='ocr_line' id='line_1_72' title="bbox 516 5198 1102 5257; baseline 0.005 -5"><span class='ocrx_word' id='word_1_526' title='bbox 516 5198 853 5252; x_wconf 81' lang='lat' dir='ltr'><strong>consolamur</strong></span> <span class='ocrx_word' id='word_1_527' title='bbox 877 5205 925 5254; x_wconf 91' lang='lat' dir='ltr'><strong>et</strong></span> <span class='ocrx_word' id='word_1_528' title='bbox 946 5201 1102 5257; x_wconf 83' lang='lat' dir='ltr'><strong>alios.</strong></span> 
     </span>
    </p>
   </div>
   <div class='ocr_carea' id='block_1_73' title="bbox 588 5267 2103 5343">
    <p class='ocr_par' dir='ltr' id='par_1_73' title="bbox 588 5267 2103 5343">
     <span class='ocr_line' id='line_1_73' title="bbox 588 5267 2103 5343; baseline 0.009 -22"><span class='ocrx_word' id='word_1_529' title='bbox 588 5267 707 5343; x_wconf 63' lang='grc'><strong>(49)</strong></span> <span class='ocrx_word' id='word_1_530' title='bbox 748 5269 876 5343; x_wconf 81' lang='lat' dir='ltr'><strong>Post</strong></span> <span class='ocrx_word' id='word_1_531' title='bbox 928 5285 1087 5343; x_wconf 74' lang='lat' dir='ltr'><strong>voces</strong></span> <span class='ocrx_word' id='word_1_532' title='bbox 1132 5289 1236 5326; x_wconf 82' lang='lat' dir='ltr'><strong>non</strong></span> <span class='ocrx_word' id='word_1_533' title='bbox 1285 5275 1429 5343; x_wconf 84' lang='lat' dir='ltr'><strong>longe</strong></span> <span class='ocrx_word' id='word_1_534' title='bbox 1471 5279 1561 5340; x_wconf 82' lang='lat' dir='ltr'><strong>est,</strong></span> <span class='ocrx_word' id='word_1_535' title='bbox 1610 5273 1830 5329; x_wconf 88' lang='lat' dir='ltr'><strong>additur</strong></span> <span class='ocrx_word' id='word_1_536' title='bbox 1867 5275 1924 5331; x_wconf 85' lang='lat' dir='ltr'><strong>in</strong></span> <span class='ocrx_word' id='word_1_537' title='bbox 1973 5277 2103 5334; x_wconf 89' lang='lat' dir='ltr'><strong>cod.</strong></span> 
     </span>
    </p>
   </div>
   <div class='ocr_carea' id='block_1_74' title="bbox 515 5335 2111 5405">
    <p class='ocr_par' dir='ltr' id='par_1_74' title="bbox 515 5335 2111 5405">
     <span class='ocr_line' id='line_1_74' title="bbox 515 5335 2111 5405; baseline 0.007 -11"><span class='ocrx_word' id='word_1_538' title='bbox 515 5335 665 5394; x_wconf 53' lang='lat' dir='ltr'><strong>Va&#39;ll.</strong></span> <span class='ocrx_word' id='word_1_539' title='bbox 687 5335 731 5393; x_wconf 76' lang='grc' dir='ltr'><em>ἀ</em></span> <span class='ocrx_word' id='word_1_540' title='bbox 759 5340 968 5394; x_wconf 73' lang='lat' dir='ltr'><strong>virtute.</strong></span> <span class='ocrx_word' id='word_1_541' title='bbox 1018 5342 1075 5395; x_wconf 87' lang='lat' dir='ltr'><strong>In</strong></span> <span class='ocrx_word' id='word_1_542' title='bbox 1105 5343 1224 5397; x_wconf 87' lang='lat' dir='ltr'><strong>cod.</strong></span> <span class='ocrx_word' id='word_1_543' title='bbox 1276 5335 1454 5398; x_wconf 65' lang='lat' dir='ltr'><strong>ante&quot;)</strong></span> <span class='ocrx_word' id='word_1_544' title='bbox 1487 5335 1646 5400; x_wconf 82' lang='lat' dir='ltr'><strong>Corb.</strong></span> <span class='ocrx_word' id='word_1_545' title='bbox 1695 5345 1763 5399; x_wconf 85' lang='lat' dir='ltr'><strong>ab</strong></span> <span class='ocrx_word' id='word_1_546' title='bbox 1794 5345 1880 5400; x_wconf 89' lang='lat' dir='ltr'><strong>his</strong></span> <span class='ocrx_word' id='word_1_547' title='bbox 1909 5346 2111 5405; x_wconf 86' lang='lat' dir='ltr'><strong>eisdem</strong></span> 
     </span>
    </p>
   </div>
   <div class='ocr_carea' id='block_1_75' title="bbox 514 5409 2038 5488">
    <p class='ocr_par' dir='ltr' id='par_1_75' title="bbox 514 5409 2038 5488">
     <span class='ocr_line' id='line_1_75' title="bbox 514 5409 2038 5488; baseline 0.006 -24"><span class='ocrx_word' id='word_1_548' title='bbox 514 5409 704 5488; x_wconf 69' lang='lat' dir='ltr'><strong>verbis</strong></span> <span class='ocrx_word' id='word_1_549' title='bbox 734 5419 876 5488; x_wconf 68' lang='lat' dir='ltr'><strong>retro</strong></span> <span class='ocrx_word' id='word_1_550' title='bbox 903 5411 968 5488; x_wconf 80' lang='lat' dir='ltr'><strong>ad</strong></span> <span class='ocrx_word' id='word_1_551' title='bbox 1000 5411 1113 5479; x_wconf 90' lang='lat' dir='ltr'><strong>illa,</strong></span> <span class='ocrx_word' id='word_1_552' title='bbox 1147 5415 1326 5488; x_wconf 71' lang='lat' dir='ltr'><strong>Etiam</strong></span> <span class='ocrx_word' id='word_1_553' title='bbox 1346 5433 1379 5467; x_wconf 88' lang='lat' dir='ltr'><strong>a</strong></span> <span class='ocrx_word' id='word_1_554' title='bbox 1411 5415 1586 5488; x_wconf 75' lang='lat' dir='ltr'><strong>licitis,</strong></span> <span class='ocrx_word' id='word_1_555' title='bbox 1617 5415 1758 5488; x_wconf 82' lang='lat' dir='ltr'><strong>nihil</strong></span> <span class='ocrx_word' id='word_1_556' title='bbox 1785 5418 2038 5488; x_wconf 86' lang='lat' dir='ltr'><strong>reperias.</strong></span> 
     </span>
    </p>
   </div>
   <div class='ocr_carea' id='block_1_76' title="bbox 592 5481 2106 5558">
    <p class='ocr_par' dir='ltr' id='par_1_76' title="bbox 592 5481 2106 5558">
     <span class='ocr_line' id='line_1_76' title="bbox 592 5481 2106 5558; baseline 0.007 -25"><span class='ocrx_word' id='word_1_557' title='bbox 592 5481 710 5551; x_wconf 82' lang='lat'><strong>(50)</strong></span> <span class='ocrx_word' id='word_1_558' title='bbox 743 5481 851 5558; x_wconf 68' lang='lat' dir='ltr'><strong>_l_’ro</strong></span> <span class='ocrx_word' id='word_1_559' title='bbox 892 5481 1004 5550; x_wconf 86' lang='lat' dir='ltr'><strong>ejus</strong></span> <span class='ocrx_word' id='word_1_560' title='bbox 1040 5485 1333 5558; x_wconf 73' lang='lat' dir='ltr'><strong>prwterire,</strong></span> <span class='ocrx_word' id='word_1_561' title='bbox 1385 5493 1437 5539; x_wconf 88' lang='lat' dir='ltr'><strong>et</strong></span> <span class='ocrx_word' id='word_1_562' title='bbox 1473 5485 1637 5558; x_wconf 81' lang='lat' dir='ltr'><strong>infra,</strong></span> <span class='ocrx_word' id='word_1_563' title='bbox 1684 5485 1796 5558; x_wconf 82' lang='lat' dir='ltr'><strong>ideo</strong></span> <span class='ocrx_word' id='word_1_564' title='bbox 1823 5481 2062 5558; x_wconf 60' lang='lat' dir='ltr'><strong>praeterit</strong></span> <span class='ocrx_word' id='word_1_565' title='bbox 2095 5507 2106 5545; x_wconf 93' lang='lat'>:</span> 
     </span>
    </p>
   </div>
   <div class='ocr_carea' id='block_1_77' title="bbox 517 5551 2112 5629">
    <p class='ocr_par' dir='ltr' id='par_1_77' title="bbox 517 5551 2112 5629">
     <span class='ocr_line' id='line_1_77' title="bbox 517 5551 2112 5629; baseline 0.01 -27"><span class='ocrx_word' id='word_1_566' title='bbox 517 5561 648 5605; x_wconf 79' lang='lat' dir='ltr'><strong>mss.</strong></span> <span class='ocrx_word' id='word_1_567' title='bbox 707 5551 919 5626; x_wconf 88' lang='lat' dir='ltr'><strong>aliquot</strong></span> <span class='ocrx_word' id='word_1_568' title='bbox 968 5551 1076 5626; x_wconf 76' lang='lat' dir='ltr'><strong>prae</strong></span> <span class='ocrx_word' id='word_1_569' title='bbox 1132 5570 1186 5611; x_wconf 89' lang='lat' dir='ltr'><strong>se</strong></span> <span class='ocrx_word' id='word_1_570' title='bbox 1234 5554 1436 5625; x_wconf 84' lang='lat' dir='ltr'><strong>ferunt,</strong></span> <span class='ocrx_word' id='word_1_571' title='bbox 1497 5551 1627 5627; x_wconf 84' lang='lat' dir='ltr'><strong>ejus</strong></span> <span class='ocrx_word' id='word_1_572' title='bbox 1657 5551 1949 5629; x_wconf 58' lang='lat' dir='ltr'><strong>perire”...</strong></span> <span class='ocrx_word' id='word_1_573' title='bbox 1997 5561 2112 5616; x_wconf 77' lang='lat' dir='ltr'><strong>ideo</strong></span> 
     </span>
    </p>
   </div>
   <div class='ocr_carea' id='block_1_78' title="bbox 2153 4440 2202 4499">
    <p class='ocr_par' dir='ltr' id='par_1_78' title="bbox 2153 4440 2202 4499">
     <span class='ocr_line' id='line_1_78' title="bbox 2153 4440 2202 4499; baseline 0 0"><span class='ocrx_word' id='word_1_574' title='bbox 2153 4440 2202 4499; x_wconf 92' lang='lat' dir='ltr'><strong>D</strong></span> 
     </span>
    </p>
   </div>
   <div class='ocr_carea' id='block_1_79' title="bbox 2254 1782 3838 1865">
    <p class='ocr_par' dir='ltr' id='par_1_79' title="bbox 2254 1782 3838 1865">
     <span class='ocr_line' id='line_1_79' title="bbox 2254 1782 3838 1865; baseline 0.006 -25"><span class='ocrx_word' id='word_1_575' title='bbox 2254 1792 2334 1840; x_wconf 89' lang='lat' dir='ltr'><strong>est</strong></span> <span class='ocrx_word' id='word_1_576' title='bbox 2377 1782 2546 1852; x_wconf 90' lang='lat' dir='ltr'><strong>enim,</strong></span> <span class='ocrx_word' id='word_1_577' title='bbox 2597 1783 2692 1858; x_wconf 91' lang='lat' dir='ltr'><strong>qui</strong></span> <span class='ocrx_word' id='word_1_578' title='bbox 2727 1792 2820 1841; x_wconf 90' lang='lat' dir='ltr'><strong>aut</strong></span> <span class='ocrx_word' id='word_1_579' title='bbox 2864 1787 3184 1859; x_wconf 87' lang='lat' dir='ltr'><strong>sanctiﬁcat,</strong></span> <span class='ocrx_word' id='word_1_580' title='bbox 3237 1798 3332 1846; x_wconf 91' lang='lat' dir='ltr'><strong>aut</strong></span> <span class='ocrx_word' id='word_1_581' title='bbox 3378 1791 3575 1864; x_wconf 91' lang='lat' dir='ltr'><strong>polluit</strong></span> <span class='ocrx_word' id='word_1_582' title='bbox 3615 1809 3838 1865; x_wconf 89' lang='lat' dir='ltr'><strong>corpus.</strong></span> 
     </span>
    </p>
   </div>
   <div class='ocr_carea' id='block_1_80' title="bbox 2247 1869 3842 1950">
    <p class='ocr_par' dir='ltr' id='par_1_80' title="bbox 2247 1869 3842 1950">
     <span class='ocr_line' id='line_1_80' title="bbox 2247 1869 3842 1950; baseline 0.007 -24"><span class='ocrx_word' id='word_1_583' title='bbox 2247 1869 2394 1940; x_wconf 90' lang='lat' dir='ltr'><strong>Quid</strong></span> <span class='ocrx_word' id='word_1_584' title='bbox 2419 1872 2567 1928; x_wconf 91' lang='lat' dir='ltr'><strong>enim</strong></span> <span class='ocrx_word' id='word_1_585' title='bbox 2595 1871 2816 1945; x_wconf 88' lang='lat' dir='ltr'><strong>prodest</strong></span> <span class='ocrx_word' id='word_1_586' title='bbox 2847 1891 3045 1948; x_wconf 88' lang='lat' dir='ltr'><strong>corpus</strong></span> <span class='ocrx_word' id='word_1_587' title='bbox 3073 1878 3341 1935; x_wconf 92' lang='lat' dir='ltr'><strong>mundum</strong></span> <span class='ocrx_word' id='word_1_588' title='bbox 3375 1878 3592 1950; x_wconf 89' lang='lat' dir='ltr'><strong>habere,</strong></span> <span class='ocrx_word' id='word_1_589' title='bbox 3623 1890 3676 1938; x_wconf 90' lang='lat' dir='ltr'><strong>et</strong></span> <span class='ocrx_word' id='word_1_590' title='bbox 3707 1881 3842 1937; x_wconf 89' lang='lat' dir='ltr'><strong>ani-</strong></span> 
     </span>
    </p>
   </div>
   <div class='ocr_carea' id='block_1_81' title="bbox 2250 1961 3842 2034">
    <p class='ocr_par' dir='ltr' id='par_1_81' title="bbox 2250 1961 3842 2034">
     <span class='ocr_line' id='line_1_81' title="bbox 2250 1961 3842 2034; baseline 0.006 -16"><span class='ocrx_word' id='word_1_591' title='bbox 2250 1977 2395 2018; x_wconf 90' lang='lat' dir='ltr'><strong>mam</strong></span> <span class='ocrx_word' id='word_1_592' title='bbox 2422 1961 2689 2034; x_wconf 91' lang='lat' dir='ltr'><strong>pollutam</strong></span> <span class='ocrx_word' id='word_1_593' title='bbox 2711 1963 2740 2020; x_wconf 81' lang='lat'><strong>?</strong></span> <span class='ocrx_word' id='word_1_594' title='bbox 2790 1981 2915 2022; x_wconf 91' lang='lat' dir='ltr'><strong>cum</strong></span> <span class='ocrx_word' id='word_1_595' title='bbox 2962 1966 3159 2023; x_wconf 89' lang='lat' dir='ltr'><strong>merito</strong></span> <span class='ocrx_word' id='word_1_596' title='bbox 3187 1967 3383 2024; x_wconf 71' lang='lat' dir='ltr'><strong>animae</strong></span> <span class='ocrx_word' id='word_1_597' title='bbox 3413 1976 3508 2025; x_wconf 89' lang='lat' dir='ltr'><strong>aut</strong></span> <span class='ocrx_word' id='word_1_598' title='bbox 3537 1969 3842 2028; x_wconf 88' lang='lat' dir='ltr'><strong>honoratur</strong></span> 
     </span>
    </p>
   </div>
   <div class='ocr_carea' id='block_1_82' title="bbox 2250 2053 3838 2134">
    <p class='ocr_par' dir='ltr' id='par_1_82' title="bbox 2250 2053 3838 2134">
     <span class='ocr_line' id='line_1_82' title="bbox 2250 2053 3838 2134; baseline 0.008 -27"><span class='ocrx_word' id='word_1_599' title='bbox 2250 2068 2469 2125; x_wconf 89' lang='lat' dir='ltr'><strong>corpus,</strong></span> <span class='ocrx_word' id='word_1_600' title='bbox 2521 2061 2614 2109; x_wconf 90' lang='lat' dir='ltr'><strong>aut</strong></span> <span class='ocrx_word' id='word_1_601' title='bbox 2647 2053 2937 2112; x_wconf 91' lang='lat' dir='ltr'><strong>damnatur</strong></span> <span class='ocrx_word' id='word_1_602' title='bbox 2968 2075 2981 2112; x_wconf 91' lang='lat'><strong><em>:</em></strong></span> <span class='ocrx_word' id='word_1_603' title='bbox 3039 2081 3059 2104; x_wconf 74' lang='grc' dir='ltr'>ι</span> <span class='ocrx_word' id='word_1_604' title='bbox 3101 2057 3232 2125; x_wconf 58' lang='lat' dir='ltr'><strong>Quae</strong></span> <span class='ocrx_word' id='word_1_605' title='bbox 3262 2074 3393 2117; x_wconf 93' lang='lat' dir='ltr'><strong>vero</strong></span> <span class='ocrx_word' id='word_1_606' title='bbox 3423 2069 3593 2134; x_wconf 89' lang='lat' dir='ltr'><strong>nupta</strong></span> <span class='ocrx_word' id='word_1_607' title='bbox 3619 2070 3723 2130; x_wconf 91' lang='lat' dir='ltr'><strong>est,</strong></span> <span class='ocrx_word' id='word_1_608' title='bbox 3749 2079 3838 2126; x_wconf 81' lang='lat' dir='ltr'><strong>co-</strong></span> 
     </span>
    </p>
   </div>
   <div class='ocr_carea' id='block_1_83' title="bbox 2251 2143 3824 2224">
    <p class='ocr_par' dir='ltr' id='par_1_83' title="bbox 2251 2143 3824 2224">
     <span class='ocr_line' id='line_1_83' title="bbox 2251 2143 3824 2224; baseline 0.008 -25"><span class='ocrx_word' id='word_1_609' title='bbox 2251 2143 2386 2217; x_wconf 91' lang='lat' dir='ltr'><strong>gitat</strong></span> <span class='ocrx_word' id='word_1_610' title='bbox 2409 2159 2528 2217; x_wconf 86' lang='lat' dir='ltr'><strong>quae</strong></span> <span class='ocrx_word' id='word_1_611' title='bbox 2550 2153 2678 2202; x_wconf 90' lang='lat' dir='ltr'><strong>sunt</strong></span> <span class='ocrx_word' id='word_1_612' title='bbox 2700 2145 2864 2220; x_wconf 90' lang='lat' dir='ltr'><strong>hujus</strong></span> <span class='ocrx_word' id='word_1_613' title='bbox 2885 2148 3101 2218; x_wconf 90' lang='lat' dir='ltr'><strong>mundi,</strong></span> <span class='ocrx_word' id='word_1_614' title='bbox 3123 2151 3397 2223; x_wconf 91' lang='lat' dir='ltr'><strong>quomodo</strong></span> <span class='ocrx_word' id='word_1_615' title='bbox 3413 2153 3622 2224; x_wconf 89' lang='lat' dir='ltr'><strong>placeat</strong></span> <span class='ocrx_word' id='word_1_616' title='bbox 3645 2155 3786 2212; x_wconf 89' lang='lat' dir='ltr'><strong>viro.</strong></span> <span class='ocrx_word' id='word_1_617' title='bbox 3803 2180 3824 2205; x_wconf 78' lang='grc' dir='ltr'><strong><em>ι</em></strong></span> 
     </span>
    </p>
   </div>
   <div class='ocr_carea' id='block_1_84' title="bbox 2249 2231 3842 2317">
    <p class='ocr_par' dir='ltr' id='par_1_84' title="bbox 2249 2231 3842 2317">
     <span class='ocr_line' id='line_1_84' title="bbox 2249 2231 3842 2317; baseline 0.009 -30"><span class='ocrx_word' id='word_1_618' title='bbox 2249 2231 2390 2306; x_wconf 91' lang='lat' dir='ltr'><strong>Lege</strong></span> <span class='ocrx_word' id='word_1_619' title='bbox 2418 2233 2564 2288; x_wconf 91' lang='lat' dir='ltr'><strong>enim</strong></span> <span class='ocrx_word' id='word_1_620' title='bbox 2600 2236 2838 2292; x_wconf 86' lang='lat' dir='ltr'><strong>maritali</strong></span> <span class='ocrx_word' id='word_1_621' title='bbox 2869 2239 3184 2309; x_wconf 89' lang='lat' dir='ltr'><strong>constricta,</strong></span> <span class='ocrx_word' id='word_1_622' title='bbox 3225 2241 3463 2298; x_wconf 88' lang='lat' dir='ltr'><strong>sollicita</strong></span> <span class='ocrx_word' id='word_1_623' title='bbox 3489 2250 3570 2299; x_wconf 89' lang='lat' dir='ltr'><strong>est</strong></span> <span class='ocrx_word' id='word_1_624' title='bbox 3599 2260 3842 2317; x_wconf 81' lang='lat' dir='ltr'><strong>quomo-</strong></span> 
     </span>
    </p>
   </div>
   <div class='ocr_carea' id='block_1_85' title="bbox 2249 2321 3842 2399">
    <p class='ocr_par' dir='ltr' id='par_1_85' title="bbox 2249 2321 3842 2399">
     <span class='ocr_line' id='line_1_85' title="bbox 2249 2321 3842 2399; baseline 0.009 -21"><span class='ocrx_word' id='word_1_625' title='bbox 2249 2321 2322 2379; x_wconf 88' lang='lat' dir='ltr'><strong>do</strong></span> <span class='ocrx_word' id='word_1_626' title='bbox 2351 2322 2574 2395; x_wconf 88' lang='lat' dir='ltr'><strong>impleat</strong></span> <span class='ocrx_word' id='word_1_627' title='bbox 2607 2323 2700 2396; x_wconf 92' lang='lat' dir='ltr'><strong>jus</strong></span> <span class='ocrx_word' id='word_1_628' title='bbox 2743 2327 3010 2384; x_wconf 89' lang='lat' dir='ltr'><strong>maritalis</strong></span> <span class='ocrx_word' id='word_1_629' title='bbox 3038 2328 3227 2399; x_wconf 83' lang='lat' dir='ltr'><strong>oﬂicii,</strong></span> <span class='ocrx_word' id='word_1_630' title='bbox 3276 2329 3501 2389; x_wconf 86' lang='lat' dir='ltr'><strong>subdita</strong></span> <span class='ocrx_word' id='word_1_631' title='bbox 3545 2333 3842 2392; x_wconf 83' lang='lat' dir='ltr'><strong>mundanis</strong></span> 
     </span>
    </p>
   </div>
   <div class='ocr_carea' id='block_1_86' title="bbox 2250 2413 2683 2472">
    <p class='ocr_par' dir='ltr' id='par_1_86' title="bbox 2250 2413 2683 2472">
     <span class='ocr_line' id='line_1_86' title="bbox 2250 2413 2683 2472; baseline 0.009 -4"><span class='ocrx_word' id='word_1_632' title='bbox 2250 2413 2683 2472; x_wconf 89' lang='lat' dir='ltr'><strong>necessitatibus.</strong></span> 
     </span>
    </p>
   </div>
   <div class='ocr_carea' id='block_1_87' title="bbox 2324 2510 3841 2594">
    <p class='ocr_par' dir='ltr' id='par_1_87' title="bbox 2324 2510 3841 2594">
     <span class='ocr_line' id='line_1_87' title="bbox 2324 2510 3841 2594; baseline 0.009 -28"><span class='ocrx_word' id='word_1_633' title='bbox 2324 2510 2504 2580; x_wconf 84' lang='lat' dir='ltr'><strong>(Vers.</strong></span> <span class='ocrx_word' id='word_1_634' title='bbox 2538 2511 2654 2583; x_wconf 81' lang='grc'><strong>35.)</strong></span> <span class='ocrx_word' id='word_1_635' title='bbox 2701 2536 2720 2559; x_wconf 76' lang='grc' dir='ltr'><strong>ε</strong></span> <span class='ocrx_word' id='word_1_636' title='bbox 2749 2513 2864 2570; x_wconf 90' lang='lat' dir='ltr'><strong>Hoc</strong></span> <span class='ocrx_word' id='word_1_637' title='bbox 2896 2523 3076 2571; x_wconf 90' lang='lat' dir='ltr'><strong>autem</strong></span> <span class='ocrx_word' id='word_1_638' title='bbox 3106 2515 3173 2573; x_wconf 94' lang='lat' dir='ltr'><strong>ad</strong></span> <span class='ocrx_word' id='word_1_639' title='bbox 3205 2525 3441 2576; x_wconf 87' lang='lat' dir='ltr'><strong>vestram</strong></span> <span class='ocrx_word' id='word_1_640' title='bbox 3469 2518 3710 2594; x_wconf 86' lang='lat' dir='ltr'><strong>ipsorum</strong></span> <span class='ocrx_word' id='word_1_641' title='bbox 3730 2521 3841 2580; x_wconf 86' lang='lat' dir='ltr'><strong>uti-</strong></span> 
     </span>
    </p>
   </div>
   <div class='ocr_carea' id='block_1_88' title="bbox 2250 2599 3841 2681">
    <p class='ocr_par' dir='ltr' id='par_1_88' title="bbox 2250 2599 3841 2681">
     <span class='ocr_line' id='line_1_88' title="bbox 2250 2599 3841 2681; baseline 0.011 -27"><span class='ocrx_word' id='word_1_642' title='bbox 2250 2599 2456 2656; x_wconf 88' lang='lat' dir='ltr'><strong>litatem</strong></span> <span class='ocrx_word' id='word_1_643' title='bbox 2488 2601 2611 2658; x_wconf 92' lang='lat' dir='ltr'><strong>dico</strong></span> <span class='ocrx_word' id='word_1_644' title='bbox 2646 2620 2659 2670; x_wconf 93' lang='lat'><strong>;</strong></span> <span class='ocrx_word' id='word_1_645' title='bbox 2711 2619 2819 2658; x_wconf 92' lang='lat' dir='ltr'><strong>non</strong></span> <span class='ocrx_word' id='word_1_646' title='bbox 2851 2612 2912 2660; x_wconf 91' lang='lat' dir='ltr'><strong>ut</strong></span> <span class='ocrx_word' id='word_1_647' title='bbox 2939 2606 3195 2678; x_wconf 90' lang='lat' dir='ltr'><strong>laqueum</strong></span> <span class='ocrx_word' id='word_1_648' title='bbox 3226 2609 3383 2665; x_wconf 87' lang='lat' dir='ltr'><strong>vobis</strong></span> <span class='ocrx_word' id='word_1_649' title='bbox 3410 2609 3653 2681; x_wconf 90' lang='lat' dir='ltr'><strong>injiciam</strong></span> <span class='ocrx_word' id='word_1_650' title='bbox 3687 2631 3699 2667; x_wconf 91' lang='lat'><strong>:</strong></span> <span class='ocrx_word' id='word_1_651' title='bbox 3741 2613 3841 2670; x_wconf 90' lang='lat' dir='ltr'><strong>sed</strong></span> 
     </span>
    </p>
   </div>
   <div class='ocr_carea' id='block_1_89' title="bbox 2251 2687 3842 2772">
    <p class='ocr_par' dir='ltr' id='par_1_89' title="bbox 2251 2687 3842 2772">
     <span class='ocr_line' id='line_1_89' title="bbox 2251 2687 3842 2772; baseline 0.011 -31"><span class='ocrx_word' id='word_1_652' title='bbox 2251 2687 2318 2742; x_wconf 91' lang='lat' dir='ltr'><strong>ad</strong></span> <span class='ocrx_word' id='word_1_653' title='bbox 2347 2687 2404 2743; x_wconf 92' lang='lat' dir='ltr'><strong>id</strong></span> <span class='ocrx_word' id='word_1_654' title='bbox 2447 2688 2596 2761; x_wconf 89' lang='lat' dir='ltr'><strong>quod</strong></span> <span class='ocrx_word' id='word_1_655' title='bbox 2638 2687 2928 2746; x_wconf 92' lang='lat' dir='ltr'><strong>honestum</strong></span> <span class='ocrx_word' id='word_1_656' title='bbox 2979 2701 3080 2749; x_wconf 90' lang='lat' dir='ltr'><strong>est.</strong></span> <span class='ocrx_word' id='word_1_657' title='bbox 3114 2720 3132 2744; x_wconf 75' lang='grc' dir='ltr'><strong>ι</strong></span> <span class='ocrx_word' id='word_1_658' title='bbox 3193 2697 3464 2763; x_wconf 89' lang='lat' dir='ltr'><strong>Quoniam</strong></span> <span class='ocrx_word' id='word_1_659' title='bbox 3509 2699 3842 2772; x_wconf 87' lang='lat' dir='ltr'><strong>quibusdam</strong></span> 
     </span>
    </p>
   </div>
   <div class='ocr_carea' id='block_1_90' title="bbox 2249 2781 3842 2858">
    <p class='ocr_par' dir='ltr' id='par_1_90' title="bbox 2249 2781 3842 2858">
     <span class='ocr_line' id='line_1_90' title="bbox 2249 2781 3842 2858; baseline 0.009 -25"><span class='ocrx_word' id='word_1_660' title='bbox 2249 2793 2497 2850; x_wconf 90' lang='lat' dir='ltr'><strong>asperum</strong></span> <span class='ocrx_word' id='word_1_661' title='bbox 2527 2787 2581 2834; x_wconf 92' lang='lat' dir='ltr'><strong>et</strong></span> <span class='ocrx_word' id='word_1_662' title='bbox 2613 2795 2776 2852; x_wconf 90' lang='lat' dir='ltr'><strong>grave</strong></span> <span class='ocrx_word' id='word_1_663' title='bbox 2825 2781 3067 2853; x_wconf 90' lang='lat' dir='ltr'><strong>videtur,</strong></span> <span class='ocrx_word' id='word_1_664' title='bbox 3109 2785 3256 2858; x_wconf 90' lang='lat' dir='ltr'><strong>quod</strong></span> <span class='ocrx_word' id='word_1_665' title='bbox 3292 2787 3486 2845; x_wconf 89' lang='lat' dir='ltr'><strong>utilius</strong></span> <span class='ocrx_word' id='word_1_666' title='bbox 3514 2797 3608 2846; x_wconf 88' lang='lat' dir='ltr'><strong>aut</strong></span> <span class='ocrx_word' id='word_1_667' title='bbox 3639 2791 3842 2848; x_wconf 91' lang='lat' dir='ltr'><strong>melius</strong></span> 
     </span>
    </p>
   </div>
   <div class='ocr_carea' id='block_1_91' title="bbox 2249 2869 3842 2946">
    <p class='ocr_par' dir='ltr' id='par_1_91' title="bbox 2249 2869 3842 2946">
     <span class='ocr_line' id='line_1_91' title="bbox 2249 2869 3842 2946; baseline 0.008 -24"><span class='ocrx_word' id='word_1_668' title='bbox 2249 2873 2330 2922; x_wconf 87' lang='lat' dir='ltr'><strong>est</strong></span> <span class='ocrx_word' id='word_1_669' title='bbox 2375 2875 2596 2939; x_wconf 90' lang='lat' dir='ltr'><strong>propter</strong></span> <span class='ocrx_word' id='word_1_670' title='bbox 2640 2869 3094 2927; x_wconf 89' lang='lat' dir='ltr'><strong>consuetudinem</strong></span> <span class='ocrx_word' id='word_1_671' title='bbox 3138 2876 3455 2946; x_wconf 90' lang='lat' dir='ltr'><strong>temporalis</strong></span> <span class='ocrx_word' id='word_1_672' title='bbox 3495 2892 3663 2944; x_wconf 91' lang='lat' dir='ltr'><strong>usus;</strong></span> <span class='ocrx_word' id='word_1_673' title='bbox 3711 2878 3842 2936; x_wconf 91' lang='lat' dir='ltr'><strong>ideo</strong></span> 
     </span>
    </p>
   </div>
   <div class='ocr_carea' id='block_1_92' title="bbox 2248 2954 3845 3028">
    <p class='ocr_par' dir='ltr' id='par_1_92' title="bbox 2248 2954 3845 3028">
     <span class='ocr_line' id='line_1_92' title="bbox 2248 2954 3845 3028; baseline 0.009 -18"><span class='ocrx_word' id='word_1_674' title='bbox 2248 2962 2370 3026; x_wconf 90' lang='lat' dir='ltr'><strong>post</strong></span> <span class='ocrx_word' id='word_1_675' title='bbox 2399 2954 2667 3014; x_wconf 89' lang='lat' dir='ltr'><strong>rationem</strong></span> <span class='ocrx_word' id='word_1_676' title='bbox 2699 2957 2987 3028; x_wconf 84' lang='lat' dir='ltr'><strong>redditam,</strong></span> <span class='ocrx_word' id='word_1_677' title='bbox 3038 2960 3288 3018; x_wconf 90' lang='lat' dir='ltr'><strong>hortatur</strong></span> <span class='ocrx_word' id='word_1_678' title='bbox 3323 2963 3518 3020; x_wconf 84' lang='lat' dir='ltr'><strong>aﬂ&#39;ectu</strong></span> <span class='ocrx_word' id='word_1_679' title='bbox 3545 2963 3845 3025; x_wconf 83' lang='lat' dir='ltr'><strong>cbaritatis</strong></span> 
     </span>
    </p>
   </div>
   <div class='ocr_carea' id='block_1_93' title="bbox 2247 3040 3841 3125">
    <p class='ocr_par' dir='ltr' id='par_1_93' title="bbox 2247 3040 3841 3125">
     <span class='ocr_line' id='line_1_93' title="bbox 2247 3040 3841 3125; baseline 0.008 -29"><span class='ocrx_word' id='word_1_680' title='bbox 2247 3040 2574 3113; x_wconf 89' lang='lat' dir='ltr'><strong>simpliciter</strong></span> <span class='ocrx_word' id='word_1_681' title='bbox 2626 3043 2730 3100; x_wconf 89' lang='lat' dir='ltr'><strong>hoc</strong></span> <span class='ocrx_word' id='word_1_682' title='bbox 2775 3045 2989 3114; x_wconf 91' lang='lat' dir='ltr'><strong>utilius,</strong></span> <span class='ocrx_word' id='word_1_683' title='bbox 3043 3045 3147 3104; x_wconf 88' lang='lat' dir='ltr'><strong>hoc</strong></span> <span class='ocrx_word' id='word_1_684' title='bbox 3205 3047 3483 3107; x_wconf 88' lang='lat' dir='ltr'><strong>honestius</strong></span> <span class='ocrx_word' id='word_1_685' title='bbox 3522 3065 3636 3106; x_wconf 90' lang='lat' dir='ltr'><strong>esse</strong></span> <span class='ocrx_word' id='word_1_686' title='bbox 3686 3052 3841 3125; x_wconf 91' lang='lat' dir='ltr'><strong>quod</strong></span> 
     </span>
    </p>
   </div>
   <div class='ocr_carea' id='block_1_94' title="bbox 2247 3127 3835 3206">
    <p class='ocr_par' dir='ltr' id='par_1_94' title="bbox 2247 3127 3835 3206">
     <span class='ocr_line' id='line_1_94' title="bbox 2247 3127 3835 3206; baseline 0.009 -22"><span class='ocrx_word' id='word_1_687' title='bbox 2247 3127 2404 3186; x_wconf 92' lang='lat' dir='ltr'><strong>dicit.</strong></span> <span class='ocrx_word' id='word_1_688' title='bbox 2455 3131 2756 3188; x_wconf 89' lang='lat' dir='ltr'><strong>Honestum</strong></span> <span class='ocrx_word' id='word_1_689' title='bbox 2801 3141 2902 3202; x_wconf 92' lang='lat' dir='ltr'><strong>est,</strong></span> <span class='ocrx_word' id='word_1_690' title='bbox 2947 3133 3077 3206; x_wconf 90' lang='lat' dir='ltr'><strong>quia</strong></span> <span class='ocrx_word' id='word_1_691' title='bbox 3120 3142 3368 3192; x_wconf 89' lang='lat' dir='ltr'><strong>sanctum</strong></span> <span class='ocrx_word' id='word_1_692' title='bbox 3411 3145 3466 3192; x_wconf 93' lang='lat' dir='ltr'><strong>et</strong></span> <span class='ocrx_word' id='word_1_693' title='bbox 3512 3138 3835 3198; x_wconf 88' lang='lat' dir='ltr'><strong>mundum:</strong></span> 
     </span>
    </p>
   </div>
   <div class='ocr_carea' id='block_1_95' title="bbox 2247 3219 3840 3297">
    <p class='ocr_par' dir='ltr' id='par_1_95' title="bbox 2247 3219 3840 3297">
     <span class='ocr_line' id='line_1_95' title="bbox 2247 3219 3840 3297; baseline 0.008 -24"><span class='ocrx_word' id='word_1_694' title='bbox 2247 3219 2383 3274; x_wconf 88' lang='lat' dir='ltr'><strong>utile</strong></span> <span class='ocrx_word' id='word_1_695' title='bbox 2428 3235 2578 3288; x_wconf 90' lang='lat' dir='ltr'><strong>vero,</strong></span> <span class='ocrx_word' id='word_1_696' title='bbox 2626 3223 2754 3293; x_wconf 88' lang='lat' dir='ltr'><strong>quia</strong></span> <span class='ocrx_word' id='word_1_697' title='bbox 2796 3221 3017 3294; x_wconf 90' lang='lat' dir='ltr'><strong>dignius</strong></span> <span class='ocrx_word' id='word_1_698' title='bbox 3061 3231 3142 3279; x_wconf 91' lang='lat' dir='ltr'><strong>est</strong></span> <span class='ocrx_word' id='word_1_699' title='bbox 3189 3224 3329 3297; x_wconf 90' lang='lat' dir='ltr'><strong>apud</strong></span> <span class='ocrx_word' id='word_1_700' title='bbox 3376 3225 3572 3295; x_wconf 90' lang='lat' dir='ltr'><strong>Deum,</strong></span> <span class='ocrx_word' id='word_1_701' title='bbox 3611 3234 3666 3284; x_wconf 92' lang='lat' dir='ltr'><strong>et</strong></span> <span class='ocrx_word' id='word_1_702' title='bbox 3713 3229 3840 3286; x_wconf 89' lang='lat' dir='ltr'><strong>leve</strong></span> 
     </span>
    </p>
   </div>
   <div class='ocr_carea' id='block_1_96' title="bbox 2248 3307 3837 3388">
    <p class='ocr_par' dir='ltr' id='par_1_96' title="bbox 2248 3307 3837 3388">
     <span class='ocr_line' id='line_1_96' title="bbox 2248 3307 3837 3388; baseline 0.008 -26"><span class='ocrx_word' id='word_1_703' title='bbox 2248 3307 2304 3362; x_wconf 94' lang='lat' dir='ltr'><strong>in</strong></span> <span class='ocrx_word' id='word_1_704' title='bbox 2337 3311 2556 3365; x_wconf 64' lang='lat' dir='ltr'><strong>saeculo.</strong></span> <span class='ocrx_word' id='word_1_705' title='bbox 2599 3311 2742 3377; x_wconf 90' lang='lat' dir='ltr'><strong>Quid</strong></span> <span class='ocrx_word' id='word_1_706' title='bbox 2773 3327 2899 3383; x_wconf 88' lang='lat' dir='ltr'><strong>ergo</strong></span> <span class='ocrx_word' id='word_1_707' title='bbox 2946 3313 3233 3371; x_wconf 80' lang='lat' dir='ltr'><strong>dicemus?</strong></span> <span class='ocrx_word' id='word_1_708' title='bbox 3273 3315 3327 3371; x_wconf 89' lang='lat' dir='ltr'><strong>Si</strong></span> <span class='ocrx_word' id='word_1_709' title='bbox 3358 3316 3598 3388; x_wconf 89' lang='lat' dir='ltr'><strong>virgines</strong></span> <span class='ocrx_word' id='word_1_710' title='bbox 3623 3317 3690 3374; x_wconf 91' lang='lat' dir='ltr'><strong>de</strong></span> <span class='ocrx_word' id='word_1_711' title='bbox 3717 3321 3837 3376; x_wconf 89' lang='lat' dir='ltr'><strong>Deo</strong></span> 
     </span>
    </p>
   </div>
   <div class='ocr_carea' id='block_1_97' title="bbox 2245 3396 3836 3478">
    <p class='ocr_par' dir='ltr' id='par_1_97' title="bbox 2245 3396 3836 3478">
     <span class='ocr_line' id='line_1_97' title="bbox 2245 3396 3836 3478; baseline 0.009 -29"><span class='ocrx_word' id='word_1_712' title='bbox 2245 3396 2508 3467; x_wconf 87' lang='lat' dir='ltr'><strong>cogitant,</strong></span> <span class='ocrx_word' id='word_1_713' title='bbox 2554 3406 2607 3453; x_wconf 92' lang='lat' dir='ltr'><strong>et</strong></span> <span class='ocrx_word' id='word_1_714' title='bbox 2646 3398 2851 3470; x_wconf 71' lang='lat' dir='ltr'><strong>junctae</strong></span> <span class='ocrx_word' id='word_1_715' title='bbox 2881 3400 3017 3456; x_wconf 88' lang='lat' dir='ltr'><strong>viris</strong></span> <span class='ocrx_word' id='word_1_716' title='bbox 3057 3401 3123 3458; x_wconf 92' lang='lat' dir='ltr'><strong>de</strong></span> <span class='ocrx_word' id='word_1_717' title='bbox 3163 3402 3391 3472; x_wconf 88' lang='lat' dir='ltr'><strong>mundo,</strong></span> <span class='ocrx_word' id='word_1_718' title='bbox 3443 3421 3562 3477; x_wconf 66' lang='lat' dir='ltr'><strong>quae</strong></span> <span class='ocrx_word' id='word_1_719' title='bbox 3603 3422 3724 3478; x_wconf 88' lang='lat' dir='ltr'><strong>spes</strong></span> <span class='ocrx_word' id='word_1_720' title='bbox 3753 3425 3836 3464; x_wconf 84' lang='lat' dir='ltr'><strong>re-</strong></span> 
     </span>
    </p>
   </div>
   <div class='ocr_carea' id='block_1_98' title="bbox 2246 3485 3834 3564">
    <p class='ocr_par' dir='ltr' id='par_1_98' title="bbox 2246 3485 3834 3564">
     <span class='ocr_line' id='line_1_98' title="bbox 2246 3485 3834 3564; baseline 0.009 -26"><span class='ocrx_word' id='word_1_721' title='bbox 2246 3485 2519 3556; x_wconf 87' lang='lat' dir='ltr'><strong>linquitur</strong></span> <span class='ocrx_word' id='word_1_722' title='bbox 2547 3487 2883 3545; x_wconf 85' lang='lat' dir='ltr'><strong>nubentibus</strong></span> <span class='ocrx_word' id='word_1_723' title='bbox 2925 3489 3066 3561; x_wconf 90' lang='lat' dir='ltr'><strong>apud</strong></span> <span class='ocrx_word' id='word_1_724' title='bbox 3096 3491 3271 3546; x_wconf 93' lang='lat' dir='ltr'><strong>Deum</strong></span> <span class='ocrx_word' id='word_1_725' title='bbox 3297 3492 3326 3547; x_wconf 81' lang='lat'><strong>?</strong></span> <span class='ocrx_word' id='word_1_726' title='bbox 3359 3491 3415 3547; x_wconf 91' lang='lat' dir='ltr'><strong>Si</strong></span> <span class='ocrx_word' id='word_1_727' title='bbox 3447 3492 3592 3548; x_wconf 90' lang='lat' dir='ltr'><strong>enim</strong></span> <span class='ocrx_word' id='word_1_728' title='bbox 3622 3493 3700 3550; x_wconf 88' lang='lat' dir='ltr'><strong>ita</strong></span> <span class='ocrx_word' id='word_1_729' title='bbox 3727 3503 3834 3564; x_wconf 85' lang='lat' dir='ltr'><strong>est,</strong></span> 
     </span>
    </p>
   </div>
   <div class='ocr_carea' id='block_1_99' title="bbox 2244 3571 3837 3654">
    <p class='ocr_par' dir='ltr' id='par_1_99' title="bbox 2244 3571 3837 3654">
     <span class='ocr_line' id='line_1_99' title="bbox 2244 3571 3837 3654; baseline 0.008 -26"><span class='ocrx_word' id='word_1_730' title='bbox 2244 3571 2474 3629; x_wconf 88' lang='lat' dir='ltr'><strong>dubium</strong></span> <span class='ocrx_word' id='word_1_731' title='bbox 2506 3582 2586 3630; x_wconf 90' lang='lat' dir='ltr'><strong>est</strong></span> <span class='ocrx_word' id='word_1_732' title='bbox 2617 3575 2682 3631; x_wconf 91' lang='lat' dir='ltr'><strong>de</strong></span> <span class='ocrx_word' id='word_1_733' title='bbox 2712 3577 2886 3633; x_wconf 89' lang='lat' dir='ltr'><strong>salute</strong></span> <span class='ocrx_word' id='word_1_734' title='bbox 2911 3593 3132 3633; x_wconf 91' lang='lat' dir='ltr'><strong>eorum:</strong></span> <span class='ocrx_word' id='word_1_735' title='bbox 3169 3595 3294 3634; x_wconf 89' lang='lat' dir='ltr'><strong>nam</strong></span> <span class='ocrx_word' id='word_1_736' title='bbox 3320 3579 3572 3637; x_wconf 91' lang='lat' dir='ltr'><strong>videmus</strong></span> <span class='ocrx_word' id='word_1_737' title='bbox 3591 3583 3837 3654; x_wconf 88' lang='lat' dir='ltr'><strong>virgines</strong></span> 
     </span>
    </p>
   </div>
   <div class='ocr_carea' id='block_1_100' title="bbox 2248 3659 3836 3740">
    <p class='ocr_par' dir='ltr' id='par_1_100' title="bbox 2248 3659 3836 3740">
     <span class='ocr_line' id='line_1_100' title="bbox 2248 3659 3836 3740; baseline 0.008 -24"><span class='ocrx_word' id='word_1_738' title='bbox 2248 3659 2315 3716; x_wconf 92' lang='lat' dir='ltr'><strong>de</strong></span> <span class='ocrx_word' id='word_1_739' title='bbox 2343 3664 2544 3720; x_wconf 60' lang='lat' dir='ltr'><strong>saculo</strong></span> <span class='ocrx_word' id='word_1_740' title='bbox 2594 3665 2852 3736; x_wconf 89' lang='lat' dir='ltr'><strong>cogitare,</strong></span> <span class='ocrx_word' id='word_1_741' title='bbox 2903 3673 2958 3721; x_wconf 92' lang='lat' dir='ltr'><strong>et</strong></span> <span class='ocrx_word' id='word_1_742' title='bbox 2987 3667 3338 3723; x_wconf 90' lang='lat' dir='ltr'><strong>matrimonio</strong></span> <span class='ocrx_word' id='word_1_743' title='bbox 3380 3667 3600 3740; x_wconf 87' lang='lat' dir='ltr'><strong>junctas</strong></span> <span class='ocrx_word' id='word_1_744' title='bbox 3643 3672 3836 3729; x_wconf 83' lang='lat' dir='ltr'><strong>Domi-</strong></span> 
     </span>
    </p>
   </div>
   <div class='ocr_carea' id='block_1_101' title="bbox 2243 3749 3834 3834">
    <p class='ocr_par' dir='ltr' id='par_1_101' title="bbox 2243 3749 3834 3834">
     <span class='ocr_line' id='line_1_101' title="bbox 2243 3749 3834 3834; baseline 0.008 -29"><span class='ocrx_word' id='word_1_745' title='bbox 2243 3749 2384 3806; x_wconf 90' lang='lat' dir='ltr'><strong>nicis</strong></span> <span class='ocrx_word' id='word_1_746' title='bbox 2425 3751 2642 3808; x_wconf 88' lang='lat' dir='ltr'><strong>studere</strong></span> <span class='ocrx_word' id='word_1_747' title='bbox 2689 3753 2964 3826; x_wconf 91' lang='lat' dir='ltr'><strong>operibus.</strong></span> <span class='ocrx_word' id='word_1_748' title='bbox 3021 3755 3120 3812; x_wconf 88' lang='lat' dir='ltr'><strong>His</strong></span> <span class='ocrx_word' id='word_1_749' title='bbox 3167 3757 3476 3830; x_wconf 90' lang='lat' dir='ltr'><strong>virginibus</strong></span> <span class='ocrx_word' id='word_1_750' title='bbox 3514 3775 3624 3816; x_wconf 91' lang='lat' dir='ltr'><strong>non</strong></span> <span class='ocrx_word' id='word_1_751' title='bbox 3654 3759 3834 3834; x_wconf 86' lang='lat' dir='ltr'><strong>impu-</strong></span> 
     </span>
    </p>
   </div>
   <div class='ocr_carea' id='block_1_102' title="bbox 2241 3838 3836 3914">
    <p class='ocr_par' dir='ltr' id='par_1_102' title="bbox 2241 3838 3836 3914">
     <span class='ocr_line' id='line_1_102' title="bbox 2241 3838 3836 3914; baseline 0.01 -21"><span class='ocrx_word' id='word_1_752' title='bbox 2241 3838 2449 3895; x_wconf 89' lang='lat' dir='ltr'><strong>tabitur</strong></span> <span class='ocrx_word' id='word_1_753' title='bbox 2495 3842 2921 3900; x_wconf 90' lang='lat' dir='ltr'><strong>sanctimonium</strong></span> <span class='ocrx_word' id='word_1_754' title='bbox 2969 3860 3002 3900; x_wconf 88' lang='lat' dir='ltr'><strong>a</strong></span> <span class='ocrx_word' id='word_1_755' title='bbox 3047 3846 3183 3914; x_wconf 93' lang='lat' dir='ltr'><strong>Deo,</strong></span> <span class='ocrx_word' id='word_1_756' title='bbox 3231 3854 3286 3903; x_wconf 89' lang='lat' dir='ltr'><strong>et</strong></span> <span class='ocrx_word' id='word_1_757' title='bbox 3330 3846 3418 3903; x_wconf 90' lang='lat' dir='ltr'><strong>his</strong></span> <span class='ocrx_word' id='word_1_758' title='bbox 3463 3850 3836 3909; x_wconf 89' lang='lat' dir='ltr'><strong>matrimoniis</strong></span> 
     </span>
    </p>
   </div>
   <div class='ocr_carea' id='block_1_103' title="bbox 2242 3931 3834 4013">
    <p class='ocr_par' dir='ltr' id='par_1_103' title="bbox 2242 3931 3834 4013">
     <span class='ocr_line' id='line_1_103' title="bbox 2242 3931 3834 4013; baseline 0.009 -27"><span class='ocrx_word' id='word_1_759' title='bbox 2242 3931 2347 3987; x_wconf 92' lang='lat' dir='ltr'><strong>erit</strong></span> <span class='ocrx_word' id='word_1_760' title='bbox 2375 3949 2581 3991; x_wconf 90' lang='lat' dir='ltr'><strong>merces</strong></span> <span class='ocrx_word' id='word_1_761' title='bbox 2623 3933 2767 4006; x_wconf 90' lang='lat' dir='ltr'><strong>apud</strong></span> <span class='ocrx_word' id='word_1_762' title='bbox 2807 3936 3014 4005; x_wconf 92' lang='lat' dir='ltr'><strong>Deum;</strong></span> <span class='ocrx_word' id='word_1_763' title='bbox 3047 3937 3177 4009; x_wconf 89' lang='lat' dir='ltr'><strong>quia</strong></span> <span class='ocrx_word' id='word_1_764' title='bbox 3209 3953 3334 3995; x_wconf 90' lang='lat' dir='ltr'><strong>cum</strong></span> <span class='ocrx_word' id='word_1_765' title='bbox 3375 3938 3602 4013; x_wconf 89' lang='lat' dir='ltr'><strong>obligati</strong></span> <span class='ocrx_word' id='word_1_766' title='bbox 3650 3951 3834 4000; x_wconf 89' lang='lat' dir='ltr'><strong>essent</strong></span> 
     </span>
    </p>
   </div>
   <div class='ocr_carea' id='block_1_104' title="bbox 2240 4025 3834 4102">
    <p class='ocr_par' dir='ltr' id='par_1_104' title="bbox 2240 4025 3834 4102">
     <span class='ocr_line' id='line_1_104' title="bbox 2240 4025 3834 4102; baseline 0.006 -20"><span class='ocrx_word' id='word_1_767' title='bbox 2240 4025 2471 4082; x_wconf 89' lang='lat' dir='ltr'><strong>terrenis</strong></span> <span class='ocrx_word' id='word_1_768' title='bbox 2529 4033 2583 4082; x_wconf 91' lang='lat' dir='ltr'><strong>et</strong></span> <span class='ocrx_word' id='word_1_769' title='bbox 2637 4025 2817 4084; x_wconf 87' lang='lat' dir='ltr'><strong>carnis</strong></span> <span class='ocrx_word' id='word_1_770' title='bbox 2871 4027 3126 4098; x_wconf 85' lang='lat' dir='ltr'><strong>nexibus,</strong></span> <span class='ocrx_word' id='word_1_771' title='bbox 3187 4045 3406 4102; x_wconf 92' lang='lat' dir='ltr'><strong>operam</strong></span> <span class='ocrx_word' id='word_1_772' title='bbox 3461 4031 3733 4089; x_wconf 88' lang='lat' dir='ltr'><strong>dederunt</strong></span> <span class='ocrx_word' id='word_1_773' title='bbox 3772 4044 3834 4094; x_wconf 90' lang='lat' dir='ltr'><strong>ut</strong></span> 
     </span>
    </p>
   </div>
   <div class='ocr_carea' id='block_1_105' title="bbox 2240 4111 3826 4190">
    <p class='ocr_par' dir='ltr' id='par_1_105' title="bbox 2240 4111 3826 4190">
     <span class='ocr_line' id='line_1_105' title="bbox 2240 4111 3826 4190; baseline 0.008 -21"><span class='ocrx_word' id='word_1_774' title='bbox 2240 4111 2298 4170; x_wconf 92' lang='lat' dir='ltr'><strong>in</strong></span> <span class='ocrx_word' id='word_1_775' title='bbox 2328 4114 2576 4170; x_wconf 87' lang='lat' dir='ltr'><strong>futurum</strong></span> <span class='ocrx_word' id='word_1_776' title='bbox 2619 4114 2829 4187; x_wconf 92' lang='lat' dir='ltr'><strong>aliquid</strong></span> <span class='ocrx_word' id='word_1_777' title='bbox 2869 4116 3199 4174; x_wconf 90' lang='lat' dir='ltr'><strong>immortalis</strong></span> <span class='ocrx_word' id='word_1_778' title='bbox 3228 4119 3436 4190; x_wconf 64' lang='lat' dir='ltr'><strong>praemii</strong></span> <span class='ocrx_word' id='word_1_779' title='bbox 3466 4131 3826 4181; x_wconf 90' lang='lat' dir='ltr'><strong>mererentur.</strong></span> 
     </span>
    </p>
   </div>
   <div class='ocr_carea' id='block_1_106' title="bbox 2239 4202 3828 4282">
    <p class='ocr_par' dir='ltr' id='par_1_106' title="bbox 2239 4202 3828 4282">
     <span class='ocr_line' id='line_1_106' title="bbox 2239 4202 3828 4282; baseline 0.006 -24"><span class='ocrx_word' id='word_1_780' title='bbox 2239 4202 2357 4258; x_wconf 91' lang='lat' dir='ltr'><strong>Illis</strong></span> <span class='ocrx_word' id='word_1_781' title='bbox 2385 4210 2567 4258; x_wconf 90' lang='lat' dir='ltr'><strong>autem</strong></span> <span class='ocrx_word' id='word_1_782' title='bbox 2606 4219 2716 4259; x_wconf 92' lang='lat' dir='ltr'><strong>non</strong></span> <span class='ocrx_word' id='word_1_783' title='bbox 2757 4205 2934 4260; x_wconf 89' lang='lat' dir='ltr'><strong>solum</strong></span> <span class='ocrx_word' id='word_1_784' title='bbox 2963 4221 3074 4262; x_wconf 93' lang='lat' dir='ltr'><strong>non</strong></span> <span class='ocrx_word' id='word_1_785' title='bbox 3113 4207 3478 4280; x_wconf 89' lang='lat' dir='ltr'><strong>imputabitur</strong></span> <span class='ocrx_word' id='word_1_786' title='bbox 3515 4209 3828 4282; x_wconf 87' lang='lat' dir='ltr'><strong>virginitas,</strong></span> 
     </span>
    </p>
   </div>
   <div class='ocr_carea' id='block_1_107' title="bbox 2238 4289 3832 4371">
    <p class='ocr_par' dir='ltr' id='par_1_107' title="bbox 2238 4289 3832 4371">
     <span class='ocr_line' id='line_1_107' title="bbox 2238 4289 3832 4371; baseline 0.008 -26"><span class='ocrx_word' id='word_1_787' title='bbox 2238 4289 2332 4346; x_wconf 90' lang='lat' dir='ltr'><strong>sed</strong></span> <span class='ocrx_word' id='word_1_788' title='bbox 2369 4299 2422 4346; x_wconf 90' lang='lat' dir='ltr'><strong>et</strong></span> <span class='ocrx_word' id='word_1_789' title='bbox 2452 4307 2624 4363; x_wconf 81' lang='lat' dir='ltr'><strong>poenae</strong></span> <span class='ocrx_word' id='word_1_790' title='bbox 2663 4293 3050 4364; x_wconf 89' lang='lat' dir='ltr'><strong>subjicientur,</strong></span> <span class='ocrx_word' id='word_1_791' title='bbox 3091 4296 3186 4368; x_wconf 92' lang='lat' dir='ltr'><strong>qui</strong></span> <span class='ocrx_word' id='word_1_792' title='bbox 3211 4297 3314 4353; x_wconf 91' lang='lat' dir='ltr'><strong>sub</strong></span> <span class='ocrx_word' id='word_1_793' title='bbox 3354 4297 3591 4371; x_wconf 90' lang='lat' dir='ltr'><strong>tegmine</strong></span> <span class='ocrx_word' id='word_1_794' title='bbox 3621 4301 3832 4357; x_wconf 84' lang='lat' dir='ltr'><strong>melio-</strong></span> 
     </span>
    </p>
   </div>
   <div class='ocr_carea' id='block_1_108' title="bbox 2237 4379 3832 4451">
    <p class='ocr_par' dir='ltr' id='par_1_108' title="bbox 2237 4379 3832 4451">
     <span class='ocr_line' id='line_1_108' title="bbox 2237 4379 3832 4451; baseline 0.008 -17"><span class='ocrx_word' id='word_1_795' title='bbox 2237 4379 2314 4434; x_wconf 90' lang='lat' dir='ltr'><strong>ris</strong></span> <span class='ocrx_word' id='word_1_796' title='bbox 2343 4379 2457 4451; x_wconf 89' lang='lat' dir='ltr'><strong>spei</strong></span> <span class='ocrx_word' id='word_1_797' title='bbox 2499 4381 2668 4437; x_wconf 90' lang='lat' dir='ltr'><strong>vitam</strong></span> <span class='ocrx_word' id='word_1_798' title='bbox 2711 4389 2764 4437; x_wconf 89' lang='lat' dir='ltr'><strong>et</strong></span> <span class='ocrx_word' id='word_1_799' title='bbox 2815 4385 3286 4442; x_wconf 79' lang='lat' dir='ltr'><strong>conversationem</strong></span> <span class='ocrx_word' id='word_1_800' title='bbox 3341 4401 3494 4441; x_wconf 89' lang='lat' dir='ltr'><strong>suam</strong></span> <span class='ocrx_word' id='word_1_801' title='bbox 3553 4388 3832 4446; x_wconf 86' lang='lat' dir='ltr'><strong>mundiali</strong></span> 
     </span>
    </p>
   </div>
   <div class='ocr_carea' id='block_1_109' title="bbox 2233 4469 3834 4546">
    <p class='ocr_par' dir='ltr' id='par_1_109' title="bbox 2233 4469 3834 4546">
     <span class='ocr_line' id='line_1_109' title="bbox 2233 4469 3834 4546; baseline 0.007 -22"><span class='ocrx_word' id='word_1_802' title='bbox 2233 4482 2364 4524; x_wconf 90' lang='lat' dir='ltr'><strong>cura</strong></span> <span class='ocrx_word' id='word_1_803' title='bbox 2411 4476 2465 4524; x_wconf 93' lang='lat' dir='ltr'><strong>et</strong></span> <span class='ocrx_word' id='word_1_804' title='bbox 2510 4469 2884 4526; x_wconf 91' lang='lat' dir='ltr'><strong>sollicitudine</strong></span> <span class='ocrx_word' id='word_1_805' title='bbox 2923 4481 3272 4544; x_wconf 91' lang='lat' dir='ltr'><strong>occupantes,</strong></span> <span class='ocrx_word' id='word_1_806' title='bbox 3324 4473 3508 4546; x_wconf 90' lang='lat' dir='ltr'><strong>pigros</strong></span> <span class='ocrx_word' id='word_1_807' title='bbox 3543 4491 3598 4530; x_wconf 90' lang='lat' dir='ltr'><strong>se</strong></span> <span class='ocrx_word' id='word_1_808' title='bbox 3627 4475 3697 4530; x_wconf 91' lang='lat' dir='ltr'><strong>ad</strong></span> <span class='ocrx_word' id='word_1_809' title='bbox 3726 4478 3834 4536; x_wconf 86' lang='lat' dir='ltr'><strong>Dei</strong></span> 
     </span>
    </p>
   </div>
   <div class='ocr_carea' id='block_1_110' title="bbox 2232 4560 3836 4638">
    <p class='ocr_par' dir='ltr' id='par_1_110' title="bbox 2232 4560 3836 4638">
     <span class='ocr_line' id='line_1_110' title="bbox 2232 4560 3836 4638; baseline 0.006 -25"><span class='ocrx_word' id='word_1_810' title='bbox 2232 4573 2394 4629; x_wconf 90' lang='lat' dir='ltr'><strong>opera</strong></span> <span class='ocrx_word' id='word_1_811' title='bbox 2422 4560 2627 4631; x_wconf 90' lang='lat' dir='ltr'><strong>agenda</strong></span> <span class='ocrx_word' id='word_1_812' title='bbox 2658 4561 2934 4629; x_wconf 81' lang='lat' dir='ltr'><strong>fecerunt;</strong></span> <span class='ocrx_word' id='word_1_813' title='bbox 2964 4562 3108 4618; x_wconf 89' lang='lat' dir='ltr'><strong>sicut</strong></span> <span class='ocrx_word' id='word_1_814' title='bbox 3137 4563 3274 4619; x_wconf 88' lang='lat' dir='ltr'><strong>dicit</strong></span> <span class='ocrx_word' id='word_1_815' title='bbox 3303 4563 3564 4620; x_wconf 80' lang='lat' dir='ltr'><strong>Jeremias</strong></span> <span class='ocrx_word' id='word_1_816' title='bbox 3591 4566 3836 4638; x_wconf 81' lang='lat' dir='ltr'><strong>prophe-</strong></span> 
     </span>
    </p>
   </div>
   <div class='ocr_carea' id='block_1_111' title="bbox 2229 4647 3838 4724">
    <p class='ocr_par' dir='ltr' id='par_1_111' title="bbox 2229 4647 3838 4724">
     <span class='ocr_line' id='line_1_111' title="bbox 2229 4647 3838 4724; baseline 0.006 -22"><span class='ocrx_word' id='word_1_817' title='bbox 2229 4654 2284 4702; x_wconf 90' lang='lat' dir='ltr'><strong>ta</strong></span> <span class='ocrx_word' id='word_1_818' title='bbox 2319 4664 2331 4702; x_wconf 91' lang='lat'>:</span> <span class='ocrx_word' id='word_1_819' title='bbox 2387 4671 2406 4693; x_wconf 74' lang='grc' dir='ltr'><strong>ε</strong></span> <span class='ocrx_word' id='word_1_820' title='bbox 2449 4647 2772 4704; x_wconf 88' lang='lat' dir='ltr'><strong>Maledictus</strong></span> <span class='ocrx_word' id='word_1_821' title='bbox 2809 4651 2904 4722; x_wconf 92' lang='lat' dir='ltr'><strong>qui</strong></span> <span class='ocrx_word' id='word_1_822' title='bbox 2943 4666 3104 4721; x_wconf 87' lang='lat' dir='ltr'><strong>opera</strong></span> <span class='ocrx_word' id='word_1_823' title='bbox 3141 4651 3240 4707; x_wconf 92' lang='lat' dir='ltr'><strong>Dei</strong></span> <span class='ocrx_word' id='word_1_824' title='bbox 3300 4651 3433 4707; x_wconf 83' lang='lat' dir='ltr'><strong>facit</strong></span> <span class='ocrx_word' id='word_1_825' title='bbox 3485 4653 3838 4724; x_wconf 82' lang='lat' dir='ltr'><strong>negligenter</strong></span> 
     </span>
    </p>
   </div>
   <div class='ocr_carea' id='block_1_112' title="bbox 2231 4734 3839 4816">
    <p class='ocr_par' dir='ltr' id='par_1_112' title="bbox 2231 4734 3839 4816">
     <span class='ocr_line' id='line_1_112' title="bbox 2231 4734 3839 4816; baseline 0.006 -26"><span class='ocrx_word' id='word_1_826' title='bbox 2231 4734 2443 4805; x_wconf 85' lang='lat' dir='ltr'><strong>(Jerem.</strong></span> <span class='ocrx_word' id='word_1_827' title='bbox 2469 4750 2662 4802; x_wconf 71' lang='lat' dir='ltr'><strong>xnvm,</strong></span> <span class='ocrx_word' id='word_1_828' title='bbox 2696 4736 2805 4806; x_wconf 90' lang='grc'><strong>10).</strong></span> <span class='ocrx_word' id='word_1_829' title='bbox 2832 4761 2849 4784; x_wconf 76' lang='grc' dir='ltr'><strong><em>ι</em></strong></span> <span class='ocrx_word' id='word_1_830' title='bbox 2881 4737 2949 4791; x_wconf 90' lang='lat' dir='ltr'><strong>Hi</strong></span> <span class='ocrx_word' id='word_1_831' title='bbox 2985 4746 3133 4806; x_wconf 90' lang='lat' dir='ltr'><strong>sunt,</strong></span> <span class='ocrx_word' id='word_1_832' title='bbox 3167 4737 3233 4794; x_wconf 90' lang='lat' dir='ltr'><strong>de</strong></span> <span class='ocrx_word' id='word_1_833' title='bbox 3262 4739 3462 4813; x_wconf 90' lang='lat' dir='ltr'><strong>quibus</strong></span> <span class='ocrx_word' id='word_1_834' title='bbox 3487 4741 3545 4796; x_wconf 91' lang='lat' dir='ltr'><strong>in</strong></span> <span class='ocrx_word' id='word_1_835' title='bbox 3575 4743 3684 4797; x_wconf 89' lang='lat' dir='ltr'><strong>alia</strong></span> <span class='ocrx_word' id='word_1_836' title='bbox 3712 4743 3839 4816; x_wconf 84' lang='lat' dir='ltr'><strong>epi-</strong></span> 
     </span>
    </p>
   </div>
   <div class='ocr_carea' id='block_1_113' title="bbox 2227 4821 3834 4903">
    <p class='ocr_par' dir='ltr' id='par_1_113' title="bbox 2227 4821 3834 4903">
     <span class='ocr_line' id='line_1_113' title="bbox 2227 4821 3834 4903; baseline 0.007 -28"><span class='ocrx_word' id='word_1_837' title='bbox 2227 4821 2365 4875; x_wconf 87' lang='lat' dir='ltr'><strong>stola</strong></span> <span class='ocrx_word' id='word_1_838' title='bbox 2387 4821 2555 4878; x_wconf 89' lang='lat' dir='ltr'><strong>dicit:</strong></span> <span class='ocrx_word' id='word_1_839' title='bbox 2596 4846 2614 4869; x_wconf 77' lang='grc' dir='ltr'>ι</span> <span class='ocrx_word' id='word_1_840' title='bbox 2637 4823 2909 4880; x_wconf 85' lang='lat' dir='ltr'><strong>Habentes</strong></span> <span class='ocrx_word' id='word_1_841' title='bbox 2929 4825 3150 4898; x_wconf 90' lang='lat' dir='ltr'><strong>quidem</strong></span> <span class='ocrx_word' id='word_1_842' title='bbox 3179 4829 3411 4900; x_wconf 89' lang='lat' dir='ltr'><strong>speciem</strong></span> <span class='ocrx_word' id='word_1_843' title='bbox 3435 4828 3655 4900; x_wconf 91' lang='lat' dir='ltr'><strong>pietatis</strong></span> <span class='ocrx_word' id='word_1_844' title='bbox 3677 4831 3834 4903; x_wconf 82' lang='lat'><strong>(52),</strong></span> 
     </span>
    </p>
   </div>
   <div class='ocr_carea' id='block_1_114' title="bbox 2227 4910 3822 4990">
    <p class='ocr_par' dir='ltr' id='par_1_114' title="bbox 2227 4910 3822 4990">
     <span class='ocr_line' id='line_1_114' title="bbox 2227 4910 3822 4990; baseline 0.009 -27"><span class='ocrx_word' id='word_1_845' title='bbox 2227 4910 2488 4966; x_wconf 92' lang='lat' dir='ltr'><strong>virtutem</strong></span> <span class='ocrx_word' id='word_1_846' title='bbox 2519 4919 2699 4967; x_wconf 89' lang='lat' dir='ltr'><strong>autem</strong></span> <span class='ocrx_word' id='word_1_847' title='bbox 2729 4913 2847 4986; x_wconf 90' lang='lat' dir='ltr'><strong>ejus</strong></span> <span class='ocrx_word' id='word_1_848' title='bbox 2873 4913 3203 4986; x_wconf 88' lang='lat' dir='ltr'><strong>abnegantes</strong></span> <span class='ocrx_word' id='word_1_849' title='bbox 3256 4917 3344 4988; x_wconf 88' lang='grc' dir='ltr'><strong>(ΙΙ</strong></span> <span class='ocrx_word' id='word_1_850' title='bbox 3377 4918 3509 4974; x_wconf 83' lang='lat' dir='ltr'><strong>Tim.</strong></span> <span class='ocrx_word' id='word_1_851' title='bbox 3540 4935 3626 4987; x_wconf 78' lang='grc' dir='ltr'><strong><em>ιιι,</em></strong></span> <span class='ocrx_word' id='word_1_852' title='bbox 3664 4919 3750 4990; x_wconf 81' lang='grc'><strong>5).</strong></span> <span class='ocrx_word' id='word_1_853' title='bbox 3793 4947 3822 4970; x_wconf 75' lang='grc' dir='ltr'><strong>ι</strong></span> 
     </span>
    </p>
   </div>
   <div class='ocr_carea' id='block_1_115' title="bbox 2218 5122 3850 5195">
    <p class='ocr_par' dir='ltr' id='par_1_115' title="bbox 2218 5122 3850 5195">
     <span class='ocr_line' id='line_1_115' title="bbox 2218 5122 3850 5195; baseline 0.012 -19"><span class='ocrx_word' id='word_1_854' title='bbox 2218 5123 2432 5195; x_wconf 81' lang='lat' dir='ltr'><strong>peribit.</strong></span> <span class='ocrx_word' id='word_1_855' title='bbox 2481 5122 2585 5180; x_wconf 92' lang='lat' dir='ltr'><strong>Sed</strong></span> <span class='ocrx_word' id='word_1_856' title='bbox 2630 5123 2735 5182; x_wconf 90' lang='lat' dir='ltr'><strong>hoc</strong></span> <span class='ocrx_word' id='word_1_857' title='bbox 2781 5125 2945 5183; x_wconf 89' lang='lat' dir='ltr'><strong>etiam</strong></span> <span class='ocrx_word' id='word_1_858' title='bbox 2987 5127 3108 5186; x_wconf 92' lang='lat' dir='ltr'><strong>loco</strong></span> <span class='ocrx_word' id='word_1_859' title='bbox 3147 5128 3208 5186; x_wconf 92' lang='lat' dir='ltr'><strong>in</strong></span> <span class='ocrx_word' id='word_1_860' title='bbox 3247 5129 3411 5188; x_wconf 89' lang='lat' dir='ltr'><strong>Corb.</strong></span> <span class='ocrx_word' id='word_1_861' title='bbox 3445 5130 3566 5189; x_wconf 89' lang='lat' dir='ltr'><strong>cod.</strong></span> <span class='ocrx_word' id='word_1_862' title='bbox 3620 5133 3850 5195; x_wconf 72' lang='lat' dir='ltr'><strong>lacuna</strong></span> 
     </span>
    </p>
   </div>
   <div class='ocr_carea' id='block_1_116' title="bbox 2224 5201 3849 5345">
    <p class='ocr_par' dir='ltr' id='par_1_116' title="bbox 2224 5201 3849 5345">
     <span class='ocr_line' id='line_1_116' title="bbox 2224 5201 3849 5345; baseline 0.009 -25"><span class='ocrx_word' id='word_1_863' title='bbox 2224 5201 2412 5345; x_wconf 52' lang='grc' dir='ltr'><strong>Θειίω)</strong></span> <span class='ocrx_word' id='word_1_864' title='bbox 2453 5265 2553 5321; x_wconf 87' lang='lat' dir='ltr'><strong>Ms.</strong></span> <span class='ocrx_word' id='word_1_865' title='bbox 2585 5265 2773 5345; x_wconf 77' lang='lat' dir='ltr'><strong>Corb.,</strong></span> <span class='ocrx_word' id='word_1_866' title='bbox 2823 5270 2882 5326; x_wconf 87' lang='lat' dir='ltr'><strong>Si</strong></span> <span class='ocrx_word' id='word_1_867' title='bbox 2907 5276 3090 5345; x_wconf 57' lang='lat' dir='ltr'><strong>autem</strong></span> <span class='ocrx_word' id='word_1_868' title='bbox 3127 5272 3186 5326; x_wconf 82' lang='lat' dir='ltr'><strong>in</strong></span> <span class='ocrx_word' id='word_1_869' title='bbox 3221 5289 3439 5345; x_wconf 82' lang='lat' dir='ltr'><strong>corpore</strong></span> <span class='ocrx_word' id='word_1_870' title='bbox 3470 5274 3666 5330; x_wconf 65' lang='lat' dir='ltr'><strong>&quot;tundo</strong></span> <span class='ocrx_word' id='word_1_871' title='bbox 3701 5280 3849 5334; x_wconf 78' lang='lat' dir='ltr'><strong>ani-</strong></span> 
     </span>
    </p>
   </div>
   <div class='ocr_carea' id='block_1_117' title="bbox 2222 5339 3852 5462">
    <p class='ocr_par' dir='ltr' id='par_1_117' title="bbox 2222 5339 3852 5462">
     <span class='ocr_line' id='line_1_117' title="bbox 2222 5339 3852 5460; baseline 0.007 -69"><span class='ocrx_word' id='word_1_872' title='bbox 2222 5352 2339 5460; x_wconf 53' lang='lat' dir='ltr'><strong>mzts</strong></span> <span class='ocrx_word' id='word_1_873' title='bbox 2370 5342 2575 5460; x_wconf 55' lang='lat' dir='ltr'><strong>(terrena</strong></span> <span class='ocrx_word' id='word_1_874' title='bbox 2605 5339 2804 5409; x_wconf 82' lang='lat' dir='ltr'><strong>cogitet,</strong></span> <span class='ocrx_word' id='word_1_875' title='bbox 2825 5342 3024 5412; x_wconf 78' lang='lat' dir='ltr'><strong>polluit</strong></span> <span class='ocrx_word' id='word_1_876' title='bbox 3043 5348 3090 5396; x_wconf 87' lang='lat' dir='ltr'><strong>et</strong></span> <span class='ocrx_word' id='word_1_877' title='bbox 3104 5339 3466 5416; x_wconf 51' lang='lat' dir='ltr'><strong>corpus-Qua:</strong></span> <span class='ocrx_word' id='word_1_878' title='bbox 3489 5361 3611 5400; x_wconf 81' lang='lat' dir='ltr'><strong>vero</strong></span> <span class='ocrx_word' id='word_1_879' title='bbox 3648 5358 3852 5420; x_wconf 80' lang='lat' dir='ltr'><strong>nupta</strong></span> 
     </span>
     <span class='ocr_line' id='line_1_118' title="bbox 2222 5424 2451 5462; baseline 0.009 -2"><span class='ocrx_word' id='word_1_880' title='bbox 2222 5424 2272 5460; x_wconf 87' lang='lat' dir='ltr'><strong>es</strong></span> <span class='ocrx_word' id='word_1_881' title='bbox 2301 5449 2314 5462; x_wconf 89' lang='lat'><strong>.</strong></span> <span class='ocrx_word' id='word_1_882' title='bbox 2347 5424 2373 5460; x_wconf 82' lang='grc' dir='ltr'>ρ</span> <span class='ocrx_word' id='word_1_883' title='bbox 2403 5424 2451 5462; x_wconf 90' lang='lat' dir='ltr'><strong>c.</strong></span> 
     </span>
    </p>
   </div>
   <div class='ocr_carea' id='block_1_118' title="bbox 2298 5449 2451 5474">
    <p class='ocr_par' dir='ltr' id='par_1_118' title="bbox 2298 5449 2451 5474">
     <span class='ocr_line' id='line_1_119' title="bbox 2298 5449 2451 5474; baseline 0.007 -13"><span class='ocrx_word' id='word_1_884' title='bbox 2298 5449 2314 5474; x_wconf 90' lang='lat'><strong>,</strong></span> <span class='ocrx_word' id='word_1_885' title='bbox 2347 5449 2451 5462; x_wconf 64' lang='grc' dir='ltr'><strong>μιν.</strong></span> 
     </span>
    </p>
   </div>
   <div class='ocr_carea' id='block_1_119' title="bbox 2296 5478 3852 5603">
    <p class='ocr_par' dir='ltr' id='par_1_119' title="bbox 2296 5478 3852 5603">
     <span class='ocr_line' id='line_1_120' title="bbox 2296 5478 3852 5603; baseline 0.012 -72"><span class='ocrx_word' id='word_1_886' title='bbox 2296 5478 2412 5603; x_wconf 48' lang='grc' dir='ltr'><strong>ἳ52)</strong></span> <span class='ocrx_word' id='word_1_887' title='bbox 2440 5479 2519 5533; x_wconf 88' lang='lat' dir='ltr'><strong>Ita</strong></span> <span class='ocrx_word' id='word_1_888' title='bbox 2544 5478 2674 5559; x_wconf 81' lang='lat' dir='ltr'><strong>edit.</strong></span> <span class='ocrx_word' id='word_1_889' title='bbox 2701 5497 2888 5562; x_wconf 77' lang='lat' dir='ltr'><strong>omnes</strong></span> <span class='ocrx_word' id='word_1_890' title='bbox 2915 5497 2979 5539; x_wconf 89' lang='lat' dir='ltr'><strong>ac</strong></span> <span class='ocrx_word' id='word_1_891' title='bbox 3009 5483 3192 5556; x_wconf 78' lang='lat' dir='ltr'><strong>plures</strong></span> <span class='ocrx_word' id='word_1_892' title='bbox 3220 5502 3375 5557; x_wconf 69' lang='lat' dir='ltr'><strong>mss;</strong></span> <span class='ocrx_word' id='word_1_893' title='bbox 3406 5487 3502 5546; x_wconf 87' lang='lat' dir='ltr'><strong>alii</strong></span> <span class='ocrx_word' id='word_1_894' title='bbox 3524 5503 3656 5545; x_wconf 88' lang='lat' dir='ltr'><strong>vero</strong></span> <span class='ocrx_word' id='word_1_895' title='bbox 3678 5505 3852 5550; x_wconf 82' lang='lat' dir='ltr'><strong>non-</strong></span> 
     </span>
     <span class='ocr_line' id='line_1_121' title="bbox 2296 5551 2919 5603; baseline 0.002 -1"><span class='ocrx_word' id='word_1_896' title='bbox 2296 5594 2300 5602; x_wconf 84' lang='lat'><strong>.</strong></span> <span class='ocrx_word' id='word_1_897' title='bbox 2329 5551 2386 5603; x_wconf 86' lang='lat' dir='ltr'><strong>ll.</strong></span> <span class='ocrx_word' id='word_1_898' title='bbox 2420 5566 2633 5603; x_wconf 75' lang='lat' dir='ltr'><strong>snectem</strong></span> <span class='ocrx_word' id='word_1_899' title='bbox 2661 5559 2919 5603; x_wconf 66' lang='lat' dir='ltr'><strong>veritatis.</strong></span> 
     </span>
    </p>
   </div>
   <div class='ocr_carea' id='block_1_120' title="bbox 2224 5551 2919 5621">
    <p class='ocr_par' dir='ltr' id='par_1_120' title="bbox 2224 5551 2919 5621">
     <span class='ocr_line' id='line_1_122' title="bbox 2224 5551 2919 5621; baseline 0.01 -18"><span class='ocrx_word' id='word_1_900' title='bbox 2224 5551 2386 5616; x_wconf 74' lang='lat' dir='ltr'><strong>nulli,</strong></span> <span class='ocrx_word' id='word_1_901' title='bbox 2420 5551 2633 5621; x_wconf 78' lang='lat' dir='ltr'><strong>speciem</strong></span> <span class='ocrx_word' id='word_1_902' title='bbox 2661 5553 2919 5610; x_wconf 74' lang='lat' dir='ltr'><strong>veritatis.</strong></span> 
     </span>
    </p>
   </div>
  </div>
