4090 6182
280 277 385 337 237

1375 262 1734 323 CUMMEN'I'.
1775 271 1844 324 ω
1878 269 2093 326 Εριδίι.
2126 264 2273 327 IAD
2311 264 2466 327 con.

3457 280 3563 338 238

282 398 577 475 Apostolus
644 402 832 453 autem
909 392 999 449 his
1060 390 1327 464 loquitur,
1398 396 1492 467 qui
1551 396 1691 452 mira
1762 397 1868 453 de-

1986 399 2124 466 serit,
2158 400 2456 456 secundum
2499 416 2679 455 meum
2710 400 3023 457 consilium.
3071 425 3089 447 ι
3119 401 3258 459 Cum
3286 401 3429 460 dicit
3459 422 3561 462 su-

283 491 503 547 votione
545 486 777 558 obsequi
833 481 1143 539 desiderant
1194 482 1511 539 coelestibus
1562 485 1867 558 praeceptis,

280 578 573 639 ostendens
612 584 668 632 et
709 573 913 630 docens
953 587 1061 645 quo
1091 572 1417 643 compendio
1462 574 1628 631 citius
1661 574 1775 630 itur
1800 574 1870 631 ad

276 673 447 729 Deum
476 686 492 735 ;
524 666 657 740 quia
690 665 785 736 qui
815 669 1035 735 propter
1062 663 1235 718 Deum
1266 663 1690 734 promerendum
1712 667 1869 739 virgo

276 772 500 814 manere
528 755 675 821 vult,
702 752 876 808 sciens
900 751 1065 823 quale
1088 750 1373 821 praemium
1405 753 1576 823 possit
1602 754 1868 826 accipere,

279 848 377 923 qui
417 863 450 901 a
494 844 649 900 licito
682 847 967 912 temperat,
1014 844 1155 902 138
1194 847 1258 895 ut
1305 841 1501 898 melior
1528 843 1658 912 ﬁat;
1704 845 1870 901 simul

280 940 470 998 omnia
523 935 920 1009 impedimenta
968 935 1149 991 carnis
1194 936 1423 1006 spernit,
1477 953 1589 992 non
1655 939 1871 994 nescius

284 1030 404 1086 haec
448 1041 584 1093 esse,
641 1041 767 1097 qua:
825 1040 1064 1096 gressum
1108 1024 1381 1081 currentis
1420 1025 1575 1081 velut
1615 1027 1873 1084 oneribus

280 1115 610 1188 compedum
640 1112 910 1168 detinent.

362 1206 547 1277 (Vers.
571 1203 685 1273 36.)
731 1226 749 1249 ι
775 1202 831 1258 Si
851 1202 975 1274 quis
1001 1210 1184 1261 autem
1213 1213 1429 1278 turpem
1456 1223 1512 1263 se
1525 1206 1729 1263 viderit
1752 1206 1869 1278 (53)

286 1310 457 1365 supra
489 1291 753 1363 virginem
784 1307 958 1358 suam,
982 1292 1030 1347 si
1059 1294 1132 1349 sit
1160 1296 1307 1350 ultra
1331 1296 1693 1367 pubertatem,
1726 1303 1779 1350 et
1793 1294 1874 1351 sic

285 1388 495 1455 oportet
512 1378 629 1434 fieri
652 1396 667 1445 ;
686 1378 832 1450 quod
855 1380 977 1435 vult
999 1380 1185 1449 faciat,
1207 1399 1321 1438 non
1342 1391 1546 1455 peccat,
1566 1385 1612 1439 si
1632 1383 1822 1439 nubat.
1839 1408 1860 1431 ι

285 1471 553 1540 Quoniam
608 1469 862 1541 superius
920 1470 998 1526 ita
1047 1472 1423 1543 virginitatem
1475 1474 1764 1531 tenendam
1822 1481 1877 1530 et

280 1560 702 1627 continentiam,
771 1558 990 1615 reddita
1043 1561 1276 1631 ratione,
1341 1563 1594 1620 hortatus
1646 1571 1746 1630 est,
1813 1570 1878 1621 ut

280 1665 417 1723 pene
448 1649 517 1705 ad
546 1648 1019 1720 comparationem
1058 1664 1247 1705 earum
1276 1649 1531 1723 conjugia
1572 1649 1793 1706 inutilia
1821 1657 1878 1705 et

281 1735 595 1808 abiicienda
622 1735 958 1804 videantur;
988 1752 1138 1794 nunc
1179 1753 1250 1793 ne
1282 1738 1501 1811 nuptias
1527 1754 1723 1811 negare
1761 1756 1874 1811 pu—
1898 1753 1948 1814 Β

278 1832 515 1893 taretur,
544 1840 657 1880 non
682 1841 907 1897 peccare
933 1824 1230 1897 virginem,
1278 1827 1326 1883 si
1368 1827 1560 1896 nubat,
1593 1828 1871 1897 ostendit;

282 1913 381 1971 sed
411 1928 529 1969 rem
560 1912 783 1968 maximi
811 1912 1016 1969 laboris
1042 1912 1280 1986 aggredi,
1303 1921 1357 1970 et
1376 1930 1497 1987 qua;
1528 1917 1672 1988 apud
1700 1918 1875 1973 Deum

286 1998 582 2073 premium
637 2014 745 2055 non
790 1997 1008 2066 haheat,
1058 1999 1201 2056 sicut
1248 2016 1360 2056 non
1406 2000 1569 2057 habet
1619 2018 1873 2074 pmnam:

282 2086 626 2144 Christianos
662 2085 810 2141 enim
850 2086 974 2142 vult
1016 2102 1112 2159 per
1140 2087 1327 2143 omnia
1355 2104 1471 2144 esse
1513 2089 1786 2145 meliores.
1817 2088 1877 2146 Si

280 2191 406 2247 ergo
437 2175 625 2246 aliqua
652 2175 712 2230 in
740 2174 1015 2231 desiderio
1038 2175 1357 2248 nuptiarum
1395 2184 1497 2246 est,
1522 2176 1637 2250 jam
1666 2185 1879 2236 matura

282 2262 348 2318 ad
376 2280 567 2331 usum,
601 2263 803 2320 melius
851 2279 984 2333 esse,
1017 2272 1080 2320 ut
1111 2264 1411 2321 secundum
1446 2282 1757 2324 concessam
1787 2267 1879 2323 le-

280 2372 398 2428 gem
431 2354 656 2427 publice
675 2355 873 2422 nubat,
895 2372 1058 2429 quam
1080 2358 1296 2414 occulte
1318 2357 1551 2430 turpiter
1575 2364 1696 2431 agat
1716 2356 1875 2427 illud,

278 2453 329 2502 et
357 2444 718 2501 erubescatur
743 2444 802 2500 in
832 2445 947 2502 illa.

347 2536 542 2609 (Vers.
573 2536 693 2607 37.)
737 2558 757 2582 ι
777 2536 913 2593 Nam
936 2536 1028 2610 qui
1050 2536 1246 2594 statuit
1274 2537 1332 2595 in
1360 2537 1524 2596 corde
1549 2556 1649 2596 suo
1664 2540 1876 2610 ﬁrmus,

286 2641 399 2682 non
422 2624 633 2680 habens
651 2624 1053 2693 necessitatem,
1075 2634 1401 2698 potestatem
1424 2636 1604 2684 autem
1629 2628 1792 2685 habet
1810 2629 1879 2687 de

278 2731 374 2771 sua
396 2714 711 2781 voluntate,
744 2721 799 2769 et
828 2712 934 2769 hoc
961 2713 1205 2771 decrevit
1234 2715 1292 2771 in
1319 2732 1420 2771 suo
1447 2717 1631 2786 corde,
1662 2734 1878 2774 servare

279 2802 561 2875 virginem
591 2817 769 2869 suam,
799 2799 939 2857 bene
966 2801 1121 2858 facit.
1150 2827 1169 2852 ›
1208 2803 1325 2861 Hoc
1353 2803 1512 2872 dicit,
1541 2812 1602 2860 ut
1631 2806 1727 2877 qui
1756 2805 1880 2860 vir-

282 2893 472 2964 ginem
501 2889 691 2959 habet,
721 2890 810 2947 cni
841 2889 1059 2948 animus
1086 2891 1157 2947 ad
1179 2893 1398 2965 nuptias
1427 2908 1540 2949 non
1569 2901 1670 2961 est,
1700 2901 1880 2950 servet

280 2983 476 3038 illam:
507 2996 612 3038 nec
657 2980 743 3036 illi
789 2980 1002 3053 ingerat
1050 2982 1298 3039 fomitem
1337 2982 1676 3054 nuptiarum,
1714 3000 1878 3056 quam

283 3070 451 3126 videt
480 3069 723 3167 nubendi
755 3070 1099 3127 voluntatem
1128 3086 1241 3167 non
1270 3070 1488 3167 habere.
1524 3072 1795 3127 Beneﬁcia
1829 3071 1875 3128 si
1911 3108 1955 3167 Ο

279 3157 606 3231 praestanda
631 3164 777 3226 sunt,
809 3168 1016 3231 quanto
1061 3159 1232 3231 magis
1270 3159 1497 3215 minime
1534 3160 1827 3217 auferenda
1847 3160 1877 3216 ?

349 3246 551 3319 (Vers.
572 3244 680 3318 38.)
718 3271 737 3295 ι
753 3247 836 3302 Ita
850 3254 904 3302 et
921 3245 1016 3318 qui
1037 3253 1271 3318 nuptum
1292 3246 1386 3302 dat
1410 3247 1680 3318 virginem
1697 3263 1874 3316 suam,

277 3334 432 3392 bene
463 3333 615 3390 facit.
647 3358 669 3383 ι
710 3334 859 3391 Bene
887 3334 1040 3403 facit,
1072 3335 1201 3407 quia
1230 3335 1378 3404 licet,
1403 3336 1550 3407 quod
1579 3336 1729 3393 facit.
1766 3359 1785 3383 ι
1807 3336 1877 3391 Et

273 3425 366 3499 qui
404 3439 526 3480 non
571 3421 665 3479 dat
694 3429 950 3494 nuptum,
996 3423 1195 3479 melius
1241 3423 1393 3480 facit.
1426 3448 1446 3473 ι
1498 3425 1694 3481 Melius
1723 3426 1873 3495 facit,

273 3515 409 3587 quia
431 3521 490 3568 et
516 3510 662 3584 apud
680 3514 857 3569 Deum
878 3511 1135 3567 meritum
1157 3510 1241 3567 illi
1267 3510 1525 3581 collocat,
1556 3519 1609 3569 et
1633 3528 1666 3569 a
1691 3512 1877 3570 saeculi

269 3601 667 3660 sollicitudine
696 3601 848 3657 illam
879 3601 1094 3659 liberat.

348 3691 549 3766 (Vers.
575 3690 694 3761 39.)
730 3713 750 3737 ι
774 3688 971 3747 Mulier
985 3690 1173 3746 vincta
1190 3698 1272 3747 est
1296 3691 1435 3764 lege,
1465 3689 1711 3764 quandiu
1736 3690 1880 3748 vivit

270 3781 363 3838 vir
395 3779 548 3851 ejus.
576 3803 597 3827 ι
649 3779 779 3834 Haec
807 3777 1012 3835 idcirco
1041 3779 1410 3852 prosequitur,
1442 3788 1505 3836 ut
1533 3779 1723 3836 doceat
1751 3780 1881 3854 quia

266 3871 512 3936 mulier,
544 3866 764 3923 etiamsi
792 3882 825 3922 a
848 3867 970 3923 viro
1004 3867 1171 3923 fuerit
1200 3866 1387 3940 ejecta,
1421 3868 1668 3924 nubendi
1698 3869 1880 3925 licen-

264 3959 420 4016 tiam
485 3973 598 4013 non
652 3955 836 4012 habet.
898 3979 919 4003 ι
946 3956 1005 4013 Si
1051 3967 1232 4014 autem
1280 3966 1532 4015 mortuus
1572 3958 1741 4014 fuerit
1792 3959 1881 4014 vir

253 4047 396 4120 ejus
434 4044 582 4116 (54),
613 4044 846 4100 liberata
868 4051 968 4101 est.
1010 4069 1030 4094 ι
1071 4046 1252 4102 Etiam
1282 4046 1398 4104 haec
1426 4046 1495 4103 ad
1535 4046 1880 4119 supradictas

259 4139 581 4213 pertinent
611 4152 828 4202 causas;
859 4145 922 4193 ut
952 4138 1203 4195 ostendat
1230 4155 1391 4211 quam
1413 4140 1571 4197 beata
1598 4140 1671 4197 sit
1702 4142 1879 4213 virgo,

257 4242 421 4286 cum
468 4221 614 4278 nulli
655 4223 763 4277 nisi
790 4224 891 4277 soli
930 4227 1043 4279 Deo
1070 4226 1313 4296 subjecta
1340 4229 1431 4284 sit.
1469 4229 1705 4286 Vincere
1731 4229 1881 4286 enim

256 4316 520 4376 videtur
564 4312 876 4369 naturalem
909 4310 1323 4383 subjectionem,
1366 4318 1580 4388 quando
1610 4318 1756 4393 quod
1785 4334 1882 4391 per

260 4417 544 4466 naturam
590 4401 947 4459 hutniliatum
993 4408 1095 4469 est,
1138 4400 1317 4474 erigit.
1361 4426 1381 4450 ι
1409 4404 1510 4461 Cui
1539 4411 1658 4465 vult
1686 4409 1881 4476 nubat,

260 4506 511 4557 tantum
535 4494 593 4549 in
609 4492 865 4561 Domino,
886 4517 907 4543 ι
946 4491 1005 4549 id
1035 4499 1138 4560 est,
1162 4507 1325 4564 quem
1358 4491 1466 4548 sibi
1502 4503 1681 4566 aptum
1717 4505 1886 4570 puta-

1912 4462 1962 4521 D

1979 486 2182 560 perius,
2231 489 2413 554 nubat,
2447 487 2561 558 lege
2592 488 2837 559 loquitur
2866 488 3100 545 naturali
3132 507 3146 557 ;
3190 507 3504 564 quanquam
3531 509 3565 548 a

1979 578 2093 634 Deo
2140 575 2329 649 primas
2386 575 2592 648 nuptiae
2637 577 2768 644 sint,
2809 578 3060 636 secundae
3105 595 3235 635 vero
3286 581 3564 652 permissae

1980 675 2126 724 sunt.
2160 666 2405 739 Denique
2433 665 2622 738 primae
2652 667 2858 739 nuptiae
2905 668 3005 726 sub
3047 669 3427 726 benedictione
3462 670 3565 727 Dei

1981 754 2323 812 celebrantur
2375 754 2716 812 sublimiter:
2771 757 3023 814 secundae
3068 766 3250 814 autem
3301 758 3464 814 etiam
3503 756 3564 812 in

1980 845 2234 917 presenti
2270 853 2457 900 carent
2498 846 2700 916 gloria;
2753 861 3020 902 concessae
3064 855 3192 902 sunt
3220 854 3399 902 autem
3443 862 3563 918 pro-

1981 941 2101 1005 pter
2146 932 2638 988 incontinentiam:
2682 942 2735 988 et
2766 932 2896 1004 quia
2924 933 3101 988 solent
3139 933 3430 989 viduarum
3462 932 3568 1004 ju-

1981 1020 2166 1076 niores
2191 1020 2471 1075 incurrere
2511 1019 2658 1091 (55);
2710 1036 2772 1074 ac
2810 1036 2905 1091 per
2951 1021 3055 1077 hoc
3084 1020 3338 1077 concedit
3374 1036 3565 1077 secun-

1982 1110 2097 1167 das.
2130 1109 2235 1166 Sed
2265 1110 2394 1181 quia
2423 1109 2619 1165 melius
2648 1116 2728 1164 est
2748 1116 2808 1163 ut
2829 1124 2885 1164 se
2914 1110 3223 1174 contineat;
3254 1118 3316 1165 ut
3346 1110 3567 1181 dignior

1983 1199 2056 1254 sit
2085 1198 2142 1253 in
2172 1198 2379 1265 futuro,
2411 1197 2707 1255 consilium
2739 1197 2832 1253 dat
2859 1197 3099 1268 spiritali
3128 1198 3337 1253 ratione
3365 1197 3566 1269 praeci—

1983 1303 2175 1359 puum,
2227 1293 2289 1342 ut
2331 1303 2388 1342 se
2429 1286 2706 1343 contineat
2751 1286 2891 1358 (56).
2954 1309 2973 1332 -
3002 1287 3140 1341 Puto
3181 1286 3328 1342 enim
3375 1295 3429 1342 et
3469 1302 3566 1357 ego

1983 1376 2246 1446 Spiritum
2274 1375 2373 1431 Dei
2412 1375 2623 1442 habeo;
2657 1401 2675 1424 ι
2718 1385 2780 1432 ut
2810 1384 2987 1431 ratum
3019 1383 3073 1431 et
3103 1374 3395 1447 providum
3428 1391 3571 1431 con-

1984 1464 2171 1520 silium
2204 1481 2362 1520 suum
2403 1464 2674 1534 ostendat,
2718 1463 3033 1521 humilitate
3079 1462 3235 1521 verbi
3279 1463 3386 1522 hoc
3409 1479 3572 1522 com-

1984 1552 2208 1609 mendat
2235 1553 2346 1610 alto
2375 1569 2557 1610 sensu.
3587 1547 3590 1550 ’

2571 1700 2797 1758 CAPUT
2838 1701 2983 1760 VIII.
3044 1775 3047 1777 ε

2059 1815 2240 1890 (Vers.
2272 1818 2352 1889 1.)
2396 1842 2417 1865 α
2433 1819 2513 1875 De
2540 1816 2629 1873 his
2650 1827 2829 1874 autem
2852 1834 2972 1891 quae
3000 1816 3165 1874 idolis
3185 1817 3566 1890 immolantur,

1985 1906 2189 1962 scimus
2217 1904 2348 1978 quia
2391 1922 2579 1961 omnes
2619 1906 2901 1963 scientiam
2941 1904 3223 1963 habemus.
3255 1931 3274 1955 ι
3317 1907 3476 1964 Nunc
3503 1907 3573 1964 de

1985 1993 2214 2049 scientia
2254 1995 2535 2050 locuturus
2580 2002 2699 2051 est:
2751 2012 2871 2068 quas
2917 1995 2990 2050 sit
3031 1994 3278 2064 scientia,
3311 2012 3423 2052 non
3450 2004 3572 2053 sta-

1984 2082 2084 2138 tim
2115 2082 2271 2150 dicit,
2303 2083 2397 2139 sed
2425 2084 2483 2138 in
2524 2083 2788 2155 subjectis
2813 2083 3054 2141 ostendit
3083 2083 3291 2154 dicens,
3324 2084 3454 2158 quia
3488 2084 3573 2141 ni-

1987 2168 2070 2226 hil
2094 2178 2177 2227 est
2204 2170 2434 2228 idolum.
2883 2242 2891 2247 .

2071 2283 2091 2307 ε
2140 2260 2378 2316 Scientia
2424 2259 2598 2318 inﬂat.
2648 2285 2667 2310 ι
2738 2262 3090 2321 Manifestum
3143 2268 3225 2320 est
3279 2261 3572 2320 habentem

1987 2348 2272 2405 scientiam
2305 2349 2362 2404 in
2383 2366 2447 2406 eo
2474 2350 2594 2422 ipso
2624 2352 2867 2422 gloriari,
2898 2353 2945 2409 si
2975 2368 3087 2409 non
3117 2352 3273 2421 foris,
3294 2352 3424 2425 quia
3447 2369 3572 2425 pru-

1987 2437 2121 2494 dens
2148 2447 2248 2506 est,
2280 2438 2369 2493 vel
2400 2439 2544 2511 apud
2572 2456 2648 2495 se.
2681 2439 2867 2495 Genus
2895 2441 3043 2496 enim
3073 2440 3317 2497 scientia:
3345 2440 3451 2496 hoc
3468 2449 3571 2508 est,

1986 2534 2050 2583 ut
2102 2527 2369 2599 glorietur
2415 2530 2474 2583 in
2515 2544 2649 2595 sese,
2699 2528 2824 2583 ideo
2871 2529 3047 2584 inﬂat.
3111 2554 3131 2577 ι
3160 2529 3411 2587 Charitas
3440 2545 3573 2585 vero

1986 2615 2239 2673 aediﬁcat.
2269 2641 2289 2665 ι
2350 2618 2537 2689 Itaque
2564 2624 2698 2672 tunc
2743 2614 2975 2671 scientia
3004 2632 3199 2686 magna
3228 2623 3331 2683 est,
3364 2623 3419 2671 et
3464 2615 3573 2672 sibi

1987 2704 2161 2773 utilis,
2211 2703 2259 2759 si
2300 2702 2566 2760 charitate
2610 2702 2955 2767 humilietur,
2986 2710 3048 2756 ut
3076 2702 3315 2772 amplius
3342 2707 3570 2759 crescat.

1987 2790 2339 2863 Temperatur
2385 2791 2532 2848 enim
2575 2807 2606 2846 a
2643 2789 2957 2858 dilectione,
2988 2797 3051 2846 ut
3095 2806 3207 2846 non
3245 2790 3379 2846 satis
3423 2805 3575 2846 mera

1987 2882 2080 2951 sit,
2110 2889 2165 2938 et
2193 2880 2428 2937 inebriet
2456 2882 2739 2947 scientem,
2772 2889 2835 2936 ut
2874 2895 2931 2935 se
2957 2879 3207 2935 extollat.
3238 2878 3393 2935 Sicut
3421 2877 3571 2934 enim

1988 2970 2180 3027 vinum
2229 2985 2340 3027 non
2382 2977 2743 3042 temperatum
2773 2967 3101 3023 admistione
3138 2983 3291 3037 aqua:
3334 2972 3573 3022 mentem

1989 3061 2188 3116 alienat
2221 3078 2235 3127 ;
2266 3059 2344 3114 ita
2390 3066 2444 3114 et
2470 3056 2700 3115 scientia
2733 3056 3030 3129 superbum
3072 3055 3223 3122 facit,
3270 3054 3377 3111 nisi
3406 3053 3575 3110 fuerit

1989 3158 2306 3224 temperata.
2338 3150 2536 3207 Omnia
2556 3150 2703 3205 enim
2724 3149 2840 3204 sola
2862 3146 3115 3203 insuavia
3134 3153 3263 3202 sunt
3280 3153 3335 3201 et
3352 3143 3570 3211 nociva;

1986 3241 2115 3314 quia
2144 3256 2246 3296 nec
2292 3240 2446 3311 panis
2483 3240 2634 3294 solus
2662 3236 2799 3293 bene
2846 3237 3051 3301 editur,
3095 3250 3197 3290 nec
3233 3232 3433 3305 reliqui
3462 3230 3574 3287 cibi

1986 3330 2105 3385 sine
2133 3328 2463 3385 admistione
2505 3326 2641 3399 grati
2696 3334 2847 3391 sunt,
2886 3325 2980 3381 sed
3023 3323 3207 3380 novici
3241 3322 3397 3394 (57);
3448 3320 3573 3376 ideo

1986 3416 2224 3475 charitas
2264 3415 2518 3473 aediﬁcat.
2558 3417 2681 3487 Ipsa
2715 3414 2954 3471 charitas
2998 3429 3110 3468 uno
3145 3412 3274 3467 licet
3303 3408 3573 3466 vocabulo

1987 3507 2313 3580 appelletur,
2351 3504 2543 3560 multis
2584 3512 2765 3558 tamen
2814 3501 3103 3567 consistit;
3156 3500 3275 3555 sine
3309 3498 3574 3571 patientia

1987 3597 2135 3653 enim
2165 3612 2275 3651 non
2305 3600 2501 3668 potest,
2533 3608 2709 3665 neque
2738 3592 2856 3647 sine
2885 3589 3222 3655 humilitate,
3252 3603 3427 3660 neque
3456 3586 3575 3643 sine

1987 3684 2169 3742 cordis
2210 3683 2587 3756 simplicitate.
2621 3681 2689 3736 Hi
2730 3697 2857 3752 ergo
2886 3678 3063 3735 inﬂati
3093 3684 3248 3733 erant
3277 3693 3374 3749 per
3401 3674 3572 3731 scien-

1987 3774 2142 3841 tiam,
2187 3773 2316 3845 quia
2370 3772 2511 3827 nihil
2564 3777 2645 3827 est
2686 3769 2918 3838 idolum,
2968 3768 3064 3841 qui
3106 3773 3296 3825 contra
3341 3765 3575 3821 salutem

1988 3866 2217 3922 fratrum
2277 3863 2657 3937 imperitorum
2708 3868 2847 3925 139
2902 3877 3091 3919 carnes
3145 3858 3574 3916 sacriﬁcatorum

1989 3963 2222 4019 edebant
2254 3962 2394 4033 (58),
2427 3961 2661 4017 scientes
2691 3959 2855 4015 licere
2887 3972 3107 4014 carnem
3139 3955 3333 4018 edere;
3367 3962 3420 4008 et
3444 3950 3576 4022 quia

1990 4052 2130 4108 nihil
2163 4059 2244 4106 est
2283 4050 2516 4118 idolum,
2559 4049 2682 4104 ideo
2728 4063 2840 4103 non
2886 4042 3249 4103 contaminari
3296 4040 3569 4101 edentem.

1990 4143 2060 4199 Hi
2089 4141 2345 4199 seandalo
2390 4124 2545 4198 erant
2588 4138 2872 4204 fratribus,
2903 4134 3227 4193 charitatem
3257 4147 3367 4203 prae
3396 4129 3574 4186 oculis

1990 4247 2100 4287 non
2131 4230 2393 4286 habentes
2424 4247 2438 4296 ;
2479 4228 2609 4301 quia
2642 4228 2764 4298 plus
2804 4233 2922 4280 erat
2952 4238 3170 4279 carnem
3202 4228 3574 4289 contemnere,

1991 4338 2151 4395 quam
2196 4317 2459 4375 fratribus
2510 4315 2824 4373 scandalum
2874 4312 3071 4368 facere.
3134 4310 3374 4367 Scientia
3425 4307 3575 4366 enim

1993 4412 2215 4468 illorum
2266 4407 2578 4466 destruebat
2626 4405 2841 4461 animos
2888 4403 3268 4476 imperitorum
3319 4402 3574 4469 fratrum,

1995 4500 2307 4574 putantium
2339 4514 2453 4554 esse
2480 4497 2598 4552 illic
2628 4494 2775 4568 apud
2806 4493 3018 4549 idolum
3049 4492 3288 4566 aliquam
3319 4490 3574 4564 gratiam;

262 4587 454 4654 verit,
488 4583 575 4639 illi
622 4581 831 4649 nubat;
863 4581 993 4654 quia
1035 4581 1230 4637 invitae
1273 4582 1485 4654 nuptiae
1511 4583 1688 4640 solent
1716 4588 1885 4645 malos
1993 4589 2213 4663 quando
2269 4587 2557 4660 peritiores
2613 4584 2807 4639 fratres
2856 4582 3116 4638 interesse
3171 4582 3307 4648 illic,
3359 4588 3414 4636 et
3463 4594 3577 4636 non

263 4678 593 4749 proventus
623 4669 840 4725 habere.
884 4693 903 4716 ι
931 4669 1169 4726 Tantum
1205 4670 1264 4726 in
1292 4672 1556 4741 Domino,
1589 4696 1609 4721 ι
1652 4673 1756 4729 hoc
1782 4681 1880 4745 est,

268 4772 337 4819 ut
372 4762 503 4817 sine
552 4757 866 4829 suspicione
894 4757 1259 4829 turpitudinis
1286 4760 1479 4829 nubat,
1521 4770 1574 4818 et
1603 4762 1882 4836 religionis

266 4869 380 4910 sua
405 4851 535 4907 viro
563 4847 770 4905 nubat:
807 4846 910 4902 hoc
932 4854 1014 4903 est
1041 4847 1099 4903 in
1126 4848 1365 4905 Domino
1394 4850 1620 4907 nubere.

352 4941 549 5013 (Vers.
577 4936 699 5010 40.)
755 4960 777 4985 ι
804 4934 1022 4992 Beatior
1060 4943 1243 4994 autem
1271 4938 1399 5004 erit,
1428 4939 1476 4995 si
1505 4939 1588 4997 sic
1615 4955 1880 5014 perman-

351 5156 485 5231 (53)
516 5155 676 5213 Rom.
721 5153 882 5223 edit.,
911 5168 1037 5211 cum
1082 5153 1268 5227 paucis
1295 5170 1452 5225 mss.,
1484 5171 1539 5212 se
1574 5155 1745 5212 videri
1771 5158 1881 5215 exi-

273 5232 495 5287 dimat.

354 5299 484 5367 (54)
509 5299 591 5354 Ita
620 5304 729 5353 vet.
761 5295 893 5353 edit.
933 5312 996 5353 ac
1026 5295 1271 5367 plerique
1300 5311 1429 5353 mss.
1458 5315 1471 5364 ;
1504 5296 1665 5354 Rom.
1695 5306 1878 5356 autem

276 5371 423 5430 edit.
460 5386 492 5427 c
513 5386 585 5423 lltl
614 5368 736 5423 aliis
764 5369 973 5438 aliquot
1002 5381 1155 5434 mss.,
1188 5368 1339 5433 Quod
1370 5368 1417 5422 si
1442 5370 1733 5425 dormzert't.

360 5443 489 5512 (55)
536 5439 798 5512 Nonnulli
854 5454 1004 5505 mss.,
1046 5439 1221 5512 solent
1246 5438 1310 5512 in
1337 5438 1603 5512 diversum
1635 5441 1879 5511 juniores

280 5507 588 5567 incurrere.
623 5510 723 5566 Hic
749 5523 965 5582 quoque
996 5507 1262 5581 quidquid
1285 5508 1584 5582 intercedit
1610 5507 1650 5567 av
1670 5512 1873 5571 verbis:

280 5583 529 5653 Denique
557 5578 1205 5654 primte'nuptiw,'usque
1232 5578 1301 5636 ad
1329 5584 1568 5638 concedit
1601 5584 1875 5651 secundas,

1148 5769 1251 5781 1ου-..-

1991 4678 2213 4735 horrere
2240 4674 2522 4732 videbant.
2564 4673 2693 4729 Ideo
2737 4671 2849 4728 ait:
2904 4694 2924 4718 ε
2963 4670 3214 4728 Charitas
3242 4668 3512 4738 aediﬁcat;
3543 4693 3565 4718 ι

1990 4775 2054 4824 ιιι
2088 4766 2252 4824 saluti
2299 4766 2530 4821 fratrum
2577 4760 2876 4839 studentes,
2924 4757 3167 4815 scientiae
3210 4758 3327 4816 illic
3360 4756 3575 4832 legibus

1991 4873 2105 4914 non
2133 4861 2436 4922 uterentur,
2471 4867 2539 4908 ne
2568 4850 2682 4906 illis
2710 4847 3030 4906 scandalum
3061 4847 3319 4904 facerent.

2063 4942 2245 5017 (Vers.
2295 4941 2378 5014 2.)
2436 4964 2455 4989 ε
2492 4937 2651 5008 Quod
2697 4937 2745 4994 si
2783 4936 2908 5011 quis
2945 4934 3225 4994 existimat
3268 4951 3327 4994 se
3365 4935 3577 5011 aliquid

1988 5160 2047 5216 in
2074 5158 2247 5233 Corb:
2269 5175 2374 5215 ms.
2406 5155 2863 5233 praemittitur.
2970 5224 3024 5233 __
3138 5229 3150 5233 _
3316 5193 3327 5205 .
3395 5220 3431 5233 η

2060 5231 2175 5302 (56)
2223 5231 2381 5302 Rom.
2407 5223 2568 5302 'edit.,
2618 5226 2836 5302 omissis
2872 5224 3056 5282 verbis
3091 5229 3151 5279 ut
3194 5238 3248 5278 se
3274 5223 3576 5302 “contingit,

1989 5288 2481 5373 itajpr'osequitur:
2528 5288 2669 5356 Puto
2700 5298 2835 5354 enim
2870 5303 2920 5353 et
2964 5312 3053 5369 ego
3096 5311 3176 5350 me
3201 5291 3447 5364 spiritum
3473 5288 3577 5343 Dei

1988 5371 2332 5518 Μῖἕῗῌεδ.
2347 5443 2582 5518 aliquot,
2607 5445 2697 5518 sed
2719 5458 2827 5518 non
2840 5438 3050 5518 nocioi;
3080 5432 3230 5518 haud
3248 5428 3573 5518 satist-ecta.

2061 5497 2179 5587 (58')
2205 5497 2692 5587 ’car’b*;"¢ta‘.;'4.'.z
2716 5497 2855 5571 idolo
2884 5497 3069 5587 contra
3091 5504 3313 5587 saluum
3335 5497 3581 5572 fratrum

1987 5576 2358 5657 imperitorum
2384 5576 2567 5643 carnes
2595 5576 2920 5658 Sacri/iectas
2945 5576 3178 5634 edebant.
