4112 6178
479 292 586 355 239

1486 290 1583 347 AD
1622 290 1855 346 ()PERA
1893 289 1948 344 S.
1991 285 2321 344 AMBllOSil
2360 285 2735 342 APPENDIX.

3652 283 3755 344 2&0

480 419 638 485 scire,
659 414 906 472 nondum
922 413 1650 488 cognovitquemadmodum
1670 421 1913 484 oporteat
1936 429 2057 468 eum
2090 416 2137 472 A
2176 414 2374 467 Verum
2407 420 2507 478 est,
2543 412 2667 482 quia
2699 426 2805 465 non
2839 407 2962 464 ideo
2998 408 3110 464 Deo
3135 407 3472 480 placebimus
3498 406 3541 462 si
3574 409 3763 463 omnia.

480 507 637 564 scire.
671 531 689 554 ι
732 507 841 561 Eos
868 505 1015 577 ipsos
1050 505 1143 578 qui
1176 504 1233 560 in
1261 503 1487 560 scientia
1519 502 1841 573 gloriantur,
1873 510 2066 557 osten-

480 596 562 652 dit
612 612 723 651 non
773 593 849 651 ita
897 594 1237 666 cognovisse,
1288 594 1429 649 sicut
1482 590 1915 663 cognoscendum
1963 597 2063 645 est.

480 686 623 740 Dum
672 684 821 740 enim
866 682 1210 752 charitatem,
1255 699 1375 756 quae
1406 689 1578 737 mater
1605 679 1852 736 omnium
1902 679 2066 734 bono-

480 791 603 829 rum
635 781 735 841 est,
770 790 879 829 non
920 783 1215 841 sectantur,
1252 789 1364 829 non
1409 773 1598 829 sciunt
1642 772 1787 828 sicut
1831 777 2063 841 oportet.

482 866 551 920 Ut
580 880 709 935 ergo
738 863 967 920 scientia
994 862 1237 921 fructum
1276 861 1477 921 habere
1507 862 1699 936 possit,
1728 862 1982 919 charitati
2009 876 2068 918 se

492 952 642 1010 iebet
669 951 957 1024 subjicere.

553 1041 736 1111 (Vers.
760 1040 840 1112 3.)
878 1064 897 1089 ι
915 1040 973 1096 Si
994 1055 1125 1096 vero
1148 1040 1271 1112 quis
1290 1039 1473 1111 diligit
1486 1042 1679 1108 Deum,
1704 1038 1799 1096 hic
1817 1039 2070 1111 cognitus

498 1137 562 1189 tat
590 1129 658 1184 ah
686 1146 771 1185 eo.
804 1154 822 1177 ι
867 1129 969 1184 Hic
1016 1128 1197 1200 diligit
1226 1131 1423 1195 Deum,
1455 1129 1549 1202 qui
1593 1127 1880 1184 charitatis
1908 1144 2070 1183 causa

483 1220 772 1276 scientiam
803 1218 1020 1291 mitigat
1045 1226 1109 1275 ut
1139 1219 1313 1291 prosit
1341 1218 1518 1289 fratri,
1551 1234 1651 1293 pro
1681 1235 1788 1292 quo
1819 1218 2070 1277 Christus

483 1317 733 1363 mortuus
757 1318 856 1375 est.

554 1398 734 1468 (Vers.
769 1398 849 1470 4.)
898 1423 917 1448 ι
944 1400 1023 1457 De
1051 1399 1188 1458 cibis
1217 1399 1385 1473 igitur
1413 1401 1723 1459 simulacris
1748 1401 2065 1457 immolato-

481 1489 603 1543 γυνη
655 1488 792 1559 (59).
838 1514 856 1537 ι
920 1490 1077 1547 Nunc
1128 1508 1346 1547 causam
1401 1493 1573 1563 ipsam
1624 1499 1941 1563 pertractat,
2007 1499 2069 1546 ut

484 1579 732 1634 ostendat
778 1597 874 1652 per
931 1581 1199 1638 rationem
1250 1583 1536 1639 scientiam
1592 1599 1704 1638 non
1733 1583 1911 1639 solum
1958 1598 2070 1637 non

483 1671 766 1741 proﬁcere,
838 1671 1103 1728 charitate
1185 1682 1518 1744 contempta,
1588 1675 1680 1729 sed
1747 1682 1799 1727 et
1863 1672 2066 1728 obesse.

2176 501 2487 557 oderimus:
2535 508 2627 554 aut
2668 499 3005 553 oll'endemus
3050 498 3095 553 si
3144 498 3327 568 aliqua
3368 498 3761 568 conteiiipseri-

2176 606 2316 645 mus.
2378 613 2399 636 ι
2450 590 2633 661 Neque
2679 590 2827 644 enim
2883 589 2929 643 si
2974 587 3267 654 ederimus,
3312 585 3757 653 abundabimus;

2177 694 2351 750 neque
2394 679 2440 733 si
2485 695 2597 733 non
2625 678 2919 745 oderimus,
2966 676 3141 733 deerit
3160 674 3339 732 nobis.
3371 700 3391 725 ι
3436 674 3767 748 Εοηῐθωριι

2177 769 2322 823 enim
2372 767 2768 823 sacriﬁciorum
2814 783 2954 833 esca,
2996 782 3107 821 non
3157 765 3349 837 utique
3396 764 3569 820 deerit
3614 764 3762 837 quod

2178 858 2406 925 edatur;
2445 859 2490 913 si
2522 867 2701 914 autem
2730 866 2949 927 sumpta
2977 857 3165 925 fuerit,
3198 873 3308 912 non
3333 855 3657 924 abundabit,
3684 856 3764 914 ita

2177 954 2240 1002 ut
2280 947 2422 1002 nihil
2472 947 2819 1019 requiratur:
2868 960 2933 1001 ac
2981 960 3077 1017 per
3109 945 3213 1001 hoc
3253 943 3599 1014 abjicienda;
3633 944 3765 1016 quia

2179 1050 2353 1108 neque
2394 1035 2511 1092 sine
2554 1036 2650 1091 illa
2678 1050 2788 1091 non
2817 1033 3031 1090 vivitur
3055 1039 3111 1090 et
3138 1031 3454 1090 scandalum
3499 1032 3764 1089 fratribus

2178 1135 2285 1184 est.

2249 1216 2431 1286 (Vers.
2468 1215 2551 1287 9.)
2609 1239 2627 1263 ι
2666 1214 2805 1272 Vide
2833 1221 3016 1270 tamen
3063 1229 3131 1270 ne
3161 1214 3303 1270 forte
3332 1212 3556 1270 licentia
3583 1219 3766 1268 vestra

2179 1305 2406 1361 offensio
2436 1304 2530 1359 ﬁat
2560 1304 2814 1360 inﬁrmis.
2847 1329 2867 1353 ι
2907 1305 3021 1360 [Ioc
3041 1313 3140 1371 est,
3169 1319 3238 1359 ne
3265 1302 3396 1375 quia
3415 1302 3579 1358 licere
3607 1300 3765 1358 vobis

2180 1393 2336 1448 edere
2362 1410 2577 1449 carnem
2608 1394 2675 1448 de
2704 1392 2973 1449 sacriﬁcio
3000 1393 3207 1461 dicitis,
3237 1408 3333 1464 per
3364 1391 3421 1448 id
3450 1389 3594 1464 quod
3620 1388 3767 1447 nihil

2181 1498 2293 1536 esse
2332 1481 2541 1536 idolum
2579 1482 2753 1546 scitis,
2783 1481 3142 1538 offensionem
3190 1480 3458 1553 generetis
3482 1479 3766 1550 fratribus,

2180 1570 2272 1642 qui
2304 1570 2555 1626 nesciunt
2582 1570 2764 1627 adhuc
2788 1571 2916 1642 quia
2946 1569 3087 1626 nihil
3120 1578 3201 1627 est
3229 1570 3463 1627 idolum.

2252 1660 2432 1731 (Vers.
2476 1660 2590 1731 10.)
2653 1684 2671 1707 ι
2701 1659 2758 1716 Si
2789 1661 2936 1715 enim
2966 1660 3090 1732 quis
3118 1660 3321 1716 viderit
3348 1675 3494 1726 eum,
3525 1658 3621 1731 qui
3658 1656 3768 1713 ha-

498 1784 515 1805 ‹
547 1759 761 1815 Scimus
806 1760 934 1832 quia
963 1760 1105 1816 nihil
1138 1769 1216 1815 est
1264 1762 1641 1831 simulacrum,
1674 1769 1726 1817 et
1755 1760 1882 1833 quia
1911 1777 2073 1817 nemo

2184 1751 2271 1807 bet
2298 1752 2579 1808 scientiam
2623 1752 2681 1807 in
2728 1752 2899 1807 idolio
2928 1751 3355 1815 recumbentem,
3395 1763 3580 1805 nonne
3624 1763 3769 1803 con-

480 1849 646 1915 Deus,
700 1846 808 1901 nisi
858 1865 1022 1904 unus.
1052 1875 1070 1898 ι
1114 1849 1320 1906 Verum
1370 1859 1495 1918 est;
1547 1847 1691 1923 apud
1735 1848 2076 1908 Christianos

481 1936 628 1992 enim
656 1952 800 1991 unus
829 1945 909 1992 est
936 1939 1100 1994 Deus.

555 2024 737 2096 (Vers.
769 2026 848 2098 5.)
895 2050 914 2073 ι
945 2027 1097 2084 Licet
1124 2029 1235 2084 sint
1263 2029 1625 2102 quidicantur
1652 2028 1732 2086 dii
1759 2035 1812 2086 et
1840 2027 2073 2099 domini,

482 2113 599 2170 sive
622 2113 681 2169 in
709 2116 869 2183 coelo,
902 2115 1018 2171 sive
1049 2116 1106 2171 in
1138 2125 1300 2173 terra.
1334 2144 1353 2167 ›
1396 2120 1443 2173 Α
1484 2120 1706 2190 paganis
1735 2118 1881 2174 enim
1913 2125 1965 2174 et
1994 2117 2075 2174 sol

484 2212 539 2260 et
566 2206 697 2261 luna
744 2213 797 2261 et
844 2213 1038 2262 cmtera
1076 2207 1255 2262 sidera
1287 2207 1366 2263 dii
1407 2211 1651 2264 caelestes
1687 2208 1983 2264 dicuntur:
2017 2208 2075 2262 in

483 2301 627 2350 terra
680 2294 1017 2366 Apollinem,
1072 2296 1471 2369 1Esculapium,
1524 2298 1835 2367 Herculem,
1880 2297 2076 2355 Miner-

484 2398 608 2439 vam
641 2382 771 2439 deos
803 2382 997 2441 dicunt
1020 2391 1075 2438 et
1105 2385 1379 2440 dominos.

559 2471 739 2543 (Vers.
773 2473 853 2547 6.)
918 2498 937 2523 ι
964 2472 1134 2530 Nobis
1186 2483 1367 2530 tamen
1398 2490 1541 2529 unus
1586 2474 1732 2530 Deus
1779 2474 1954 2544 Pater,
2005 2487 2076 2530 ex

487 2575 597 2629 quo
626 2559 831 2629 omnia,
883 2568 938 2615 et
986 2577 1085 2616 nos
1117 2559 1175 2615 in
1223 2561 1339 2616 illo.
1373 2585 1392 2609 ι
1446 2561 1644 2617 Omnia
1689 2561 1835 2616 enim
1880 2577 1948 2616 ex
1979 2560 2076 2616 illo

486 2665 712 2722 quaeque
743 2658 892 2717 sunt,
938 2647 1255 2722 ubicunque
1287 2658 1434 2705 sunt.
1487 2649 1623 2706 Cum
1668 2660 1849 2707 autem
1899 2650 2072 2707 dicit:

500 2760 520 2784 ι
545 2738 617 2793 Εῑ
647 2755 748 2795 nos
779 2738 835 2794 in
866 2738 987 2807 illo,
1017 2764 1036 2787 ι
1079 2740 1342 2797 discrevit
1370 2755 1471 2795 nos
1500 2755 1532 2794 a
1558 2740 1790 2809 caeteris,
1830 2740 1922 2814 qui
1948 2756 2075 2797 cum

486 2842 555 2881 ex
604 2826 703 2883 illo
747 2827 878 2894 sint,
912 2844 1024 2883 non
1067 2836 1249 2883 tamen
1301 2837 1430 2884 sunt
1477 2828 1534 2883 in
1582 2830 1699 2897 illo,
1733 2829 1864 2885 dum
1895 2830 2077 2886 adhuc

486 2930 599 2969 non
630 2913 880 2969 credunt.
935 2937 954 2960 ι
986 2916 1058 2969 Et
1091 2931 1235 2970 unus
1284 2916 1556 2970 Dominus
1582 2917 1757 2984 Jesus,
1788 2934 1883 2988 per
1915 2934 2075 2990 quem

486 3000 691 3068 omnia,
741 3008 795 3057 et
823 3018 921 3057 nos
950 3018 1047 3074 per
1095 3002 1296 3074 ipsum.
1334 3028 1353 3051 ι
1400 3004 1599 3059 Omnia
1629 3003 1777 3058 enim
1809 3020 1877 3057 ex
1918 3006 2078 3061 Patre

487 3085 730 3158 quidem,
762 3085 858 3140 sed
882 3102 979 3158 per
1008 3086 1212 3143 Filium
1243 3095 1422 3143 creata
1443 3097 1590 3145 sunt.
1616 3088 1721 3144 Sed
1750 3104 1872 3145 cum
1906 3087 2071 3146 dicit:

502 3198 521 3222 ι
550 3176 623 3229 Et
661 3190 762 3229 nos
804 3189 899 3248 per
952 3174 1153 3248 ipsum,
1182 3203 1201 3225 ι
1242 3177 1565 3234 reformatos
1611 3195 1711 3234 nos
1750 3196 1843 3251 per
1872 3178 2076 3251 ipsum,

486 3279 582 3335 per
612 3279 772 3335 quem
820 3265 987 3321 creati
1017 3265 1315 3335 fueramus,
1352 3266 1623 3339 signiﬁcat
1650 3268 1708 3323 in
1753 3267 1851 3323 Dei
1894 3270 2079 3341 cogni-

486 3353 673 3421 tione;
708 3354 837 3428 quia
866 3355 995 3413 facti
1035 3371 1131 3429 per
1160 3356 1341 3430 ipsum
1389 3373 1516 3414 cum
1540 3356 1772 3427 caeteris,
1803 3366 1925 3430 post
1967 3367 2078 3416 stu-

486 3459 674 3513 porem
706 3444 907 3500 mentis
936 3452 991 3501 et
1019 3446 1343 3517 ignorantia
1374 3462 1475 3502 nos
1501 3462 1596 3518 per
1618 3448 1796 3519 ipsum
1842 3448 2080 3519 agnovi-

486 3545 609 3585 mus
629 3531 953 3602 mysterium
981 3533 1147 3589 unius
1167 3535 1287 3589 Dei.
1312 3533 1492 3589 Unum
1514 3551 1643 3606 ergo
1667 3537 1840 3590 Deum
1863 3535 2078 3592 Patrem

485 3622 651 3692 dixit,
683 3632 735 3679 et
775 3640 947 3680 unum
998 3626 1296 3682 Dominum
1347 3627 1530 3684 Iesum
1578 3628 1781 3684 Filium
1826 3630 1983 3702 ejus;
2017 3636 2080 3685 ut

486 3714 617 3787 quia
641 3712 785 3768 Deus
832 3730 940 3770 non
986 3721 1163 3786 potest
1191 3731 1303 3771 non
1334 3732 1449 3772 esse
1486 3717 1775 3786 Dominus,
1823 3718 2081 3775 similiter

484 3809 539 3857 et
588 3802 856 3859 Dominus
905 3803 1243 3877 intelligatur
1280 3820 1395 3860 esse
1439 3813 1493 3861 et
1540 3808 1705 3875 Deus,
1745 3822 1917 3862 unum
1964 3821 2079 3864 esse

480 3892 657 3949 Deum
707 3899 762 3948 et
807 3893 1105 3950 Dominum
1163 3894 1583 3965 demonstraret,
1639 3894 1867 3953 modum
1914 3895 2080 3952 unius

482 3981 743 4055 principii
773 3982 1169 4040 conservando.

562 4071 745 4143 (Vers.
787 4072 873 4144 7.)
926 4097 944 4121 ι
970 4072 1078 4129 Sed
1124 4071 1324 4130 nonin
1372 4072 1630 4129 omnibus
1659 4081 1741 4130 est
1769 4074 2015 4130 scientia.
2043 4098 2065 4123 ι

482 4158 545 4215 Id
573 4169 674 4228 est,
706 4178 818 4218 non
848 4178 1038 4218 omnes
1063 4170 1270 4218 norunt
1311 4160 1596 4220 credentes
1624 4162 1949 4235 mysterium
1977 4160 2079 4217 Dei

483 4248 654 4303 unius
680 4265 695 4314 ;
749 4249 872 4304 ideo
903 4251 1128 4324 quidam
1168 4257 1368 4324 putant
1395 4265 1462 4307 ex
1492 4250 1564 4306 iis
1592 4249 1689 4323 qui
1721 4250 1954 4307 credunt
1980 4249 2077 4306 ali-

484 4336 618 4409 quid
646 4335 892 4393 numinis
921 4337 980 4391 in
1011 4327 1341 4395 simulacris.

568 4449 587 4472 ι
632 4426 768 4482 Nam
817 4425 990 4497 aliqui
1040 4425 1221 4482 adhuc
1267 4429 1607 4486 conscientia
1648 4426 1781 4484 idoli
1823 4427 1974 4499 quasi
2005 4426 2076 4484 si-

484 4517 730 4571 mulacro
762 4514 1106 4569 immolatum
1154 4515 1509 4572 manducant.
1544 4541 1563 4563 ›
1630 4518 1708 4571 De
1746 4516 1902 4587 plebe
1930 4518 2077 4573 enim

482 4604 655 4677 aliqui
696 4604 877 4660 adhuc
913 4618 1038 4660 cum
1081 4603 1434 4659 veneratione
1464 4603 1746 4660 simulacri
1773 4605 2079 4661 manduca-

482 4697 618 4755 bant
645 4696 712 4753 de
743 4696 1083 4765 sacriﬁcatis,
1117 4695 1274 4769 quasi
1304 4695 1489 4768 aliqua
1537 4702 1676 4751 esset
1715 4696 1833 4751 illic
1860 4696 2077 4753 divini-

482 4796 585 4845 tas.
655 4812 673 4836 ι
716 4789 788 4843 Et
843 4786 1178 4845 conscientia
1234 4785 1468 4841 aliorum
1526 4802 1651 4842 cum
1708 4787 1781 4842 sit
1834 4787 2074 4855 inﬁrma,

497 4878 891 4952 toinquinatur.
930 4901 949 4926 ι
1008 4876 1314 4936 Maculatur
1353 4875 1712 4947 conscientia,
1761 4876 1809 4932 si
1853 4877 2077 4934 inﬁrma

501 4977 566 5032 ist
594 4969 740 5026 circa
767 4970 963 5025 Deum.

557 5063 739 5135 (Vers.
758 5061 841 5133 8.)
879 5084 897 5108 ε
915 5060 1053 5118 Esca
1071 5067 1253 5119 autem
1279 5076 1383 5117 nos
1408 5075 1521 5119 non
1533 5059 1881 5120 commendat
1900 5062 2063 5121 Deo.»

555 5279 673 5352 (59)
706 5276 865 5352 Edit.
900 5292 964 5352 ac
1005 5292 1134 5352 mss.
1181 5274 1478 5352 nonnulli,_
1502 5276 1592 5352 De
1626 5276 1753 5352 cibis
1783 5275 1949 5352 igitur
1983 5278 2077 5348 qui

484 5347 786 5406 simulacris
844 5348 1001 5419 (edit.
1061 5349 1244 5413 Rom.,
1290 5349 1407 5419 qui;
1460 5347 1643 5418 idolis)
1703 5347 2068 5407 immolantur.

484 5418 938 5485 Immolatorum;
1000 5421 1157 5477 Rom.
1211 5418 1370 5484 edit.,
1424 5419 1913 5486 Immolalitiorum,
1962 5429 2069 5477 etc.

484 5493 601 5563 Nos
622 5494 758 5563 alios
789 5509 917 5549 mss.
957 5492 1142 5563 plures
1173 5492 1522 5563 potioresque
1551 5492 1729 5563 secuti
1753 5507 1961 5563 sumus.

558 5562 671 5643 (60)
704 5563 926 5643 Sicvet.
954 5561 1087 5620 edit.
1117 5561 1924 5643 ac’plurimiproba‘tissimique
1937 5579 2066 5621 mss.

484 5631 653 5687 semel
681 5639 736 5688 et
770 5633 972 5692 iterum
1007 5652 1018 5691 :
1052 5643 1107 5692 at
1152 5631 1384 5708 utroque
1430 5631 1551 5691 loco
1582 5635 1737 5691 Rom.
1770 5631 1903 5691 edit.
1944 5650 2069 5691 cum

2185 1840 2412 1897 scientia
2446 1840 2584 1912 ejus,
2616 1858 2740 1897 cum
2771 1842 2843 1897 sit
2872 1842 3109 1911 inﬁrma,
3140 1838 3503 1897 aediﬁcahitur
3522 1836 3589 1894 ad
3619 1853 3766 1893 man-

2186 1930 2495 1985 ducandum
2537 1930 2605 1986 de
2644 1931 3002 1987 simulacris?
3045 1955 3066 1980 ι
3122 1930 3237 1986 Hoc
3278 1928 3404 1985 ideo
3438 1926 3606 1995 dixit,
3640 1925 3769 1999 quia

2186 2018 2379 2074 videns
2422 2019 2545 2091 quis
2591 2019 2812 2075 fratrem
2850 2019 3082 2091 peritum
3125 2004 3184 2074 in
3226 2016 3399 2073 idolio
3449 2015 3766 2083 invitatum,

2187 2108 2589 2163 recumbentem
2621 2109 2778 2165 edere
2805 2125 2993 2166 carnes
3025 2106 3440 2175 sacriﬁciorum,
3471 2112 3623 2176 putat
3650 2104 3772 2161 illic

2187 2213 2299 2251 esse
2329 2198 2539 2269 aliquid
2570 2198 2775 2269 gratiae,
2807 2205 2860 2253 et
2888 2197 3086 2269 incipit
3117 2197 3282 2252 etiam
3314 2196 3429 2268 ipse
3454 2194 3611 2251 edere
3638 2209 3773 2250 car-

2188 2302 2285 2341 nes
2338 2286 2754 2355 sacriﬁciorum,
2805 2303 2916 2343 non
2966 2288 3063 2342 illa
3109 2283 3466 2352 conscientia,
3516 2299 3624 2356 qua
3676 2283 3773 2339 ille

2187 2375 2397 2448 peritia:
2421 2393 2583 2432 causa
2611 2378 2789 2432 sciens
2824 2375 2966 2431 nihil
2997 2392 3111 2432 esse
3132 2373 3366 2443 idolum,
3394 2373 3491 2430 sed
3519 2389 3628 2445 qua
3656 2387 3771 2429 esse

2188 2473 2339 2538 putat
2378 2466 2494 2522 illic
2540 2483 2783 2534 numen;
2834 2466 3053 2541 quando
3083 2466 3307 2524 fratrem
3354 2466 3591 2538 peritum
3620 2464 3773 2520 videt

2189 2552 2305 2611 illic
2331 2554 2508 2623 edere,
2544 2572 2644 2612 nec
2673 2556 2916 2614 horrere.
3761 2599 3766 2603 -

2271 2650 2411 2705 140
2444 2646 2623 2717 (Vers.
2662 2646 2774 2717 lt.)
2842 2673 2861 2694 ι
2885 2647 2957 2702 Et
2998 2645 3216 2718 peribit,
3262 2645 3358 2719 qui
3402 2643 3657 2702 inﬁrmus
3688 2650 3771 2700 est

2186 2740 2245 2796 in
2283 2749 2378 2796 tua
2421 2741 2649 2796 scientia
2698 2741 2813 2810 (60)
2866 2741 3050 2808 frater,
3099 2757 3199 2813 pro
3241 2756 3350 2815 quo
3395 2739 3647 2797 Christus
3688 2745 3772 2795 est

2186 2830 2465 2885 mortuus?
2485 2853 2503 2875 ι
2540 2828 2743 2884 Peribit
2765 2828 3035 2898 inﬁrmus,
3064 2829 3110 2885 si
3132 2829 3253 2884 edat
3272 2835 3461 2884 contra
3489 2828 3655 2883 unius
3671 2825 3772 2882 Dei

2186 2919 2351 2975 ﬁdem
2382 2918 2448 2974 de
2477 2918 2796 2975 sacriﬁcatis
2821 2938 2832 2974 :
2876 2918 3021 2992 quod
3050 2916 3270 2991 quidem
3302 2916 3454 2989 quasi
3485 2916 3777 2973 irascentis

2186 3008 2352 3064 verba
2381 3016 2529 3078 sunt,
2576 3015 2628 3064 et
2666 3007 3001 3063 ostendentis
3029 3004 3161 3078 quid
3197 3004 3326 3059 mali
3369 3002 3539 3078 possit
3580 3019 3776 3075 parere

2188 3099 2435 3167 scientia,
2469 3101 2513 3154 si
2562 3116 2672 3154 non
2717 3098 2884 3153 fuerit
2914 3102 3209 3169 temperata
3251 3111 3283 3150 a
3321 3093 3607 3151 charitate.
3651 3116 3671 3139 ι
3708 3093 3773 3148 In

2190 3195 2281 3242 tua
2308 3188 2537 3243 scientia
2565 3207 2579 3256 ;
2612 3214 2630 3236 ι
2670 3187 2725 3244 id
2746 3196 2846 3256 est,
2868 3195 2963 3243 tua
2988 3185 3184 3258 peritia
3213 3185 3368 3240 illum
3397 3182 3599 3239 occidit
3629 3182 3771 3254 (6!);

2188 3276 2406 3351 quando
2435 3294 2468 3332 a
2496 3286 2549 3333 te
2580 3278 2696 3331 ﬁeri
2729 3277 2898 3342 videt,
2927 3274 3072 3348 quod
3102 3274 3197 3329 ille
3217 3274 3376 3329 aliter
3400 3271 3678 3343 intelligit.
3701 3270 3772 3326 Et

2187 3371 2250 3421 tu
2278 3365 2385 3420 eris
2411 3366 2625 3421 occasio
2650 3365 2841 3421 mortis
2869 3364 3044 3433 fratri,
3077 3379 3239 3436 quem
3268 3362 3519 3420 Christus
3548 3366 3611 3415 ut
3634 3357 3772 3414 redi-

2189 3461 2380 3521 meret,
2411 3454 2658 3525 cruciﬁgi
2688 3472 2742 3510 se
2777 3452 3048 3527 permisit.
3082 3454 3164 3508 Ac
3208 3467 3305 3524 per
3335 3450 3440 3507 hoc
3478 3446 3772 3521 aliquando

2189 3543 2256 3599 ab
2285 3544 2512 3599 scientia
2555 3542 3019 3599 dissimulandum
3057 3540 3214 3597 docet
3259 3538 3543 3596 charitatis
3571 3552 3764 3604 causa;

2190 3630 2317 3704 quia
2347 3632 2463 3686 sine
2505 3630 2672 3686 dubio
2706 3634 2827 3704 plus
2860 3639 2937 3687 est
2971 3629 3117 3685 salus
3145 3628 3351 3695 fratris,
3384 3641 3547 3700 quam
3574 3624 3764 3681 cibus:

2187 3719 2317 3792 quia
2363 3719 2492 3776 licet
2542 3719 2784 3791 quidem,
2825 3720 2918 3775 sed
2962 3735 3075 3775 non
3105 3717 3348 3791 expedit.
3397 3716 3514 3774 Hoc
3550 3714 3656 3772 erit
3679 3730 3772 3772 co-

2190 3806 2461 3878 gnovisse,
2493 3806 2635 3863 sicut
2663 3813 2878 3877 oportet
2905 3805 3067 3862 scire.

2261 3897 2442 3969 (Vers.
2478 3896 2589 3968 i2.)
2637 3918 2655 3942 ι
2684 3896 2775 3951 Sic
2820 3903 3001 3951 autem
3046 3900 3333 3969 peccantes
3376 3891 3437 3949 in
3472 3891 3687 3961 fratres,
3716 3900 3775 3949 et

2190 3983 2557 4058 percutientes
2618 3983 3008 4039 conscientiam
3064 3984 3286 4039 illorum
3345 3982 3640 4048 inﬁrmam,
3713 3980 3774 4037 in

2187 4073 2407 4132 Christo
2426 4073 2679 4147 peccatis.
2705 4097 2723 4121 ι
2751 4070 2982 4140 Quando
3004 4071 3150 4126 enim
3166 4070 3451 4127 charitatis
3465 4084 3572 4126 non
3583 4066 3773 4124 aemuli

2187 4173 2340 4231 sunt,
2367 4180 2473 4235 qua
2500 4162 2752 4221 Christus
2774 4178 2873 4217 nos
2902 4159 3176 4227 liberavit,
3203 4167 3432 4231 peccant
3452 4160 3510 4214 in
3528 4156 3770 4224 Christo,

2187 4267 2300 4308 non
2334 4252 2392 4306 in
2422 4251 2702 4308 Christum
2729 4268 2743 4317 ;
2775 4250 2905 4323 quia
2934 4249 2991 4305 in
3021 4247 3303 4306 Christum
3335 4263 3555 4320 peccare
3579 4261 3772 4318 negare

2186 4348 2268 4398 est
2308 4339 2622 4397 Christum:
2657 4342 2712 4397 in
2754 4340 2974 4397 Christo
3002 4348 3206 4405 autem,
3256 4337 3314 4390 in
3352 4336 3470 4391 haec
3496 4353 3618 4408 quae
3643 4345 3773 4395 sunt

2185 4428 2413 4488 Christi.
2444 4429 2597 4486 Sicut
2626 4438 2679 4485 et
2708 4429 2819 4496 hic,
2849 4430 2944 4500 qui
2984 4429 3087 4483 sub
3127 4428 3241 4495 lege
3268 4431 3368 4490 est,
3402 4423 3462 4479 in
3492 4425 3609 4497 lege
3634 4426 3769 4483 diei-

2186 4527 2278 4575 tur
2297 4535 2517 4590 peccare
2540 4537 2552 4585 ;
2591 4520 2665 4573 ita
2682 4526 2736 4573 et
2756 4517 2796 4570 ii
2825 4516 2919 4587 qui
2936 4514 3041 4569 sub
3060 4512 3280 4570 Christo
3298 4519 3452 4583 sunt,
3471 4512 3532 4570 in
3553 4514 3773 4574 Christo

2184 4623 2410 4681 peccare
2438 4608 2718 4663 dicuntur.

2259 4699 2439 4770 (Vers.
2494 4696 2605 4765 13.)
2669 4717 2687 4740 ι
2725 4693 2953 4765 Propter
2987 4692 3135 4767 quod
3179 4694 3226 4750 si
3272 4707 3397 4750 esca
3442 4692 3775 4753 scandalizat

2182 4790 2405 4849 fratrem
2438 4805 2639 4856 meum,
2688 4804 2801 4844 non
2836 4788 2992 4844 edam
3025 4805 3244 4845 carnem
3273 4789 3332 4845 in
3376 4795 3660 4855 aeternum,
3702 4803 3772 4844 ne

2183 4882 2406 4939 fratrem
2436 4878 2815 4937 scandalizem.
2850 4904 2869 4928 ι
2910 4880 2974 4935 In
3014 4886 3229 4935 tantum
3257 4876 3511 4936 cbaritati
3548 4877 3773 4934 studen-

2184 4970 2315 5028 dum
2367 4970 2545 5035 docet,
2599 4979 2662 5026 ut
2712 4969 2865 5025 licita
2905 4984 3005 5040 pro
3052 4967 3265 5024 illicitis
3321 4966 3641 5033 habeantur,
3702 4982 3771 5023 ne

2184 5060 2368 5119 obsint
2395 5061 2573 5119 fratri.
2593 5061 2870 5129 Quantum
2888 5059 3037 5115 enim
3061 5057 3191 5115 mali
3216 5064 3297 5114 est
3326 5072 3423 5129 per
3441 5055 3637 5115 illicita
3656 5073 3772 5114 non

2182 5274 2690 5350 mss._qu_ibusdam,
2722 5273 2779 5328 in
2804 5279 2894 5329 tua
2922 5269 3277 5350 conscientia;
3349 5343 3362 5350 _
3531 5343 3543 5350 _
3622 5337 3635 5350 .

2258 5337 2376 5419 (61)
2406 5348 2560 5403 Rom.
2606 5337 2737 5419 edit.
2770 5354 2833 5419 et;
2863 5337 3430 5419 mss._nonnulli,__tuo
3458 5343 3581 5419 actu
3612 5337 3772 5419 illum

2184 5411 2490 5476 occidis”...
2559 5417 2868 5471 conscientia
2931 5414 3221 5482 aliquando
3285 5411 3771 5482 dissimulandum,-

2183 5490 2555 5561 i'eliquaeedit.
2588 5505 2651 5544 ac
2683 5506 2816 5561 mss.
2846 5480 3081 5561 invicem
3120 5489 3449 5561 congruunt,
3482 5481 3587 5537 nisi
3619 5480 3767 5556 quod

2185 5554 2389 5619 alicubi
2428 5561 2625 5635 legitur
2654 5558 2864 5626 occalis,
2893 5556 3029 5613 alibi
3065 5571 3196 5613 vero
3224 5554 3433 5612 occidit.
