4112 6178
356 303 454 364 141

1434 307 1796 367 COMMENT.
1840 311 1912 371 IN
1947 311 2165 371 EPIST.
2207 316 2231 371 Ι
2268 316 2366 374 AD
2391 316 2547 379 COR.

2616 289 2622 299 ν
2718 300 2723 305 .
2758 276 2891 305 ,ει-’ἶ

3537 330 3641 393 242

356 428 692 526 delinquere,
719 438 962 526 etper-ea
982 449 1103 526 quae
1124 448 1376 526 concessa
1400 435 1817 526 suntoli‘endere
1840 454 1854 503 ;
1881 443 1946 495 ut
1973 443 2024 503 A
2052 442 2342 514 accipiendi
2382 451 2562 502 tamen
2609 449 2862 519 operandi
2896 450 2992 519 ait,
3033 460 3095 511 ut
3130 452 3413 510 honestius
3440 455 3639 526 loque-

356 517 447 574 lex
463 526 708 574 servetur
739 519 798 573 in
818 520 1050 588 illicitis,
1070 530 1123 578 et
1150 521 1209 576 in
1240 521 1408 577 licitis
1436 538 1547 579 non
1574 524 1938 594 custodiatur,

355 602 486 664 dum
514 605 919 665 inconsiderate
946 608 1182 667 eduntur
1202 609 1230 666 ?
1266 609 1382 667 Lex
1409 610 1555 667 enim
1586 611 1667 667 sic
1694 612 1942 687 permisit

354 711 475 772 quae
494 698 786 766 concessit,
805 706 866 756 ut
888 697 1082 757 modus
1102 705 1285 756 tamen
1306 699 1400 768 sit,
1422 716 1583 773 quem
1608 700 1940 761 custodiant.

349 782 594 843 Uxorem
640 793 785 845 certe
825 786 950 845 licet
977 785 1218 855 habere;
1249 787 1346 845 sed
1376 788 1424 844 si
1458 787 1728 846 fornicata
1754 788 1942 859 fuerit,

348 869 659 946 abjicienda
710 884 825 933 est:
872 875 955 937 ita
994 883 1052 933 et
1096 891 1324 934 carnem
1371 876 1503 937 licet
1547 876 1726 951 edere,
1754 876 1851 939 sed
1895 877 1943 939 si

349 958 519 1023 idolis
547 961 726 1023 oblata
750 962 944 1037 fuerit,
974 962 1283 1039 respuenda
1308 970 1410 1022 est.

971 1121 1199 1181 CAPUT
1234 1121 1333 1179 IX.

422 1245 608 1317 (Veis.
642 1246 727 1320 1.)
775 1269 795 1299 ι
813 1246 933 1307 Non
965 1262 1086 1307 sum
1114 1245 1436 1319 apostolus?
1454 1261 1567 1303 non
1596 1260 1718 1305 sum
1751 1246 1891 1305 liber
1911 1248 1941 1309 Ῡ

345 1349 535 1392 nonne
553 1335 736 1394 Iesum
757 1336 1055 1394 Dominum
1072 1343 1324 1393 nostrum
1344 1334 1466 1391 vidi
1487 1335 1515 1390 ?
1536 1360 1556 1383 ι
1589 1334 1726 1393 Cum
1744 1351 1938 1407 negare

345 1423 587 1493 videtur,
642 1425 968 1493 conﬁrmat;
1001 1426 1175 1485 iratus
1216 1424 1364 1483 enim
1395 1425 1663 1498 loquitur.
1694 1425 1940 1496 Aposto-

346 1512 461 1573 lum
516 1512 665 1572 enim
715 1530 775 1575 se
819 1514 1033 1589 probat,
1079 1515 1210 1588 quia
1256 1514 1459 1571 missus
1501 1520 1583 1569 est
1630 1512 1698 1570 ad
1732 1520 1936 1584 gentes,

345 1601 557 1660 dicente
606 1604 846 1660 Domino
888 1604 958 1661 ad
1004 1620 1166 1665 eum:
1204 1626 1226 1652 ι
1267 1603 1386 1675 Ego
1409 1601 1479 1659 ad
1505 1609 1692 1675 gentes
1720 1604 1937 1665 mittam

344 1695 557 1767 temet.
579 1694 857 1766 xxn,2i).
888 1718 910 1744 ι
947 1694 1211 1753 Liberum
1226 1701 1411 1751 autem
1440 1708 1498 1750 se
1524 1693 1788 1761 ostendit,
1811 1694 1942 1770 quia

344 1785 555 1875 nullius
604 1784 823 1875 aliquid
878 1785 1219 1875 concupivit,
1278 1800 1455 1856 neque
1508 1784 1567 1841 in
1592 1832 1597 1837 .
1625 1783 1941 1875 adulatione
1973 1811 2018 1875 Β

342 1874 555 1931 docuit.
585 1874 771 1931 Jesum
799 1881 980 1931 autem
1008 1873 1305 1932 Dominum
1332 1880 1581 1931 nostrum
1612 1872 1775 1941 vidit,
1806 1872 1940 1930 dum

341 1970 530 2024 oraret
560 1962 619 2019 in
665 1963 876 2035 templo
924 1962 1322 2037 Hierosolymis
1353 1962 1497 2033 (Act.
1528 1977 1670 2029 XXII,
1703 1961 1792 2030 17,
1824 1960 1938 2034 18).

356 2075 379 2102 ι
404 2053 606 2111 Nonne
630 2069 769 2127 opus
820 2070 1003 2111 meum
1034 2070 1136 2111 vos
1172 2055 1304 2113 estis
1338 2054 1397 2111 in
1436 2054 1720 2112 Domino?
1750 2078 1770 2105 ι
1809 2053 1939 2114 Ideo

341 2158 482 2217 opus
497 2151 626 2199 sunt
657 2144 788 2217 quia
813 2142 930 2215 ipse
950 2144 1078 2200 illos
1089 2142 1363 2215 plantavit
1383 2143 1442 2198 in
1456 2143 1714 2211 Domino,
1731 2157 1937 2203 annum

342 2241 399 2290 et
424 2248 522 2290 sex
553 2247 771 2289 menses
799 2232 1184 2304 evangelizans
1221 2231 1301 2290 eis
1339 2230 1568 2289 verbum
1596 2228 1717 2291 Dei.

415 2323 598 2395 (Vera.
629 2322 711 2395 2.)
748 2344 768 2373 ι
796 2321 917 2378 Etsi
945 2321 1070 2378 aliis
1097 2337 1211 2378 non
1231 2337 1353 2380 sum
1382 2321 1680 2394 apostolus,
1703 2336 1938 2380 verum—-

341 2421 526 2471 tamen
582 2412 743 2470 vobis
788 2429 948 2482 sum;
987 2435 1010 2463 »
1080 2413 1211 2486 quia
1254 2428 1286 2470 a
1320 2412 1525 2469 Iudaeis
1562 2411 1932 2479 credentibus,

342 2512 399 2561 et
448 2504 819 2562 nihilominus
861 2504 1038 2577 legem
1086 2503 1455 2571 servantibus,
1502 2504 1782 2574 apostolus
1816 2516 1933 2559 esse

344 2594 660 2666 negabatur.
682 2594 801 2650 Jam
818 2594 967 2650 enim
989 2592 1311 2650 circumcidi
1332 2607 1444 2650 non
1464 2591 1662 2649 debere
1681 2592 1927 2659 docebat,

345 2698 519 2755 neque
546 2681 843 2739 Sabbatum
873 2681 1177 2751 custodiri;
1209 2681 1420 2739 caeteris
1451 2688 1635 2740 autem
1671 2681 1933 2754 apostolis

344 2779 565 2845 propter
609 2770 928 2828 scandalum
972 2771 1041 2827 ab
1070 2771 1176 2829 hac
1202 2786 1261 2828 re
1307 2770 1809 2839 dissimulantibus,
1840 2770 1934 2825 hic

346 2861 509 2920 aliter
555 2860 845 2918 videbatur
902 2860 1137 2929 docere;
1198 2859 1323 2916 ideo
1385 2861 1667 2931 apostolus
1721 2858 1792 2915 ab
1846 2857 1935 2914 his

342 2951 677 3022 negabatur;
726 2951 818 3007 his
858 2950 1007 3007 enim
1052 2956 1171 3006 erat
1200 2949 1501 3021 apostolus,
1533 2948 1629 3018 qui
1679 2945 1936 3002 viderant

342 3039 402 3094 in
432 3055 498 3095 eo
524 3040 752 3096 virtutis
781 3039 1022 3109 insignia
1043 3038 1185 3110 (62).
1218 3038 1395 3093 sNam
1415 3036 1760 3105 signaculum
1795 3050 1935 3106 apo-

339 3130 576 3185 stolatus
604 3128 713 3184 mei
740 3144 842 3184 vos
865 3129 1001 3183 estis
1029 3127 1087 3181 in
1111 3126 1346 3183 Domino
1372 3144 1429 3193 ;›
1476 3123 1583 3180 hoc
1609 3126 1756 3181 enim
1785 3141 1933 3197 pra)-

340 3217 587 3284 dicante,
622 3216 876 3273 conversi
905 3222 1038 3271 sunt
1062 3214 1130 3270 ab
1152 3213 1314 3270 idolis
1340 3214 1410 3270 ad
1440 3214 1606 3273 ﬁdem
1626 3215 1725 3271 Dei
1746 3216 1928 3271 unius.

418 3304 601 3377 (Vere.
626 3305 727 3377 3.)
766 3328 785 3353 ι
814 3306 933 3362 Mea
978 3303 1223 3359 defensio
1255 3302 1400 3374 apud
1427 3319 1540 3371 eos,
1581 3304 1676 3375 qui
1729 3320 1816 3360 me
1838 3306 1935 3360 in—

335 3401 639 3466 terrogant,
687 3393 808 3449 haec
854 3401 953 3449 est.
986 3414 1006 3440 ι
1046 3392 1206 3448 Nunc
1246 3391 1444 3463 incipit
1490 3406 1649 3463 agere
1690 3408 1931 3461 causam,

336 3496 505 3556 quem
556 3481 809 3553 superius
847 3478 1116 3552 praemisit
1169 3479 1395 3536 dicens:
1462 3504 1492 3537 ι,
1537 3480 1735 3537 Omnia
1791 3480 1932 3536 mihi

338 3571 530 3638 licent,
576 3569 670 3625 sed
720 3586 820 3641 ego
849 3570 951 3625 sub
989 3569 1199 3625 nullius
1235 3569 1450 3641 redigar
1477 3578 1761 3641 potestate.
1792 3572 1932 3628 Esca

339 3659 526 3717 ventri
554 3666 610 3715 et
640 3666 834 3715 venter
860 3658 1000 3718 escis
1030 3659 1088 3729 (Ι
1117 3658 1241 3713 Cor.
1282 3675 1363 3725 vr,
1389 3658 1475 3725 i2,
1502 3658 1611 3729 13).
1630 3683 1649 3708 ι
1687 3658 1777 3714 Sic
1803 3674 1929 3729 ergo

338 3749 537 3821 incipit
575 3764 793 3809 causam
836 3748 999 3815 hanc,
1048 3754 1111 3802 ut
1136 3745 1283 3802 dicat
1315 3768 1335 3795 ι
1368 3746 1488 3804 Mea
1515 3745 1762 3803 defensio
1784 3745 1930 3817 apud

335 3853 449 3907 eos,
480 3837 575 3912 qui
606 3855 695 3894 me
718 3839 1078 3909 interrogant,
1110 3835 1227 3893 haec
1254 3844 1356 3894 est.
1385 3858 1405 3885 ι
1450 3836 1520 3891 Et
1547 3852 1667 3909 quae
1691 3836 1765 3892 sit
1790 3836 1931 3892 sub—

332 3926 477 4000 jicit,
509 3927 702 3985 dicens
725 3946 736 3985 :

412 4016 593 4087 (Vere.
625 4017 680 4086 4,
712 4017 793 4089 ii.)
824 4040 844 4064 ι
864 4016 1144 4090 Numquid
1163 4032 1276 4073 non
1307 4015 1571 4073 habemus
1607 4022 1928 4088 potestatem

340 4106 711 4163 manducandi
750 4112 807 4160 et
843 4105 1155 4162 bibendi?»
1200 4106 1315 4162 Hoc
1344 4116 1426 4163 est
1472 4105 1619 4179 quod
1669 4104 1923 4161 dixerat:

352 4218 375 4245 ι
402 4197 600 4253 Omnia
631 4198 768 4254 mihi
800 4197 990 4257 licent.
1027 4198 1305 4270 Numquid
1335 4214 1446 4253 non
1479 4198 1742 4253 habemus
1768 4204 1930 4269 pote-

337 4292 536 4345 statem
596 4287 883 4343 mulierem
932 4287 1407 4354 circumducendi,
1458 4288 1599 4345 sicut
1652 4296 1705 4343 et
1747 4285 1929 4342 caeteri

336 4378 571 4448 apostoli
614 4384 669 4431 et
708 4377 904 4433 fratres
947 4374 1195 4441 Domini,
1224 4384 1275 4429 et
1306 4374 1563 4445 Cephas?
1594 4399 1612 4423 ι
1665 4374 1792 4429 Ideo
1824 4373 1930 4431 ad—

336 4463 515 4521 didit:
562 4488 579 4511 ι
608 4467 678 4523 Εῑ
707 4465 914 4536 Cephas
941 4482 994 4530 ;»
1043 4462 1171 4535 quia
1208 4478 1336 4518 cum
1373 4462 1585 4533 primus
1619 4471 1758 4518 esset
1787 4464 1930 4519 inter

336 4554 634 4628 apostolos,
681 4570 790 4611 non
837 4553 1110 4609 refutabat
1148 4559 1404 4623 sumptus
1458 4550 1687 4607 oblatos.
1721 4552 1930 4624 Cephas

338 4645 453 4718 ipse
480 4653 561 4700 est
590 4644 778 4701 Simon
810 4645 1019 4703 Petrus.
1053 4642 1308 4698 Mulieres
1337 4642 1483 4701 enim
1517 4640 1788 4701 desiderio
1816 4641 1926 4696 doc-

336 4736 529 4793 ctrinae
576 4734 897 4802 Dominicae,
930 4741 984 4789 et
1008 4733 1222 4805 cupidae
1251 4732 1520 4787 virtutum
1561 4730 1926 4803 sequebantur

335 4826 629 4898 apostolos,
682 4823 1057 4880 ministrantes
1088 4823 1167 4878 eis
1217 4830 1271 4878 et
1298 4830 1551 4896 sumptus
1599 4829 1654 4878 et
1679 4821 1921 4891 servitia,

336 4918 478 4972 sicut
508 4924 562 4972 et
593 4916 930 4972 Salvatorem
975 4922 1104 4970 sunt
1132 4921 1332 4970 secuta:
1361 4914 1736 4969 ministrantes
1762 4911 1813 4968 ei
1857 4912 1924 4968 de

335 5005 693 5062 facultatibus
721 5004 855 5065 suis.

409 5095 592 5166 (Vers.
624 5095 703 5166 6.)
748 5117 766 5140 ι
798 5095 911 5155 Aut
949 5093 1099 5153 solus
1125 5108 1224 5164 ego
1253 5098 1307 5153 et
1333 5091 1610 5151 Barnabas
1657 5106 1768 5153 non
1814 5091 1924 5155 ha—

332 5183 529 5239 bemus
575 5190 897 5254 potestatem
945 5181 1062 5236 haec
1105 5182 1450 5251 operandi‘h
1496 5181 1612 5237 Hoc
1664 5187 1764 5247 est,
1816 5180 1924 5238 ha—

332 5270 527 5329 bemus
581 5281 904 5349 potestatem
970 5269 1252 5347 operandi,
1321 5269 1416 5325 sed
1481 5270 1758 5327 nolumus.
1818 5268 1924 5323 Pro

408 5526 527 5596 (62)
567 5527 694 5583 Mss.
753 5524 942 5593 Corb.,
989 5525 1054 5585 ab
1108 5522 1348 5583 omnibus
1403 5522 1758 5593 negabatur...
1830 5526 1923 5593 qui

334 5598 587 5653 viderunt
614 5601 669 5651 in
687 5615 743 5653 eo
769 5597 981 5651 virtutis
1008 5597 1179 5667 signa.

408 5669 529 5741 (63)
555 5669 715 5726 Rom.
734 5668 866 5724 edit.
890 5668 1031 5723 sola:
1059 5664 1226 5733 Quasi
1244 5664 1388 5720 dicat
1405 5680 1509 5719 non
1524 5680 1791 5725 magnum,
1811 5671 1915 5721 etc.

2051 536 2220 589 retur.
2251 532 2325 595 Et
2354 539 2415 589 ut
2446 531 2554 590 hoc
2592 534 2788 604 ﬁrmet,
2819 542 3072 612 exempla
3119 541 3364 614 subjicit,
3402 541 3590 599 dicens
3619 559 3633 601 :

2124 620 2307 693 (Vera.
2326 622 2380 690 7,
2400 622 2484 694 8.)
2515 646 2532 669 ι
2551 624 2684 693 Quis
2702 626 2902 685 militat
2918 630 3211 703 stipendiis
3223 633 3337 689 suis
3353 632 3637 706 unquam?

2053 706 2189 780 Quis
2232 711 2442 784 plantat
2479 713 2721 786 vineam,
2770 724 2824 775 et
2869 717 2935 777 de
2981 720 3164 777 fructu
3190 721 3308 794 ejus
3342 738 3451 777 non
3481 721 3635 781 edit?

2054 794 2190 869 Quis
2239 801 2414 871 pascit
2460 818 2675 876 gregem
2729 806 2936 875 ovium,
2967 817 3021 866 et
3046 809 3112 865 de
3143 811 3281 869 lacte
3309 827 3495 869 earum
3526 827 3636 871 non

2052 888 2325 963 percipit?
2342 892 2625 965 Numquid
2646 895 2947 953 secundum
2965 895 3239 957 hominem
3267 900 3382 959 haec
3402 900 3635 972 loquor?

2056 981 2190 1037 141
2225 1000 2243 1025 ›
2298 978 2361 1034 Id
2397 988 2496 1047 est,
2531 983 2803 1053 numquid
2844 983 3140 1040 humanam
3185 988 3510 1047 sententiam
3540 1004 3634 1045 se-

2052 1072 2238 1149 quor?
2273 1095 2291 1117 ε
2319 1073 2601 1147 Numquid
2633 1086 2687 1135 et
2716 1078 2797 1135 lex
2827 1079 3017 1137 eadem
3071 1097 3182 1136 non
3217 1078 3399 1137 dicit?
3420 1108 3437 1129 ι
3482 1082 3635 1139 Cou-

2048 1159 2270 1219 cordare
2321 1160 2510 1221 docuit
2555 1164 2870 1235 supradicta
2924 1168 3239 1224 testimonia
3295 1168 3636 1225 documentis

2049 1248 2276 1318 divinis,
2329 1258 2391 1307 ut
2434 1251 2684 1308 ostendat
2732 1268 2845 1308 non
2892 1254 3010 1310 sine
3057 1272 3218 1311 causa
3270 1258 3462 1329 utique
3495 1258 3640 1314 nolle

2049 1355 2106 1396 se
2143 1339 2211 1395 ab
2256 1340 2368 1397 illis
2409 1348 2664 1414 sumptus
2692 1342 2958 1414 accipere,
3009 1345 3228 1416 quando
3258 1354 3338 1401 tot
3368 1349 3637 1420 exemplis

2051 1428 2291 1487 ostendit
2312 1438 2366 1485 et
2394 1428 2640 1487 dandum
2677 1437 2730 1484 et
2759 1432 3136 1505 accipiendum
3168 1451 3301 1491 esse.

2123 1518 2303 1589 (Vere.
2326 1518 2405 1588 9.)
2453 1542 2471 1566 ι
2501 1519 2563 1575 In
2594 1519 2710 1592 lege
2739 1520 2886 1575 enim
2920 1523 3089 1590 (Deut.
3122 1539 3260 1592 xxv,
3290 1523 3345 1595 ’1.)
3369 1528 3632 1599 scriptum

2049 1612 2161 1665 est:
2200 1606 2321 1665 Non
2370 1606 2623 1678 alligabis
2676 1624 2738 1667 os
2774 1607 2933 1667 bovis
2981 1610 3311 1671 triturantis.
3358 1614 3637 1688 Numquid

2050 1693 2117 1755 de
2144 1693 2321 1753 bobus
2346 1712 2477 1753 cura
2504 1704 2587 1753 est
2617 1698 2732 1757 Deo
2753 1697 2782 1754 ?
2800 1722 2820 1745 ι
2864 1698 3088 1755 Interim
3120 1702 3306 1772 paucis
3338 1702 3441 1759 hoc
3462 1703 3635 1760 absol-

2048 1795 2241 1839 Vamus
2259 1799 2275 1849 ;
2306 1782 2363 1840 in
2391 1783 2530 1843 Jona
2548 1785 2694 1843 enim
2727 1785 2991 1859 propheta
3020 1789 3286 1862 scriptum
3316 1798 3430 1847 est:
3470 1816 3489 1839 ι
3517 1793 3638 1848 Non

2048 1885 2265 1945 parcam
2312 1871 2546 1940 civitati,
2581 1873 2640 1931 in
2672 1889 2779 1947 qua
2814 1874 3065 1935 habitant
3095 1878 3380 1953 plusquam
3413 1887 3636 1937 centum

2049 1958 2248 2030 viginti
2278 1961 2454 2017 millia
2484 1963 2773 2020 hominum
2802 1974 2856 2022 et
2885 1982 3080 2038 pecora
3119 1969 3294 2024 multa
3334 1969 3523 2041 (J0me,
3554 1987 3633 2037 1v,

2050 2045 2164 2117 11).
2190 2071 2211 2094 ι
2249 2047 2321 2102 Ει
2363 2049 2850 2129 Psalmographus:
2902 2076 2922 2099 ι
2957 2054 3217 2111 Homines
3263 2063 3317 2110 et
3360 2056 3632 2127 jumenta,

2048 2134 2256 2209 inquit,
2287 2138 2525 2195 salvabis
2568 2143 2742 2211 (Psal.
2784 2158 2963 2213 xxxv,
3005 2144 3084 2216 7).
3114 2169 3134 2192 ι
3186 2146 3472 2213 Quomodo
3510 2167 3639 2224 ergo

2045 2225 2192 2282 Deus
2238 2244 2351 2285 non
2396 2236 2550 2285 curat
2596 2230 2663 2285 de
2710 2230 2888 2288 bobus
2916 2239 2973 2288 et
3000 2234 3341 2304 pecoribus?
3368 2237 3473 2294 Sed
3524 2256 3637 2297 non

2044 2326 2198 2375 curat
2225 2319 2293 2376 de
2342 2320 2516 2378 bobus
2547 2331 2600 2379 et
2629 2323 2921 2395 pecoribus
2959 2333 3180 2399 propter
3208 2327 3324 2386 hac
3351 2328 3489 2403 ipsa,
3539 2330 3636 2387 sed

2042 2419 2261 2487 propter
2320 2428 2441 2481 nos,
2492 2430 2726 2487 quorum
2784 2432 2948 2472 causa
2989 2424 3118 2474 sunt
3171 2417 3349 2486 facta;
3398 2418 3523 2477 ideo
3561 2419 3630 2477 de

2041 2499 2201 2556 nobis
2230 2510 2406 2571 curat,
2443 2518 2554 2558 non
2585 2502 2652 2558 de
2686 2504 2818 2560 illis.

2115 2588 2296 2659 (Vers.
2354 2589 2468 2660 10.)
2515 2613 2534 2635 ι
2574 2591 2687 2646 Aut
2744 2592 2948 2661 potius,
3005 2592 3205 2665 inquit,
3262 2602 3484 2668 propter
3534 2613 3635 2653 nos

2041 2674 2213 2731 dicit:
2248 2684 2471 2746 propter
2500 2692 2601 2731 nos
2621 2676 2767 2730 enim
2802 2678 3067 2748 scriptum
3098 2686 3197 2734 est.
3217 2704 3237 2727 ι
3271 2681 3374 2735 Per
3402 2682 3635 2753 ﬁguram

2043 2763 2189 2819 enim
2225 2762 2412 2818 omnia
2443 2763 2594 2819 dicta
2621 2764 2690 2817 ad
2716 2780 2816 2819 nos
2841 2772 3154 2821 transeunt.
3200 2789 3218 2812 ι
3245 2767 3515 2835 Quoniam
3541 2772 3636 2844 qui

2044 2852 2103 2907 in
2131 2868 2227 2924 spe
2256 2859 2372 2907 arat
2400 2860 2457 2907 et
2485 2852 2726 2920 triturat,
2764 2851 2924 2908 debet
2954 2854 3067 2925 spei
3095 2870 3206 2911 suae
3235 2854 3478 2912 fructum
3516 2874 3635 2929 per-

2043 2942 2244 3017 cipere.
2280 2968 2301 2991 »
2342 2943 2547 3001 Verum
2605 2949 2706 3012 est,
2747 2944 2877 3016 quia
2918 2943 3022 3002 hac
3077 2960 3171 3025 spe
3222 2945 3525 3020 laboratur,
3574 2957 3637 3007 ut

2042 3029 2254 3087 fructus
2293 3031 2559 3103 capiatur.

2113 3120 2295 3193 (Vers.
2318 3120 2432 3190 11.)
2467 3144 2485 3167 ι
2506 3120 2562 3176 Si
2593 3136 2696 3176 nos
2724 3120 2883 3177 vobis
2912 3121 3189 3193 spiritalia
3215 3126 3629 3201 seminavimus,

2041 3225 2297 3281 magnum
2344 3215 2445 3276 est,
2498 3208 2545 3264 si
2596 3224 2699 3267 nos
2739 3215 2921 3265 vestra
2963 3212 3204 3269 carnalia
3250 3220 3564 3275 metamus?
3599 3245 3618 3268 ι

2039 3299 2159 3354 Non
2207 3298 2344 3355 dicit
2380 3314 2637 3369 magnum
2666 3298 2805 3371 (63),
2850 3315 3027 3372 neque
3066 3317 3164 3373 par
3192 3319 3329 3371 esse,
3378 3306 3423 3362 si
3453 3323 3631 3365 evan-

2041 3388 2331 3461 gelizantes
2370 3404 2599 3460 regnum
2653 3389 2773 3456 Dei,
2813 3397 2867 3445 et
2912 3391 3123 3447 cmlesti
3151 3391 3277 3448 cibo
3329 3395 3627 3453 Ecclesiam

2037 3478 2369 3551 saginantes,
2399 3479 2665 3535 alimenta
2692 3479 2940 3552 corporis
2966 3489 3246 3539 sumerent
3271 3501 3285 3551 ;
3310 3491 3394 3554 ut,
3416 3485 3628 3544 tradeno

2036 3574 2118 3624 tes
2144 3577 2367 3637 aeterna,
2402 3576 2873 3642 consequerentur
2909 3571 3251 3642 temporalia.

2109 3657 2291 3728 (Vers.
2349 3657 2467 3729 12.)
2512 3681 2531 3705 α
2576 3657 2633 3714 Si
2686 3658 2781 3713 alii
2831 3665 3099 3729 potestate
3134 3667 3318 3719 vestra
3371 3669 3626 3732 utuntur,

2037 3761 2219 3802 nonne
2250 3746 2424 3819 magis
2448 3762 2550 3804 nos
2569 3747 2598 3803 ἢ
2620 3771 2640 3796 ι
2681 3746 2739 3803 Si
2768 3746 2917 3804 enim
2948 3747 2990 3803 ii
3019 3749 3113 3821 qui
3143 3765 3241 3822 per
3266 3752 3625 3824 Evangelium

2036 3846 2215 3910 patres
2246 3837 2418 3893 vestri
2440 3853 2551 3893 non
2572 3845 2721 3906 sunt,
2743 3853 2845 3894 nec
2864 3838 3113 3895 eumdem
3138 3840 3394 3898 affectum
3426 3842 3629 3898 habent

2036 3940 2162 3997 erga
2212 3941 2331 3991 vos,
2387 3925 2701 3983 facultatem
2759 3925 2966 3984 habent
3025 3927 3354 4000 accipiendi,
3423 3936 3627 4001 quanto

2037 4013 2209 4086 magis
2244 4012 2391 4069 nos?
2435 4014 2507 4069 Et
2573 4013 2918 4083 subauditur,
2970 4016 3138 4071 vestri
3177 4015 3447 4090 apostoli;
3500 4014 3630 4086 quia

2037 4109 2090 4157 et
2127 4101 2404 4158 Barnabas
2432 4104 2712 4175 apostolus
2738 4111 2873 4160 erat.

2117 4214 2138 4241 ι
2180 4191 2287 4253 Sed
2336 4207 2449 4251 non
2478 4208 2670 4253 sumus
2696 4191 2783 4251 usi
2810 4190 2913 4249 hac
2950 4195 3252 4261 potestate;
3282 4187 3471 4250 omnia
3497 4205 3628 4246 vero

2036 4282 2351 4352 toleramus,
2383 4300 2452 4345 ne
2481 4282 2629 4356 quod
2660 4279 3121 4351 impedimentum
3149 4278 3344 4339 demus
3368 4280 3628 4356 Evange-

2035 4371 2111 4427 lio
2164 4371 2391 4433 Christi.
2430 4396 2450 4420 ι
2518 4370 2627 4431 Diu
2681 4368 3014 4430 occultatum
3064 4367 3306 4441 prodidit
3357 4387 3622 4441 sensum;

2037 4463 2274 4521 ostendit
2302 4462 2451 4521 enim
2509 4468 2760 4533 sumptus
2819 4456 2943 4516 ideo
2988 4474 3045 4517 se
3073 4460 3241 4531 nolle,
3270 4477 3395 4525 cum
3436 4464 3625 4521 liceret

2036 4551 2302 4623 accipere,
2332 4568 2401 4610 ne
2430 4552 2591 4623 vigor
2627 4549 2955 4621 evangelij
2984 4550 3330 4612 auctoritatis
3358 4560 3624 4625 torpesce-

2036 4648 2136 4697 ret.
2156 4642 2597 4714 Pseudoapostoli
2620 4641 2769 4703 enim
2796 4640 3149 4712 peccantibus
3176 4638 3619 4707 blandiebantur,

2035 4730 2281 4789 volentes
2324 4730 2603 4800 accipere;
2643 4729 2721 4791 ita
2757 4734 2819 4791 ut
2860 4743 2971 4789 non
3014 4726 3121 4787 sibi
3156 4725 3477 4791 viderentur
3506 4746 3623 4802 pec-

2035 4834 2158 4880 care
2214 4817 2327 4878 iliis
2374 4815 2642 4888 subjecti:
2704 4814 2799 4873 sed
2838 4815 3100 4888 quoniam
3144 4815 3263 4880 hac
3300 4833 3387 4883 res
3433 4828 3625 4883 contra

2034 4906 2400 4979 evangelicam
2443 4910 2558 4959 erat
2601 4903 2952 4975 disciplinam
3005 4904 3145 4976 (64),
3197 4904 3290 4961 hic
3344 4922 3456 4962 non
3504 4907 3624 4962 vult

2034 4998 2308 5072 accipere;
2356 5003 2417 5052 ut
2465 4993 2634 5051 libere
2672 5000 2881 5066 arguat,
2918 5010 2986 5050 ne
3033 4994 3090 5049 in
3118 4994 3342 5050 illorum
3392 5010 3623 5050 numero

2035 5088 2365 5151 inveniatur.
2390 5085 2461 5151 Ut
2479 5085 2626 5145 enim
2657 5084 2857 5161 regulae
2886 5081 3214 5146 Christianae
3238 5082 3329 5163 jus
3357 5089 3621 5150 maneret,

2042 5180 2193 5236 licita
2236 5178 2431 5234 illicita
2458 5176 2628 5244 fecit;
2661 5175 2790 5249 quia
2817 5173 2905 5233 illi
2946 5189 3042 5246 per
3072 5172 3354 5237 licentiam
3383 5169 3622 5236 alicnde-

2036 5266 2188 5325 bant.

2036 5568 2048 5581 .
2106 5518 2221 5591 (64)
2267 5519 2395 5575 Mss.
2438 5515 2715 5585 nonnulli,
2762 5515 2878 5571 illis
2905 5510 3243 5581 subjectis....
3288 5500 3438 5562 licita
3463 5499 3616 5585 fecit,

2031 5607 2147 5667 quin
2176 5591 2461 5651 licentiam.
