4090 6182
487 278 595 342 2L3

1492 270 1591 325 AD
1627 266 1861 326 OPERA
1896 265 1952 323 S.
1993 265 2325 325 AMBROSII
2354 262 2737 328 APPENDIX.‘

3656 260 3765 319 244

562 403 740 478 (Vera.
777 398 891 471 13.)
934 420 955 446 ι
982 395 1217 454 Nescitis
1257 391 1515 468 quoniam
1563 393 1656 463 qui
1715 392 1773 446 in
1815 391 2067 448 sacrariis
2095 394 2145 450 A
2176 393 2321 447 enim
2350 397 2628 465 potestatis
2653 413 2764 452 suae
2786 410 2896 451 non
2925 398 3006 449 est
3037 389 3178 464 (68),
3206 385 3339 444 facit
3369 384 3579 442 invitus
3608 387 3756 459 quod

487 500 809 568 operantur,
853 487 921 543 de
979 485 1219 542 sacrario
1256 483 1490 545 vivunt;
1523 487 1578 534 et
1617 478 1712 551 qui
1742 479 1936 535 altario
1984 481 2072 536 de-

487 566 756 645 serviunt,
788 577 855 633 de
910 576 1114 632 altario
1158 566 1603 645 participantur?
1647 590 1665 613 ι
1712 568 1769 622 In
1821 570 2073 625 sacrariis

488 671 659 743 legem
680 665 967 740 gentilium
985 661 1276 735 signiﬁcat;
1296 660 1351 713 in
1365 656 1561 713 altario
1576 671 1725 722 vero,
1738 656 2072 712 Iudaeorum.

486 757 580 815 Sic
615 772 762 812 enim
810 754 1055 811 decrevit
1098 749 1366 807 Dominus
1414 761 1509 818 per
1553 745 1777 816 Moysen
1804 752 1866 799 ut
1913 745 1979 800 de
2009 744 2077 800 iis

488 863 610 922 quae
667 844 850 899 oblata
913 847 1086 906 erant,
1152 842 1359 908 partem
1433 840 1709 889 sumerent
1773 832 2077 891 sacerdotes

490 936 673 1009 (Deut.
706 948 868 997 xvm,
897 928 977 999 3).

562 1045 747 1117 (Vers.
801 1042 914 1110 14.)
976 1065 996 1089 ε
1052 1042 1133 1098 Ita
1178 1047 1232 1096 et
1280 1037 1549 1095 Dominus
1595 1038 1750 1093 Jesus
1800 1037 2079 1093 ordinavit

489 1150 603 1200 eos,
634 1133 728 1206 qui
759 1130 1117 1201 Evangelium
1150 1127 1502 1194 annuntiant,
1552 1125 1619 1182 de
1656 1127 1956 1196 Evangelio
1984 1127 2077 1182 vi-

485 1239 636 1280 vere.
671 1247 689 1270 ι
726 1220 846 1276 Νοη
880 1234 1007 1291 ergo
1053 1219 1197 1274 Deus
1246 1232 1343 1288 per
1372 1217 1596 1287 Moysen
1653 1215 1939 1286 gentilium
1972 1216 2079 1272 for-

488 1328 636 1370 mam
680 1317 900 1367 secutus
946 1316 1059 1362 est:
1111 1305 1205 1361 sed
1236 1305 1352 1376 ipsa
1392 1304 1659 1359 naturalis
1690 1300 1828 1359 ratio
1857 1304 1961 1360 hoc
1988 1304 2081 1360 ha-

487 1400 600 1467 bet,
652 1406 715 1455 ut
756 1398 880 1471 quis
924 1393 1052 1450 inde
1098 1392 1269 1460 vivat,
1324 1391 1419 1447 ubi
1479 1391 1708 1448 laborat.
1751 1391 1903 1447 Hanc
1956 1408 2081 1464 ergo

492 1488 762 1546 rationem
794 1484 899 1556 ipsi
923 1490 1133 1539 natura:
1161 1489 1217 1537 et
1244 1479 1646 1537 conversationi
1679 1479 1931 1537 humana:
1963 1482 2079 1554 (65)

489 1575 753 1633 decrevit.
802 1573 929 1628 Haec
973 1578 1157 1627 tamen
1206 1568 1275 1626 ad
1320 1568 1603 1625 cumulum
1650 1567 1831 1625 adhuc
1857 1568 2083 1641 addens,

494 1672 684 1737 gravat
713 1676 965 1726 causam;
1002 1666 1065 1714 ut
1095 1673 1203 1713 non
1246 1659 1365 1712 leve
1411 1656 1576 1712 faciat
1605 1672 1781 1729 neque
1809 1657 2084 1728 odiosum,

2181 480 2285 536 sibi
2321 494 2643 556 praeceptum
2669 494 2767 541 est.

2256 569 2437 637 (Vers.
2493 574 2600 643 l8.)
2659 597 2678 619 ι
2722 574 2851 641 Quae
2908 588 3035 645 ergo
3087 568 3192 626 erit
3245 583 3367 623 mea
3410 566 3662 621 merces?
3701 566 3770 623 Ut

2184 657 2546 728 Evangelium
2579 662 2934 728 annuntians,
2957 661 3073 715 sine
3098 665 3318 728 sumptu
3341 654 3570 711 efﬁciam
3590 655 3769 709 Evan-

2187 745 2386 817 gelium
2405 764 2418 813 ;
2439 756 2501 802 ut
2528 764 2635 803 non
2664 748 2856 803 abutar
2886 755 3147 820 potestate
3180 762 3299 802 mea
3319 744 3374 798 in
3396 743 3717 813 Evangelio.
3739 769 3757 790 -

2187 835 2448 907 Repressa
2489 838 2780 894 verborum
2821 837 3083 908 jactantia
3128 835 3409 908 gloriatur,
3441 842 3496 889 et
3524 835 3645 889 vult
3673 833 3769 888 in-

2185 924 2362 995 telligi
2411 934 2612 999 quanta
2649 925 2849 997 dignus
2898 924 3149 981 mercede
3188 926 3280 992 sit,
3335 924 3461 996 quia
3502 929 3771 996 potestate

2189 1029 2288 1069 sua
2326 1029 2436 1068 non
2481 1015 2657 1069 utitur
2698 1015 2754 1069 in
2788 1014 3107 1085 Evangelio,
3139 1012 3268 1069 dum
3311 1011 3514 1084 respuit
3554 1012 3773 1067 oblatos

2189 1111 2459 1175 sumptus,
2506 1120 2573 1158 ne
2620 1104 2731 1158 vim
2776 1103 3180 1175 praedicationis
3221 1101 3493 1157 humiliet.
3531 1101 3647 1156 Hoc
3689 1109 3774 1157 est

2189 1191 2374 1260 licere,
2421 1193 2515 1247 sed
2550 1208 2659 1247 non
2690 1193 2947 1264 expedire
2996 1200 3212 1263 propter
3249 1190 3479 1245 salutem
3514 1188 3770 1255 fratrum,

2189 1286 2253 1335 ut
2281 1282 2646 1351 corrigantur.
2670 1282 2868 1336 Forma
2895 1297 3022 1353 ergo
3053 1281 3175 1335 vult
3201 1295 3316 1335 esse
3345 1277 3573 1344 caeteris,
3590 1285 3653 1332 ut
3677 1275 3772 1331 ubi

2190 1369 2384 1426 vident
2422 1387 2531 1425 non
2557 1370 2836 1442 expedire,
2876 1370 3039 1425 etiam
3073 1369 3247 1425 licitis
3286 1383 3397 1423 non
3428 1373 3691 1422 utantur:
3725 1365 3772 1422 si

2191 1459 2508 1533 quominus,
2527 1461 2593 1516 de
2612 1460 2765 1516 licito
2795 1459 2927 1515 ﬁent
2958 1459 3035 1514 rei
3070 1460 3185 1530 (69)
3212 1477 3225 1514 :
3256 1457 3403 1531 quod
3424 1458 3505 1513 sic
3521 1463 3772 1525 sumunt,

2191 1557 2255 1606 ut
2283 1550 2349 1605 ad
2378 1549 2769 1606 detrimentum
2803 1549 3073 1621 proﬁciat.

2264 1639 2446 1710 (Vers.
2492 1640 2604 1709 19.)
2658 1662 2676 1684 ε
2714 1640 2846 1694 Nam
2893 1654 3017 1693 cum
3058 1637 3198 1692 liber
3236 1637 3340 1692 sim
3376 1651 3444 1691 ex
3493 1635 3776 1705 omnibus,

489 1723 635 1826 quod
668 1748 838 1806 tantis
880 1723 1213 1804 testimoniis
1250 1744 1631 1802 commendat:
1679 1723 1733 1800 et
1760 1752 1941 1802 tamen
1974 1723 2079 1804 non

2191 1727 2421 1784 onnium
2469 1744 2553 1782 me
2598 1743 2817 1781 servum
2872 1726 2998 1792 feci,
3031 1733 3091 1780 ut
3122 1726 3303 1797 plures
3351 1723 3706 1780 lucrifaciam.
3741 1749 3763 1774 ι

487 1838 597 1896 sibi
648 1836 911 1911 proﬁcere
957 1835 1101 1905 vult,
1140 1849 1210 1889 ne
1244 1832 1551 1889 libertatem
1580 1833 1842 1905 arguendi
1888 1833 2084 1890 humi—

487 1926 608 1987 liet.

562 2040 745 2113 (Vera.
782 2038 897 2109 15.)
923 2062 943 2086 ι
964 2039 1081 2111 Ego
1100 2044 1287 2093 autem
1316 2038 1474 2095 nullo
1504 2036 1703 2095 horum
1733 2055 1867 2095 usus
1881 2056 2025 2096 sum.
2049 2065 2069 2089 ι

488 2130 784 2202 Postquam
819 2128 1009 2183 multis
1040 2127 1217 2183 modis
1244 2125 1485 2182 ostendit
1512 2125 1675 2182 licere
1700 2126 2084 2199 accipere,sibi

489 2230 677 2279 tamen
725 2236 839 2277 non
883 2236 1022 2293 opus
1065 2234 1216 2285 esse;
1254 2218 1407 2273 obest
1436 2217 1585 2273 enim
1624 2217 1867 2290 accipere
1891 2235 1921 2273 a
1951 2234 2085 2290 pec-

491 2310 769 2377 cantibus,
796 2308 941 2366 sicut
979 2324 1143 2380 supra
1168 2305 1490 2362 memoravi.
1521 2329 1541 2354 ι
1581 2306 1703 2361 Νοη
1732 2313 1911 2361 autem
1944 2304 2083 2360 scri-

491 2401 579 2474 psi
631 2399 768 2468 hzec,
813 2407 878 2455 ut
906 2398 984 2454 ita
1012 2397 1107 2453 ﬁat
1138 2398 1195 2453 in
1236 2412 1363 2460 me;
1396 2395 1601 2451 bonum
1632 2402 1713 2450 est
1746 2394 1893 2450 enim
1945 2394 2083 2451 mihi

490 2488 668 2558 magis
698 2487 859 2542 mori.
891 2486 1065 2541 Nemo
1095 2484 1323 2555 gloriam
1357 2498 1532 2538 meam
1569 2482 1857 2539 evacuabit
1880 2483 2018 2555 (66).
2051 2510 2071 2532 ι

491 2578 740 2635 Gloriam
782 2591 936 2632 suam
992 2574 1129 2630 dicit
1170 2574 1226 2628 in
1275 2589 1360 2641 eo,
1409 2572 1456 2628 si
1489 2572 1777 2643 Evangelii
1824 2573 2085 2630 severitas

493 2672 747 2721 maneat:
782 2670 837 2719 et
866 2661 1006 2717 mori
1042 2660 1212 2732 magis
1232 2660 1417 2730 elegit,
1457 2677 1621 2734 quam
1652 2662 1936 2732 Evangelii
1959 2661 2086 2732 jura

492 2754 723 2821 violare,
756 2751 935 2809 sciens
964 2748 1072 2807 hoc
1105 2749 1210 2806 sibi
1244 2740 1417 2823 magis
1443 2750 1705 2822 proﬁcere
1734 2750 1801 2806 ad
1841 2751 2083 2808 futuram

494 2842 751 2898 salutem.
800 2839 1060 2896 Debitum
1104 2839 1254 2894 enim
1285 2838 1610 2911 obsequium
1640 2838 1835 2895 abnuit
1880 2839 1949 2896 ab
1997 2840 2083 2895 his

492 2929 601 2986 sibi
647 2925 933 2999 impendi;
976 2941 1046 2981 ne
1078 2941 1175 2997 per
1218 2924 1326 2982 hoc
1369 2926 1643 2998 accipiant
1683 2925 1944 2984 ﬁduciam
1991 2927 2081 2985 de-

496 3014 812 3090 linquendi.

2192 1816 2355 1872 Liber
2383 1832 2454 1871 ex
2483 1816 2742 1871 omnibus
2769 1823 2871 1882 est,
2902 1831 3027 1870 cum
3054 1813 3197 1868 nulli
3225 1813 3283 1868 in
3310 1812 3623 1869 adulatione
3650 1821 3778 1869 tra-

2190 1904 2334 1960 didit
2350 1904 2706 1975 Evangelium
2717 1947 2731 1972 ,
2746 1920 2847 1961 nec
2860 1902 3180 1974 cujusquam
3198 1910 3392 1972 praeter
3404 1901 3632 1957 salutem
3654 1902 3774 1973 (70)

2192 1993 2401 2066 aliquid
2426 1993 2765 2065 concupivit,
2806 2007 2982 2063 neque
3012 1990 3079 2045 ad
3109 1990 3336 2046 delicias
3386 1988 3661 2046 habendas
3707 1989 3775 2046 ab

2192 2084 2379 2157 aliquo
2426 2092 2678 2156 sumptus
2726 2083 2984 2154 largiores
3012 2081 3260 2137 mercede
3289 2080 3597 2152 hypocrisis
3627 2095 3777 2138 acce-

2191 2172 2293 2245 pit.
2321 2173 2548 2229 Servum
2580 2180 2760 2228 autem
2783 2171 2863 2228 sic
2891 2188 2947 2227 se
2975 2171 3223 2226 omnium
3248 2170 3452 2227 factum
3467 2168 3777 2237 dicit,dum

2191 2277 2248 2316 se
2289 2278 2386 2333 per
2438 2261 2807 2317 humilitatem
2837 2259 3073 2316 similem
3110 2259 3356 2315 omnium
3399 2267 3579 2315 mente
3608 2258 3778 2315 imbe-

2192 2348 2404 2406 cillium
2451 2349 2743 2415 exhibuit;
2792 2359 2852 2406 ut
2896 2366 2989 2405 eos
3035 2364 3130 2421 per
3160 2348 3478 2419 patientiam
3531 2345 3778 2403 ﬁrmaret

2191 2438 2261 2495 ad
2284 2440 2513 2494 salutem
2546 2439 2809 2507 futuram,
2839 2438 3139 2495 confovens
3167 2438 3381 2494 animos
3427 2437 3648 2493 illorum
3679 2438 3777 2510 qui

2193 2537 2288 2585 aut
2315 2530 2634 2601 peccabant,
2665 2540 2760 2588 aut
2791 2547 2876 2586 res
2902 2530 3122 2585 divinas
3138 2529 3349 2585 tardius
3372 2528 3773 2601 sequebantur;

2191 2624 2254 2673 ut
2280 2634 2388 2673 non
2417 2635 2603 2690 aspere
2633 2620 2838 2676 ferrent
2869 2618 3192 2691 reprehendi
3223 2635 3299 2675 se.

2266 2707 2447 2778 (Vera.
2490 2708 2606 2781 20.)
2658 2732 2677 2755 ι
2722 2710 2793 2765 Et
2853 2710 3028 2765 factus
3083 2725 3204 2764 sum
3260 2707 3464 2763 Judaeis
3513 2714 3776 2780 tanquam

2191 2792 2431 2862 Iudaeus,
2484 2803 2545 2850 ut
2590 2796 2805 2852 Judaeos
2850 2797 3244 2852 lucrifacerem.
3287 2820 3307 2845 ι
3349 2795 3581 2852 Videtur
3617 2795 3777 2867 quasi

2190 2880 2477 2937 simulasse
2504 2883 2647 2953 (71),
2669 2892 2730 2939 ut
2749 2884 3007 2939 omnibus
3027 2883 3180 2939 ﬁeret
3203 2883 3407 2949 omnia,
3428 2881 3573 2954 quod
3593 2883 3781 2939 solent

2191 2968 2498 3026 adulatores
2547 2972 2754 3039 facere;
2801 2973 2896 3028 sed
2944 2988 3055 3029 non
3084 2972 3159 3030 ita
3185 2980 3299 3028 est:
3331 2970 3418 3026 vir
3443 2970 3593 3026 enim
3625 2969 3780 3026 divi-

2191 3075 2296 3116 nus
2324 3068 2378 3116 et
2416 3062 2663 3120 medicus
2700 3065 2986 3136 spiritalis,
3019 3064 3194 3121 sciens
3232 3063 3476 3119 omnium
3502 3078 3699 3119 causas
3725 3071 3779 3119 et

570 3132 756 3223 (Vera.
954 3154 975 3180 ι
1001 3131 1137 3190 Nam
1168 3131 1215 3223 si
1250 3133 1639 3223 evangelizem.
1667 3150 1778 3223 non
1817 3143 1901 3191 est
1943 3133 2079 3191 mihi

2192 3149 2447 3214 vulnera,
2479 3167 2675 3222 magna
2696 3131 2979 3208 industria?
3000 3153 3258 3209 confovet
3283 3152 3407 3208 illos
3433 3158 3490 3207 et
3513 3152 3778 3223 compati-

494 3221 751 3295 gloriatio
784 3221 941 3293 (67);
992 3220 1283 3278 necessitas
1328 3221 1476 3277 enim
1535 3221 1675 3278 mihi
1730 3222 2019 3280 incumbit.
2052 3248 2071 3272 ι

494 3310 650 3369 Sicut
686 3309 825 3367 dicit
872 3309 1184 3369 Dominus:
1246 3334 1266 3359 ι
1311 3310 1448 3369 Cum
1495 3311 1740 3369 feceritis
1795 3328 1914 3385 quas
1961 3312 2084 3369 dico

494 3398 675 3468 vobis,
720 3397 926 3456 dicite:
973 3399 1127 3457 Servi
1170 3399 1397 3456 inutiles
1431 3416 1656 3457 sumus:
1706 3400 1853 3473 quod
1881 3400 2085 3457 debui-

492 3500 618 3541 mus
645 3484 845 3551 facere,
864 3485 1097 3542 fecimus
1114 3488 1265 3556 (Luc.
1287 3503 1428 3553 xvn,
1461 3486 1598 3556 l0).-
1625 3510 1644 3534 ι
1666 3488 1763 3544 Vae
1790 3487 1938 3543 enim
1958 3488 2082 3557 erit,

492 3570 698 3642 inquit,
743 3571 904 3638 mihi,
952 3572 1001 3627 si
1042 3588 1154 3628 non
1206 3573 1574 3644 praedicavero
1629 3574 2011 3646 Evangelium.
2053 3600 2071 3624 ι

492 3658 695 3718 Missus
719 3659 867 3715 enim
915 3675 1106 3717 servus
1134 3676 1166 3717 a
1193 3660 1423 3718 domino
1453 3660 1605 3730 facit,
1638 3662 1801 3718 etiam
1851 3664 2081 3733 invitus,

491 3745 642 3820 quod
661 3744 769 3801 sibi
790 3755 1121 3819 praeceptum
1149 3758 1230 3807 est
1254 3768 1267 3805 :
1298 3751 1344 3807 si
1373 3750 1693 3825 quominus,
1716 3750 2085 3822 adstringatur

493 3834 673 3908 plagis
718 3850 937 3892 necesse
971 3845 1072 3895 est.
1123 3840 1373 3914 Denique
1399 3842 1615 3914 Moyses
1646 3840 1855 3897 invitus
1888 3840 2085 3897 missus

492 3932 577 3981 est
604 3924 672 3981 ad
700 3923 1037 3983 Pharaonem
1071 3928 1274 4000 (Exod.
1310 3947 1390 3998 IV,
1426 3931 1551 4002 13);
1583 3939 1639 3989 et
1669 3930 1833 3988 Jonas
1866 3941 2086 3989 coactus

490 4018 576 4068 est
601 4010 897 4085 praedicare
924 4015 1194 4074 Ninivitis
1226 4017 1398 4089 (J0me
1422 4036 1463 4087 ι,
1494 4019 1574 4091 3).

576 4131 719 4189 142
746 4131 926 4203 (Vers.
966 4133 1081 4204 17η)
1121 4156 1141 4180 α
1169 4132 1304 4189 Nam
1335 4133 1380 4189 si
1415 4133 1608 4189 volens
1653 4133 1761 4192 hoc
1796 4151 1915 4207 ago,
1948 4153 2084 4194 mer-

489 4221 680 4281 cedem
724 4222 918 4277 habeo.
950 4247 969 4270 -
1010 4221 1361 4278 Manifestum
1407 4231 1487 4279 est
1534 4223 1664 4296 quia
1691 4238 1857 4279 nemo
1887 4225 2086 4297 accipit

488 4308 992 4368 remunerationem
1047 4309 1166 4380 ejus
1220 4310 1319 4378 rei,
1372 4327 1535 4383 quam
1593 4310 1802 4368 invitus
1849 4312 1977 4384 agit.
2027 4312 2083 4368 Si

490 4401 639 4457 enim
687 4395 1055 4464 voluntarius,
1098 4396 1298 4467 dignus
1336 4399 1583 4456 mercede
1611 4408 1730 4468 est;
1777 4400 1908 4472 quia
1942 4416 2085 4457 con-

2193 3242 2311 3291 tur:
2345 3254 2470 3294 cum
2501 3240 2759 3295 omnibus
2787 3241 2934 3295 enim
2982 3240 3302 3297 hominibus
3330 3240 3574 3312 quaedam
3606 3239 3775 3295 habe-

2194 3339 2316 3379 mus
2361 3328 2693 3382 communia.
2747 3329 2943 3384 Factus
2981 3338 3062 3385 est
3103 3345 3229 3400 ergo
3275 3327 3479 3385 Judais
3515 3336 3773 3399 tanquam

2193 3410 2441 3480 Iudaeus;
2488 3415 2618 3485 quia
2659 3426 2880 3489 propter
2921 3417 3237 3473 scandalum
3278 3418 3501 3472 illorum
3543 3416 3777 3473 circum-

2193 3499 2331 3557 cidit
2359 3502 2707 3560 Timotheum
2732 3507 2873 3576 (Act.
2906 3522 3025 3573 xvr,
3052 3506 3131 3577 3),
3163 3514 3217 3562 et
3245 3505 3565 3577 puriﬁcatus
3592 3520 3777 3561 ascen-

2193 3587 2275 3644 dit
2302 3590 2359 3644 in
2390 3594 2678 3662 templum,
2708 3608 2776 3648 ne
2799 3595 3138 3650 occasionem
3186 3609 3281 3664 per
3311 3610 3437 3649 eum
3465 3594 3777 3665 acciperent

2192 3680 2605 3754 blasphemandi
2655 3687 2795 3758 (Act.
2825 3704 2943 3755 xxx,
2975 3687 3089 3757 26).
3132 3688 3263 3743 Rem
3296 3703 3423 3758 ergo
3453 3686 3606 3754 fecit,
3654 3703 3779 3759 quas

2187 3768 2301 3841 jam
2323 3789 2529 3829 cessare
2548 3775 2793 3843 deberet,
2821 3776 2915 3832 sed
2941 3775 3239 3832 secundum
3272 3775 3621 3847 legem-fecit.
3638 3776 3776 3831 Nam

2194 3867 2248 3914 et
2271 3862 2545 3918 consensit
2575 3863 2687 3919 illis
2719 3866 2889 3936 legem
2932 3880 3049 3921 esse
3085 3881 3114 3920 a
3145 3866 3259 3920 Deo
3295 3872 3349 3919 et
3379 3864 3691 3936 prophetas,
3724 3871 3779 3919 et

2194 3947 2261 4004 de
2298 3950 2410 4006 illis
2438 3952 2677 4009 ostendit
2697 3953 2976 4010 Christum
3006 3954 3154 4010 hunc
3179 3969 3317 4021 esse,
3348 3952 3444 4027 qui
3471 3952 3778 4024 promissus

2194 4046 2310 4095 est:
2344 4049 2405 4096 ut
2436 4057 2686 4098 assensus
2714 4042 2831 4113 ejus
2858 4043 3083 4099 haberet
3107 4042 3381 4099 effectum.

2267 4127 2447 4197 (Vers.
2480 4128 2594 4199 21.)
2639 4152 2658 4175 ι
2689 4130 2760 4185 lis
2780 4130 2873 4201 qui
2904 4131 3005 4186 sub
3036 4132 3151 4202 lege
3170 4138 3319 4198 sunt,
3346 4129 3501 4202 quasi
3531 4129 3637 4185 sub
3658 4131 3776 4203 lege

2192 4232 2363 4273 essem
2394 4218 2685 4297 (eumipsa
2717 4236 2825 4275 non
2854 4220 2958 4276 sim
3004 4221 3106 4276 sub
3137 4222 3298 4292 lege),
3328 4228 3392 4275 ut
3421 4236 3513 4275 eos
3540 4220 3636 4293 qui
3671 4219 3775 4276 sub

2194 4306 2309 4379 lege
2337 4316 2485 4376 sunt,
2516 4309 2909 4368 lucrifacerem.
2931 4336 2949 4359 n
2982 4311 3025 4367 Ii
3055 4311 3148 4383 qui
3170 4310 3272 4366 sub
3295 4312 3404 4381 lege
3431 4318 3563 4364 sunt
3592 4309 3778 4365 Sama-

2193 4395 2356 4452 ritani
2387 4408 2715 4464 noscuntur;
2738 4400 2907 4471 legem
2924 4400 3069 4457 enim
3094 4400 3264 4455 solam
3295 4397 3593 4469 accipiunt,
3617 4397 3675 4452 id
3693 4404 3775 4453 est

490 4489 661 4544 sentit
695 4486 954 4543 domino:
1006 4492 1061 4540 et
1107 4485 1253 4558 quod
1292 4486 1576 4543 voluntate
1627 4487 1709 4557 ﬁt,
1754 4489 1951 4545 melius
1994 4490 2076 4548 ﬁt.
2107 4483 2155 4543 D
2187 4486 3774 4562 quinquelibrosMoysi.SuntautemexoriginePersarum

505 4597 528 4623 ι
551 4574 609 4629 Si
648 4582 832 4630 autem
864 4572 1096 4639 invitus,
1125 4572 1463 4646 dispensatio
1503 4575 1641 4631 mihi
1670 4576 1877 4633 credita
1906 4586 2005 4634 est.
2042 4604 2063 4629 ι

488 4662 603 4720 Nec
629 4663 735 4721 hoc
780 4662 1074 4721 obscurum
1116 4670 1218 4732 est,
1249 4663 1381 4736 quia
1420 4664 1516 4738 qui
1545 4664 1840 4723 indevotus
1865 4667 2077 4740 aliquid

490 4748 646 4822 facit,
697 4768 811 4809 non
870 4755 1151 4811 voluntate
1206 4754 1362 4820 facit,
1409 4754 1504 4812 sed
1548 4757 1887 4813 necessitate.
1937 4755 2077 4823 Quia

566 4971 684 5044 (65)
717 4971 851 5031 Cod.
876 4970 1063 5038 Corb.,
1092 4971 1209 5043 ipsa
1224 4979 1422 5044 natura
1448 4980 1494 5027 et
1511 4975 1833 5030 conversatio
1847 4975 2077 5034 humana

491 5043 737 5099 decrevit.
784 5044 858 5098 Et
905 5050 1026 5113 post
1072 5059 1241 5114 pauca
1285 5043 1430 5099 idem
1464 5060 1560 5100 ms.
1598 5061 1724 5101 cum
1753 5046 1879 5101 aliis
1925 5062 2076 5104 non—

492 5115 685 5183 nullis,
717 5130 879 5185 neque
907 5114 1154 5185 otiosum,
1176 5116 1317 5184 quod
1344 5115 1527 5179 tantis,
1557 5124 1662 5171 etc.

568 5186 691 5268 (66)Δ
715 5186 796 5242 Ita
824 5200 953 5264 mss.
987 5184 1170 5267 plures
1213 5200 1276 5240 ac
1316 5186 1559 5268 melioris
1589 5194 1763 5268 notas:
1796 5188 1892 5243 alii
1922 5206 2074 5268 vero,

490 5264 548 5313 et
583 5257 742 5325 adit.,
790 5257 957 5327 magis
1000 5257 1161 5322 mori,
1203 5271 1362 5327 quam
1388 5262 1449 5313 ut
1492 5257 1719 5329 gloriam
1744 5275 1912 5317 meam
1958 5257 2077 5333 quis

495 5336 859 5484 “(66%.Vet.
906 5397 1040 5459 edit.
1078 5413 1207 5456 cum
1266 5399 1455 5474 paucis
1487 5416 1640 5470 mss.,
1688 5416 1794 5458 non
1834 5409 1909 5459 est
1945 5405 2076 5461 mihi

493 5479 696 5615 "((6:3)
731 5544 933 5601 Omnes
977 5543 1111 5600 edit.
1164 5544 1453 5600 voluntatis
1483 5561 1592 5600 sua:
1616 5560 1721 5599 non
1741 5553 1848 5613 est;
1885 5554 2077 5604 contra

493 5622 629 5698 vero
656 5628 788 5701 mss.
806 5631 973 5693 prope
992 5615 1060 5675 ad
1080 5630 1250 5706 unum
1258 5658 1274 5687 ,
1301 5618 1573 5693 potestatis
1591 5633 1721 5685 suae,
1742 5625 1847 5675 etc.
1873 5619 2075 5679 lterum

2184 4581 2237 4630 et
2266 4577 2640 4648 Assyriorum,
2668 4594 2805 4651 quos
2835 4594 2927 4633 rex
2958 4578 3332 4649 Assyriorum,
3367 4578 3597 4635 sublatis
3636 4576 3773 4631 ﬁliis

2185 4666 2348 4724 Israel
2367 4668 2422 4724 in
2446 4670 2843 4741 captivitatem,
2859 4669 3042 4742 posuit
3054 4669 3121 4724 ad
3144 4669 3432 4726 incolenda
3452 4670 3571 4725 loca
3587 4666 3775 4724 Sama-

2185 4755 2349 4829 νίκα
2361 4758 2537 4828 VReg.
2569 4774 2709 4826 xvn,
2724 4760 2803 4829 6);
2835 4760 2959 4815 ideo
2975 4766 3028 4814 et
3049 4759 3231 4829 ignem
3257 4760 3446 4815 colunt
3468 4772 3619 4813 more
3646 4757 3774 4811 Per-

2185 4982 2366 5032 autem
2404 4976 2500 5032 ubi
2546 4991 2670 5033 cum
2724 4983 2835 5031 vet.
2881 4975 3012 5031 edit.
3045 4991 3109 5031 ac
3144 4991 3273 5031 mss.
3308 4973 3483 5028 multo
3512 4970 3776 5043 pluribus

2186 5047 2524 5103 restituimus
2575 5046 2787 5118 efﬁciam
2833 5048 3212 5117 Evangelium;
3268 5048 3420 5101 Rom.
3455 5044 3589 5118 elit.
3642 5058 3773 5098 cum

2185 5134 2296 5173 uno
2325 5128 2419 5175 aut
2446 5115 2622 5173 altero
2648 5133 2746 5172 ms.
2782 5115 3035 5181 mutarat,
3056 5135 3250 5188 ponam
3288 5115 3658 5186 Evangelium.

2283 5190 2375 5262 69)
2405 5189 2665 5262 Nonnulli
2696 5205 2848 5260 mss.,
2880 5192 3062 5245 delicto
3101 5191 3234 5262 ﬁunt
3264 5188 3360 5243 rei.
3486 5206 3499 5215 '

2285 5193 2351 5249 69
2405 5193 2665 5247 Nonnulli
2696 5205 2848 5260 mss.,
2880 5193 3062 5245 delicto
3101 5193 3234 5262 ﬁunt
3264 5193 3360 5243 rei.
3486 5206 3499 5215 '

2285 5193 2375 5335 7ος
2405 5262 2532 5318 Mss.
2563 5258 2791 5333 aliquot,
2822 5278 2982 5334 neque
3009 5262 3321 5333 cujusquam
3362 5265 3585 5331 propter
3608 5260 3779 5317 saltt-

2187 5338 2376 5530 ῑῗξὲί)
2419 5405 2543 5490 Yet.
2586 5405 2717 5462 edit.
2761 5422 2825 5463 ac
2867 5422 2994 5487 mss.
3037 5404 3183 5461 haud
3204 5402 3403 5530 Bauci:
3440 5403 3561 5484 Non
3605 5404 3776 5482 quasi

2187 5493 2237 5530 ut
2304 5482 2391 5530 tur
2417 5478 2727 5530 simulasse:
2772 5478 2967 5530 melius
2992 5486 3178 5530 tamen
3253 5491 3365 5530 om.
3392 5474 3525 5530 edit.
3558 5472 3776 5530 alimus

2184 5472 2391 5547 videtur
2417 5478 2691 5533 simulasse
2714 5495 2727 5545 ;
2772 5478 2967 5533 melius
2992 5486 3178 5534 tamen
3205 5472 3365 5534 Rom.
3392 5474 3525 5531 edit.
3558 5472 3782 5547 aliique

2185 5546 2305 5602 cod.
2339 5557 2658 5621 expungunt
2685 5548 3050 5620 negationem.
