4112 6178
345 313 455 373 245

1428 323 1786 382 COMMENT.
1829 326 1900 383 IN
1936 326 2152 383 EPIST.
2194 329 2217 384 Ι
2255 329 2348 384 AD
2386 329 2541 387 COR.

3511 344 3621 403 2&6

350 458 551 499 sarum.
574 442 672 499 His
700 459 825 516 ergo
846 447 1159 517 Apostolus,
1181 446 1311 502 dum
1345 464 1457 503 non
1488 450 1718 520 negabat
1749 452 1918 521 legem
1952 452 2002 510 A
2030 453 2223 522 Magna
2270 469 2361 524 spe
2407 469 2620 509 currere
2679 472 2734 511 se
2784 458 3088 530 proﬁtetur,
3139 470 3344 519 certum
3395 463 3616 526 habens

351 547 464 588 esse
516 549 547 586 a
602 535 737 602 Deo,
795 535 956 591 ﬁebat
1011 537 1158 608 quasi
1199 537 1299 592 sub
1330 539 1474 609 lege:
1509 539 1601 594 sed
1631 557 1698 594 ex
1724 557 1785 595 ea
1815 541 1927 595 illis

351 618 470 674 miti
529 621 701 677 verbo
732 623 848 693 (72)
889 624 1169 681 Christum
1209 626 1626 697 intelligendum
1660 628 1925 694 tradebat,

347 707 490 764 sicut
527 716 582 764 et
630 710 963 768 Samaritana
1009 714 1124 782 illa,
1161 731 1282 786 quae
1311 715 1456 770 dixit
1484 716 1552 770 ad
1581 717 1878 771 Dominum
1913 731 1924 770 :

359 819 380 844 ι
409 797 536 854 Scio
582 801 711 872 quia
753 802 972 859 Messias
1006 806 1160 860 venit
1210 806 1392 875 (Joan.
1440 822 1519 873 1v,
1546 805 1682 876 25);
1712 831 1731 854 ι
1772 805 1931 862 docta

346 901 445 957 per
469 888 660 960 legem.

436 1003 455 1026 ι
474 979 545 1035 lis
574 981 667 1052 qui
697 981 813 1038 sine
841 983 961 1053 lege
991 983 1299 1055 sunt,quasi
1324 984 1440 1040 sine
1470 985 1582 1056 lege
1601 985 1924 1053 essem(cum

345 1066 463 1122 sine
492 1067 607 1140 lege
635 1086 747 1125 non
779 1087 953 1125 essem
987 1071 1106 1139 Dei,
1140 1072 1233 1127 sed
1262 1072 1314 1126 in
1348 1073 1461 1142 lege
1490 1088 1658 1127 essem
1693 1072 1922 1142 Christi)

343 1165 406 1213 ut
434 1173 528 1214 eos
561 1158 658 1231 qui
698 1158 815 1214 sine
839 1161 948 1229 lege
969 1169 1113 1227 sunt,
1145 1160 1536 1215 lucrifacerem.
1563 1186 1581 1208 ι
1628 1161 1741 1216 Hoc
1768 1161 1923 1229 dicit,

345 1246 498 1317 quia,
529 1263 653 1302 cum
686 1247 740 1302 in
767 1247 876 1318 lege
905 1247 1106 1304 Christi
1129 1248 1294 1314 est,in
1325 1248 1439 1320 lege
1466 1249 1561 1304 Dei
1596 1258 1694 1316 est,
1719 1249 1924 1306 Christi

345 1343 452 1403 est,
494 1335 635 1392 sicut
691 1335 863 1391 dixit:
938 1362 956 1383 ι
987 1336 1184 1392 Omnia
1227 1353 1345 1393 mea
1393 1346 1486 1393 tua
1536 1346 1684 1406 sunt,
1725 1346 1778 1394 et
1832 1348 1926 1394 tua

345 1441 466 1481 mea
497 1427 978 1496 (Joan.xvu,10).-
1021 1458 1090 1469 —
1133 1453 1151 1475 ι
1172 1428 1241 1484 Ut
1267 1443 1358 1483 eos
1386 1427 1479 1498 qui
1519 1427 1923 1499 sinelegesunt,

344 1513 742 1570 lucrifacerem.
768 1539 786 1561 ι
828 1517 966 1571 Dum
999 1516 1143 1571 enim
1175 1516 1401 1572 assentit
1432 1515 1563 1585 illis,
1590 1517 1646 1573 id
1676 1525 1756 1572 est
1785 1533 1926 1589 gen-

342 1601 716 1675 tilibus,juxta
746 1603 1031 1676 physicam
1066 1603 1332 1660 rationem
1376 1604 1642 1660 mundum
1674 1605 1873 1662 factum
1895 1621 1928 1660 a

345 1690 478 1761 Deo,
522 1700 575 1748 et
601 1709 721 1766 quae
753 1693 810 1748 in
840 1709 903 1748 eo
940 1702 1090 1761 sunt,
1135 1702 1189 1749 et
1220 1696 1455 1750 animam
1485 1713 1596 1752 esse
1634 1695 1928 1752 immorta-

2038 540 2169 611 quid
2211 541 2282 595 sit
2321 542 2667 612 promissum.
2716 567 2734 590 ε
2759 546 2847 602 Sic
2871 563 3072 619 pugno,
3107 567 3216 606 non
3249 554 3403 624 quasi
3434 571 3614 614 aerem

2038 629 2270 685 caedens.
2307 656 2325 678 ι
2371 631 2487 688 Hoc
2521 640 2620 699 est,
2652 649 2762 688 non
2795 637 2974 693 verbis
3005 641 3196 712 magis,
3235 643 3330 698 sed
3356 643 3423 699 de
3453 645 3614 703 rebus

2039 719 2329 774 contendo.

2123 832 2143 855 ι
2176 809 2280 864 Sed
2308 809 2513 881 castigo
2533 827 2729 884 corpus
2759 824 3018 882 meum,et
3051 819 3298 875 servituti
3319 821 3600 894 subjicio.»

2039 897 2314 970 Castigare
2366 915 2566 970 corpus
2609 909 2690 956 est
2707 900 2936 972 jejuniis
2964 903 3100 959 illud
3132 923 3322 977 angere
3355 911 3470 981 (74)
3513 928 3524 966 :
3559 918 3616 968 et

2044 985 2136 1041 illa
2165 987 2213 1041 ei
2245 987 2394 1051 dare,
2418 1003 2538 1058 quae
2564 987 2632 1042 ad
2662 988 2833 1044 vitam
2864 991 3284 1062 proﬁciant,non
3307 996 3372 1050 ad
3396 999 3611 1056 luxum.

2037 1074 2300 1130 Servituti
2347 1090 2477 1129 vero
2527 1074 2855 1145 subjicitur;
2901 1079 3031 1133 dum
3066 1097 3172 1134 non
3206 1099 3357 1136 suam
3385 1086 3615 1154 perﬁcit,

2035 1162 2127 1217 sed
2147 1162 2374 1233 spiritus
2406 1163 2772 1218 voluntatem.
2826 1188 2844 1211 ι
2885 1166 2961 1219 Ne
2997 1166 3138 1222 forte
3167 1169 3290 1222 aliis
3320 1170 3619 1239 praedicans

2035 1251 2149 1323 ipse
2187 1253 2451 1324 reprobus
2494 1252 2762 1308 inveniar.
2786 1279 2804 1300 ι
2869 1253 2992 1308 Ideo
3031 1272 3088 1309 se
3121 1257 3392 1313 refrenare
3420 1277 3619 1331 corpus

2037 1357 2194 1396 suum
2245 1341 2506 1408 ostendit,
2538 1351 2598 1397 ut
2626 1344 3086 1412 remuneratione,
3119 1362 3279 1417 quam
3313 1348 3435 1402 aliis
3469 1365 3618 1418 prae-

2038 1428 2204 1495 dicat,
2237 1429 2399 1484 etiam
2430 1430 2542 1502 ipse
2566 1429 2763 1501 dignus
2788 1429 3082 1498 habeatur;
3131 1450 3198 1487 ne
3235 1435 3356 1490 aliis
3385 1437 3614 1504 curatis,

2038 1516 2152 1588 ipse
2189 1525 2492 1572 remaneret
2520 1519 2576 1572 in
2627 1519 2876 1574 vulnere.
2928 1519 3118 1575 Ratam
3150 1537 3274 1591 ergo
3305 1539 3449 1593 spem
3483 1540 3612 1594 pra;-

2038 1606 2330 1663 dicationis
2368 1624 2478 1662 sum
2518 1607 2768 1675 afﬁrmat,
2815 1608 3032 1680 quando
3065 1611 3228 1682 gestis
3257 1611 3312 1666 id
3341 1629 3396 1668 se
3426 1631 3617 1683 prose-

2038 1697 2153 1768 qui,
2177 1694 2324 1768 quod
2350 1695 2528 1761 docet,
2555 1696 2819 1761 ostendit;
2847 1697 2975 1768 quia
2999 1699 3092 1770 qui
3123 1699 3282 1755 aliter
3308 1700 3420 1771 agit
3453 1717 3613 1772 quam

345 1777 477 1846 lem,
507 1788 560 1835 et
589 1779 656 1834 ab
688 1779 806 1850 ipso
839 1797 938 1835 nos
964 1780 1231 1852 originem
1263 1781 1460 1837 habere
1493 1780 1596 1853 [ita
1649 1783 1795 1837 enim
1826 1783 1928 1838 Ac-
1961 1800 2008 1860 Β
2039 1783 2314 1855 praedicat,
2348 1792 2626 1856 suspectos
2655 1784 2784 1840 facit
2814 1786 3120 1854 audientes,
3154 1795 3215 1842 ut
3237 1787 3302 1844 de
3335 1789 3617 1860 promissis

340 1870 493 1926 tibus
529 1873 900 1942 apostolorum
945 1871 1022 1925 ait
1068 1872 1206 1941 (Act.
1263 1889 1406 1939 xvu,
1446 1870 1578 1942 28):
1639 1895 1657 1918 ι
1685 1872 1756 1928 Et
1783 1873 1926 1928 sicut

344 1959 569 2031 quidam
620 1976 689 2014 ex
737 1960 892 2015 vobis
926 1959 1221 2016 dixerunt:
1267 1960 1444 2032 Ipsius
1487 1959 1632 2015 enim
1675 1968 1729 2016 et
1757 1977 1926 2032 genus

343 2063 540 2104 sumus
571 2047 647 2121 i];
681 2049 761 2105 sic
788 2049 950 2106 ﬁebat
979 2051 1131 2122 quasi
1158 2049 1276 2106 sine
1307 2052 1442 2123 lege,
1457 2067 1551 2123 per
1578 2049 1721 2123 quod
1742 2051 1926 2106 subin-

339 2137 666 2195 troducebat
709 2139 822 2195 illis
867 2139 1147 2198 Christum
1193 2141 1372 2212 ipsum
1415 2157 1550 2210 esse,
1593 2156 1753 2213 quem
1782 2141 1926 2197 Deus

343 2226 413 2282 ad
454 2225 816 2299 judicandum
867 2227 1134 2286 mundum
1165 2229 1461 2302 praeelegit,
1492 2237 1546 2288 et
1577 2231 1758 2303 ipsum
1786 2245 1923 2299 esse,

341 2331 438 2387 per
468 2332 628 2388 quem
659 2317 846 2372 omnia
865 2317 1014 2375 fecit.

411 2404 598 2477 (Vers.
656 2406 774 2478 22.)
845 2430 864 2455 ι
917 2407 1112 2464 Factus
1137 2423 1259 2464 sum
1290 2407 1528 2464 inﬁrmis
1558 2408 1830 2476 infirmus,
1860 2414 1926 2464 ut

342 2492 592 2550 inﬁrmos
628 2494 1023 2552 lucrifacerem.
1075 2521 1095 2546 ι
1155 2497 1412 2553 Inﬁrmus
1457 2498 1633 2554 factus
1659 2506 1761 2565 est,
1793 2496 1924 2552 dum

343 2592 564 2656 propter
613 2584 808 2640 fratres
853 2585 1101 2642 inﬁrmos
1149 2602 1180 2641 a
1218 2586 1386 2642 licitis
1414 2585 1684 2654 abstinet;
1717 2601 1784 2642 ne
1814 2586 1926 2642 illis

343 2673 657 2728 scandalum
689 2682 924 2745 generet,
974 2673 1278 2732 «Omnibus
1306 2675 1484 2732 factus
1512 2691 1632 2732 sum
1655 2675 1928 2740 omnia,ut

344 2779 530 2819 omnes
558 2764 738 2820 salvos
768 2764 1020 2821 facerem.
1053 2791 1073 2814 ι
1110 2765 1225 2821 Hoc
1257 2764 1363 2820 fuit
1382 2764 1489 2819 viri
1520 2763 1826 2836 prudentis(
1836 2761 1924 2832 73)

346 2860 400 2908 et
429 2851 714 2924 spiritalis,
747 2860 808 2909 ut
834 2854 1093 2910 omnibus
1130 2852 1316 2908 omnia
1361 2853 1557 2919 factus,
1587 2850 1928 2924 propositum

344 2948 528 2998 tamen
564 2949 704 3006 143
733 2944 1016 3015 religionis
1047 2959 1159 2999 non
1173 2941 1460 2998 excederet
1485 2959 1500 3006 ;
1525 2941 1654 3012 quia
1687 2937 1783 2993 ubi
1811 2951 1930 2992 ces-

344 3037 436 3105 sit,
469 3039 537 3095 ad
588 3040 696 3098 hoc
754 3041 938 3108 cessit,
978 3047 1042 3094 ut
1087 3037 1409 3110 proﬁceret;
1455 3050 1559 3090 nec
1603 3033 1752 3088 aliud
1777 3032 1926 3102 fecit,

344 3142 511 3199 quam
545 3129 634 3183 lex
658 3127 958 3184 mandavit.

419 3216 602 3287 (Vers.
637 3216 754 3287 23.)
799 3241 817 3264 ι
847 3217 1045 3271 Omnia
1071 3221 1253 3272 autem
1275 3215 1418 3272 facio
1443 3221 1662 3286 propter
1682 3215 1925 3284 Evange-

344 3304 508 3372 lium,
551 3314 610 3361 ut
658 3307 928 3378 particeps
957 3306 1072 3378 ejus
1101 3305 1247 3361 ﬁam.
1277 3330 1296 3352 ι
1342 3306 1456 3362 Hoc
1481 3312 1582 3372 est,
1629 3303 1813 3358 omnia
1841 3318 1926 3357 su-

339 3395 591 3467 pradicta
643 3397 806 3464 facio,
852 3405 912 3452 ut
964 3396 1264 3451 voluntatis
1291 3393 1614 3466 evangelicae
1659 3391 1928 3464 particeps

338 3482 568 3552 alliciar,
607 3501 770 3557 quam
803 3484 967 3540 habet
993 3485 1140 3540 circa
1159 3485 1388 3540 salutem
1413 3482 1728 3537 humanam.

416 3574 596 3644 (Vers.
621 3571 738 3644 24.)
777 3597 796 3620 ι
824 3573 1055 3629 Nescitis
1083 3572 1340 3645 quoniam
1373 3570 1474 3644 qui
1497 3571 1553 3625 in
1582 3567 1761 3624 stadio
1791 3584 1928 3625 cur-

338 3670 492 3730 runt,
533 3679 723 3717 omnes
778 3661 998 3735 quidem
1049 3671 1297 3730 currunt,
1347 3674 1490 3716 unus
1517 3667 1698 3715 autem
1729 3659 1928 3731 accipit

342 3755 580 3826 palmam
605 3753 634 3809 ?
663 3777 680 3800 ι
744 3754 902 3809 Nunc
940 3751 1090 3808 aliud
1116 3753 1239 3808 vult
1268 3766 1540 3824 exponere
1574 3768 1586 3806 :
1620 3751 1803 3822 itaque
1824 3750 1926 3806 hoc

341 3842 592 3912 exemplo
617 3840 857 3897 ostendit
885 3848 1088 3914 quanta
1115 3839 1188 3895 sit
1217 3841 1430 3895 utilitas
1461 3840 1594 3912 legis
1626 3847 1842 3905 nostrae,
1867 3838 1925 3892 in

341 3944 450 4002 qua
506 3945 616 3984 non
667 3929 789 3994 uni,
846 3929 938 3986 sed
985 3927 1242 3984 omnibus
1290 3927 1557 3999 promissa
1598 3934 1679 3982 est
1712 3926 1914 3996 palma.

355 4039 378 4064 ε
405 4017 493 4074 Sic
536 4017 761 4085 currite,
808 4026 868 4072 ut
915 4015 1418 4088 comprehendatis.
1457 4039 1477 4063 ι
1531 4013 1776 4068 Sollicite
1805 4012 1925 4066 vult

342 4106 491 4162 curri
520 4106 586 4162 ad
618 4105 1058 4178 promissionem,
1091 4105 1218 4176 quia
1243 4118 1435 4176 magna
1458 4109 1558 4158 est.

417 4195 599 4265 (Vers.
641 4193 770 4264 25.)
812 4216 829 4238 σ
869 4192 1062 4248 Omnis
1095 4200 1276 4248 autem
1307 4192 1400 4264 qui
1428 4191 1486 4246 in
1517 4207 1686 4262 agone
1705 4198 1923 4246 conten-

342 4281 429 4339 dit
447 4281 514 4336 ab
551 4281 808 4336 omnibus
837 4295 893 4335 se
922 4279 1164 4334 abstinet
1194 4297 1209 4345 ;
1242 4305 1260 4326 ι
1303 4278 1372 4333 ab
1411 4277 1498 4333 his
1523 4277 1778 4333 omnibus
1805 4293 1923 4349 quas

342 4369 572 4427 vitanda
619 4369 806 4425 eadem
856 4366 1024 4423 tradit
1052 4366 1364 4436 disciplina,
1395 4382 1520 4421 cum
1549 4366 1723 4420 sciant
1753 4380 1924 4420 unum

341 4457 740 4524 coronandum;
775 4463 979 4529 quanto
1007 4455 1179 4526 magis
1209 4453 1368 4508 nobis
1407 4452 1805 4508 observandum
1823 4459 1902 4507 est

343 4549 474 4622 quia
502 4547 759 4603 omnibus
798 4544 1066 4617 promissa
1094 4551 1175 4598 est
1199 4542 1346 4598 salus
1386 4541 1398 4596 l
1447 4564 1466 4588 ι
1495 4541 1566 4595 Et
1596 4541 1676 4595 illi
1707 4539 1926 4612 quidem

342 4649 405 4697 ut
432 4638 846 4710 corruptibilem
879 4650 1132 4692 coronam
1163 4633 1437 4705 accipiant
1463 4653 1476 4690 :
1511 4648 1611 4687 nos
1639 4641 1817 4687 autem
1849 4633 1929 4687 in-

343 4735 684 4800 corruptam.
724 4752 742 4774 ›
775 4726 844 4780 Et
869 4725 925 4780 in
964 4723 1070 4779 hoc
1099 4721 1336 4776 multum
1388 4720 1572 4791 dispar
1599 4717 1804 4774 donum
1825 4725 1925 4786 est,

343 4835 407 4875 ac
435 4836 532 4891 per
548 4818 656 4874 hoc
687 4816 1061 4887 diligentiores
1083 4829 1181 4868 nos
1211 4828 1326 4868 esse
1343 4811 1564 4880 debere,
1596 4810 1798 4884 quibus
1817 4825 1926 4864 non

343 4909 577 4965 terrenis
604 4917 658 4964 et
686 4903 1144 4963 marcescentibus
1175 4901 1423 4969 ﬂoribus,
1450 4900 1543 4955 sed
1573 4898 1788 4955 aeternis
1804 4914 1927 4954 con-

343 5009 489 5056 serta
527 4999 754 5070 gemmis
799 4997 856 5051 in
908 4993 1131 5050 modum
1181 4991 1377 5065 regalis
1421 4989 1745 5048 diadematis
1770 4989 1927 5060 spiri-

343 5089 472 5144 talis
496 5102 695 5142 corona
724 5091 990 5141 servatur.

418 5187 603 5259 (Vers.
635 5186 752 5258 26.)
798 5208 816 5231 ε
841 5183 932 5240 Sic
961 5197 1142 5249 curro,
1173 5196 1286 5237 non
1310 5181 1465 5254 quasi
1492 5179 1551 5235 in
1578 5173 1868 5235 incertum.
1895 5201 1913 5225 ι

421 5442 540 5512 (72)
587 5440 678 5496 Sic
721 5438 852 5494 edit.
886 5433 1133 5512 Amerb.,
1162 5433 1404 5512 Eras.__ac
1433 5432 1590 5512 Rom.
1625 5447 1748 5512 cum
1781 5437 1930 5510 parte

347 5502 478 5568 mss.
520 5502 537 5568 ἶ
570 5512 699 5568 Gill.
726 5526 855 5564 vero
883 5515 936 5563 et
969 5507 1065 5562 alii
1092 5521 1248 5572 mss.,
1279 5502 1389 5557 illis
1412 5502 1547 5555 mitti
1576 5503 1728 5557 verba
1760 5502 1924 5574 ;qui-

347 5583 472 5640 dam
501 5584 649 5649 cod.,
679 5582 914 5638 Verbum.

423 5656 544 5728 (73)
576 5644 705 5714 Mss.
737 5649 1016 5718 nonnulli,
1046 5648 1155 5706 Hoc
1181 5646 1290 5718 fuit
1316 5661 1434 5701 vere
1460 5644 1716 5716 prudens.

1907 4494 1923 4559 ἶ
1956 4500 2005 4559 D

2036 1872 2308 1929 dubitent.
2367 1874 2477 1929 Suo
2532 1872 2714 1945 itaque
2754 1876 3006 1947 exemplo
3045 1892 3154 1931 non
3205 1879 3378 1950 magis
3434 1878 3617 1936 verbis

2035 1976 2199 2035 quam
2235 1959 2492 2034 operibus
2520 1960 2885 2018 exercendum
2919 1962 3188 2020 hortatur.

2662 2105 2888 2164 CAPUT
2918 2104 2990 2162 X.

2109 2242 2288 2315 (Vers.
2340 2243 2391 2312 i,
2437 2241 2516 2315 2.)
2553 2267 2571 2292 ‹
2601 2241 2738 2300 ΝοΙο
2767 2243 2913 2299 enim
2944 2258 3043 2299 vos
3080 2243 3346 2316 ignorare,
3384 2245 3604 2316 fratres,

2034 2332 2162 2404 quia
2191 2340 2368 2405 patres
2396 2333 2569 2389 nostri
2593 2350 2781 2389 omnes
2808 2333 2910 2388 sub
2931 2332 3074 2388 nube
3093 2334 3334 2403 fuerunt,
3354 2345 3406 2392 et
3425 2353 3616 2393 omnes

2036 2434 2200 2489 mare,
2233 2422 2589 2490 transierunt,
2623 2429 2676 2477 et
2704 2438 2893 2477 omnes
2915 2422 2971 2476 in
3001 2423 3183 2495 Moyse
3206 2422 3461 2494 baptizati
3488 2431 3618 2480 sunt

2032 2506 2093 2562 in
2141 2507 2284 2564 nube
2313 2517 2366 2565 et
2394 2509 2452 2564 in
2483 2509 2620 2563 mari
2657 2509 2859 2579 (Exod.
2888 2527 3012 2576 xm,
3053 2510 3154 2576 2t;
3187 2528 3304 2578 xiv,
3338 2511 3427 2575 22;
3452 2513 3613 2569 Num.

2036 2611 2114 2662 Ix,
2155 2595 2265 2666 2i).
2307 2619 2326 2642 ι
2369 2595 2684 2650 Iudaeorum
2720 2596 2996 2665 exemplo,
3040 2595 3134 2666 qui
3164 2597 3492 2668 negligentia
3519 2615 3618 2655 sua

2037 2683 2404 2750 offenderunt,
2455 2683 2721 2738 sollicitos
2759 2698 2858 2737 nos
2906 2683 3027 2736 vult
3077 2699 3226 2748 esse;
3257 2683 3486 2755 ideoque
3515 2687 3618 2741 sub

2022 2771 2184 2826 nube
2223 2769 2362 2824 dicit
2413 2768 2540 2824 illos
2570 2767 2758 2836 fuisse,
2789 2767 2917 2839 quia
2937 2769 3121 2823 omnia
3151 2785 3269 2840 quae
3300 2780 3445 2840 gesta
3469 2779 3620 2840 sunt,

2025 2860 2098 2915 sin
2129 2859 2304 2932 ﬁgura
2335 2858 2508 2914 nostri
2542 2858 2684 2914 facta
2712 2867 2841 2913 sunt
2873 2858 2988 2928 (75)
3015 2875 3027 2923 ;
3061 2865 3120 2912 ut
3156 2858 3403 2913 veritatis
3424 2866 3620 2916 nostrae

2039 2947 2124 3004 illi
2154 2946 2450 3003 habuerint
2480 2946 2793 3019 imaginem.
2827 2945 3072 3003 Contecti
3105 2945 3251 3000 enim
3283 2947 3428 3002 nube
3465 2955 3518 3002 et
3547 2948 3616 3004 ab

2037 3037 2365 3096 adversariis
2392 3039 2506 3094 suis
2536 3038 2639 3092 tuti
2672 3037 2922 3108 praestiti,
2969 3035 3099 3092 dum
3131 3053 3161 3092 a
3194 3044 3367 3093 morte
3397 3037 3614 3095 liberati

1957 3146 2001 3208 ο
2036 3135 2182 3196 sunt,
2213 3126 2468 3199 baptizati
2501 3125 2780 3181 dicuntur.
2813 3127 2930 3181 Illis
2949 3126 3117 3194 enim,
3150 3127 3205 3182 id
3229 3135 3308 3183 est
3339 3129 3616 3200 zEgyptiis

2037 3218 2095 3273 in
2143 3216 2279 3272 mari
2335 3215 2586 3282 mortuis,
2626 3215 2756 3270 dum
2814 3214 2894 3282 hi,
2951 3215 3086 3272 duce
3141 3217 3347 3289 Moyse,
3381 3218 3617 3274 feliciter

2036 3313 2340 3371 transeunt,
2384 3304 2555 3376 erepti
2591 3311 2771 3358 sunta
2810 3311 3012 3358 morte:
3048 3305 3193 3376 quod
3228 3313 3444 3376 praestat
3471 3305 3616 3376 bap—

2041 3395 2282 3451 tismum.
2330 3395 2451 3452 Non
2497 3393 2644 3449 enim
2691 3393 2804 3448 illis
2859 3393 3130 3464 praeterita
3180 3394 3320 3447 mala
3349 3395 3620 3463 imputata

2038 3491 2185 3552 sunt,
2232 3483 2324 3540 sed
2347 3499 2440 3555 per
2472 3498 2618 3539 mare
2637 3489 2691 3537 et
2714 3498 2810 3554 per
2839 3481 3038 3536 nubem
3071 3480 3366 3554 puriﬁcati,
3401 3497 3616 3553 praepa-

2037 3574 2140 3629 rati
2188 3581 2316 3628 sunt
2363 3572 2430 3628 ad
2471 3571 2841 3645 accipiendam
2874 3571 3066 3643 legem,
3099 3577 3152 3626 et
3181 3569 3410 3626 formam
3442 3569 3616 3628 futuri

2037 3663 2356 3720 sacramenti
2395 3663 2588 3719 nostri.

2109 3753 2292 3826 (Vera.
2322 3752 2374 3819 3,
2403 3751 2484 3823 4.)
2531 3775 2550 3799 ι
2576 3752 2648 3808 Et
2676 3768 2864 3809 omnes
2892 3753 3132 3810 eamdem
3181 3769 3355 3810 escam
3386 3753 3616 3825 spirita-

2035 3841 2144 3897 lem
2189 3840 2440 3906 ederunt,
2485 3848 2539 3896 et
2595 3841 3060 3897 omneseumdem
3092 3851 3280 3914 potum
3311 3841 3615 3910 spiritalem

2036 3928 2330 3995 biberunt;
2380 3925 2641 3984 bibebant
2680 3929 2826 3983 enim
2875 3928 2942 3985 de
2971 3937 3227 4002 sequente
3257 3945 3349 3984 eos
3378 3925 3614 3998 spiritali

2036 4024 2221 4089 petra:
2271 4023 2420 4088 petra
2441 4022 2620 4072 autem
2649 4026 2763 4073 erat
2792 4016 3063 4074 Christus.
3096 4043 3114 4066 ι
3156 4019 3355 4072 Manna
3396 4012 3606 4084 (Exod.

2035 4122 2155 4174 xvr,
2186 4106 2333 4177 l5)et
2352 4121 2548 4178 aquam
2571 4123 2689 4180 quae
2706 4106 2873 4162 ﬂuxit
2891 4105 2957 4160 de
2980 4115 3130 4176 petra
3162 4102 3513 4172 (Exod.xvn,
3530 4098 3613 4170 6),

2035 4195 2171 4251 dicit
2199 4194 2500 4266 spiritalia;
2535 4195 2664 4267 quia
2703 4209 2816 4249 non
2866 4191 3059 4246 mundi
3100 4191 3214 4260 lege
3247 4197 3433 4260 parata
3461 4194 3612 4256 sunt,

2036 4284 2129 4340 sed
2182 4285 2281 4340 Dei
2325 4285 2529 4340 virtute
2556 4285 2674 4337 sine
2703 4282 3095 4336 elementorum
3126 4278 3506 4335 commistione
3544 4277 3614 4334 ad

2035 4381 2248 4446 tempus
2293 4380 2492 4438 creata,
2542 4370 2799 4425 habentia
2847 4367 2905 4422 in
2934 4385 2989 4423 se
3019 4368 3242 4441 ﬁguram
3276 4367 3446 4423 futuri
3481 4385 3614 4440 my-

2035 4461 2208 4528 sterii,
2237 4459 2385 4534 quod
2418 4474 2565 4514 nunc
2594 4473 2694 4513 nos
2728 4457 2996 4513 sumimus
3042 4458 3099 4514 in
3130 4459 3616 4514 commemoratio-

2037 4566 2162 4605 nem
2211 4549 2414 4606 Christi
2470 4547 2713 4603 Domini.
2749 4546 2877 4602 Ideo
2905 4556 2959 4603 et
2989 4548 3143 4619 panis
3172 4547 3488 4616 angelorum
3517 4546 3614 4602 di-

2037 4646 2159 4695 ctus
2185 4647 2284 4706 est,
2318 4639 2447 4710 quia
2466 4637 2674 4695 virtute
2699 4652 2807 4709 qua
2833 4636 3009 4707 angeli
3037 4635 3363 4702 subsistunt,
3403 4644 3614 4692 creatus

2038 4733 2118 4781 est
2151 4742 2161 4778 :
2195 4725 2299 4781 hoc
2327 4725 2660 4796 signiﬁcans,
2694 4723 2822 4796 quia
2858 4724 2925 4779 de
2980 4724 3131 4779 caelis
3176 4730 3438 4778 venturus
3475 4729 3612 4792 erat,

2038 4815 2133 4887 qui
2188 4812 2506 4884 spiritaliter
2550 4821 2810 4884 pasceret.
2867 4812 3016 4868 Unde
3059 4819 3113 4866 et
3141 4826 3338 4865 manna
3375 4811 3615 4882 primum

2036 4901 2326 4960 Dominico
2353 4901 2442 4957 die
2472 4901 2622 4957 venit
2667 4901 2732 4958 de
2755 4902 2894 4958 ccelo
2921 4900 2988 4956 ad
3035 4899 3372 4955 saturitatem
3403 4898 3612 4970 populi;

2037 5008 2265 5065 sequens
2324 5000 2504 5048 tamen
2571 4997 2719 5063 petra
2776 4989 2923 5044 dicta
2975 4994 3074 5055 est,
3119 5004 3238 5058 quae
3286 4987 3615 5059 intelligitur

2039 5082 2306 5139 Christus.
2332 5082 2434 5138 Ubi
2464 5081 2610 5137 enim
2650 5078 2936 5134 deﬁciebat
2965 5077 3263 5132 humanum
3305 5077 3383 5132 eis
3410 5075 3615 5131 suﬁ'ra—

2039 5172 2210 5242 gium,
2267 5171 2452 5228 aderat
2499 5170 2782 5237 Christus;
2840 5167 2962 5223 ideo
3022 5166 3366 5240 sequebatur,
3411 5173 3473 5221 ut
3518 5165 3615 5221 ubi

2114 5424 2228 5495 (74)
2257 5424 2380 5479 Vet.
2414 5421 2545 5495 edit.
2578 5436 2639 5476 ac
2662 5419 2844 5495 plures
2875 5433 3001 5471 mss.
3012 5459 3027 5495 ,_
3040 5413 3260 5495 ieiuniis
3288 5407 3424 5463 illud
3441 5421 3609 5495 agere:

2041 5486 2236 5552 melius
2277 5502 2454 5549 tamen
2511 5486 2932 5547 Romfediteum
2981 5486 3105 5541 aliis
3149 5498 3372 5537 mss.....
3403 5493 3613 5549 angere.

2113 5568 2230 5641 (75)
2264 5567 2362 5623 Ms.
2396 5564 2585 5632 Corb.,
2611 5578 2742 5617 cura
2768 5559 2939 5614 nostri
2961 5557 3106 5627 facta
3129 5557 3267 5611 sunt,
