4112 6178
506 297 614 365 2’17

1498 290 1591 343 AD
1625 286 1860 344 OPERA
1898 285 1951 341 S.
1996 282 2327 343 AMBROSU
2366 281 2741 340 APPENDIX.

3678 284 3785 344 248

507 425 818 496 defecisset,
861 422 955 485 ille
1000 418 1338 483 subveniret.
1380 416 1495 479 Nec
1537 415 1685 475 enim
1715 422 1867 487 petra
1895 430 2089 488 aquam
2117 415 2169 484 Α
2203 418 2259 477 in
2312 419 2487 472 locum
2537 414 2689 471 ,ἰιιὼυ
2734 418 3137 480 concesserunt,
3176 411 3541 483 auticipautes
3582 410 3783 483 illum;

506 515 681 585 dedit,
713 512 807 572 sed
844 508 1117 571 Christus.

586 605 767 677 (Vera.
826 600 910 673 ὅ.)
980 625 999 650 ι
1049 599 1155 659 Sed
1199 615 1309 657 non
1354 597 1411 659 in
1444 595 1694 670 pluribus
1739 611 1926 655 eorum
1958 594 2095 654 bene

515 695 686 752 sensit
732 693 894 749 Deus.
926 713 946 738 ι
982 689 1108 746 Ideo
1127 688 1231 744 hoc
1269 686 1432 753 dixit,
1469 686 1598 758 quia
1627 692 1905 757 acceptum
1936 687 2094 747 bene-

514 783 703 847 ﬁcium
732 797 843 838 non
872 778 1285 838 intellexerunt.
1337 800 1356 827 ι
1386 775 1649 836 Prostrati
1695 775 1840 835 enim
1881 783 2011 834 sunt
2038 775 2097 831 in

516 870 733 933 deserto
767 870 949 939 (Num.
982 882 1141 933 xxvr,
1171 864 1285 935 65).
1316 888 1336 915 ι
1378 864 1614 935 Dignum
1642 871 1748 932 est,
1776 872 1837 921 ut
1863 864 1955 935 qui
1988 880 2096 923 ma-

516 976 621 1032 gna
666 964 1007 1023 consecutus,
1041 954 1099 1009 in
1131 952 1316 1025 parvis
1351 952 1606 1013 difﬁdens
1638 961 1740 1023 est,
1770 968 1881 1011 non
1919 954 2097 1013 solum

520 1047 639 1106 haec
688 1061 800 1104 non
852 1043 1204 1114 adipiscatur,
1234 1056 1426 1099 verum
1457 1040 1621 1097 etiam
1653 1039 1868 1101 amittat
1898 1051 1951 1098 et
1980 1042 2093 1099 illa.

515 1137 787 1207 Quoniam
819 1151 943 1204 ergo
982 1131 1232 1203 superius
1276 1130 1527 1189 hortatus
1556 1137 1637 1187 est
1664 1130 1731 1187 ad
1764 1130 2010 1200 meliora,
2040 1148 2098 1190 se

514 1228 682 1290 etiam
700 1224 836 1280 dicit
858 1221 913 1278 id
943 1220 1239 1287 elaborare,
1279 1225 1341 1274 ut
1361 1217 1427 1275 ad
1457 1219 1870 1290 promissionem
1902 1220 2099 1291 dignus

517 1321 807 1381 occurrat;
840 1326 989 1368 nunc
1017 1318 1079 1367 ut
1108 1308 1254 1369 istud
1286 1310 1522 1380 exempli
1570 1318 1777 1370 terrore
1817 1311 2100 1369 constrin—

519 1422 611 1487 gat
663 1427 726 1468 ac
769 1408 1010 1474 suadeat,
1050 1405 1265 1462 Iudaeos
1294 1414 1427 1462 tunc
1454 1406 1622 1463 simili
1654 1407 1817 1465 modo
1846 1407 1982 1469 dicit
2006 1407 2099 1465 do-

520 1517 654 1558 num
688 1499 785 1556 Dei
829 1504 883 1553 et
925 1495 1151 1568 gratiam
1184 1494 1425 1563 sortitos,
1458 1496 1601 1552 sicut
1627 1504 1681 1552 et
1711 1512 1848 1553 nos:
1892 1505 1947 1553 et
1974 1496 2102 1569 quia

524 1596 671 1653 144
700 1587 1051 1657 indiligentes
1079 1593 1134 1641 et
1160 1583 1475 1641 dubitantes
1502 1585 1569 1640 de
1616 1586 1713 1642 Dei
1739 1587 2102 1657 promissione

517 1688 744 1746 fuerunt
799 1684 938 1756 (77),
993 1690 1295 1754 prostratos
1339 1698 1454 1739 esse
1496 1683 1553 1738 in
1607 1682 1847 1751 deserto;
1880 1692 1942 1743 ut
1979 1683 2102 1744 ideo

2202 506 2335 581 quia
2364 505 2580 563 tradens
2612 500 3316 569 Christum,exterminatus
3345 507 3426 557 est
3451 499 3521 557 de
3558 516 3792 560 numero

2204 596 2577 668 apostolorum
2606 611 2638 650 a
2659 592 2845 664 judice
2865 594 3001 651 Deo.
3043 593 3144 649 Per
3168 589 3286 648 hac
3312 590 3567 662 exempla
3587 590 3655 647 ad
3674 607 3793 649 cor-

2208 684 2493 743 rectiorem
2523 699 2626 739 nos
2653 682 2821 737 vitam
2851 687 3146 753 provocat;
3184 687 3246 736 ut
3285 678 3513 736 monitis
3552 680 3672 751 ejus
3698 690 3793 740 aut

2211 773 2519 846 praemium,
2535 771 2582 829 si
2610 770 2924 829 obedientes
2946 769 3230 837 fuerimus,
3261 775 3357 826 aut
3383 769 3792 841 propensiorem

2208 878 2425 937 poenam
2455 876 2760 917 mereamur
2790 859 3187 914 inobedientes.
3227 857 3347 913 Non
3381 866 3464 914 est
3490 860 3641 916 enim
3665 877 3795 918 am—

2208 952 2432 1024 biguum
2465 952 2591 1009 illos
2615 956 2900 1022 peccantes
2926 950 3053 1020 plus
3086 947 3458 1020 subjiciendos
3476 951 3791 1022 tormentis,

2209 1044 2410 1117 quibus
2456 1041 2801 1115 peccantium
2846 1054 3020 1113 paenae
3064 1037 3136 1097 ad
3176 1036 3288 1097 hoc
3333 1037 3517 1098 relatae
3542 1047 3695 1110 sunt,
3725 1055 3794 1100 ne

2209 1140 2512 1207 peccarent.

2284 1222 2465 1295 (Vers.
2490 1220 2606 1292 11.)
2652 1243 2671 1268 ι
2699 1218 2827 1277 Haec
2854 1225 3035 1277 autem
3066 1216 3254 1274 omnia
3277 1216 3338 1274 in
3367 1215 3543 1290 ﬁgura
3567 1218 3797 1279 contin-

2210 1312 2408 1386 gebant
2434 1310 2583 1378 illis;
2615 1308 2817 1380 scripta
2846 1317 2974 1365 sunt
3001 1322 3132 1365 vero
3161 1306 3230 1364 ad
3266 1307 3664 1378 surreptionem
3700 1325 3794 1367 no-

2210 1408 2398 1469 stram,
2432 1399 2490 1459 in
2517 1413 2655 1473 quos
2683 1395 2821 1455 ﬁnes
2840 1396 3165 1454 saeculorum
3191 1395 3550 1453 devenerunt.
3574 1420 3592 1445 ι
3633 1396 3797 1455 Fines

2209 1490 2537 1551 saeculorum
2596 1503 2697 1545 nos
2741 1502 2964 1551 sumus;
3018 1484 3148 1558 quia
3192 1494 3325 1543 tunc
3356 1485 3473 1543 haec
3504 1484 3626 1543 ideo
3653 1486 3797 1544 facta

2210 1585 2513 1639 noscuntur
2568 1576 2715 1635 circa
2756 1574 3183 1634 retributionem
3238 1574 3484 1643 illorum,
3529 1581 3591 1632 ut
3634 1574 3796 1633 nobis

2209 1676 2392 1728 essent
2418 1666 2695 1737 exemplo,
2730 1664 2825 1737 qui
2856 1670 3132 1735 postremo
3153 1664 3354 1721 saeculo
3379 1662 3554 1722 futuri
3582 1679 3797 1724 eramus

517 1751 869 1849 semetipsum
896 1751 1163 1845 'aﬂligere
1205 1788 1261 1829 se
1311 1772 1636 1842 ostenderet,
1691 1789 1761 1830 ne
1786 1774 1845 1831 in
1874 1773 2096 1833 illorum
2131 1769 2177 1835 Β
2206 1759 2267 1820 in
2294 1758 2398 1815 “de
2426 1753 2652 1849 Christ?
2683 1754 2789 1812 Pro
2818 1752 3058 1849 "mila?"
3082 1751 3231 1849 {enim
3258 1759 3446 1809 “om”
3473 1759 3623 1849 ἕθδίδ
3644 1760 3792 1849 sum,

520 1881 753 1925 numero
798 1863 1176 1921 inveniretur:
1220 1861 1451 1935 proinde
1487 1861 1877 1921 elaborandum
1923 1870 1987 1921 ut
2012 1864 2098 1921 sui

520 1956 825 2012 imitatores
846 1953 1189 2010 exsisterent.

596 2043 778 2116 (Vers.
809 2043 865 2111 6,
891 2042 981 2114 7.)
1041 2067 1059 2089 ε
1084 2042 1210 2099 Haec
1247 2048 1429 2100 autem
1469 2042 1525 2098 in
1555 2041 1727 2115 ﬁgura
1756 2043 1928 2099 nostri
1956 2043 2099 2100 facta

517 2141 671 2200 sunt,
718 2141 781 2187 ut
826 2147 936 2186 non
973 2131 1148 2187 simus
1173 2129 1542 2187 desiderantes
1575 2132 1738 2197 mala,
1766 2132 1907 2189 sicut
1934 2140 1989 2188 et
2015 2132 2099 2188 illi

517 2220 1009 2277 desideraverunt.»
1055 2222 1107 2276 Is
1133 2235 1324 2275 sensus
1357 2227 1411 2275 et
1439 2220 1579 2276 ratio
1607 2229 1709 2289 est,
1747 2238 1906 2293 quam
1936 2238 2101 2293 supra

517 2310 843 2367 memoravi.
888 2332 907 2358 ι
935 2308 1119 2379 Neque
1145 2307 1456 2363 simulacris
1485 2308 1802 2378 servientes,
1820 2310 1962 2369 sicut
1982 2309 2100 2382 qui-

516 2398 643 2456 dam
685 2399 926 2455 illorum.
958 2418 978 2445 »
1022 2396 1180 2451 Nunc
1226 2394 1326 2450 hos
1353 2395 1545 2466 tangit,
1579 2396 1671 2469 qui
1717 2397 1774 2452 in
1823 2397 1993 2454 idolio
2018 2413 2098 2454 re-

513 2486 836 2545 cumbentes
892 2483 1158 2556 putabant
1221 2498 1332 2537 non
1390 2498 1505 2539 esse
1569 2494 1870 2556 peccatum.
1949 2485 2101 2543 Sicut

515 2576 782 2647 scriptum
835 2582 917 2631 est
979 2571 1179 2639 (Exod.
1233 2584 1416 2638 χχιιι,
1467 2570 1569 2641 6):
1643 2596 1663 2623 ι
1691 2573 1843 2630 Sedit
1867 2575 2100 2647 populus

516 2663 846 2723 manducare
875 2671 929 2717 et
956 2660 1165 2727 bibere,
1197 2666 1251 2715 et
1283 2670 1639 2718 surrexerunt
1668 2663 1891 2731 ludere;
1914 2688 1933 2714 ι
1975 2671 2101 2720 ante

521 2753 732 2809 idolum
777 2751 1005 2823 utique;
1060 2756 1125 2805 ut
1171 2763 1283 2805 non
1331 2764 1387 2805 se
1437 2749 1720 2807 crederent
1769 2752 2102 2809 immunesa

520 2842 775 2907 crimine,
809 2839 904 2912 qui
945 2839 1001 2893 in
1033 2836 1204 2893 idolio
1233 2836 1614 2908 epulabantur.
1647 2839 1785 2896 Nam
1826 2842 2011 2914 Moyse
2041 2843 2099 2897 in

517 2937 708 2987 monte
758 2927 937 2999 posito
967 2924 1109 2996 apud
1155 2927 1352 2992 Deum,
1398 2927 1691 2984 simulacro
1729 2930 1893 2985 vituli
1934 2930 2098 2998 facto,

526 3027 652 3093 post
680 3016 1018 3073 oblationem
1048 3013 1408 3070 dedicationis
1428 3032 1607 3075 causa:
1652 3043 1671 3069 σ
1697 3017 1848 3076 Sedit
1871 3022 2102 3092 populus

2209 1857 2274 1909 ut
2299 1849 2347 1906 si
2376 1856 2583 1904 terrore
2613 1843 2812 1903 horum
2843 1842 2902 1899 in
2930 1841 3029 1901 Dei
3056 1840 3256 1900 timore
3276 1842 3659 1911 manserimus,
3682 1844 3795 1915 glo-

2207 1937 2348 1998 riam
2382 1934 2495 1992 illis
2526 1932 2847 2007 promissam
2876 1929 3247 2002 accipiamus:
3276 1930 3325 1988 si
3354 1930 3671 2003 quominus,
3697 1948 3796 2004 ge-

2211 2024 2514 2085 minabitur
2539 2022 2698 2081 nobis
2728 2036 2889 2096 poena
2918 2020 3141 2080 illorum
3172 2037 3189 2088 ;
3224 2020 3357 2093 quia
3397 2019 3571 2094 major
3598 2020 3796 2081 notitia

2210 2114 2345 2187 legis
2374 2113 2497 2185 plus
2523 2110 2659 2173 facit
2685 2125 2861 2169 reum.

2283 2202 2465 2275 (Vere.
2510 2200 2623 2271 i2.)
2662 2222 2681 2251 α
2711 2199 3004 2272 Propterea
3035 2205 3091 2257 et
3118 2198 3213 2273 qui
3241 2214 3298 2256 se
3326 2206 3481 2273 putat
3504 2205 3669 2272 stare,
3696 2200 3797 2261 vi-

2210 2292 2335 2349 deat
2379 2307 2448 2347 ne
2493 2288 2669 2346 cadat.
2702 2311 2720 2336 -
2784 2288 2900 2344 Hoc
2928 2287 2997 2344 ad
3036 2304 3128 2349 eos
3161 2289 3429 2363 loquitur,
3469 2290 3563 2362 qui
3596 2306 3795 2363 praesu-

2209 2390 2420 2441 mentes
2436 2379 2504 2439 de
2535 2377 2789 2446 scientia,
2819 2393 2928 2451 qua
2954 2378 3170 2439 licitum
3200 2387 3283 2436 est
3302 2379 3489 2438 omnia
3514 2379 3691 2449 edere,
3714 2380 3793 2435 in-

2209 2470 2387 2531 ﬁrmis
2423 2469 2688 2528 fratribus
2719 2466 2975 2527 seandalo
3005 2474 3196 2526 erant:
3229 2474 3286 2527 et
3316 2476 3568 2540 putantes
3586 2467 3793 2540 aliquid

2209 2575 2269 2618 se
2306 2557 2568 2632 proﬁcere
2600 2556 2853 2617 doctrina
2866 2555 3471 2628 pseudoapostolorum,
3502 2556 3792 2615 deteriora-

2210 2655 2433 2714 verant;
2491 2653 2548 2705 et
2586 2644 2910 2717 judicabant
2957 2644 3305 2717 Apostolum,
3332 2661 3460 2706 cum
3484 2644 3591 2718 ipsi
3617 2652 3794 2703 essent

2211 2737 2310 2795 rei.
2365 2735 2686 2810 Superbiam
2731 2750 2858 2806 ergo
2886 2741 3153 2806 amputat,
3184 2749 3255 2793 ne
3281 2750 3377 2807 per
3410 2734 3556 2797 hanc
3579 2741 3791 2797 tenten-

2209 2835 2321 2898 tur,
2347 2828 2492 2891 sicut
2520 2827 2695 2885 Judmi
2726 2825 2922 2884 tentati
2952 2834 3101 2895 sunt,
3141 2834 3196 2885 et
3225 2826 3526 2897 perierunt.

2289 2918 2473 2991 (Vers.
2509 2917 2623 2990 13.)
2667 2940 2689 2969 ε
2715 2917 2966 2975 Tentatio
2991 2931 3087 2975 vos
3115 2930 3227 2973 non
3261 2914 3655 2987 apprehendat,
3686 2914 3797 2975 nisi

2211 3008 2474 3067 humana.
2504 3034 2524 3061 ι
2558 3010 2639 3068 Ac
2669 3024 2763 3081 per
2790 3008 2896 3069 hoc
2924 3005 3267 3069 detrahentes
3294 3006 3580 3078 Apostolo,
3604 3008 3795 3067 Domi-

515 3108 849 3166 manducare
878 3114 932 3161 et
959 3103 1166 3172 bibere,
1197 3113 1251 3161 et
1279 3115 1642 3162 surrexerunt
1679 3106 1884 3165 ludere.
1915 3133 1933 3158 ι
1977 3110 2103 3167 Haec
2131 3127 2176 3189 ο
2211 3113 2342 3189 ηαξη
2374 3106 2583 3154 tentare
2607 3097 2898 3189 Videntur;
2941 3096 3069 3189 quia
3096 3103 3149 3151 et
3176 3102 3308 3189 tunc
3338 3110 3462 3155 cum
3492 3095 3674 3166 Moysi
3702 3094 3793 3189 de-

516 3197 744 3255 luxuria
773 3203 874 3265 est,
906 3194 1035 3269 quia
1062 3209 1276 3266 semper
1303 3192 1642 3261 oblectati,in
1682 3196 1779 3252 Dei
1815 3196 1978 3253 rebus
2007 3198 2102 3254 in-

517 3285 709 3344 ﬁdeles
746 3283 959 3340 inventi
1015 3289 1163 3339 sunt.
1216 3281 1450 3354 Ideoque
1497 3283 1721 3339 instruit
1771 3284 1912 3357 (78),
1941 3302 2009 3341 ne
2043 3287 2100 3343 in

510 3374 654 3432 hanc
702 3372 1066 3430 difﬁdentiam
1104 3386 1201 3445 per
1235 3386 1519 3435 assensum
1569 3372 1804 3430 luxuriae
1843 3374 1902 3431 in
1930 3374 2100 3432 idolio

511 3464 842 3522 incidamus.

586 3553 769 3625 (Vere.
793 3552 888 3621 8.)
935 3575 953 3597 ι
981 3551 1165 3621 Neque
1192 3547 1554 3617 fornicamur,
1588 3551 1731 3610 sicut
1760 3553 1983 3627 quidam
2021 3555 2101 3610 il—

510 3640 697 3697 lorum
743 3638 999 3694 fornicati
1046 3645 1192 3703 sunt,
1227 3646 1280 3693 et
1308 3638 1624 3696 ceciderunt
1650 3657 1759 3697 una
1787 3641 1877 3697 die
1903 3641 2100 3713 viginti

513 3729 624 3786 tria
650 3727 827 3783 millia
846 3726 1131 3782 hominum
1168 3725 1351 3793 (Num.
1386 3743 1520 3797 xxv,
1551 3729 1631 3799 9).
1654 3752 1674 3779 ι
1718 3729 1834 3786 Hoc
1865 3730 1977 3786 illis
2005 3747 2101 3787 re-

510 3817 786 3874 tributum
822 3823 923 3883 est,
957 3814 1176 3888 quando
1199 3822 1324 3872 cum
1343 3816 1655 3873 Madianitis
1692 3819 2016 3877 mulieribus
2042 3836 2097 3876 se

509 3906 1019 3971 commacularunt;
1056 3905 1137 3961 ira
1186 3907 1332 3961 enim
1364 3906 1461 3962 Dei
1493 3907 1706 3963 exstitit
1742 3919 1931 3966 contra
1951 3911 2096 3979 illos,

510 4012 633 4069 quae
653 3993 1006 4050 aemulatione
1034 3992 1270 4049 Phineas
1313 3994 1611 4050 sacerdotis
1639 3995 1889 4059 habentis
1920 3999 2095 4055 selum

505 4084 627 4152 Dei,
664 4083 843 4154 sopita
865 4090 966 4150 est,
998 4098 1066 4137 ne
1086 4082 1271 4152 plures
1302 4091 1662 4139 morerentur.

584 4173 767 4242 (Vers.
790 4171 874 4242 9.)
922 4196 939 4217 ι
966 4170 1149 4241 Neque
1178 4176 1451 4225 tentemus
1483 4169 1783 4240 Christum,
1813 4172 1957 4239 sicut
1980 4174 2097 4245 qui-

508 4259 635 4315 dam
668 4276 854 4315 eorum
879 4265 1308 4325 tentaverunt,et
1338 4275 1369 4315 a
1389 4260 1732 4331 serpentibus
1762 4264 2082 4333 perierunt.-

510 4347 869 4403 Detrahentes
914 4346 980 4401 de
1028 4348 1140 4403 Deo
1198 4347 1477 4404 Christum
1527 4357 1762 4407 tentasse
1798 4352 2092 4422 dicuntur;

506 4438 637 4508 quia
665 4434 920 4492 Christus
950 4444 1086 4500 erat,
1118 4436 1212 4504 qui
1247 4435 1313 4490 ad
1342 4437 1567 4509 Moysen
1611 4440 1952 4511 loquebatur.
1981 4445 2096 4501 De-

504 4525 672 4596 nique
726 4538 795 4578 ne
851 4538 951 4577 nos
998 4523 1057 4577 in
1099 4521 1286 4578 eadem
1331 4541 1491 4581 causa
1534 4529 1904 4601 inveniamur,
1937 4548 2097 4591 com—

503 4627 694 4676 monet
722 4635 791 4677 ne
818 4617 1040 4675 diabolo
1069 4617 1369 4688 tradamur,
1402 4619 1559 4692 cujus
1587 4633 1861 4699 serpentes
1886 4626 2089 4686 habent

504 4708 757 4781 ﬁguram.

576 4798 757 4871 (Vers.
812 4798 928 4869 10.)
991 4820 1011 4846 ι
1037 4797 1224 4870 Neque
1253 4804 1749 4875 murmuraveritis,
1791 4806 1933 4865 sicut
1970 4807 2085 4880 qui-

510 4884 628 4949 dam
658 4904 726 4943 ex
747 4889 881 4960 ipsis
907 4898 1389 4946 murmuraverunt
1426 4892 1610 4963 (Nam.
1642 4912 1761 4962 xrv,
1791 4896 1927 4962 2;xr,
1950 4896 2026 4965 1).
2051 4919 2070 4942 ι

499 4977 843 5036 Murmurare
900 4987 980 5037 est
1023 4981 1159 5037 falso
1200 4981 1268 5036 ad
1318 4983 1555 5040 invicem
1604 4986 1671 5039 de
1701 4986 2004 5056 praepositis
2032 4995 2086 5043 et

498 5071 807 5127 rectoribus
836 5072 1280 5143 queri,quantum
1310 5073 1376 5127 ad
1400 5080 1635 5128 mentem
1676 5075 1781 5130 loci
1812 5077 2079 5146 pertinet;

496 5162 629 5234 quia
656 5163 791 5217 solet
823 5178 1073 5218 murmur
1095 5164 1209 5217 ﬁeri
1242 5171 1294 5218 et
1313 5164 1459 5234 justa
1490 5180 1557 5219 ex
1586 5182 1764 5221 causa.
1810 5190 1827 5211 ε
1856 5168 1925 5221 Et
1963 5183 2083 5236 per-

496 5251 683 5308 ierunt
729 5253 796 5307 ab
844 5253 1267 5307 exterminatore
1317 5253 1478 5321 (Ibid.
1533 5269 1610 5320 nt,
1662 5254 1741 5324 2).
1774 5279 1793 5302 ι
1838 5254 1951 5311 Hoc
1980 5263 2080 5322 est,

568 5413 684 5485 (76)
727 5412 873 5469 Idem
919 5411 1039 5467 cod.
1074 5411 1231 5485 C0_b.,
1268 5426 1371 5485 non
1409 5412 1677 5485 (inspirirrt,
1720 5431 1899 5470 verum
1927 5418 2082 5474 etiam

493 5483 703 5559 studeat
734 5485 1061 5548 laborare,ut
1087 5483 1157 5539 ad
1176 5483 1575 5559 proniissionem
1597 5484 1785 5556 dignus
1814 5497 2077 5559 occurrat,

493 5553 733 5609 ubi-non
746 5569 925 5649 pauca
946 5553 1460 5634 praeterm'ittuntur.

572 5624 685 5649 ΙΗΗΧ
719 5624 977 5649 λ,..-..-11.
1014 5640 1117 5649 η.--
1198 5626 1251 5649 .1-
1289 5626 1377 5649 11-!
1395 5643 1458 5649 --μ

570 5624 687 5695 (77)
716 5624 981 5680 Nonnulli
1011 5640 1164 5693 mss.,
1190 5626 1252 5682 de
1280 5626 1377 5681 Dei
1386 5628 1688 5698 provisione
1715 5628 1952 5699 fuerunt.

2209 3184 2507 3254 traherent,
2549 3193 2604 3245 et
2650 3184 2967 3243 dubitarent
3006 3183 3073 3243 de
3116 3199 3203 3252 eo,
3251 3184 3425 3243 Deum
3448 3190 3686 3243 tentasse
3711 3183 3791 3239 di-

2208 3282 2430 3336 cuntur.
2469 3274 2644 3335 Omne
2684 3274 2831 3335 enim
2879 3272 3025 3346 quod
3067 3271 3357 3345 probatum
3398 3288 3510 3331 non
3539 3273 3789 3342 habetur,

2208 3369 2489 3430 tentatur;
2520 3362 2643 3422 ideo
2677 3370 2739 3419 ut
2764 3360 2882 3419 haec
2913 3361 3143 3419 tentatio
3169 3354 3791 3431 convellaturﬁdmonet

2209 3469 2335 3510 cum
2362 3461 2586 3511 terrore.
2619 3451 2689 3509 Ut
2713 3458 2893 3511 autem
2926 3448 3167 3511 humana
3194 3450 3428 3509 tentatio
3453 3450 3579 3509 illos
3604 3465 3787 3522 appre-

2210 3545 2433 3613 hendat,
2483 3544 2737 3605 hortatur
2769 3562 2781 3605 :
2834 3542 3074 3605 humana
3119 3542 3267 3601 enim
3295 3541 3526 3601 tentatio
3563 3548 3645 3601 est
3669 3555 3789 3615 pro-

2209 3643 2327 3707 pter
2373 3651 2522 3707 spem
2552 3634 2652 3694 Dei
2697 3632 2945 3693 diﬂidere
2973 3633 3041 3691 de
3072 3632 3318 3705 homine,
3346 3632 3477 3705 quia
3502 3647 3644 3689 vana
3668 3644 3791 3702 spes

2209 3722 2266 3779 in
2297 3722 2558 3785 homine;
2611 3730 2675 3783 ut
2719 3723 2773 3781 in
2814 3720 3136 3781 necessitate
3163 3728 3259 3783 aut
3285 3736 3538 3793 pressura
3562 3733 3673 3777 non
3698 3717 3788 3777 de-

2207 3821 2383 3881 speret
2408 3811 2477 3871 de
2504 3814 2638 3880 Deo,
2668 3812 2974 3871 humanum
3007 3810 3281 3871 auxilium
3322 3807 3672 3882 requirendo,
3712 3806 3789 3865 sic

2207 3907 2300 3957 cut
2337 3906 2391 3955 et
2436 3898 2609 3959 Judzei
2645 3900 2738 3972 qui
2791 3899 3108 3961 dubitantes
3134 3897 3203 3957 de
3230 3899 3364 3967 Deo,
3394 3894 3669 3957 idolorum
3696 3894 3787 3956 ad-

2207 3987 2473 4045 minicula
2518 3987 2837 4049 exorabant.
2882 3988 2997 4047 Hoc
3040 3996 3124 4049 est
3150 3986 3453 4047 humanum
3478 3984 3785 4052 auxilium;

2207 4076 2336 4150 (illia
2368 4075 2447 4131 dii
2467 4091 2801 4147 Pasauorum
2826 4086 2976 4139 terra
3003 4086 3151 4148 sunt,
3178 4084 3234 4135 et
3260 4077 3533 4140 culturam
3562 4072 3787 4135 illorum

2207 4164 2485 4225 humanus
2509 4179 2660 4227 error
2688 4166 2920 4227 invenit.
2951 4169 3180 4242 Propter
3195 4166 3477 4231 Christum
3506 4180 3632 4237 ergo
3652 4165 3787 4238 pati,

2207 4254 2448 4315 humana
2503 4254 2735 4313 tentatio
2785 4265 2887 4328 est,
2943 4272 3042 4332 per
3090 4273 3256 4332 quam
3308 4256 3597 4331 proﬁcitur
3643 4253 3788 4328 apud

2204 4344 2399 4403 Deum.

2289 4459 2310 4487 ι
2335 4437 2542 4496 Fidelis
2569 4448 2751 4497 autem
2786 4441 2954 4507 Deus,
2995 4439 3087 4510 qui
3116 4451 3228 4493 non
3256 4434 3501 4507 patietur
3526 4451 3628 4497 vos
3670 4442 3786 4497 teu-

2202 4530 2308 4586 tari
2339 4548 2503 4606 supra
2532 4550 2694 4608 quam
2722 4532 2984 4606 potestis;
3016 4527 3111 4585 sed
3137 4527 3302 4587 faciet
3329 4542 3456 4584 eum
3486 4529 3786 4587 tentatioue

2201 4621 2367 4678 etiam
2402 4634 2766 4697 proventum;
2818 4630 2879 4678 ut
2906 4619 3128 4693 possitis
3155 4619 3412 4677 tolerare.
3440 4642 3460 4673 ι
3499 4620 3627 4678 Ideo
3654 4619 3787 4680 ﬁds-

2203 4708 2310 4766 lem
2368 4713 2503 4769 dicit
2549 4715 2744 4776 Deum,
2813 4734 2833 4759 σ
2875 4711 2971 4784 qui
3020 4726 3130 4768 non
3178 4711 3419 4783 patietur
3458 4726 3559 4767 vos
3582 4709 3786 4768 tentari

2201 4811 2366 4868 supra
2413 4816 2574 4871 quam
2614 4800 2880 4871 potestis:
2924 4823 2945 4852 ι
2985 4800 3117 4874 quis
3156 4798 3416 4859 daturum
3444 4814 3502 4856 se
3528 4797 3786 4870 promisit

2206 4891 2346 4948 145
2386 4888 2532 4943 Deus
2585 4887 2943 4962 diligentibus
2978 4907 3037 4947 se
3081 4905 3247 4963 regna
3302 4887 3574 4947 emlestia:
3625 4894 3681 4947 et
3722 4894 3785 4946 ut

2202 4980 2294 5038 det
2336 4999 2553 5040 necesse
2604 4994 2721 5054 est;
2783 4988 2910 5060 quia
2957 4986 3137 5043 ﬁdelis
3190 4995 3289 5042 est.
3340 4985 3631 5055 Propterea
3654 4997 3784 5053 ergo

2198 5071 2475 5127 tribulatis
2518 5090 2615 5144 pro
2669 5089 2724 5129 se
2771 5075 2965 5143 aderit,
3014 5091 3115 5131 nec
3140 5072 3380 5146 patietur
3407 5079 3620 5127 tantum
3647 5072 3783 5129 irro-

2202 5160 2336 5230 gari,
2383 5161 2530 5233 quod
2561 5162 2782 5221 tolerari
2814 5179 2925 5220 non
2954 5164 3164 5236 possint
3192 5177 3205 5216 :
3246 5159 3342 5218 sed
3381 5160 3570 5228 faciet,
3597 5168 3661 5219 ut
3687 5167 3783 5215 aut

2200 5248 2309 5304 cito
2355 5260 2527 5307 cesset
2566 5253 2818 5318 tentatio,
2869 5260 2962 5307 aut
2990 5252 3034 5307 si
3066 5249 3282 5323 prolixa
3307 5248 3497 5317 fuerit,
3525 5247 3618 5306 det
3647 5250 3780 5306 tole-

2272 5413 2390 5486 (78)
2435 5413 2568 5470 Cod.
2627 5415 2788 5472 Corb.
2815 5418 2987 5486 solus,
3014 5416 3230 5486 ideoque
3258 5412 3520 5486 destruit;
3551 5419 3608 5474 at
3633 5410 3780 5486 idem

2196 5484 2318 5541 cod.
2374 5502 2500 5543 cum
2539 5487 2664 5545 aliis
2697 5483 3051 5562 quibusdam,
3105 5483 3341 5547 hiqu
3383 5485 3523 5547 idoli
3557 5483 3783 5547 incida-

2195 5572 2311 5609 mus
2318 5599 2331 5612 ο
