4112 6178
310 355 407 429 149

1376 367 1735 437 COMMENT.
1777 381 1849 437 IN
1886 378 2101 436 EPIST.
2146 382 2168 435 ι
2208 381 2300 436 AD
2340 379 2492 437 con.

3452 375 3555 438 suo

302 478 455 555 “randi
486 499 739 556 \irtutem
775 494 1052 577 :alioquin
1074 521 1180 562 non
1211 505 1382 575 dabit,
1404 508 1550 579 quod
1576 509 1860 580 promisit;
1892 513 1942 570 Α
1977 512 2142 564 unius
2186 509 2283 564 Dei
2332 508 2493 563 ﬁdem
2540 519 2929 586 corrumperet,
2980 510 3203 567 Satanas
3246 508 3550 567 adinvenit.

312 591 424 661 quia
446 589 711 658 vincetur,
737 593 827 663 qui
848 595 1248 665 patitur.IIomo
1267 605 1349 652 est
1376 597 1526 652 enim
1557 598 1865 654 inﬁrmitati
1974 597 2129 654 Unde
2156 605 2209 653 et
2238 599 2471 653 Joannes
2500 600 2772 669 apostolus
2797 600 2853 654 in
2883 599 3112 670 epistola
3139 613 3236 653 sua
3261 597 3397 653 dicit
3421 615 3434 653 :
3458 596 3545 657 Ad

308 676 586 747 Subjectus,
625 689 814 736 etnon
843 682 944 736 erit
973 684 1067 754 qui
1113 685 1348 755 accipiat
1396 684 1514 756 (79)
1553 704 1564 741 :
1598 685 1689 741 sed
1740 682 1868 757 quia

302 764 476 829 ﬁdelis
499 776 583 826 est
611 771 770 837 Deus,
803 771 893 842 qui
925 767 1204 843 promisit,
1236 774 1503 830 subvenit
1541 784 1604 829 ut
1647 775 1871 845 impleat

303 856 443 929 quod
485 857 747 929 promisit.
800 860 1051 932 Denique
1102 860 1378 918 breviatos
1417 862 1541 917 vult
1584 877 1699 917 esse
1755 863 1871 918 dies

302 940 577 1007 Dominus.
609 955 666 1003 ut
695 947 979 1004 salventur
1028 948 1209 1015 electi,
1251 957 1305 1004 et
1358 951 1566 1021 possint
1612 951 1868 1021 consequi

302 1046 517 1105 regnum
546 1035 645 1092 Dei
679 1036 699 1106 (
729 1036 920 1092 Matth.
957 1052 1114 1101 xxrv,
1148 1035 1263 1107 22).
1300 1037 1581 1104 Quomodo
1626 1044 1806 1093 tamen
1836 1052 1867 1092 a

297 1119 407 1183 Deo
433 1120 746 1194 adjuvetur,
779 1121 823 1179 si
849 1128 1059 1179 tantum
1084 1124 1431 1193 permittatur
1459 1125 1677 1192 tentari,
1703 1140 1870 1199 quan-

298 1215 412 1267 tum
448 1216 624 1280 potest
651 1209 812 1279 (80)?
840 1209 1146 1281 Adjuvatur
1195 1212 1374 1283 plane,
1413 1212 1546 1269 dum
1590 1229 1701 1268 non
1746 1214 1870 1285 plus

298 1295 633 1368 permittitur
659 1299 707 1353 ei
745 1298 971 1370 imponi,
996 1316 1152 1371 quam
1183 1301 1356 1357 scitur
1384 1301 1524 1358 ferre
1582 1317 1771 1373 posse;
1807 1308 1871 1357 ut

299 1395 492 1457 quarto
524 1385 609 1443 die
654 1387 765 1458 pati
808 1403 918 1442 non
964 1388 1329 1458 permittatur,
1380 1391 1474 1464 qui
1518 1391 1692 1448 scitur
1727 1391 1868 1447 ultra

293 1490 403 1532 non
431 1490 745 1547 possequam
778 1475 961 1532 triduo
988 1478 1237 1534 tolerare.

366 1563 543 1635 (Vera.
580 1559 691 1635 14.)
736 1588 757 1612 ε
801 1564 1161 1637 Quapropter,
1212 1566 1541 1637 oharissimi,
1587 1568 1759 1641 fugite
1802 1569 1871 1626 ab

296 1649 564 1713 idolorum
592 1653 824 1711 cultura.
854 1674 877 1705 ι
920 1654 1183 1712 Hortatur
1209 1657 1375 1713 etiam
1403 1674 1570 1727 nunc,
1608 1666 1669 1714 ut
1694 1658 1873 1714 absti-

296 1750 456 1797 neant
485 1758 540 1799 se
568 1742 636 1798 ab
666 1742 817 1798 omni
845 1744 1101 1801 societate
1153 1744 1497 1811 idololatrias,
1528 1754 1591 1802 ut
1635 1764 1746 1804 non
1791 1763 1873 1804 so-

295 1828 1948 1946 i‘iiiffif’ie’ifffniﬂifidiff’iia‘f‘i'nnii’ff-P93B
2054 1872 2375 1946 (Vers.22.)
2424 1876 2583 1932 «Aut
2612 1873 2933 1933 aemulamur
2983 1874 3281 1934 Dominum

296 1926 553 1976 nascatur
588 1919 648 1975 in
676 1920 849 1976 Deum
878 1920 1130 1976 tentatio.
1164 1921 1337 1978 Nemo
1367 1923 1516 1978 enim
1544 1923 1792 1979 assiduus
1819 1921 1877 1978 in

296 2005 472 2064 idolio
502 2006 845 2078 nibilsperat
881 2006 948 2064 de
977 2023 1040 2063 eo
1087 2008 1243 2079 (8i);
1295 2008 1425 2066 hinc
1470 2010 1613 2066 enim
1666 2026 1877 2083 sperare

295 2096 549 2155 dubitare
577 2097 644 2154 de
672 2099 785 2153 Deo
805 2105 908 2162 est,
939 2098 1081 2154 sicut
1122 2106 1176 2155 et
1222 2099 1347 2156 Saul
1402 2100 1593 2157 relicto
1620 2103 1751 2169 Deo,
1782 2102 1876 2174 qui

295 2185 343 2242 ei
392 2185 570 2251 fuerat
611 2185 801 2245 delicti
845 2202 1005 2245 causa
1057 2188 1248 2254 iratus,
1294 2188 1361 2244 ad
1405 2188 1769 2245 idololatriam
1820 2205 1877 2245 se

296 2275 550 2342 contulit,
581 2274 790 2347 aliquid
810 2280 1038 2346 'sperans
1059 2275 1124 2331 de
1144 2292 1203 2330 ea
1228 2277 1286 2347 (Ι
1308 2278 1431 2347 Reg.
1464 2293 1664 2346 xxvrn,
1700 2278 1872 2350 7-20).

297 2361 393 2419 Cui
439 2363 660 2436 quidem
714 2364 763 2418 ei
796 2364 852 2418 in
883 2365 1132 2435 praesenti
1165 2364 1366 2432 obfuit,
1413 2372 1468 2420 et
1519 2365 1577 2421 in
1624 2367 1873 2423 futurum

296 2450 594 2522 gehennam
616 2451 869 2507 ultricem
911 2450 1170 2522 providit.

367 2539 548 2611 (Vere.
586 2538 698 2609 15.)
744 2561 763 2585 ι
793 2538 957 2605 Quasi
989 2538 1305 2610 prudentes,
1327 2554 1449 2605 vos,
1467 2536 1710 2609 judicate
1731 2539 1875 2611 quod

297 2625 435 2685 dico.
464 2651 483 2677 ι
529 2627 800 2698 Exempla
829 2626 1079 2699 subjicit,
1111 2634 1173 2683 ut
1202 2626 1421 2684 facilius
1463 2628 1716 2689 suadeat;
1750 2631 1878 2701 quia

296 2718 383 2781 cui
410 2716 579 2776 verba
623 2716 753 2775 satis
795 2734 909 2776 non
958 2718 1192 2785 faciunt,
1227 2719 1404 2775 solent
1450 2720 1700 2791 exempla
1742 2735 1877 2774 sue—

295 2804 436 2863 dere.

364 2896 550 2965 (Vera.
584 2897 671 2961 16,
703 2895 818 2967 17.)
860 2918 881 2946 ι
908 2895 1070 2954 Calix
1100 2895 1502 2953 benedictionis
1531 2911 1691 2966 quem
1713 2895 1877 2949 bene-

295 2983 551 3052 dicimus,
566 3000 747 3042 nonne
767 2984 1199 3041 communicatio
1226 2983 1510 3054 sanguinis
1530 2984 1749 3038 Domini
1770 2983 1880 3039 est?

292 3070 457 3131 Panis
486 3090 648 3145 quem
678 3073 1002 3143 frangimus,
1025 3086 1213 3126 nonne
1233 3072 1662 3127 communicatio
1690 3087 1879 3143 corpo-

289 3161 373 3222 ris
417 3162 646 3221 Domini
692 3168 774 3217 est
800 3161 829 3215 ‘l
867 3159 1009 3225 Quia
1055 3176 1202 3215 unus
1241 3160 1418 3231 panis,
1469 3176 1638 3215 unum
1684 3177 1879 3231 corpus

290 3250 464 3306 multi
497 3264 685 3307 sumus
708 3267 723 3316 ;
746 3264 936 3305 omnes
971 3250 1118 3304 enim
1147 3249 1217 3304 de
1242 3264 1350 3304 une
1396 3266 1535 3321 pane
1574 3258 1631 3306 et
1674 3250 1742 3305 de
1764 3266 1877 3306 uno

290 3338 468 3395 calice
489 3338 895 3411 participamus.
928 3361 947 3385 ι
990 3337 1257 3405 Quoniam
1290 3354 1459 3394 unum
1493 3356 1703 3407 sumus,
1737 3340 1878 3395 alter

288 3429 519 3485 alterius
554 3428 814 3494 membra,
846 3442 1017 3482 unum
1055 3442 1155 3483 nos
1199 3428 1401 3483 sentire
1446 3428 1643 3484 debere
1690 3428 1870 3495 dicit;

290 3525 352 3577 ut
377 3516 517 3575 ﬁdes
544 3532 654 3573 una
676 3532 846 3571 unum
882 3516 1075 3571 habeat
1107 3530 1325 3571 sensum
1356 3524 1409 3571 et
1433 3534 1588 3588 opus.

360 3608 541 3677 (Vera.
577 3606 689 3675 18.)
735 3629 754 3653 ι
780 3604 994 3671 Videte,
1028 3604 1212 3672 Israel,
1246 3605 1543 3660 secundum
1566 3620 1816 3662 carnem:
1841 3629 1861 3653 ι

292 3695 393 3752 hoc
417 3702 519 3761 est,
550 3693 763 3763 discite,
792 3694 1043 3749 homines
1078 3693 1328 3749 videntes
1378 3696 1570 3758 Deum,
1603 3692 1875 3765 quemad-

290 3783 512 3840 modum
572 3798 629 3838 se
681 3781 884 3837 habent
942 3781 1218 3848 carnalia,
1294 3780 1351 3835 id
1406 3788 1486 3836 est
1542 3781 1870 3835 idololatria.

304 3894 325 3925 ς
348 3873 540 3929 Nonne
572 3871 666 3942 qui
699 3869 870 3926 edunt
897 3869 1121 3937 hostias,
1144 3870 1435 3941 participes
1464 3877 1594 3925 sunt
1621 3868 1861 3924 altaris?-

292 3960 438 4019 Sicut
463 3960 619 4018 enim
650 3975 751 4015 nos
777 3959 843 4014 de
867 3974 980 4014 uno
1006 3973 1143 4028 pane
1171 3964 1224 4012 et
1268 3956 1336 4012 de
1382 3973 1493 4012 uno
1533 3958 1701 4015 calice
1741 3972 1875 4028 per—

294 4051 580 4121 cipieutes,
627 4048 918 4121 participes
965 4054 1018 4103 et
1060 4056 1339 4103 consortes
1382 4063 1577 4103 sumus
1630 4045 1875 4117 corporis

293 4137 506 4197 Domini
541 4155 555 4195 :
593 4137 671 4193 ita
704 4143 759 4191 et
801 4135 895 4207 qui
924 4134 1096 4191 edunt
1145 4133 1373 4203 hostias,
1404 4134 1697 4206 participes
1746 4139 1876 4189 sunt

292 4226 472 4285 altaris
499 4224 727 4284 erroris.

362 4316 543 4386 (Vers.
584 4315 671 4381 l9,
701 4310 819 4383 20.)
862 4334 880 4356 ι
911 4310 1058 4376 Quid
1086 4325 1214 4381 ergo
1243 4308 1388 4376 dico,
1422 4309 1552 4380 quia
1580 4310 1876 4367 simulacro

292 4402 637 4462 immolatum
666 4398 876 4473 aliquid
913 4405 994 4454 est
1016 4396 1045 4454 ?
1070 4396 1191 4455 Non
1220 4396 1350 4466 quia
1392 4397 1747 4453 simulacrum
1795 4404 1877 4452 est

290 4492 495 4565 aliquid
519 4510 536 4559 ;
564 4490 659 4547 sed
686 4502 809 4562 quae
837 4483 1485 4552 sacriﬁcant,'daemoniis
1516 4484 1822 4541 immolant.
1843 4508 1861 4533 ι

292 4579 658 4641 Simulacrum
690 4594 816 4635 vere
845 4576 989 4633 nihil
1018 4582 1137 4641 est;
1186 4573 1317 4646 quia
1345 4572 1524 4644 imago
1553 4572 1771 4630 videtur
1800 4574 1876 4631 rei
1903 4567 1954 4626 D

293 4680 519 4729 mortuas
552 4686 568 4727 :
600 4667 694 4725 sed
714 4667 818 4727 sub
861 4664 1101 4738 tegmine
1156 4662 1579 4723 simulacrorum
1626 4658 1876 4720 diabolus

291 4760 417 4816 colit
492 4802 509 4823 .
1022 4794 1027 4801 ε

370 4871 390 4901 ς
416 4776 563 4907 iitum
591 4861 695 4903 vos
710 4843 1008 4917 participes
1028 4841 1148 4901 ﬁeri
1177 4840 1598 4899 daemoniorum.
1622 4866 1642 4889 ι
1683 4840 1875 4899 Oeten:

293 4934 371 4993 dit
398 4937 516 4995 illis
532 4935 640 4995 hoc
657 4949 775 4991 esse
798 4940 1034 4998 tantum,
1056 4929 1203 5003 quod
1223 4930 1442 4987 videtur
1456 4930 1515 4985 in
1545 4929 1716 4989 idolio
1730 4929 1869 5003 (82):

295 5024 383 5083 sed
411 5041 529 5085 esse
566 5024 844 5085 occultum
894 5018 1203 5091 iniquitatis
1250 5017 1595 5090 mysterium,
1626 5018 1774 5091 quod
1813 5024 1877 5078 ut

362 5191 481 5264 (79)
512 5192 671 5264 Bem-
698 5187 835 5264 edit.
863 5185 998 5252 sola.
1029 5183 1123 5253 qui
1145 5184 1368 5264 ,ςτῖξρίαι-

364 5254 516 5335 (80)
542 5262 669 5323 Mss.
726 5260 955 5335 aliquot,
984 5254 1308 5335 permittitur
1360 5254 1874 5335 tentari,_quanfum

294 5325 476 5386 δείξατ’
486 5331 628 5402 ferre
652 5325 840 5402 posse?
884 5330 956 5402 A_t
984 5325 1135 5402 locus
1164 5325 1370 5397 integer
1384 5342 1429 5402 _a
1456 5326 1704 5402 vocibus,
1739 5329 1874 5402 Quo-

293 5405 444 5458 modo
474 5397 846 5472 tu‘rnen‘usqno
872 5397 939 5453 ad
970 5400 1322 5467 Quapropter,
1350 5398 1669 5465 charissim,
1698 5398 1876 5452 emite

296 5474 431 5529 titur
460 5475 518 5529 in
551 5490 652 5528 ms.
686 5470 848 5529 Co'rh.

367 5547 488 5617 (81)
525 5546 675 5607 Edit.
710 5544 889 5613 (lenm,
922 5541 979 5597 in
1026 5538 1190 5597 idolio
1240 5538 1451 5617 qiiqm'd
1497 5546 1665 5611 speret
1703 5542 1869 5617 (loco,

298 5608 406 5685 vet.
442 5608 622 5671 autem
656 5630 717 5669 ac
746 5608 883 5667 mssf
905 5628 967 5667 eo
1000 5619 1210 5685 tantum
1242 5608 1571 5685 discrepant,
1590 5612 1733 5685 quod
1748 5608 1874 5685 ius

302 5682 504 5740 habent
532 5687 694 5740 etiam
724 5690 922 5754 sperct;
950 5689 1004 5738 et
1032 5682 1253 5738 illorum
1296 5680 1552 5736 nonnulli
1600 5680 1699 5753 pro
1727 5683 1789 5738 de
1816 5700 1873 5738 eo

1976 685 2082 742 hoe
2110 688 2262 742 venit
2291 686 2467 743 Filius
2513 686 2633 755 Dei,
2676 694 2738 743 ut
2774 688 3010 744 solveret
3048 701 3213 759 opera
3251 684 3459 742 diaboli
3501 682 3561 757 (1

1977 776 2134 831 Joan.
2175 793 2257 836 ιιι.
2288 778 2371 846 8).

2052 879 2232 951 (Vers.
2260 880 2377 951 2i.)
2424 905 2441 928 ι
2470 881 2588 936 Non
2618 881 2845 952 potestis
2873 881 3097 938 calicem
3120 881 3340 939 Domini
3369 881 3558 938 bibere

1978 977 2033 1026 et
2062 970 2282 1025 calicem
2313 969 2712 1025 daemoniorum
2738 987 2751 1035 ;
2784 984 2894 1025 non
2926 970 3152 1043 potestis
3209 986 3408 1026 mensae
3437 973 3557 1027 Do—

1979 1056 2115 1111 mini
2145 1056 2548 1112 communicare
2577 1063 2629 1111 et
2661 1072 2859 1112 mensae
2889 1056 3308 1112 daemoniorum.
3341 1080 3360 1103 ι
3409 1056 3561 1113 Sicut

1977 1149 2031 1201 et
2060 1144 2323 1200 Dominus
2350 1144 2428 1199 ait
2459 1162 2472 1200 :
2511 1168 2530 1191 ι
2551 1143 2671 1199 Non
2694 1146 2917 1216 potestis
2938 1147 3053 1200 Deo
3080 1148 3289 1202 servire
3312 1152 3367 1199 et
3396 1159 3563 1199 mam-

1978 1246 2153 1287 monae
2185 1232 2395 1303 (Matth.
2420 1250 2500 1298 vr,
2532 1232 2622 1303 2t)
2645 1250 2658 1299 ;
2682 1258 2698 1279 ι
2737 1233 2865 1305 quia
2891 1232 2987 1305 qui
3017 1231 3244 1290 calicem
3267 1230 3562 1287 daemonio-

1977 1334 2100 1375 rum
2141 1318 2301 1386 bibit,
2345 1320 2499 1377 calici
2550 1319 2770 1375 Domini
2817 1319 3046 1376 insultat
3084 1337 3096 1377 :
3129 1328 3330 1374 etcum
3364 1333 3563 1373 mensa

1979 1406 2373 1463 daemoniorum
2421 1406 2809 1477 communicat,
2859 1423 3056 1462 mensae
3101 1405 3344 1472 Domini,
3380 1404 3436 1461 id
3482 1413 3563 1460 est

1978 1496 2155 1563 altari,
2182 1496 2468 1567 obstrepit,
2499 1504 2552 1550 et
2581 1494 2800 1549 Domini
2822 1510 3016 1568 corpus
3039 1493 3327 1564 crucifigit.
3351 1493 3562 1550 Idcirco

1980 1586 2125 1647 enim
2158 1584 2409 1641 Christus
2436 1583 2734 1640 cruciﬁxus
2779 1591 2880 1651 est,
2927 1588 2990 1638 ut
3032 1582 3358 1639 dissolveret
3403 1597 3565 1655 opera

1981 1672 2186 1729 diaboli
2216 1672 2355 1746 (83).
2387 1671 2495 1741 Qui
2521 1687 2647 1745 ergo
2690 1670 2822 1728 facit
2857 1686 3021 1746 opera
3060 1668 3292 1737 diaboli,
3338 1667 3559 1726 Christo

1980 1771 2264 1838 repugnat.

3326 1873 3507 1933 Iesum
3537 1870 3565 1931 ?

1982 1960 2263 2035 Numquid
2292 1962 2543 2021 fortiores
2568 1964 2665 2020 illo
2694 1965 2924 2023 sumus?
2955 1988 2974 2015 ι
3016 1965 3127 2027 Vix
3154 1964 3219 2019 Iit
3247 1971 3306 2021 ut
3336 1962 3565 2020 humilis

1983 2050 2189 2105 zelatur
2212 2057 2481 2122 potentem
2507 2069 2521 2117 ;
2594 2051 2696 2111 scit
2726 2052 2873 2113 enim
2896 2068 3006 2109 non
3024 2052 3130 2111 sibi
3159 2060 3483 2127 competere.
3505 2051 3565 2111 iu

1985 2154 2093 2213 quo
2122 2138 2206 2197 illi
2242 2147 2417 2213 potest
2448 2140 2684 2199 invideri
2718 2158 2729 2198 :
2767 2141 2860 2199 sed
2894 2130 3213 2216 aut'aaquali
3255 2140 3557 2209 invidetur,

1985 2235 2081 2287 aut
2137 2244 2301 2302 prope
2332 2230 2546 2302 aequali.
2598 2230 2727 2289 Ideo
2763 2231 3058 2306 Apostolus
3102 2248 3212 2288 non
3241 2246 3393 2304 posse
3421 2229 3567 2290 dixit

1984 2316 2234 2375 homines
2261 2320 2510 2377 aemulari
2545 2319 2841 2379 Dominum
2887 2321 3095 2391 Jesum,
3127 2329 3411 2394 propterea
3438 2320 3567 2393 quia

1984 2405 2138 2465 illum
2166 2407 2347 2463 sciunt
2373 2410 2668 2467 Dominum
2695 2429 2707 2466 :
2741 2411 2786 2468 si
2815 2411 3129 2487 quominus,
3152 2427 3261 2469 non
3288 2409 3566 2468 videbitur

1983 2495 2061 2551 eis
2088 2496 2285 2569 dignus
2312 2514 2425 2554 esse
2455 2501 2640 2557 vocari
2687 2501 2973 2569 Dominus,
3004 2518 3167 2575 quem
3209 2502 3456 2558 zelantur
3497 2514 3564 2557 ne

1983 2584 2249 2641 Dominus
2277 2585 2367 2641 sit.
2398 2587 2526 2641 Zelo
2548 2586 2697 2642 enim
2728 2588 2953 2642 Satanas
2971 2588 3335 2644 idololatriam
3353 2586 3568 2644 invenit

1984 2680 2046 2729 ut
2075 2673 2347 2739 homines,
2380 2675 2628 2743 negando
2670 2676 2843 2731 Deum
2890 2676 3210 2742 Dominum,
3240 2675 3401 2731 idolis
3443 2690 3568 2730 ser~

1986 2759 2141 2815 viant
2168 2759 2322 2831 quasi
2352 2759 2460 2814 diis
2487 2768 2541 2815 et
2565 2760 2826 2816 dominis.
2857 2783 2875 2807 ι
2897 2760 3096 2816 Omnis
3115 2761 3252 2815 mihi
3286 2759 3570 2827 licent,sed

1988 2862 2099 2901 non
2145 2846 2330 2901 omnia
2357 2846 2679 2918 expediunt.
2711 2870 2729 2895 ι
2776 2847 2976 2905 Omnta
3002 2847 3140 2906 dicit
3169 2848 3332 2906 licere
3366 2863 3571 2905 secun-

1988 2933 2117 2989 dum
2151 2933 2318 3005 legem
2370 2942 2607 3002 naturae;
2641 2935 2829 2993 omnia
2869 2938 3018 2993 enim
3060 2937 3268 2995 munda
3311 2944 3461 2997 sunt.
3492 2939 3570 2997 De

1988 3022 2126 3078 escis
2151 3023 2296 3077 enim
2326 3023 2607 3095 agebatur,
2638 3034 2692 3082 et
2719 3042 2881 3085 carne
2901 3025 3068 3084 idolis
3096 3026 3398 3087 immolata.
3431 3027 3565 3085 Nam

1987 3126 2105 3186 quae
2137 3112 2406 3183 prohibita
2437 3121 2491 3170 et
2520 3113 2809 3175 interdicta
2837 3125 2985 3186 sunt,
3008 3114 3283 3191 quomodo
3311 3115 3422 3179 dici
3447 3131 3566 3188 pos-

1911 3219 1955 3279 C
1986 3208 2113 3255 sunt
2146 3200 2325 3268 licere,
2357 3218 2482 3263 cum
2510 3201 2601 3260 hic
2629 3203 2794 3261 etiam
2816 3205 2952 3279 ipsa,
2983 3221 3103 3278 quae
3133 3220 3387 3265 concessa
3409 3211 3561 3274 sunt.

1986 3296 2256 3368 signiﬁcet
2288 3304 2427 3362 146
2456 3299 2751 3372 aliquando
2780 3317 2890 3361 non
2920 3302 3220 3377 expedire?
3247 3301 3391 3363 sicut
3430 3300 3568 3359 dicit

1986 3395 2265 3467 apostolus
2296 3394 2412 3466 (84)
2444 3396 2638 3453 Petrus
2667 3414 2680 3453 :
2725 3421 2746 3447 ι
2773 3398 2831 3457 Si
2861 3397 2978 3459 haec
3004 3408 3087 3459 est
3115 3414 3280 3456 causa
3305 3397 3414 3454 viri
3438 3412 3569 3459 cum

1986 3497 2179 3550 uxore,
2210 3500 2320 3538 non
2350 3485 2571 3559 ertpedit
2600 3485 2805 3543 nubere
2832 3488 3045 3558 (Matth.
3078 3503 3200 3555 χιι,
3235 3486 3348 3558 10).
3390 3508 3411 3535 ι

2055 3590 2238 3660 (Vera.
2270 3592 2386 3663 23.)
2431 3616 2450 3641 ι
2477 3592 2674 3648 Omnia
2714 3593 2851 3650 mihi
2898 3594 3085 3662 licent,
3118 3594 3213 3651 sed
3242 3611 3353 3651 non
3380 3592 3567 3650 omnia

1984 3679 2275 3737 mitiﬁcant.
2309 3706 2329 3729 ι
2370 3680 2516 3737 Idem
2543 3698 2734 3738 sensus
2761 3691 2862 3751 est,
2893 3685 3023 3756 quia
3060 3684 3187 3741 licet
3215 3686 3401 3740 omnia
3446 3682 3569 3738 ede-

1984 3784 2044 3825 re
2070 3788 2082 3825 :
2114 3770 2206 3826 sed
2238 3770 2385 3842 quod
2417 3771 2579 3827 idolis
2608 3772 2945 3841 immolatur,
2975 3789 3086 3829 non
3117 3773 3390 3839 aediﬁcat;
3437 3770 3567 3845 quia

1984 3858 2304 3914 scandalum
2336 3859 2470 3914 facit
2495 3860 2673 3927 fratri,
2692 3860 2838 3917 sicut
2856 3877 3023 3933 supra
3048 3862 3260 3918 dictum
3286 3869 3369 3917 est
3387 3877 3400 3919 :
3419 3860 3569 3916 ideo-

1985 3952 2142 4018 quea
2170 3946 2337 4003 licitis
2375 3946 2668 4019 aliquando
2710 3950 3122 4021 temperandum
3152 3956 3253 4016 est,
3281 3956 3345 4003 ut
3372 3946 3563 4017 prosit.

1986 4033 2128 4091 Hinc
2163 4039 2244 4090 est
2274 4034 2417 4093 unde
2445 4044 2696 4108 sumptus
2721 4037 2791 4092 ab
2820 4037 2907 4106 iis,
2937 4054 3066 4095 cum
3104 4036 3155 4092 ei
3202 4035 3409 4098 liceret,
3456 4044 3570 4084 ηο-

1986 4122 2092 4181 luit
2116 4122 2380 4195 accipere,
2411 4124 2587 4182 sciens
2614 4142 2727 4182 non
2749 4124 3029 4197 expedire.

2058 4230 2237 4299 (Vers.
2272 4230 2388 4301 24.)
2422 4232 2538 4303 (85)
2585 4254 2604 4277 ι
2631 4230 2805 4285 Nemo
2834 4228 2982 4301 quod
3028 4242 3187 4282 suum
3222 4232 3304 4282 est
3333 4234 3563 4299 quaerat,

1985 4317 2077 4372 sed
2105 4317 2251 4390 quod
2281 4318 2526 4372 alterius.
2550 4340 2569 4364 ι
2606 4317 2809 4371 Verum
2838 4323 2919 4371 est
2948 4314 3095 4388 quod
3114 4314 3246 4371 dum
3275 4315 3567 4389 unusquis-

1986 4429 2091 4486 que
2126 4414 2182 4469 in
2216 4412 2386 4468 idolio
2416 4410 2707 4478 recumbit,
2755 4411 3028 4468 voluntati
3059 4429 3169 4469 sure
3198 4413 3484 4483 satisfacit,
3513 4419 3568 4470 et

1987 4501 2140 4556 fratri
2169 4499 2507 4557 conscientia
2556 4498 2778 4556 infirmo
2829 4500 3146 4558 scandalum
3199 4502 3374 4574 ponit.
3429 4503 3568 4570 Qua-

1984 4600 2203 4661 propter
2232 4587 2605 4646 t‘estinandum
2636 4595 2716 4644 est
2745 4604 2842 4662 pro
2887 4588 3156 4645 charitate
3206 4589 3427 4645 Domini
3473 4607 3568 4646 no-

1984 4677 2084 4733 stri
2111 4678 2233 4733 Jesu
2255 4677 2458 4733 Christi
2484 4694 2498 4744 ;
2523 4686 2584 4732 ut
2613 4685 2667 4732 et
2692 4677 2862 4748 magis
2882 4693 3002 4748 quae
3030 4682 3161 4732 sunt
3188 4677 3353 4733 saluti
3383 4678 3569 4751 proxio

1982 4765 2059 4819 mi
2091 4766 2389 4821 necessaria
2418 4764 2825 4837 prohibeamus,
2860 4780 3023 4836 quam
3040 4770 3241 4819 nostrae
3269 4764 3565 4832 voluntati,

1984 4853 2127 4909 sicut
2174 4853 2318 4909 idem
2367 4853 2682 4926 Apostolus,
2738 4866 2835 4907 vas
2880 4851 3186 4920 electionis,
3218 4860 3272 4909 et
3325 4853 3569 4909 medicus

1982 4941 2266 5013 spiritalis,
2298 4941 2376 4997 sit
2413 4960 2425 4997 :
2472 4964 2491 4987 ι
2517 4940 2638 5013 Non
2668 4956 2915 5013 quaerens
2945 4940 3091 5012 quod
3120 4939 3263 4996 mihi
3303 4941 3441 4997 utile
3466 4946 3567 5008 est,

1982 5030 2076 5086 sed
2095 5030 2241 5103 quod
2266 5030 2456 5087 multis
2489 5031 2684 5103 (infra,
2714 5045 2857 5086 vers.
2891 5028 3007 5102 33).
3036 5054 3057 5081 ι

1983 5199 2476 5282 leguntdeDeo._
2927 5269 2938 5288 ε
3118 5269 3131 5281 ⁸
3203 5270 3215 5281 .
3286 5206 3351 5217 "
3530 5199 3533 5201 “

2054 5271 2174 5347 (ξξ)
2206 5272 2360 5347 Item.
2391 5270 2523 5347 edit.
2551 5271 2689 5338 sola,
2725 5270 3169 5347 quedmdeturrm
3192 5269 3383 5347 adolet.
3475 5332 3489 5347 ,
3534 5331 3543 5343 ,

2055 5332 2464 5424 (eammeam
2504 5332 2994 5415 masq'cruciﬁsus
3036 5346 3129 5408 est,
3169 5340 3297 5417 quia
3326 5332 3567 5395 dissolvit

1981 5428 2141 5484 opera
2169 5413 2387 5468 diaboli.
2463 5484 2473 5494 .
2631 5413 2657 5494 _'
2801 5482 2811 5492 .

2080 5483 2171 5551 84)
2205 5486 2359 5539 Rom.
2389 5483 2543 5551 ed1t.,
2584 5483 2729 5538 Stcu't
2756 5482 2936 5537 dicunt
2964 5480 3210 5558 apostoli.
3360 5540 3373 5555 ‘
3406 5540 3417 5551 I

2079 5555 2171 5623 85)
2206 5557 2305 5610 llic
2334 5563 2519 5610 textus
2543 5553 2776 5625 apostoli
2806 5560 2981 5627 atque.
3000 5550 3154 5627 illius
3182 5548 3417 5623 θξροειιι

1981 5639 2047 5680 eo
2092 5667 2103 5679 .
2141 5626 2303 5680 Corb.
2333 5626 2662 5680 restituitur.
2694 5638 2821 5680 cum
2867 5620 3011 5676 absit
3056 5631 3115 5669 in
3160 5613 3307 5680 aliis,
3338 5629 3417 5671 sic

2079 5548 2176 5627 85)
2206 5557 2305 5627 llic
2334 5563 2519 5627 textus
2536 5548 2776 5627 apostoli
2806 5548 3154 5627 atqueillius
3182 5548 3479 5627 expositio,
3511 5553 3564 5627 et

1981 5613 2103 5683 cod.
2141 5613 2303 5683 Corb.
2333 5613 2662 5692 restituitur,
2694 5638 2821 5680 cum
2867 5613 3011 5676 absit
3056 5617 3115 5669 in
3160 5613 3307 5683 aliis,
3338 5613 3483 5672 sicut
3517 5623 3571 5673 et

1981 5693 2041 5748 in
2070 5695 2284 5749 cunctis
2313 5695 2446 5749 edit.
