4090 6182
942 304 1112 313 ,ν-,μ-σν-,ι

460 363 563 424 251

1466 351 1561 405 Al)
1603 347 1835 404 OPERA
1874 345 1928 401 S.
1971 340 2303 401 AMBROSII
2341 336 2724 398 APPENDIX.

3633 328 3741 388 252

535 490 718 564 (Vera.
744 486 832 553 25,
865 484 981 554 26.)
1025 483 1222 539 «Omne
1251 479 1396 554 quod
1419 479 1473 534 in
1505 477 1731 533 macello
1747 473 2038 564 venitedi-
2073 479 2125 534 Α
2160 472 2437 564 lebretur;
2489 470 2546 524 in
2595 466 2822 564 gloriam
2871 463 3017 564 enim
3173 459 3378 564 aliquid
3415 457 3496 564 ﬁll,
3528 474 3659 564 cum
3684 461 3741 515 in

457 563 553 647 te,
579 576 719 634 nihil
778 574 1174 644 interrogantes
1207 569 1322 639 (86)
1356 573 1577 638 propter
1623 563 2046 628 conscientiam;

459 664 680 726 Domini
715 667 794 718 est
823 660 967 716 enim
999 668 1142 715 terra
1193 663 1245 711 et
1293 652 1576 726 plenitudo
1606 651 1742 722 ejus.
1776 675 1793 698 -
1842 651 1908 706 Ut
1937 666 2048 704 om-

465 755 560 813 nia
586 750 790 809 munda
819 748 1147 814 ostenderet,
1169 743 1422 815 exemplo
1449 740 1642 813 psalmi
1664 739 1914 811 vigesimi
1945 746 2049 792 ter-

462 843 531 900 tii
561 843 667 898 hoc
698 837 1005 902 roboravit;
1039 834 1167 906 quia
1200 848 1308 887 non
1347 838 1524 903 potest
1553 827 1902 884 immundum
1933 841 2050 881 esse

470 931 616 1007 quod
646 926 865 985 Domini
891 931 988 979 est.
1023 924 1093 977 Et
1123 920 1380 994 quoniam
1413 918 1662 990 superius
1690 917 1756 972 de
1787 915 1922 971 escis
1951 915 2047 970 ait:

471 1002 688 1076 (Omnia
725 1015 910 1078 licent,
934 1010 1153 1067 -statim
1185 1008 1507 1064 subsecutus
1542 1014 1622 1061 est
1646 1023 1656 1060 :
1680 1005 1874 1060 «Omne
1906 1002 2050 1075 quod

465 1107 522 1162 in
566 1103 794 1159 macello
825 1099 998 1166 venit,
1025 1098 1190 1164 edite,
1225 1096 1364 1151 nihil
1404 1094 1801 1165 interrogantes
1832 1100 2053 1165 propter

462 1189 875 1250 conscientiam.
910 1212 928 1235 ι
973 1185 1086 1240 Hoc
1114 1190 1294 1239 autem
1341 1182 1465 1238 ideo
1507 1180 1762 1252 subjecit,
1795 1188 1855 1235 ut
1886 1180 2054 1234 libera

472 1281 546 1338 sit
574 1275 941 1342 conscientia;
975 1275 1102 1328 licet
1129 1272 1272 1328 enim
1306 1270 1517 1342 aliquid
1549 1271 1823 1341 pollutum
1857 1268 1926 1323 sit
1957 1283 2053 1340 per

439 1364 858 1428 ‘accidentiam,
890 1361 944 1416 id
975 1369 1055 1416 est
1102 1359 1433 1415 oblationem
1473 1357 1640 1423 idoli;
1677 1373 1799 1412 cum
1836 1355 1940 1410 hoc
1967 1363 2042 1410 ta-

475 1471 602 1513 men
631 1452 802 1509 nescit
832 1450 925 1524 qui
956 1449 1107 1515 emit,
1141 1448 1356 1502 nullum
1388 1446 1594 1519 patitur
1623 1444 1964 1516 scrupulum,
1997 1449 2051 1498 et

468 1541 611 1615 apud
645 1542 816 1595 Deum
858 1535 1124 1593 immunis
1149 1544 1248 1592 est.
1919 1539 1924 1544 ‘

537 1631 718 1702 (Vers.
751 1628 877 1696 27.)
919 1650 938 1674 ι
967 1626 1023 1681 Si
1055 1624 1178 1698 quis
1208 1631 1369 1681 vocat
1399 1639 1498 1678 vos
1524 1638 1594 1678 ex
1623 1620 1942 1677 inﬁdelibus
1971 1616 2042 1674 ad

466 1733 700 1785 caenam,
731 1724 785 1772 et
813 1715 923 1778 itis,
956 1729 1118 1769 omne
1155 1713 1300 1786 quod
1330 1713 1636 1784 appositum
1675 1709 1834 1765 vobis
1862 1708 2049 1774 fuerit,

467 1806 631 1874 edite,
665 1804 806 1861 nihil
836 1803 1224 1876 disquirentes.
1246 1825 1266 1850 ι
1311 1801 1424 1856 Hoc
1438 1807 1538 1866 est,
1564 1798 1887 1870 simpliciter
1907 1810 2057 1852 man-
2087 1827 2134 1888 B

469 1896 665 1952 ducate
693 1893 841 1966 quod
871 1891 1188 1963 apponitur,
1223 1905 1332 1943 non
1361 1888 1766 1959 interrogantes
1796 1885 1940 1941 unde
1968 1885 2061 1940 sit.

539 1983 721 2054 (Vers.
753 1980 843 2046 28,
875 1981 991 2050 29.)
1039 2003 1058 2026 ι
1087 1979 1143 2034 Si
1159 1994 1287 2034 vero
1317 1977 1517 2048 aliquis
1547 1975 1750 2032 dixerit
1783 1993 1794 2031 :
1830 1975 1944 2030 Hoc
1964 1974 2065 2028 im-

469 2068 812 2129 molatitium
840 2075 940 2136 est,
972 2067 1143 2122 nolite
1173 2065 1498 2122 manducare
1528 2071 1747 2137 proqter
1777 2062 1934 2118 illum
1967 2060 2063 2135 qui

472 2158 763 2226 indicavit,
786 2163 840 2213 et
869 2163 1089 2228 propter
1115 2153 1528 2212 conscientiam.
1545 2150 1948 2210 Conscientiam
1971 2164 2062 2204 au-

472 2255 584 2304 tem
609 2247 753 2315 dico,
787 2261 898 2302 non
928 2253 1101 2313 tuam,
1122 2244 1216 2300 sed
1244 2243 1489 2300 alterius.
1512 2267 1531 2290 ι
1566 2243 1680 2298 Hoc
1709 2240 1962 2312 perfectis
1986 2238 2064 2294 lo-

476 2338 686 2411 quitur,
719 2336 813 2408 qui
844 2341 1072 2407 possunt
1091 2341 1504 2390 contemnentes
1534 2327 2064 2400 idololatriam,quia

477 2425 621 2480 nihil
651 2432 730 2479 est
753 2423 1080 2479 manducare
1096 2421 1162 2477 de
1190 2419 1626 2488 sacriﬁcio,certi
1646 2419 1776 2491 quia
1793 2417 1938 2490 quod
1960 2414 2062 2472 sub

477 2512 578 2569 Dei
609 2509 882 2569 Creatoris
912 2511 1132 2565 nomine
1161 2509 1365 2574 editur,
1396 2524 1507 2562 non
1551 2514 1727 2578 potest
1769 2505 2012 2577 polluere
2048 2522 2061 2560 :

478 2599 571 2654 sed
600 2599 728 2671 quia
753 2599 914 2662 alius,
940 2596 1034 2668 qui
1065 2596 1228 2650 idolis
1254 2595 1794 2666 servit,gloriabitur,
1820 2601 1874 2647 te
1903 2590 2063 2646 eden-

477 2695 532 2743 te
563 2688 630 2750 de
660 2686 997 2752 sacriﬁcatis,
1042 2685 1197 2758 quasi
1245 2683 1518 2738 venereris
1559 2682 1732 2747 idola;
1785 2680 1908 2736 ideo
1955 2695 2066 2735 non

477 2776 640 2833 debet
665 2775 773 2831 edi.
815 2774 979 2847 Apud
1020 2773 1409 2830 conscientiam
1458 2772 1605 2827 enim
1652 2771 1745 2826 ille
1793 2769 2067 2825 laetabitur

484 2884 662 2935 suam,
694 2867 823 2939 quia
867 2865 1021 2921 videt
1065 2872 1117 2922 te
1166 2863 1400 2922 libenter
1443 2871 1694 2937 appetere
1723 2862 1868 2936 quod
1899 2861 2063 2918 idolis

473 2955 816 3012 immolatum
847 2963 947 3010 est.

560 3065 582 3092 ι
628 3042 832 3114 thuid
881 3041 1026 3098 enim
1090 3041 1314 3097 libertas
1359 3056 1480 3096 mea
1519 3039 1800 3111 judicatur
1849 3040 1916 3094 ab
1959 3039 2068 3095 alia

477 3129 880 3191 conscientia?»
919 3130 1032 3185 Hoc
1060 3129 1216 3196 dicit,
1248 3129 1376 3201 quia
1397 3145 1521 3185 cum
1550 3129 1617 3183 ab
1658 3127 1790 3183 idoli
1819 3127 2065 3183 devotio-

2160 558 2371 614 actibus
2399 565 2453 612 et
2475 553 2885 612 conversatione
2928 549 3228 607 Christiani
3277 549 3422 604 Deus
3466 546 3742 618 laudatur,

2162 648 2250 701 vel
2277 661 2401 701 cum
2431 641 2669 699 ﬁliorum
2704 642 3004 714 procreatio
3032 655 3062 693 a
3093 639 3204 693 Deo
3233 643 3500 708 speratur.

2238 733 2556 805 (Vers.32.)
2624 756 2642 778 ι
2699 731 2826 786 Sine
2872 728 3169 784 offensione
3215 733 3386 781 estote
3427 723 3629 780 Iudaeis
3690 733 3749 783 et

2164 823 2385 889 Graecis,
2418 830 2471 877 et
2499 820 2756 876 Ecclesiae
2794 818 2914 874 Dei.
2941 843 2959 864 -
3017 817 3106 872 Sic
3147 813 3552 886 temperandam
3602 831 3750 870 con-

2163 912 2532 966 versationem
2566 915 2806 963 nostram
2838 906 3014 973 docet,
3044 911 3105 960 ut
3133 903 3321 958 nullus
3350 905 3406 956 in
3436 918 3497 957 ea
3523 902 3750 958 scanda-

2166 1001 2280 1056 lum
2309 998 2565 1070 patiatur.
2595 994 2835 1051 Oil'ensio
2863 1009 2990 1062 ergo
3040 991 3241 1046 Judaeis
3282 990 3362 1058 ﬁt,
3408 1005 3531 1046 cum
3577 990 3748 1059 idola,

2165 1107 2284 1163 qua:
2314 1089 2399 1143 illi
2427 1086 2837 1152 abominantur,
2869 1083 3265 1150 Christianum,
3296 1080 3390 1153 qui
3420 1097 3475 1135 se
3503 1079 3642 1136 dicit
3675 1081 3752 1135 le-

2167 1194 2283 1248 gem
2339 1185 2393 1232 et
2440 1175 2735 1247 prophetas
2775 1173 3042 1243 accipere,
3090 1170 3283 1225 vident
3331 1185 3438 1223 non
3503 1168 3751 1224 horrere.

2167 1265 2369 1321 Graecis
2400 1279 2550 1331 vero,
2585 1262 2639 1317 id
2669 1271 2755 1318 est”
2785 1267 2923 1322 147
2956 1257 3268 1330 gentilibus,
3319 1255 3435 1311 haec
3465 1264 3546 1310 est
3584 1256 3754 1312 offen-

2166 1361 2270 1427 sio,
2301 1359 2346 1414 si
2380 1359 2434 1414 in
2467 1375 2531 1414 eo
2563 1359 2619 1413 in
2651 1373 2758 1430 quo
2803 1365 2951 1422 sunt,
2984 1371 3094 1409 non
3145 1353 3322 1407 solum
3372 1367 3482 1417 non
3525 1367 3757 1422 arguan-

2166 1459 2276 1517 tur,
2307 1449 2400 1505 sed
2445 1456 2498 1503 et
2545 1447 2909 1519 promptiores
2959 1443 3109 1509 ﬁant,
3163 1441 3293 1496 dum
3347 1455 3455 1494 non
3507 1441 3758 1495 vitantur

2165 1545 2295 1593 vota
2325 1537 2596 1593 idolorum
2627 1531 3142 1590 illorum.Ecclesiae
3164 1535 3345 1583 autem
3371 1527 3472 1582 Dei
3495 1526 3557 1582 ﬁt
3587 1528 3757 1583 offen-

2165 1629 2436 1696 diculum,
2460 1627 2678 1701 quando
2715 1624 2975 1697 quosdam
3009 1638 3077 1677 ex
3108 1634 3336 1675 numero
3359 1634 3459 1674 suo
3490 1617 3641 1674 videt
3661 1617 3756 1688 iis,

2165 1732 2286 1789 quae
2318 1714 2540 1771 inimica
2569 1721 2697 1770 sunt
2727 1715 2857 1780 Deo,
2885 1711 3179 1768 adhaerere.

2250 1806 2431 1877 (Vers.
2461 1805 2576 1875 33.)
2622 1827 2639 1849 ι
2669 1804 2822 1860 Sicut
2852 1818 2950 1873 ego
2981 1799 3239 1856 omnibus
3285 1814 3382 1870 per
3432 1798 3614 1853 omnia
3643 1798 3764 1869 pla-

2171 1908 2290 1962 ceo,
2319 1909 2430 1948 non
2478 1908 2724 1964 quaerens
2773 1889 2918 1963 quod
2969 1888 3108 1944 mihi
3155 1888 3290 1943 utile
3343 1895 3442 1955 est,
3475 1887 3568 1943 sed
3611 1887 3764 1958 quod

2174 1980 2384 2048 multis,
2417 1988 2479 2036 ut
2505 1980 2644 2036 salvi
2679 1979 2832 2035 ﬁant.
2853 2004 2872 2027 ι
2915 1977 3185 2035 Omnibus
3214 1992 3309 2048 per
3333 1976 3520 2032 omnia
3549 1979 3761 2048 placere

2174 2079 2256 2126 est
2310 2070 2428 2126 sine
2475 2069 2731 2125 scandala
2788 2069 3112 2141 cujusquam
3163 2083 3320 2140 agere
3357 2067 3427 2124 ad
3451 2068 3761 2139 profectum

2173 2161 2434 2220 utilitatis
2465 2161 2709 2230 illorum,
2741 2167 2802 2216 ut
2830 2167 2884 2216 et
2914 2158 3027 2215 illis
3054 2165 3107 2214 et
3131 2157 3262 2216 huic
3289 2158 3362 2214 sit
3387 2159 3544 2217 utile.

2779 2301 3006 2359 CAPUT
3053 2302 3151 2359 Χῐ.

2253 2419 2435 2490 (Vers.
2471 2418 2549 2489 1.)
2612 2439 2631 2466 c
2668 2415 2975 2473 Imitatores
3023 2416 3129 2472 mei
3169 2423 3361 2485 estote,
3391 2417 3533 2472 sicut
3560 2424 3614 2473 et
3663 2432 3761 2489 ego

2175 2507 2402 2566 Christi.
2439 2533 2456 2555 ι
2492 2509 2801 2563 Humanum
2834 2517 2912 2563 est
2961 2507 3107 2579 quod
3149 2507 3305 2575 dicit,
3353 2515 3415 2562 ut
3462 2507 3764 2564 imitatores

2175 2599 2294 2670 ejus
2320 2600 2513 2666 simus,
2547 2598 2676 2670 quia
2703 2601 2815 2654 Deo
2845 2599 3006 2654 nobis
3054 2599 3312 2669 magister
3362 2598 3610 2655 indultus
3657 2607 3758 2656 est.

2175 2685 2234 2742 Si
2262 2687 2407 2742 enim
2439 2686 2530 2741 hic
2557 2687 2655 2741 Dei
2681 2687 2927 2742 imitator
2954 2695 3053 2752 est,
3088 2703 3255 2759 quare
3289 2703 3399 2742 non
3446 2704 3545 2744 nos
3575 2688 3752 2743 horni-

2177 2762 2472 2840 nisifQuia
2501 2772 2644 2829 sicut
2669 2775 2816 2829 Deus
2865 2774 3022 2829 Pater
3070 2774 3218 2829 misit
3267 2773 3546 2832 Christum
3595 2777 3765 2847 magi-

2175 2869 2348 2917 strum
2381 2868 2433 2916 et
2463 2869 2738 2917 auctorem
2769 2861 2930 2929 vitae;
2965 2862 3041 2917 ita
3069 2870 3123 2917 et
3151 2861 3400 2918 Christus
3430 2863 3580 2918 misit
3625 2879 3756 2934 apo-

2175 2950 2343 3004 stolos
2377 2949 2536 3004 nobis
2569 2950 2937 3021 magistros,ut
2957 2967 3142 3006 eorum
3167 2950 3463 3005 imitatores
3492 2966 3663 3005 essem
3676 2969 3760 3034 us;

2177 3039 2307 3111 quia
2335 3038 2452 3109 ejus
2481 3054 2595 3094 esse
2622 3054 2732 3093 non
2766 3055 3073 3110 possumus.
3104 3039 3186 3094 Ita
3212 3038 3352 3095 enim
3381 3038 3459 3094 ait
3485 3038 3765 3095 Dominus

2174 3127 2241 3184 ad
2273 3128 2486 3183 Patrem
2521 3147 2533 3184 :
2587 3151 2606 3173 ι
2635 3127 2788 3184 Sicut
2819 3143 2904 3183 me
2934 3126 3132 3182 misisti
3165 3127 3219 3181 in
3271 3127 3418 3184 hunc
3466 3126 3762 3198 mundum,

480 3236 551 3277 ne
575 3218 912 3276 conscientia
939 3219 1012 3273 sit
1050 3218 1240 3286 libera,
1273 3218 1402 3289 quid
1432 3234 1568 3289 opus
1614 3225 1694 3274 est
1745 3225 1805 3271 ut
1845 3223 2068 3288 putetur
2099 3188 2143 3248 ο
2175 3216 2250 3272 ita
2275 3223 2328 3271 et
2359 3232 2457 3287 ego
2489 3215 2612 3270 misi
2652 3231 2742 3271 eos
2784 3215 2841 3270 in
2890 3215 3039 3271 hunc
3084 3214 3352 3270 mundum
3405 3216 3584 3285 (Joan.
3616 3231 3757 3284 ινιτ,

478 3309 608 3380 quia
633 3306 1002 3364 venerationis
1029 3322 1190 3364 causa
1219 3305 1342 3362 edat
1372 3305 1534 3361 idolis
1558 3304 1884 3360 immolata?
1914 3302 2064 3359 Judi-

476 3405 634 3453 catur
661 3398 808 3452 enim
841 3413 950 3452 non
979 3395 1182 3452 distare
1212 3395 1281 3450 ab
1309 3411 1372 3450 eo
1401 3394 1495 3466 qui
1529 3393 1847 3461 colitidola,
1878 3407 2065 3465 quan-

479 3483 550 3540 do
575 3502 686 3541 non
718 3486 903 3549 horret
939 3486 1083 3557 quod
1114 3485 1357 3540 oblatum
1390 3491 1471 3538 est
1503 3483 1816 3538 simulacro.

550 3574 732 3645 (Vers.
765 3575 880 3645 30.)
920 3599 938 3622 ι
966 3574 1024 3629 Si
1056 3588 1183 3644 ergo
1215 3571 1398 3642 gratiae
1429 3571 1696 3641 particeps
1741 3586 1884 3637 sum,
1927 3568 2059 3642 quid

471 3660 824 3732 blasphemor
867 3675 964 3731 pro
1009 3675 1116 3731 quo
1153 3674 1250 3730 ego
1286 3659 1485 3729 gratias
1513 3675 1612 3729 ago
1639 3659 1665 3714 ‘i‘
1703 3683 1721 3706 ι
1777 3657 1841 3712 Id
1885 3665 1987 3722 est,
2017 3657 2064 3713 si

478 3764 576 3820 ego
607 3748 791 3820 gratia;
822 3748 921 3803 Dei
971 3747 1356 3814 communico;
1391 3747 1520 3819 quia
1547 3747 1605 3801 in
1645 3745 2065 3819 ipsiusnomine

471 3836 574 3893 edo
597 3855 610 3894 :
635 3836 767 3909 quid
787 3853 923 3910 opus
953 3844 1032 3893 est
1061 3835 1315 3892 arbitrari
1347 3835 1452 3894 hoc
1499 3837 1760 3909 aliquem,
1793 3836 1923 3908 quia
1967 3851 2064 3907 ego

485 3925 635 3982 idolo
677 3924 912 3982 devotus
967 3942 1110 3993 sum,
1147 3924 1279 3980 dum
1320 3941 1430 3981 non
1479 3927 1676 3981 horreo
1725 3942 1844 3998 quae
1884 3925 2066 3980 oblata

480 4021 611 4070 sunt
641 4015 810 4083 idolo,
829 4015 934 4072 hoc
959 4015 1425 4085 est,btasphemor?
1439 4016 1510 4070 Et
1536 4031 1620 4070 me
1646 4032 1773 4088 ergo
1803 4014 2067 4086 blasphe—

481 4115 615 4173 mat,
644 4113 698 4160 et
728 4106 823 4160 ille
845 4104 900 4159 in
923 4104 1093 4160 idolio
1113 4121 1212 4159 suo
1238 4103 1434 4175 gaudet
1458 4123 1471 4172 ;
1505 4103 1634 4159 dum
1657 4120 1740 4160 me
1770 4112 1926 4175 putat
1947 4120 2067 4175 par-

477 4193 722 4263 ticipem,
756 4194 919 4250 habet
966 4194 1305 4251 occasionem
1357 4192 1714 4264 permanendi
1759 4192 1816 4246 in
1861 4207 2062 4260 errore,

475 4288 531 4339 et
565 4282 824 4336 fratribus
868 4285 1069 4339 malum
1117 4283 1279 4338 datur
1323 4282 1660 4353 exemplum.
1691 4281 1824 4336 Nam
1857 4281 1903 4336 si
1932 4297 2063 4353 prae-

474 4377 691 4440 ceptum
737 4377 817 4425 est
869 4371 926 4426 in
981 4374 1094 4444 lege
1134 4383 1194 4428 ut
1244 4373 1352 4428 luci
1383 4381 1436 4428 et
1463 4389 1568 4428 arae
1605 4379 1656 4426 et
1687 4370 1835 4426 tituli
1866 4378 1920 4426 et
1949 4371 2063 4442 ipsa

474 4459 622 4514 idola
651 4458 1103 4528 confringantur;
1137 4459 1264 4514 vide
1297 4463 1344 4515 si
1375 4477 1485 4516 non
1526 4469 1804 4532 peccatum
1835 4468 1915 4516 est
1943 4476 2054 4517 non

2176 3304 2340 3376 18H:
2372 3305 2443 3358 Et
2472 3302 2601 3374 quia
2629 3302 2782 3374 digni
2814 3302 3116 3358 imitatores
3144 3302 3260 3374 ejus
3287 3311 3464 3371 erant,
3495 3303 3757 3376 subjecit:

2187 3327 2290 3375 ιο).
2321 3328 2340 3351 ³
2372 3327 2443 3358 ιιι
2472 3327 2601 3374 quia
2629 3327 2782 3374 Ulglll
2814 3327 3116 3358 ιιιιιιξιιυϊεδ
3144 3327 3260 3374 θ’]υὸ
3287 3327 3464 3371 erant,
3495 3327 3611 3376 SUUJ

2187 3415 2207 3439 ι
2235 3327 2314 3448 Et‘
2333 3407 2429 3462 pro
2458 3391 2536 3446 eis
2565 3390 2918 3446 sanctiﬁcabo
2937 3407 3021 3446 me
3049 3391 3227 3462 ipsum
3261 3392 3423 3462 (Ibid.
3452 3393 3563 3464 19).
3598 3417 3616 3439 ι

2247 3482 2426 3553 (Vers.
2457 3481 2537 3553 2.)
2584 3505 2603 3529 ι
2634 3482 2818 3538 Laudo
2862 3489 3044 3537 autem
3075 3496 3191 3550 vos,
3225 3482 3439 3551 fratres,
3472 3482 3616 3556 quod
3645 3500 3760 3540 om-

2173 3571 2266 3626 nia
2286 3587 2404 3625 mea
2424 3572 2686 3626 memoria
2715 3570 2982 3638 retinetis,
3013 3578 3066 3625 et
3097 3571 3373 3643 quomodo
3403 3572 3605 3643 ubique
3637 3579 3761 3627 tra-

2170 3657 2262 3726 do,
2291 3658 2611 3714 traditiones
2650 3675 2794 3714 meas
2823 3658 3038 3714 tenetis.
3068 3681 3089 3708 ›
3135 3661 3425 3732 Postquam
3487 3676 3668 3715 mores
3708 3667 3763 3716 et

2173 3748 2641 3804 conversationem
2717 3748 2938 3802 illorum
2995 3749 3195 3819 arguit,
3250 3764 3397 3804 nunc
3441 3747 3760 3804 traditiones

2173 3837 2295 3892 vult
2320 3836 2608 3907 corrigere.
2634 3835 2762 3892 Ideo
2792 3851 2902 3891 non
2933 3835 3037 3891 hoc
3064 3836 3372 3904 conﬁrmat,
3411 3836 3506 3892 sed
3533 3852 3755 3891 succen-

2174 3935 2254 3984 set
2279 3927 2383 3995 eis;
2417 3928 2543 4000 quia
2573 3945 2697 3984 cum
2720 3935 2860 3984 esset
2889 3929 3166 4000 apostolus
3209 3943 3420 3996 eorum,
3454 3928 3759 3983 immemo~

2173 4034 2258 4074 res
2273 4028 2426 4075 erant
2455 4019 2816 4075 traditionum
2842 4019 2959 4090 ejus
2993 4035 3005 4073 :
3041 4034 3215 4090 neque
3255 4017 3400 4091 quod
3428 4017 3604 4076 adhuc
3637 4035 3757 4076 non

2172 4106 2497 4176 didicerant,
2528 4124 2596 4163 ex
2637 4107 2867 4161 aliarum
2914 4105 3283 4162 Ecclesiarum
3332 4105 3628 4162 traditione
3664 4124 3762 4162 se-

2174 4195 2482 4268 quebantur
2510 4194 2625 4268 (88)
2651 4213 2665 4264 ;
2691 4211 2753 4252 ac
2783 4210 2878 4268 per
2893 4193 2998 4250 hoc
3026 4194 3182 4270 quasi
3214 4195 3431 4251 noviter
3459 4194 3626 4251 tradit
3646 4195 3761 4252 illis

2173 4283 2360 4340 dicens
2393 4303 2404 4341 :

2250 4372 2431 4443 (Vers.
2467 4372 2545 4445 3.)
2585 4398 2604 4422 ι
2643 4374 2785 4432 Volo
2815 4391 2913 4431 vos
2935 4373 3073 4430 scire
3101 4373 3232 4446 quia
3256 4373 3432 4430 omnis
3457 4373 3567 4428 viri
3595 4384 3762 4446 caput

2171 4460 2423 4518 Christus
2481 4470 2580 4520 est.
2614 4489 2634 4514 ι
2672 4465 2758 4521 Ad
2782 4465 3162 4521 auctoritatem
3184 4463 3372 4519 retulit
3396 4482 3411 4533 ;
3441 4463 3573 4536 quia
3592 4463 3761 4520 homo

480 4549 658 4601 solum
691 4546 806 4603 haec
833 4562 944 4601 non
976 4547 1171 4612 facere,
1202 4547 1297 4602 sed
1324 4554 1377 4600 et
1417 4547 1678 4604 interesse
1730 4551 1906 4620 epulis
1937 4551 2052 4606 hu-
2087 4545 2136 4604 D
2172 4570 2204 4610 a
2250 4557 2366 4612 Deo
2415 4555 2658 4630 quidem,
2704 4557 2797 4613 sed
2845 4573 2941 4630 per
2970 4556 3274 4614 Christum.
3321 4580 3340 4604 σ
3371 4555 3547 4627 Caput
3574 4563 3758 4609 autem

470 4634 714 4708 jusmodi
746 4641 1027 4710 propterea
1055 4634 1121 4692 de
1151 4633 1471 4693 sacriﬁcatis
1517 4651 1628 4693 non
1677 4639 1898 4712 expedit
1940 4639 2065 4695 ede-

471 4739 528 4781 re
570 4725 710 4796 (87).

547 4813 726 4886 (Vers.
761 4813 878 4883 31.)
919 4839 938 4863 ι
968 4817 1095 4873 Sive
1120 4817 1289 4890 igitur
1319 4817 1503 4887 editis,
1534 4817 1650 4874 sive
1701 4818 1912 4887 bibitis,
1943 4819 2060 4875 sive

468 4901 602 4978 quid
634 4902 833 4970 facitis,
865 4905 1050 4960 omnia
1081 4906 1136 4959 in
1159 4907 1387 4977 gloriam
1413 4907 1526 4962 Dei.
1545 4933 1563 4955 -
1607 4907 1709 4961 Per
1738 4907 1853 4962 haec
1873 4907 2058 4976 subje-

467 4997 551 5047 cta
574 4990 871 5047 declaravit
911 4991 969 5046 in
1011 4992 1180 5049 idolio
1214 4995 1390 5063 edere,
1415 4994 2050 5066 quavislicetconscien-

463 5081 564 5148 tia,
595 5080 882 5137 inimicum
913 5096 1026 5135 esse
1083 5082 1220 5146 Deo;
1271 5082 1338 5137 ad
1387 5080 1740 5152 opprobrium
1772 5081 1919 5136 enim
1954 5086 2050 5139 Dei

467 5170 633 5226 unius
665 5169 780 5227 haec
811 5169 1031 5226 diabolo
1059 5169 1403 5235 dedicantur.
1435 5169 1568 5226 Nam
1601 5171 1657 5224 in
1691 5172 1919 5242 gloriam
1955 5172 2054 5228 Dei

471 5260 630 5317 edere
659 5268 713 5315 et
743 5260 928 5316 bibere
974 5266 1028 5315 et
1083 5259 1292 5332 aliquid
1343 5261 1538 5329 facere,
1568 5260 1672 5316 hoc
1719 5269 1820 5328 est,
1864 5269 1925 5316 ut
1953 5261 2053 5318 sub

470 5347 820 5408 invocatione
849 5347 1122 5409 Creatoris
1149 5363 1274 5405 cum
1308 5347 1574 5407 modestia
1605 5348 1926 5408 convivium
1954 5367 2054 5409 ce-

535 5531 651 5601 (86)
683 5533 781 5589 Ms.
815 5532 1002 5602 Corb.,
1029 5534 1164 5589 nihil
1192 5533 1551 5590 discernentes.

537 5601 653 5683 (87)
688 5604 835 5683 Idem
867 5601 993 5683 cod.
1022 5605 1205 5674 Corb.,
1241 5623 1348 5683 non
1389 5608 1559 5683 solum
1597 5606 1702 5662 Itth
1739 5605 1933 5683 facere,
1962 5609 2054 5664 sed

463 5675 516 5737 et
540 5671 604 5727 de
631 5675 944 5746 sacriﬁcatis
972 5694 1077 5739 non
1103 5671 1314 5757 expedit
1340 5677 1505 5738 edere.

1129 5877 1174 5887 ,ο
1187 5873 1214 5881 -ν

2169 4645 2418 4700 mulieris
2441 4646 2546 4701 vir.
2580 4671 2600 4694 ι
2643 4645 2782 4713 Quia
2811 4648 3061 4720 quamvis
3105 4657 3158 4703 et
3209 4647 3409 4703 mulier
3455 4662 3551 4718 per
3601 4645 3762 4702 Chri-

2167 4742 2333 4803 stum,
2368 4735 2435 4790 de
2463 4736 2584 4790 viro
2615 4743 2795 4792 tamen
2836 4737 2977 4793 facta
3024 4745 3124 4805 est,
3166 4754 3229 4793 ac
3273 4753 3368 4809 per
3403 4737 3507 4792 hoc
3535 4735 3762 4807 subjici-

2165 4830 2257 4877 tur
2301 4822 2440 4878 viro.
2513 4846 2531 4869 ι
2568 4823 2741 4896 Caput
2794 4833 2973 4880 autem
3021 4825 3228 4882 Christi
3257 4826 3420 4881 Deus.
3455 4810 3760 4895 {Dignum

2166 4919 2246 4966 est
2271 4919 2329 4966 ut
2357 4911 2456 4966 ﬁlii
2491 4920 2653 4984 caput
2681 4915 2839 4969 Pater
2868 4914 3098 4978 dicatur,
3134 4915 3289 4988 quasi
3348 4915 3560 4986 genitor
3611 4911 3756 4984 ejus.

2165 4999 2342 5054 Aliter
2389 5008 2569 5057 tamen
2619 5009 2781 5073 caput
2823 5001 2929 5056 viri
2985 5002 3240 5059 Christus
3269 5009 3370 5070 est,
3401 5009 3455 5056 et
3481 5000 3643 5055 aliter
3671 4999 3764 5054 vir

2165 5089 2493 5156 mulieris,et
2523 5089 2683 5145 aliter
2709 5092 2854 5146 Deus
2883 5099 3046 5163 caput
3077 5090 3283 5148 Christi
3325 5096 3424 5144 est.
3470 5089 3615 5143 Deus
3664 5104 3760 5144 au-

2163 5184 2268 5233 tem
2302 5177 2424 5234 ideo
2449 5186 2612 5251 caput
2639 5178 2843 5236 Christi
2875 5188 2975 5249 est,
3027 5179 3154 5253 quia
3181 5177 3249 5232 de
3295 5194 3359 5232 eo
3406 5177 3493 5232 vel
3537 5176 3604 5231 ab
3637 5176 3760 5248 ipso

2162 5269 2378 5339 genitus
2427 5276 2526 5324 est.
2559 5266 2805 5324 Mulieris
2854 5284 2983 5325 vero
3037 5275 3203 5339 caput
3249 5265 3456 5322 idcirco
3505 5264 3592 5319 vir
3651 5271 3760 5333 est,

2161 5357 2290 5431 quia
2319 5373 2388 5413 ex
2414 5355 2531 5428 ejus
2560 5364 2709 5415 costa
2735 5357 2835 5416 Dei
2865 5357 3070 5415 virtute
3099 5355 3334 5412 formata
3375 5362 3457 5410 est
3488 5353 3648 5426 (Gen.
3689 5370 3759 5422 ri,

2233 5535 2349 5607 (88)
2384 5535 2543 5593 Corb.
2577 5536 2724 5604 cod.,
2768 5537 2856 5593 sed
2901 5535 3140 5592 aliarum
3165 5533 3531 5591 Ecclesiarum
3572 5529 3762 5591 tradi-

2161 5607 2351 5664 tionem
2376 5608 2739 5680 sequebantur.
