4112 6178
293 335 393 393 253

1368 334 1728 393 COMMENT.
1770 334 1842 389 IN
1878 334 2094 391 EPIST.
2133 336 2157 391 Ι
2191 336 2286 392 ΑΙ)
2323 337 2479 394 COR.

2918 304 3053 322 ..νη

3463 347 3567 408 251.

293 463 400 533 21).
436 456 679 516 Christus
726 464 907 515 autem
956 458 1078 515 ideo
1121 468 1282 533 caput
1325 461 1434 517 viri
1471 470 1572 531 est,
1616 462 1743 535 quia
1766 478 1861 534 per
1888 468 2210 534 Ascopum,
2264 464 2393 536 quia
2443 464 2679 523 vicarius
2711 468 2936 526 Domini
2973 478 3073 540 est,
3114 480 3334 547 propter
3381 477 3565 533 reatu8

291 550 453 622 ipsum
486 565 609 604 cum
645 564 755 604 non
787 557 945 614 esset,
988 557 1198 605 creatus
1236 558 1336 606 est.
1391 551 1509 607 Una
1537 567 1662 623 ergo
1691 550 1863 607 dictio

290 639 543 695 diversam
601 637 769 695 habet
818 637 1277 710 intelligentiam;
1339 640 1469 712 quia
1524 648 1578 696 et
1623 656 1865 712 personae

287 726 585 799 discrepant
612 735 666 782 et
696 726 1034 783 substantiae.
1668 720 1673 725 ’

352 816 529 886 (Vers.
560 815 639 886 4.)
686 840 703 862 ι
732 815 922 872 Omnis
955 816 1044 870 vir
1068 831 1229 871 orans
1267 824 1362 871 aut
1403 813 1737 887 prophetans
1762 830 1870 870 ve-

282 901 390 957 lato
416 903 587 974 capite
628 902 881 975 deturpat
927 912 1092 974 caput
1121 920 1305 957 suum.
1340 929 1357 950 -
1402 902 1567 958 Orare
1595 902 1727 958 dicit
1763 902 1868 957 de-

281 992 479 1062 precari
511 1011 524 1047 :
556 991 880 1063 prophetare
918 998 1100 1045 autem
1146 990 1441 1047 adventum
1487 990 1602 1045 fore
1643 990 1865 1047 Domini

281 1094 410 1135 voce
437 1097 550 1152 sym
563 1081 678 1136 boli
708 1089 833 1151 post
857 1080 1157 1135 orationem
1190 1080 1360 1135 effari.

347 1169 529 1238 (Vers.
565 1168 622 1234 5,
654 1167 709 1234 6,
742 1168 820 1239 7.)
867 1168 1059 1223 Omnis
1105 1177 1285 1223 autem
1337 1168 1535 1222 mulier
1570 1182 1732 1223 orans
1771 1173 1866 1223 aut

276 1260 608 1332 prophetans
666 1276 776 1315 non
833 1263 1012 1316 velato
1077 1261 1273 1332 capite,
1347 1259 1636 1316 confundit
1702 1266 1866 1331 caput

275 1370 433 1411 suum
459 1375 472 1423 ;
505 1372 673 1411 unum
703 1364 783 1412 est
811 1356 965 1413 enim
993 1366 1153 1429 atque
1182 1358 1446 1429 idipsum,
1497 1367 1558 1414 ut
1604 1357 1866 1414 decalva-

274 1452 383 1500 tur.
428 1445 484 1501 Si
528 1453 707 1501 autem
763 1461 873 1501 non
921 1448 1134 1501 velatur
1183 1447 1400 1513 mulier,
1447 1444 1784 1501 tondeatur:
1820 1444 1867 1501 si

276 1543 450 1590 autem
483 1541 638 1605 turpe
672 1541 753 1590 est
785 1534 1006 1589 mulieri
1036 1534 1251 1590 tonderi
1273 1544 1368 1590 aut
1396 1534 1690 1601 decalveri,
1722 1535 1868 1591 velet

162 1690 170 1697 .
274 1631 451 1695 caput.
496 1622 596 1679 Vir
637 1623 781 1678 enim
814 1639 929 1678 non
972 1623 1132 1678 debet
1168 1624 1350 1678 velare
1396 1631 1575 1695 caput,
1625 1639 1749 1678 cum
1795 1623 1869 1680 sit

274 1709 450 1783 imago
480 1720 534 1767 et
562 1712 735 1784 gloria
776 1711 897 1768 Dei.
930 1736 948 1759 ι
1011 1712 1274 1778 Quamvis
1322 1728 1431 1766 una
1464 1710 1768 1766 substantia
1794 1710 1869 1768 sit

274 1805 328 1854 et
353 1800 441 1854 vir
468 1808 524 1855 et
555 1800 778 1866 mulier,
808 1807 993 1854 tamen
1022 1799 1152 1870 quia
1180 1800 1267 1853 vir
1295 1808 1459 1871 caput
1486 1810 1567 1855 est
1598 1799 1865 1867 mulieris,
1893 1841 1937 1900 Β

274 1887 689 1959 anteponendus
717 1886 989 1953 traditur;
1034 1896 1094 1943 ut
1123 1904 1218 1958 per
1244 1904 1462 1943 causam
1509 1895 1563 1943 et
1600 1888 1867 1943 rationem

273 1977 454 2049 major
481 1978 573 2045 sit,
617 1994 728 2033 non
770 1994 865 2049 per
906 1977 1288 2034 substantiam.
1321 1979 1554 2035 Inferior
1581 1995 1708 2050 ergo
1739 1995 1868 2033 mu-

274 2065 381 2121 lier
407 2068 532 2122 viro
561 2077 661 2136 est,
695 2069 874 2140 portio
921 2069 1067 2124 enim
1114 2069 1232 2141 ejus
1267 2080 1381 2138 est;
1415 2071 1543 2143 quia
1570 2069 1724 2141 origo
1755 2086 1869 2125 mu-

273 2154 424 2210 lieris
453 2157 544 2209 vir
572 2162 654 2211 est
686 2173 698 2211 :
731 2172 802 2211 ex
830 2173 895 2212 eo
920 2157 1066 2212 enim
1106 2165 1206 2225 est,
1247 2174 1309 2214 ac
1355 2173 1451 2230 per
1494 2156 1600 2213 hoc
1629 2157 1868 2212 obnoxia

273 2241 492 2299 videtur
523 2244 720 2299 mulier
766 2245 908 2312 viro,
958 2254 1018 2299 ut
1059 2246 1290 2318 imperio
1338 2244 1455 2317 ejus
1502 2244 1745 2315 subjecta
1768 2245 1861 2302 sit.

272 2331 759 2390 Honoriﬁcentiam
800 2342 854 2390 et
891 2334 1213 2407 dignitatem
1246 2337 1350 2392 viri
1380 2337 1597 2392 obstare
1627 2336 1763 2393 dicit
1794 2351 1864 2393 ne

274 2425 415 2481 velet
460 2435 659 2498 caput;
704 2428 885 2499 imago
928 2426 1075 2482 enim
1134 2429 1230 2483 Dei
1282 2429 1645 2499 incongruum
1694 2437 1773 2482 est
1804 2436 1866 2483 ut

273 2512 473 2569 celetur
507 2530 519 2568 :
565 2514 827 2569 abscondi
858 2513 1005 2570 enim
1035 2530 1147 2570 non
1175 2514 1356 2585 debet,
1386 2516 1486 2570 Dei
1514 2515 1662 2569 enim
1694 2513 1866 2585 gloria

273 2602 495 2660 videtur
523 2604 580 2660 in
610 2604 753 2662 viro.

353 2717 372 2739 ι
399 2693 604 2750 Mulier
632 2701 812 2750 autem
856 2696 1029 2767 gloria
1067 2697 1175 2753 viri
1204 2705 1306 2753 est.
1339 2719 1358 2744 ι
1417 2695 1653 2751 ΜιιΙιιιηι
1697 2693 1866 2749 distat

273 2781 412 2837 inter
448 2784 678 2855 gloriam
703 2784 802 2839 Dei
835 2794 888 2841 et
916 2786 1143 2857 gloriam
1174 2785 1276 2840 viri
1302 2803 1317 2851 ;
1350 2784 1437 2839 vir
1455 2784 1607 2839 enim
1636 2782 1702 2837 ad
1734 2782 1864 2835 ima-

274 2868 451 2939 ginem
486 2870 586 2925 Dei
613 2870 791 2926 factus
819 2879 918 2937 est,
952 2887 1062 2927 non
1094 2872 1311 2926 mulier.
1337 2872 1461 2925 Haec
1476 2877 1658 2923 autem
1690 2867 1868 2936 imago

273 2958 370 3014 Dei
400 2961 459 3015 in
492 2961 633 3029 viro,
660 2961 789 3034 quia
828 2978 973 3016 unus
1008 2963 1153 3017 Deus
1183 2978 1358 3016 unum
1388 2959 1520 3014 fecit
1546 2955 1866 3034 hominem;

271 3052 334 3100 ut
363 3047 511 3103 sicut
539 3049 608 3103 ab
627 3064 740 3103 uno
766 3050 880 3103 Deo
906 3056 1036 3102 sunt
1066 3049 1272 3113 omnia,
1305 3047 1381 3101 ita
1400 3052 1578 3100 essent
1592 3051 1646 3097 et
1674 3043 1742 3098 ab
1760 3058 1868 3097 uno

267 3129 499 3187 homine
538 3149 728 3188 omnes
774 3132 1046 3200 homines,
1096 3139 1157 3186 ut
1198 3134 1361 3187 unius
1402 3132 1499 3187 Dei
1549 3131 1867 3201 invisibilis,

264 3219 441 3274 unius
472 3217 639 3273 homo
672 3218 910 3275 visibilis
939 3218 1233 3290 imaginem
1264 3218 1486 3274 haberet
1505 3220 1562 3274 in
1589 3221 1771 3287 terris,
1802 3228 1867 3274 ut
1897 3190 1946 3253 C

266 3321 421 3361 unus
450 3307 597 3361 Deus
638 3306 697 3361 in
747 3323 857 3363 uno
902 3306 1125 3362 homine
1172 3306 1449 3362 videretur
1487 3307 1865 3363 auctoritatem

262 3394 436 3450 unius
466 3396 728 3467 principii
762 3390 1206 3464 conservare,‘ad
1232 3396 1609 3452 confusionem
1632 3395 1863 3463 diaboli,

267 3485 360 3557 qui
390 3484 523 3551 sibi,
549 3484 798 3555 neglecto
816 3500 927 3539 uno
953 3486 1085 3551 Deo,
1108 3484 1416 3540 dominium
1438 3491 1491 3540 et
1511 3484 1860 3540 divinitatem

266 3573 416 3629 volui
456 3589 743 3645 usurpare.
778 3573 937 3641 Quod
983 3572 1248 3645 propheta
1288 3572 1540 3628 Ezechiel
1589 3573 1862 3645 signiﬁcat

267 3661 484 3732 (Ezech.
519 3678 723 3731 xxviii,
754 3661 867 3732 16),
900 3662 1295 3733 et,Apostolus
1341 3660 1507 3729 idem,
1541 3661 1617 3716 ait
1661 3661 1809 3717 enim
1844 3679 1856 3717 :

276 3771 297 3796 ι
319 3749 396 3805 Ita
428 3757 501 3805 ut
532 3749 588 3805 in
619 3749 825 3820 templo
852 3749 950 3805 Dei
980 3748 1187 3818 sedeat,
1212 3748 1504 3806 ostendens
1530 3764 1588 3806 se
1616 3750 1770 3822 quasi
1789 3749 1863 3807 sit

263 3838 399 3896 Deus
431 3841 532 3910 (II
563 3841 739 3895 Thess.
775 3855 837 3907 ιι,
867 3839 947 3911 4).
976 3863 996 3888 ι

327 3929 521 3996 (Vers.
550 3927 607 3996 8,
636 3928 690 3996 9,
724 3926 836 3997 10.)
891 3950 910 3974 ι
939 3928 1060 3984 Non
1101 3937 1187 3986 est
1217 3929 1366 3985 enim
1397 3928 1485 3984 vir
1513 3945 1583 3984 ex
1608 3928 1859 3999 muliere,

265 4014 351 4069 sed
379 4015 590 4072 mulier
633 4031 703 4071 ex
729 4015 850 4070 viro
885 4033 897 4071 :
950 4024 1004 4073 et
1049 4016 1197 4072 enim
1244 4033 1356 4073 non
1398 4025 1477 4073 est
1518 4026 1730 4074 creatus
1774 4016 1862 4073 vir

268 4114 498 4175 propter
527 4104 836 4171 mulierem,
866 4103 961 4159 sed
990 4104 1188 4161 mulier
1234 4113 1454 4178 propter
1483 4106 1688 4161 virum.
1720 4106 1864 4161 Pro-

265 4196 440 4260 pterea
482 4192 647 4248 debet
678 4192 876 4248 mulier
905 4201 1223 4264 potestatem
1254 4192 1453 4248 habere
1501 4210 1662 4264 supra
1698 4200 1861 4265 caput

263 4277 419 4333 etiam
453 4289 690 4352 propter
718 4282 958 4351 angelos.
983 4306 1002 4328 ι
1034 4281 1361 4337 Potestatem
1392 4282 1636 4336 velamen
1655 4280 1859 4351 signiﬁ-

263 4370 426 4437 cavit,
496 4371 713 4441 angelos
770 4383 1054 4440 episcopos
1109 4367 1266 4434 dicit,
1330 4369 1470 4424 sicut
1526 4372 1750 4426 docetur
1800 4368 1859 4424 in

265 4456 605 4529 Apocalypsi
651 4458 875 4514 Joannis
907 4459 1096 4528 (Apoc.
1143 4473 1206 4523 ιι,
1258 4457 1284 4510 1
1316 4459 1470 4527 seq.).
1504 4459 1574 4515 Et
1602 4460 1730 4531 quia
1756 4457 1859 4513 uti-

263 4559 361 4617 que
392 4547 659 4604 homines
698 4554 845 4618 sunt,
893 4546 1040 4619 quod
1088 4561 1199 4601 non
1246 4546 1581 4618 corriperent
1626 4548 1860 4618 plebem,
1892 4542 1940 4601 D
1972 4567 2145 4625 neque
2197 4555 2435 4612 Ecclesia
2488 4556 2607 4625 Dei,

266 4640 401 4698 148
439 4646 758 4708 arguuntur
787 4656 799 4693 :
833 4646 887 4693 et
914 4636 1062 4710 quod
1104 4644 1313 4693 rectum
1362 4644 1444 4692 est
1483 4638 1541 4692 in
1571 4637 1702 4703 illis,
1736 4636 1863 4690 lau-

264 4728 438 4790 datur.
478 4732 684 4788 Mulier
705 4748 830 4803 ergo
861 4732 954 4803 (33
970 4742 1162 4805 quaest.
1192 4735 1249 4802 5,
1271 4751 1390 4806 cap.
1411 4733 1632 4805 Mulier)
1656 4730 1861 4788 idcirco

265 4817 419 4878 debet
443 4822 637 4879 velare
667 4829 847 4894 caput,
879 4823 1005 4896 quia
1034 4840 1144 4880 non
1173 4832 1253 4880 est
1295 4825 1472 4897 imago
1518 4824 1638 4891 Dei,
1683 4822 1776 4879 sed
1800 4831 1860 4878 ut

264 4913 591 4970 ostendatur
617 4910 898 4982 subjecta;
930 4921 983 4969 et
1012 4913 1140 4984 quia
1169 4913 1543 4984 praevaricatio
1571 4929 1668 4985 per
1705 4914 1857 4969 illam

264 4996 524 5060 inchoata
561 5011 662 5069 est,
694 5000 801 5056 hoc
828 5001 1045 5071 signum
1067 5001 1227 5057 debet
1256 5000 1484 5068 habere;
1509 5011 1570 5057 ut
1589 5001 1649 5055 in
1669 5002 1855 5058 Eccle-

266 5088 349 5144 sia
402 5078 1039 5164 propter'reverentiam
1096 5089 1453 5161 episcopalem
1506 5104 1618 5143 non
1665 5088 1859 5146 habeat

268 5187 433 5250 caput
462 5180 720 5247 liberum,
770 5177 865 5234 sed
913 5177 1182 5233 veamine
1222 5186 1422 5234 tectum
1458 5196 1469 5233 :
1518 5193 1619 5233 nec
1664 5177 1857 5233 habeat

268 5277 593 5341 potestatem
622 5266 916 5343 loquendi;
948 5265 1075 5338 quia
1109 5266 1390 5336 episcopus
1432 5282 1717 5337 personam
1748 5266 1857 5321 ha-

268 5350 360 5416 bet
384 5357 619 5419 Christi.
651 5357 818 5429 Quasi
847 5371 972 5431 ergo
1001 5361 1126 5414 ante
1147 5352 1411 5427 iudicem,
1454 5354 1536 5413 sic
1561 5364 1687 5413 ante
1732 5356 1859 5429 epi-

310 5522 461 5604 .(8_9)
488 5523 782 5582 Gratianus
810 5521 871 5578 in
906 5520 1141 5591 decreto,
1184 5524 1405 5592 propter
1444 5528 1710 5592 peccatum
1735 5523 1859 5579 ori-

500 5667 601 5726 Ms.
652 5616 866 5733 Corbu'
898 5666 994 5727 Ubi
1035 5648 1172 5723 enim
1210 5663 1464 5725 dissensio
1505 5670 1598 5733 est,
1624 5666 1859 5737 primum

1971 552 2240 624 originem
2273 552 2389 625 (89)
2423 552 2668 625 subjecta
2697 557 2858 616 debet
2886 560 3084 619 videri.

2046 642 2227 714 (Vers.
2263 642 2378 713 11.)
2422 666 2440 688 ι
2469 644 2857 704 Verumtamen
2888 668 3064 724 neque
3099 652 3299 708 mulier
3324 652 3442 709 sine
3468 654 3566 710 vi-

1974 746 2058 798 ro,
2088 746 2263 803 neque
2310 731 2399 786 vir
2440 733 2560 789 sine
2601 736 2826 793 muliere
2872 739 2929 794 in
2974 741 3231 798 Domino.
3267 765 3285 789 ι
3343 742 3470 798 Ideo
3505 743 3566 799 in

1973 820 2214 887 Domine,
2246 820 2375 892 quia
2416 822 2563 878 Deus
2612 838 2681 878 ex
2727 841 2838 882 uno
2873 828 3003 884 fecit
3048 830 3238 887 ambos
3264 838 3320 887 et
3348 846 3562 899 unum;

1974 924 2084 964 una
2115 909 2261 964 enim
2289 925 2416 965 caro
2462 919 2518 967 et
2556 929 2729 969 unum
2778 932 2977 986 corpus
3022 928 3150 974 sunt
3198 920 3253 975 in
3300 918 3561 997 Domino,

1974 998 2081 1056 hoc
2110 1006 2209 1066 est,
2241 998 2541 1055 secundum
2573 1002 2893 1071 Dominum,
2934 1006 3029 1076 qui
3059 1009 3281 1062 creavit.
3314 1008 3560 1081 Denique

1973 1088 2066 1160 qui
2093 1103 2202 1142 non
2230 1086 2462 1143 credunt
2490 1090 2775 1145 mulierem
2807 1092 2876 1146 de
2896 1094 3019 1148 viro
3040 1102 3339 1165 sumptam,
3364 1095 3423 1151 hi
3450 1096 3567 1150 sine

1972 1175 2229 1243 Domino,
2260 1176 2346 1231 vel
2383 1192 2494 1232 non
2523 1178 2827 1234 secundum
2857 1181 3163 1238 Dominum
3199 1184 3432 1241 credunt
3459 1183 3571 1239 lio-

1974 1267 2187 1322 minum
2207 1268 2498 1337 originem.

2048 1355 2230 1426 (Vers.
2265 1353 2379 1424 12.)
2416 1378 2435 1402 ε
2466 1356 2602 1413 Nam
2653 1358 2797 1417 sicut
2845 1362 3045 1418 mulier
3090 1362 3158 1420 de
3198 1365 3343 1433 viro,
3392 1364 3470 1421 ita
3513 1380 3568 1429 et

1974 1443 2063 1498 vir
2091 1460 2186 1516 per
2214 1444 2520 1502 mulierem.
2552 1470 2570 1494 ι
2614 1446 2730 1504 Hoc
2758 1447 3018 1518 ﬁrmavit,
3049 1454 3197 1526 quod
3223 1453 3402 1520 dixit;
3436 1455 3567 1526 quia

1975 1533 2136 1590 ambo
2164 1550 2338 1590 unum
2377 1543 2507 1591 sunt
2553 1536 2610 1592 in
2648 1546 2865 1607 natura,
2910 1547 3072 1613 atque
3113 1541 3267 1613 origo
3317 1541 3568 1598 mulieris

1975 1624 2063 1679 vir
2090 1631 2189 1687 est,
2219 1624 2363 1680 sicut
2411 1624 2610 1696 legitur
2658 1626 2715 1682 in
2763 1629 2960 1685 Genesi
3008 1629 3214 1687 factum
3256 1647 3289 1687 a
3334 1632 3568 1688 Domino

1977 1714 2229 1772 Creatore
2262 1715 2415 1785 (Gen.
2455 1733 2515 1783 ιι,
2556 1715 2671 1786 22).
2732 1740 2751 1763 ε
2792 1717 2991 1773 Omnia
3035 1727 3213 1776 autem
3258 1735 3327 1775 ex
3375 1722 3507 1776 Deo.
3535 1743 3557 1769 ι

1975 1804 2265 1876 Postquam
2293 1804 2560 1875 gradatim
2597 1806 2854 1876 exposuit
2888 1806 3122 1879 singula,
3151 1817 3212 1865 ut
3242 1808 3428 1865 omnia
3455 1809 3569 1865 Deo

1976 1891 2287 1963 subjiceret,
2318 1909 2486 1948 unum
2517 1909 2740 1949 servans
2765 1894 3119 1966 principium,
3148 1896 3225 1952 ait
3257 1914 3269 1952 :
3315 1918 3334 1942 ε
3365 1895 3568 1951 Omnia

1976 1989 2157 2037 autem
2186 1996 2255 2036 ex
2285 1982 2397 2037 Deo
2422 1999 2435 2047 ;
2466 2006 2485 2028 ι
2528 1989 2590 2037 ιιι
2621 1997 2796 2054 neque
2825 1983 3024 2040 mulier
3068 1983 3427 2055 subjectionis
3454 1999 3566 2039 suae

1977 2085 2137 2125 causa
2174 2071 2607 2140 contristaretur,
2653 2086 2830 2144 neque
2863 2071 2952 2129 vir
2980 2074 3137 2145 quasi
3163 2073 3433 2131 exaltatus
3463 2090 3566 2130 su-

1976 2157 2235 2229 perbiret.

2050 2246 2230 2317 (Vers.
2275 2247 2387 2318 13.)
2433 2271 2453 2294 σ
2482 2249 2594 2306 Vos
2648 2249 2751 2323 ipsi
2792 2249 3040 2323 judicate
3072 2268 3085 2307 :
3123 2251 3345 2309 decetne
3372 2253 3566 2309 mulie-

1975 2350 2088 2390 rem
2144 2352 2253 2392 non
2311 2338 2545 2394 velatam
2621 2356 2777 2396 orare
2826 2342 2995 2397 Deum
3020 2342 3050 2398 ‘i
3078 2365 3097 2389 ι
3140 2342 3281 2399 Hinc
3312 2350 3394 2398 est
3420 2340 3566 2398 unde

1975 2423 2222 2495 superius
2245 2424 2356 2481 illis
2373 2442 2467 2497 per
2488 2426 2721 2484 ironiam
2748 2437 3051 2498 succenset,
3074 2429 3294 2487 dicens:
3332 2454 3351 2477 ι
3377 2430 3564 2486 Laudo

1977 2512 2106 2583 quia
2128 2514 2313 2569 omnia
2340 2531 2460 2571 mea
2492 2517 2756 2572 memoria
2781 2519 3062 2574 retinetis:
3083 2526 3137 2573 et
3155 2518 3430 2591 quomodo
3446 2517 3564 2576 ubi.

1976 2615 2081 2672 que
2109 2600 2285 2668 trado,
2316 2601 2640 2658 traditiones
2664 2619 2812 2658 meas
2829 2605 3027 2659 tenetis
3045 2606 3255 2675 (supra,
3272 2623 3413 2662 vers.
3432 2606 3513 2676 2).
3531 2629 3551 2653 ιι

1976 2685 2112 2742 Cum
2141 2688 2290 2743 enim
2345 2688 2460 2743 haec
2503 2698 2643 2746 esset
2682 2690 3000 2746 traditionis
3050 2691 3210 2759 ratio,
3262 2701 3324 2748 ut
3374 2693 3565 2750 velatae

1978 2784 2154 2832 essent
2210 2777 2469 2832 mulieres
2515 2779 2572 2832 in
2623 2779 2874 2847 ecclesia,
2930 2779 3014 2834 illi
3064 2789 3253 2835 contra
3306 2781 3567 2837 revelatas

1979 2879 2069 2919 eas
2099 2864 2155 2918 in
2185 2864 2412 2919 ecclesia
2442 2866 2809 2937 patiebantur.
2864 2866 3101 2940 Ideoque
3140 2867 3253 2938 jam
3304 2884 3414 2923 non
3459 2884 3569 2925 au-

1980 2953 2229 3008 ctoritate
2284 2953 2616 3023 traditionis,
2679 2972 2842 3028 quam
2894 2958 3268 3029 neglexerant,
3324 2956 3419 3013 sed
3471 2973 3567 3030 per

1978 3039 2148 3112 ipsam
2167 3050 2416 3097 naturam
2438 3043 2664 3099 suadere
2685 3043 2797 3100 illis
2812 3043 3011 3100 nititur
3031 3044 3314 3101 veritatem
3334 3044 3524 3103 dicens
3545 3065 3558 3103 :

2048 3129 2229 3199 (Vers.
2264 3129 2350 3198 14,
2384 3130 2494 3201 15).
2542 3155 2560 3179 ι
2588 3132 2698 3190 Nec
2737 3132 2854 3204 ipsa
2884 3140 3080 3189 natura
3112 3132 3270 3189 docet
3298 3149 3396 3189 vos
3433 3134 3564 3206 quia

1975 3217 2063 3273 vir
2118 3218 2359 3291 quidem,
2431 3219 2478 3276 si
2536 3236 2747 3277 comam
2788 3221 3064 3290 habuerit,
3120 3223 3426 3294 ignominia
3480 3232 3563 3282 est

1976 3304 2114 3362 illi?
2143 3332 2162 3355 ι
2203 3307 2318 3364 Hoc
2344 3308 2641 3365 secundum
2675 3311 2845 3382 legem
2898 3312 3113 3367 locutus
3153 3318 3266 3377 est;
3310 3310 3563 3383 prohibet

1975 3396 2122 3451 enim
2153 3413 2335 3453 virum
2363 3412 2479 3452 esse
2527 3407 2800 3455 comatum
2844 3400 3032 3471 (Leuit.
3075 3416 3195 3467 xxx,
3225 3400 3341 3470 27).
3389 3423 3408 3447 ι
3431 3400 3564 3456 Μιι-

1974 3484 2076 3541 lier
2101 3494 2282 3542 autem
2310 3504 2356 3543 St
2381 3504 2591 3544 comam
2622 3488 2895 3557 habuerit,
2947 3489 3119 3563 gloria
3152 3497 3234 3546 est
3261 3489 3385 3557 illi;
3414 3506 3563 3563 quo—

1972 3573 2119 3629 niam
2150 3590 2307 3631 coma
2341 3592 2439 3647 pro
2478 3577 2753 3634 velamine
2782 3578 2908 3635 data
2936 3586 3019 3635 est
3046 3580 3117 3635 ei.
3173 3603 3193 3629 ι
3229 3578 3563 3637 Naturaliter

1972 3660 2077 3719 hoc
2102 3661 2392 3719 honestum
2439 3672 2494 3721 et
2532 3666 2923 3737 propemodum
2956 3667 3238 3725 decretum
3272 3669 3393 3724 vult
3421 3682 3556 3737 esse,

1970 3758 2033 3806 ut
2092 3752 2270 3808 velata
2315 3753 2512 3809 mulier
2557 3755 2873 3825 satisfaciat,
2931 3765 2985 3812 et
3028 3758 3229 3830 gratias
3263 3764 3385 3829 agat
3420 3758 3560 3835 Deo.

1973 3840 2141 3899 Coma
2190 3859 2317 3913 ergo
2347 3844 2613 3901 indicium
2646 3848 2939 3904 velaminis
2961 3858 3062 3918 est,
3120 3857 3184 3906 ut
3239 3856 3452 3905 natura)
3504 3856 3560 3906 et

1971 3931 2230 3987 voluntas
2255 3931 2504 3989 addatur.
2539 3935 2783 4009 Denique
2815 3937 2970 3993 nulla
3018 3937 3216 3994 mulier
3251 3936 3417 3993 etiam
3461 3951 3561 3992 re—

1971 4020 2153 4076 velata
2178 4019 2293 4075 adit
2322 4030 2663 4092 potestatem.

2043 4108 2224 4178 (Vers.
2261 4110 2377 4182 16.)
2425 4137 2443 4160 ι
2466 4112 2520 4168 Si
2566 4115 2689 4186 quis
2708 4122 2891 4171 autem
2928 4116 3149 4171 videtur
3186 4110 3559 4170 contentiosa:

1970 4212 2106 4265 esse,
2138 4214 2237 4253 nos
2263 4200 2424 4254 talem
2457 4202 2912 4258 consuetudinem
2946 4218 3055 4255 non
3089 4200 3368 4268 habemus,
3389 4214 3558 4273 aeque

1970 4286 2213 4343 Ecclesia
2240 4287 2359 4344 Dei.
2391 4313 2409 4335 ι
2452 4289 2580 4344 Post
2609 4289 2879 4344 rationem
2912 4288 3203 4358 redditam,
3232 4296 3293 4345 ut
3322 4296 3559 4347 conten-

1970 4373 2137 4430 tiosos
2158 4375 2365 4449 vincat,
2393 4375 2773 4432 auctoritatem
2816 4375 3155 4450 interponit;
3207 4377 3336 4452 quia
3379 4394 3556 4452 neque

1969 4464 2278 4522 Judaismns
2331 4466 2436 4522 hoc
2492 4468 2703 4536 habuit,
2761 4466 2907 4525 unde
2954 4467 3136 4526 dicit:
3183 4470 3410 4542 «Neque
3431 4485 3552 4539 nos,

2668 4583 2688 4607 ι
2753 4564 2816 4615 ut
2860 4573 3037 4631 neque
3091 4559 3327 4631 Moyses,
3379 4572 3557 4632 neque

1971 4640 2221 4696 Salvator
2258 4645 2337 4701 sic
2371 4645 2671 4705 tradiderit.

2043 4730 2224 4802 (Vers.
2260 4733 2372 4803 17.)
2419 4758 2437 4780 ι
2467 4736 2580 4790 Hoc
2620 4743 2800 4791 autem
2847 4736 3125 4808 praecipio,
3172 4753 3281 4794 non
3325 4737 3557 4796 laudans

1970 4819 2117 4893 quod
2144 4821 2334 4876 nonin
2372 4822 2589 4890 melius,
2628 4823 2722 4879 sed
2768 4823 2827 4879 in
2881 4824 3121 4882 deterius
3161 4828 3488 4885 convenitis.
3517 4852 3540 4878 ι

1970 4911 2256 4980 Quomodo
2285 4913 2650 4985 particulatim
2696 4915 3162 4972 conversationem
3210 4917 3429 4974 illorum
3460 4931 3557 4988 per

1968 5002 2366 5075 correptionem
2397 5003 2681 5071 emendat;
2715 5002 2791 5061 ita
2840 5012 2895 5062 et
2934 5005 3259 5063 traditiones
3306 5007 3551 5074 illorum,

1969 5106 2078 5148 non
2111 5093 2338 5150 laudans
2365 5095 2576 5167 utique,
2607 5093 2700 5151 sed
2735 5094 3051 5165 vituperans
3084 5110 3194 5150 eos.

2042 5181 2220 5252 (Vers.
2266 5182 2351 5248 18,
2401 5183 2512 5253 19.)
2557 5207 2575 5230 ι
2604 5183 2846 5239 Primum
2895 5184 3063 5239 enim.
3095 5208 3113 5230 -
3174 5184 3411 5240 Primum
3453 5179 3555 5239 di-

1968 5270 2161 5339 cendo,
2189 5289 2359 5343 genus
2384 5272 2589 5344 peccati
2623 5271 2881 5339 ostendit,
2901 5272 3045 5327 unde
3086 5271 3193 5327 orti
3238 5277 3367 5326 sunt
3390 5281 3555 5323 erro-

1969 5376 2054 5418 res
2111 5361 2249 5437 (90),
2305 5378 2441 5439 quos
2496 5361 2881 5436 reprehendit;
2940 5361 3036 5418 ubi
3081 5360 3227 5417 enim
3284 5351 3552 5415 dissensio

1967 5523 2211 5655 digerit?
2259 5524 2327 5582 Id
2369 5540 2529 5597 genus
2585 5524 2785 5598 peccati
2856 5520 3097 5587 ostendit,
3155 5513 3291 5571 unde
3352 5517 3554 5586 rectura

1967 5610 2023 5648 m
2062 5614 2078 5650 ι
2127 5612 2178 5652 es
2206 5638 2219 5655 .

1965 5610 2101 5655 num
2127 5610 2219 5655 επ.
