4112 6178
1513 248 1884 323 ΑΒηΟΡΕῐὶΑ
1921 246 1975 302 S.
2021 243 2355 303 AMBROSII
2393 238 2768 299 APPENDIX.

3683 231 3791 291 256

503 391 609 451 est,
654 378 797 437 nihil
848 387 1057 437 rectum
1088 385 1202 441 est.
1244 398 1267 427 ο
1324 373 1795 432 Convenientibus
1839 371 1995 426 vobis
2032 370 2090 425 in
2119 372 2169 430 Α
2201 370 2315 440 (93)
2348 368 2454 425 hoc
2480 368 2640 423 facite
2680 363 2739 421 in
2787 362 2894 420 mei
2948 358 3793 451 commemorationem.“Simiii

505 466 999 534 ecclesiam,audio
1041 464 1407 523 dissensiones
1437 479 1571 530 esse,
1622 470 1676 517 et
1722 460 1919 532 partim
1965 473 2096 516 cre-

507 560 600 617 do.
633 556 861 630 Oportet
882 553 1030 611 enim
1072 561 1127 613 et
1155 553 1385 611 haereses
1412 567 1549 619 esse,
1580 557 1644 607 ut
1671 556 1724 605 et
1754 550 1848 621 qui
1882 547 2091 620 probati

505 656 658 715 sunt,
707 643 985 702 manifesti
1020 643 1158 702 ﬁant
1197 643 1341 700 inter
1366 658 1483 699 vos.
1516 665 1537 690 ι
1591 638 1826 696 Sciendo
1861 635 2096 695 nonnul-

508 737 592 798 los
652 739 836 792 mente
897 740 1183 803 corruptos
1260 728 1501 788 versutia
1583 727 1813 796 diaboli,
1877 726 2015 784 dicit
2080 738 2095 781 :

522 847 545 874 ο
570 823 799 895 Oportet
830 819 1061 877 haereses
1096 834 1230 877 esse.
1263 843 1284 868 ι
1344 819 1466 878 Non
1511 816 1701 889 utique
1745 814 1944 881 voluit,
1997 828 2101 872 nec

509 910 758 985 optavit;
807 906 900 964 sed
944 906 1074 980 quia
1110 907 1276 964 scivit
1303 907 1580 974 futurum,
1607 903 1753 961 dixit
1785 903 1924 974 (91),
1957 902 2101 960 sicut

513 1007 571 1057 et
616 995 931 1054 Dominus:
992 1017 1012 1042 ε
1050 996 1297 1068 Oportet,
1349 994 1552 1067 inquit,
1600 993 1790 1050 venire
1848 991 2101 1049 scandala

511 1086 726 1160 (Matth.
774 1098 941 1152 xvnl,
971 1082 1050 1155 7).
1099 1106 1122 1133 ι
1177 1084 1251 1142 Et
1289 1106 1309 1132 ι
1336 1082 1562 1155 Oportet
1603 1081 1808 1139 Filium
1859 1079 2102 1136 hominis

510 1175 621 1250 pati
652 1175 810 1243 (Luc.
844 1188 921 1241 1x,
952 1170 1070 1244 22),
1100 1196 1120 1221 ι
1191 1172 1420 1246 prmcius
1470 1172 1598 1244 quia
1643 1171 1810 1229 Judas
1855 1169 2102 1241 proditor

510 1271 626 1324 erat
681 1262 920 1319 futurus.
988 1284 1008 1308 ι
1064 1261 1136 1319 Ut
1189 1262 1404 1333 probati
1438 1286 1459 1310 ι
1528 1268 1710 1319 autem
1766 1276 1892 1317 cum
1944 1257 2098 1325 dicit,

527 1375 552 1405 ι
580 1350 857 1408 manifesti
887 1348 1025 1407 ﬁant
1069 1349 1213 1409 inter
1252 1367 1373 1418 vos,
1412 1375 1435 1401 ι
1488 1349 1615 1407 illos
1669 1348 1943 1420 signiﬁcat
1998 1346 2096 1418 qui

512 1440 572 1501 in
601 1438 898 1496 traditione
926 1447 1150 1511 accepta
1176 1439 1457 1506 durantes,
1489 1438 1801 1508 exemplum
1832 1434 2102 1507 probatio-

511 1530 600 1589 nis
627 1536 783 1586 erant
824 1528 1153 1600 evangelicae
1204 1527 1512 1600 disciplinas
1556 1526 1625 1583 ad
1676 1525 2104 1582 condemnatio-

514 1634 643 1677 nem
686 1627 1031 1675 cancrorum.
1058 1617 1104 1673 Ii
1131 1625 1260 1675 sunt
1286 1632 1422 1689 quos
1452 1614 1510 1673 in
1538 1614 1716 1687 capite
1745 1614 1992 1686 epistolae
2018 1613 2105 1670 si—

2200 458 2363 516 modo
2388 466 2442 513 et
2469 457 2713 522 calicem,
2745 463 3030 526 postquam
3075 457 3347 507 coenatum
3397 456 3502 515 est,
3556 447 3790 506 dicens:

2203 547 2317 603 Hoc
2346 547 2601 618 poculum
2624 545 2837 601 Novum
2877 543 3279 598 Testamentum
3312 546 3392 593 est
3424 536 3481 593 in
3514 553 3635 594 meo
3660 553 3799 595 san—

2205 634 2392 706 guine;
2424 634 2528 688 hoc
2585 632 2764 699 facite,
2824 630 3260 703 quotiescunque
3314 624 3541 693 bibetis,
3588 626 3648 681 in
3689 626 3797 682 mei

2204 721 2799 780 commemorationem.
2833 744 2849 765 -
2894 717 3145 774 Ostendit
3174 716 3290 773 illis
3314 715 3644 786 mysterium
3674 716 3798 772 Eu-

2206 813 2478 869 chari'stias
2514 810 2657 867 inter
2684 807 3009 866 cmuandum
3039 807 3397 870 celebratum,
3427 821 3542 863 non
3578 821 3791 864 coenam

2207 917 2353 968 esse;
2384 901 2657 957 medicina
2704 898 2852 955 enim
2899 896 3161 968 spiritalis
3189 902 3292 963 est,
3338 911 3461 967 qua
3486 910 3613 952 cum
3645 910 3802 952 reve-

2206 990 2384 1046 rentia
2402 990 2701 1061 degustato,
2735 987 2988 1059 purificat
3038 985 3143 1041 sibi
3199 983 3483 1040 devotum.
3535 984 3803 1041 Memoria

2209 1094 2355 1136 enim
2420 1077 2814 1151 redemptionis
2878 1084 3079 1133 nostra:
3125 1082 3242 1140 est;
3298 1080 3359 1129 ut
3426 1071 3804 1145 Redemptoris

2211 1185 2496 1237 memores,
2528 1168 2734 1240 majora
2762 1167 2830 1224 ab
2860 1184 2925 1223 eo
2954 1165 3215 1237 consequi
3246 1180 3573 1221 mereamur.

2285 1261 2464 1332 (Vers.
2495 1259 2609 1330 26.)
2683 1284 2702 1307 ι
2748 1258 3193 1328 Quotiescunque
3247 1254 3395 1311 enim
3450 1252 3807 1309 comederitis

2211 1362 2405 1421 panem
2427 1348 2597 1415 hunc,
2625 1354 2679 1402 et
2706 1346 2773 1403 de
2808 1346 3005 1417 poculo
3036 1344 3309 1411 biberitis,
3340 1351 3574 1399 mortem
3610 1341 3807 1398 Domi-

2211 1436 2269 1496 ni
2296 1436 2714 1503 annuntiabitis,
2739 1435 2914 1491 donec
2943 1434 3146 1491 veniat.
3177 1460 3194 1483 ι
3244 1434 3385 1501 Quia
3429 1432 3578 1489 enim
3623 1440 3803 1488 morte

2212 1525 2433 1585 Domini
2465 1525 2679 1582 liberati
2709 1541 2921 1592 sumus,
2953 1523 3122 1595 hujus
3140 1523 3218 1580 rei
3240 1539 3529 1589 memores,
3559 1538 3617 1577 1n
3647 1520 3810 1578 eden-

2212 1613 2284 1671 do
2321 1623 2377 1672 et
2402 1614 2637 1685 potando
2668 1631 2885 1673 carnem
2925 1623 2981 1673 et
3027 1612 3371 1684 sanguinem,
3411 1628 3531 1685 quas
3571 1628 3670 1683 pro
3698 1627 3811 1667 no-

512 1711 758 1786 gnilicat,
778 1725 843 1767 eo
859 1707 1006 1782 quod
1025 1708 1304 1765 dicerent;
1341 1709 1489 1767 «Nos
1510 1723 1641 1763 vero
1660 1705 1896 1774 Christi;
1927 1732 1947 1755 ρ
1979 1721 2104 1764 cum
2141 1740 2187 1804 Β
2214 1701 2509 1804 bis‘oblata
2543 1712 2690 1772 sunt,
2724 1703 3097 1775 signiﬁcamus
3136 1703 3351 1759 Novum
3400 1701 3809 1804 Testamentum

510 1800 606 1859 alii
629 1798 905 1856 dicerent:
942 1821 961 1845 ι
980 1798 1096 1869 Ego
1116 1796 1294 1865 Pauli,
1316 1812 1416 1868 ego
1430 1796 1631 1868 Apollo
1654 1796 1711 1866 (Ι
1731 1796 1857 1854 Cor.
1882 1812 1921 1861 ι,
1947 1794 2091 1865 i2).-

584 1888 767 1959 (Vers.
799 1885 890 1954 20,
921 1885 1011 1953 2i,
1050 1884 1170 1956 22.)
1239 1907 1259 1932 ι
1288 1883 1760 1944 Convenientibns
1799 1882 1968 1954 igitur
2012 1898 2107 1939 vo-

509 1976 600 2034 bis
627 1977 686 2036 in
722 1991 920 2043 unum,
944 1974 1058 2046 jam
1089 1989 1203 2031 non
1229 1982 1313 2032 est
1339 1972 1683 2031 Dominicam
1713 1988 1924 2030 cmuam
1956 1987 2106 2028 man-

516 2063 735 2121 ducare.
772 2063 1156 2137 Unusquisque
1188 2062 1337 2119 enim
1384 2068 1626 2117 vestrum
1669 2061 1944 2133 propriam
1988 2075 2109 2118 cas-

519 2166 648 2208 nam
701 2151 982 2224 praesumit
1030 2152 1090 2210 in
1148 2149 1560 2216 manducando;
1601 2157 1657 2205 et
1696 2150 1839 2207 alius
1886 2147 2108 2221 quidem

516 2240 713 2307 esurit,
758 2248 814 2296 et
867 2241 1009 2296 alius
1052 2240 1240 2297 ebrius
1292 2247 1393 2297 est.
1446 2237 1729 2311 Numquid
1767 2238 1957 2295 domos
1999 2253 2109 2295 non

517 2327 733 2389 habetis
760 2326 831 2383 ad
858 2326 1133 2384 edendum
1178 2334 1235 2385 et
1285 2326 1585 2384 bibendum
1609 2326 1637 2383 ?
1685 2334 1780 2384 aut
1808 2326 2110 2385 Ecclesiam

518 2416 620 2479 Dei
649 2416 1024 2482 contemnitis,
1080 2423 1136 2473 et
1194 2416 1534 2474 confunditis
1582 2431 1693 2473 non
1753 2415 2100 2473 habentes?-

523 2504 635 2563 Hos
687 2510 863 2572 notat,
909 2503 1008 2579 qui
1056 2503 1139 2561 sic
1192 2504 1252 2562 in
1298 2503 1582 2565 ecclesiam
1618 2503 2000 2561 convenebant
2052 2510 2114 2559 ut

519 2608 751 2653 munera
794 2608 896 2650 sua
948 2592 1256 2663 offerentes,
1307 2593 1730 2651 advenientibus
1778 2591 2115 2666 presbyteris

524 2682 683 2755 (quia
709 2679 891 2739 adhuc
937 2690 1173 2739 rectores
1212 2682 1474 2740 Ecclesiis
1521 2698 1633 2739 non
1675 2682 1934 2741 omnibus
1981 2680 2116 2737 locis

521 2769 741 2830 fuerant
767 2769 1103 2842 constituti),
1134 2777 1312 2829 totum
1340 2771 1449 2829 sibi
1486 2772 1583 2845 qui
1612 2770 1949 2838 obtulerant,
1978 2770 2117 2825 vin-

519 2858 792 2926 dicarent,
867 2857 1181 2919 schismatis
1248 2875 1427 2919 causa.
1519 2864 1661 2923 149
1740 2860 2117 2916 Dissensiones

521 2958 674 3016 enim
727 2959 871 3015 inter
917 2974 1009 3015 eos
1055 2958 1497 3033 pseudoapostoli
1543 2959 1967 3027 seminaverant,
2040 2960 2118 3016 ita

521 3054 588 3105 ut
615 3047 918 3105 oblationes
944 3065 1069 3105 suas
1096 3050 1405 3105 zelarentur
1434 3067 1446 3104 :
1483 3065 1609 3106 cum
1651 3064 1762 3106 una
1804 3056 1967 3121 atque
2016 3063 2121 3127 ea-.

519 3136 643 3196 dem
674 3153 835 3211 prece
878 3139 1127 3197 omnium
1173 3138 1481 3196 oblationes
1525 3137 2000 3206 benedicerentur,
2050 3144 2114 3193 ut

521 3225 566 3283 ii
602 3227 720 3301 qui,
748 3235 812 3285 ut
852 3230 1051 3285 assolet
1094 3228 1236 3296 ﬁeri,
1290 3243 1400 3286 non
1446 3228 1779 3298 obtulerant,
1836 3238 1929 3285 aut
1970 3227 2116 3284 unde

524 3316 807 3386 offerrent,
838 3334 951 3376 non
979 3317 1273 3387 habebant,
1321 3317 1530 3391 pudore
1578 3318 1813 3390 compti
1872 3318 2116 3374 confun-

521 3404 803 3475 derentur,
834 3420 946 3463 non
983 3413 1262 3464 sumentes
1288 3414 1497 3479 partem
1530 3422 1543 3462 :
1576 3415 1631 3462 et
1657 3413 1769 3462 tam
1816 3406 1929 3462 cito
1975 3404 2115 3461 illud

519 3492 776 3566 agebant,
827 3503 892 3550 ut
928 3495 1375 3566 supervenientes
1428 3511 1541 3552 non
1597 3495 1914 3551 invenirent
1968 3494 2115 3567 quod

513 3580 795 3643 ederent]
824 3584 1033 3656 deoque
1064 3581 1109 3639 si
1134 3584 1232 3652 sic,
1256 3583 1456 3657 inquit,
1485 3585 1815 3652 convenitis,
1849 3591 1911 3638 ut
1939 3599 2108 3640 unus-

522 3670 758 3746 quisque
809 3685 970 3728 suum
1026 3679 1228 3741 sumat,
1275 3671 1427 3729 domi
1479 3672 1600 3730 haec
1643 3671 1872 3743 agenda,
1902 3688 2013 3727 non
2053 3672 2112 3728 in

521 3761 809 3830 Ecclesia;
859 3760 955 3818 ubi
985 3762 1216 3819 unitatis
1249 3771 1305 3821 et
1349 3763 1599 3838 mysterii
1637 3778 1800 3820 causa
1844 3761 2118 3820 conveni-

513 3860 612 3911 tur
652 3850 794 3923 (92),
825 3865 938 3907 non
964 3850 1323 3909 dissensionis
1370 3858 1427 3909 et
1470 3850 1700 3909 ventris.
1730 3851 1932 3908 Munus
1967 3851 2114 3906 enim

516 3939 765 3997 oblatum
798 3940 969 3999 totius
999 3941 1189 4014 populi
1212 3942 1283 3998 sit
1307 3960 1322 4011 ;
1372 3942 1504 4015 quia
1529 3941 1589 3996 in
1625 3956 1736 3997 uno
1765 3957 1904 4012 pane
1928 3954 2116 3996 omnes

521 4029 928 4102 significantur.
953 4031 1055 4088 Per
1079 4030 1137 4087 id
1157 4030 1303 4087 enim
1327 4031 1475 4106 quod
1494 4045 1666 4085 unum
1686 4045 1894 4097 sumus,
1916 4028 1986 4085 de
2004 4044 2115 4087 uno

519 4134 663 4192 pauc
681 4136 872 4179 omnes
899 4137 1001 4178 nos
1021 4136 1236 4179 sumere
1264 4128 1505 4193 oportet.

617 4233 639 4259 ι
661 4210 807 4276 Quid
834 4211 1012 4273 dicam
1035 4211 1194 4267 vobis
1214 4211 1242 4267 ?
1267 4209 1459 4266 Laudo
1485 4224 1586 4265 vos
1605 4207 1634 4266 ?
1657 4209 1721 4264 In
1751 4207 1855 4264 hoc
1872 4221 1983 4264 non
2004 4209 2116 4266 lau-

518 4300 616 4360 do.
647 4323 671 4352 ι
709 4300 975 4371 Apertum
1026 4307 1109 4358 est
1163 4299 1502 4370 deprehenso
1548 4307 1603 4356 et
1639 4306 1888 4371 correpto
1913 4315 2114 4372 errore,

2142 3092 2194 3159 C

2214 1790 2275 1850 in
2303 1792 2392 1849 his
2420 1793 2719 1860 consecuti,
2748 1792 2893 1865 quod
2926 1792 3042 1864 (94)
3073 1800 3156 1849 est
3194 1807 3337 1857 nova
3373 1791 3486 1858 lex,
3520 1805 3637 1861 quae
3666 1788 3810 1844 obe-

2214 1879 2454 1939 dientem
2487 1882 2592 1939 sibi
2622 1881 2791 1939 tradit
2814 1880 3127 1939 coelestibus
3157 1881 3359 1952 regnis.
3390 1880 3527 1938 Nam
3559 1886 3612 1935 et
3640 1879 3810 1951 Moy-

2215 1987 2320 2039 ses,
2350 1980 2569 2045 accepto
2598 1973 2863 2047 sanguine
2883 1972 3047 2031 vituli
3078 1970 3134 2026 in
3165 1980 3368 2043 patera,
3400 1968 3630 2041 aspersit
3667 1967 3809 2025 ﬁlios

2216 2061 2403 2131 Israel,
2450 2062 2638 2120 dicens
2672 2080 2685 2119 z
2729 2087 2748 2109 ι
2779 2063 2895 2121 Hoc
2919 2069 3001 2120 est
3025 2063 3453 2121 Testamentum.
3507 2058 3654 2133 quod
3701 2058 3809 2115 dis'

2218 2149 2400 2224 posuit
2428 2152 2571 2207 Deus
2604 2150 2672 2208 ad
2726 2168 2825 2208 vos
2882 2150 3088 2221 (Exod.
3135 2166 3294 2218 xxxv,
3318 2150 3398 2221 8).
3432 2176 3452 2198 ι
3492 2150 3608 2208 Hoc
3638 2149 3812 2219 figura

2218 2238 2328 2299 fuit
2355 2239 2708 2307 Testamenti,
2740 2239 2888 2312 quod
2937 2239 3204 2295 Dominus
3252 2240 3467 2298 Novum
3515 2239 3811 2311 appellavit

2219 2345 2316 2402 per
2342 2330 2660 2402 prophetas;
2704 2337 2766 2385 ut
2802 2328 2941 2386 illud
2962 2328 3015 2387 ν
3019 2336 3141 2384 etus
3164 2329 3255 2397 sit,
3285 2328 3431 2402 quod
3463 2331 3673 2401 Moyses
3692 2336 3813 2385 tra-

2221 2416 2384 2477 didit.
2429 2418 2835 2475 Testamentum
2866 2434 2996 2489 ergo
3017 2419 3282 2490 sanguine
3306 2420 3662 2476 constitutum
3691 2425 3807 2484 est;

2223 2524 2351 2580 quia
2402 2508 2655 2564 beneﬁcii
2704 2507 2883 2563 divini
2939 2510 3159 2580 sanguis
3206 2509 3359 2565 testis
3395 2518 3494 2565 est.
3550 2511 3611 2565 In
3656 2507 3814 2579 cujus

2221 2610 2415 2674 typum
2456 2617 2557 2658 nos
2586 2601 2812 2658 calicem
2860 2601 3156 2673 mysticum
3203 2600 3484 2673 sanguinis
3518 2600 3585 2657 ad
3614 2599 3815 2659 tuitio-

2223 2705 2349 2746 nem
2381 2690 2498 2760 (95)
2546 2689 2791 2761 corporis
2849 2698 2903 2746 et
2959 2691 3155 2747 animae
3208 2697 3406 2747 nostra)
3448 2689 3811 2763 percipimus;

2224 2779 2355 2853 quia
2381 2779 2602 2851 sanguis
2639 2778 2859 2836 Domini
2911 2780 3227 2850 sanguinem
3278 2789 3525 2837 nostrum
3560 2779 3814 2849 redemit,

2224 2869 2283 2925 id
2325 2876 2426 2936 est,
2485 2876 2662 2925 totum
2711 2868 2990 2924 hominem
3050 2868 3259 2925 salvum
3317 2868 3467 2924 fecit.
3497 2867 3635 2925 Caro
3661 2869 3815 2927 enim

2224 2960 2524 3017 Salvatoris
2578 2975 2677 3031 pro
2729 2960 2903 3016 salute
2957 2956 3219 3029 corporis,
3258 2957 3477 3029 sanguis
3531 2972 3665 3015 vero
3713 2973 3816 3028 pm

2225 3051 2408 3107 anima
2437 3058 2624 3105 nostra
2651 3049 2853 3105 eﬂ‘usus
2896 3056 2995 3115 est,
3045 3048 3187 3105 sicut
3215 3047 3366 3119 prius
3402 3046 3812 3119 praeﬁguratum

2224 3139 2401 3197 fuerat
2428 3157 2459 3195 a
2486 3140 2707 3212 Moyse;
2759 3139 2839 3195 sic
2879 3139 3026 3195 enim
3066 3139 3146 3194 ait
3178 3156 3192 3195 :
3243 3161 3262 3186 ι
3291 3136 3431 3195 Caro
3461 3154 3561 3209 pro
3587 3153 3812 3209 corpore

2223 3236 2407 3285 vestro
2461 3229 2707 3295 offertur,
2775 3227 2997 3299 sanguis
3046 3242 3177 3282 vero
3232 3242 3332 3298 pro
3382 3226 3569 3282 anima
3619 3226 3807 3295 (Lavit.

2224 3335 2366 3383 xvn,
2400 3317 2511 3388 11),
2545 3342 2565 3365 ι
2602 3316 2833 3391 ideoque
2862 3332 2975 3372 non
3001 3314 3443 3372 manducandum
3466 3315 3805 3385 sanguinem.

2224 3406 2281 3463 Si
2337 3406 2507 3478 igitur
2554 3406 2698 3477 apud
2752 3412 2962 3461 veteres
3018 3405 3197 3477 imago
3245 3402 3352 3459 fuit
3394 3403 3663 3471 veritatis,
3692 3420 3809 3475 qua

2224 3512 2374 3553 nunc
2418 3495 2686 3567 apparuit,
2719 3502 2775 3550 et
2802 3494 3145 3553 manifestata
3171 3500 3253 3550 est
3280 3493 3339 3549 in
3368 3492 3665 3549 Salvatoris
3705 3493 3811 3549 adu

2224 3595 2428 3654 ventu;
2462 3586 2736 3659 quomodo
2778 3585 3050 3645 haereticis
3087 3584 3422 3644 contrarium
3451 3584 3671 3640 videtur
3694 3585 3813 3642 Ve-

2223 3681 2314 3733 tus
2338 3677 2514 3745 Novo,
2548 3694 2670 3733 cum
2703 3677 2822 3748 ipsa
2840 3675 2944 3734 sibi
2980 3676 3217 3732 invicem
3238 3674 3555 3731 testimonio
3582 3674 3696 3729 sint
3713 3672 3742 3730 Ἰ

2299 3768 2479 3840 (Vers.
2514 3767 2629 3836 27.)
2648 3767 2856 3837 «Itaque
2881 3767 3200 3838 quicunque
3229 3763 3401 3821 ederit
3417 3779 3610 3835 panem
3642 3763 3810 3832 hunc,

2224 3862 2320 3914 aut
2367 3855 2572 3911 biberit
2615 3855 2838 3911 calicem
2888 3853 3109 3910 Domini
3141 3854 3365 3926 indigne
3402 3853 3656 3920 Domino,
3690 3869 3814 3910 reus

2226 3946 2332 4003 erit
2359 3945 2603 4018 corporis
2622 3951 2676 3999 et
2716 3944 2999 4015 sanguinis
3023 3944 3267 3999 Domini.
3303 3969 3323 3993 ι
3355 3943 3643 4014 Indignum
3674 3942 3816 4000 dicit

2224 4051 2341 4094 esse
2369 4034 2628 4101 Domino,
2661 4033 2756 4107 qui
2795 4032 2953 4091 aliter
2985 4032 3312 4103 mysterium
3360 4032 3616 4098 celebrat,
3648 4047 3813 4103 quam

2225 4125 2381 4182 abeo
2400 4124 2664 4181 traditum
2696 4129 2797 4178 est.
2842 4121 2964 4178 Non
3012 4121 3160 4180 enim
3207 4128 3385 4193 potest
3441 4123 3672 4178 devotus
3701 4137 3813 4180 esse

2225 4216 2319 4289 qui
2367 4215 2527 4270 aliter
2573 4211 2873 4285 praesumit,
2929 4229 3088 4286 quam
3139 4211 3323 4269 datum
3368 4220 3449 4267 est
3476 4213 3544 4270 ab
3575 4222 3808 4269 auctore.

2223 4305 2459 4380 Ideoque
2486 4310 2783 4377 praemonet
2829 4312 2890 4360 ut
2939 4304 3236 4361 secundum
3270 4302 3519 4357 ordinem
3555 4304 3809 4360 traditum

514 4401 580 4451 ut
607 4391 676 4446 de
702 4396 899 4448 caetero
933 4388 1230 4458 corrigam,
1268 4396 1323 4444 θῑ
1368 4389 1545 4447 κίειοῐ
1581 4388 1687 4446 hoc
1725 4404 1938 4458 verum,
1970 4390 2114 4463 quod
2141 4452 2184 4463 _
2224 4398 2420 4455 devota
2466 4412 2618 4453 mens
2644 4395 2717 4453 sit
2752 4396 3059 4452 accedentia
3086 4393 3153 4448 ad
3196 4391 3585 4449 eucharistiam
3613 4393 3813 4451 Domi-

516 4477 817 4573 dudum_in
847 4452 1169 4573 primordiis
1196 4452 1300 4573 ipsi
1329 4476 1667 4573 didicerant;
1698 4452 1935 4535 formam
1962 4452 2114 4539 illius
2140 4452 2190 4515 Β
2305 4506 2317 4555 ;
2344 4452 2609 4573 quopiam
2651 4452 2897 4540 futurum
2927 4493 3003 4538 est
3030 4481 3324 4553 judicium,
3360 4490 3421 4537 ut
3450 4484 3815 4554 quemadmo—

521 4584 644 4641 qua:
672 4584 703 4623 a
730 4568 1011 4625 Salvatore
1046 4565 1105 4622 in
1154 4580 1213 4622 re
1259 4563 1579 4638 hujusmodi
1634 4566 1761 4625 data
1801 4575 1903 4639 est,
1950 4570 2111 4627 iterat

514 4656 708 4715 dicens
737 4675 751 4715 :

590 4746 775 4819 (Vera.
809 4746 900 4816 23,
931 4746 1022 4817 ει,
1052 4746 1171 4819 25.)
1216 4770 1235 4794 ι
1258 4743 1376 4818 Ego
1402 4745 1550 4805 enim
1580 4750 1763 4822 accepi
1791 4765 1823 4805 a
1848 4751 2106 4820 Domino,

515 4838 666 4911 quod
695 4844 751 4895 et
777 4836 979 4895 tradidi
1008 4836 1186 4905 vobis,
1245 4837 1503 4909 quoniam
1552 4838 1820 4897 Dominus
1866 4839 2021 4895 Jesus
2048 4840 2107 4896 in

501 4940 625 4999 qua
677 4935 840 4985 nocte
882 4925 1216 4994 tradebatur,
1278 4926 1486 4998 accepit
1539 4941 1755 4998 panem,
1809 4934 1863 4983 et
1911 4930 2107 4999 gratias

500 5031 699 5088 zagens,
745 5015 926 5088 fregit,
979 5021 1035 5071 et
1080 5012 1269 5072 dixit:
1328 5014 1598 5087 Accipite,
1654 5021 1709 5071 et
1758 5014 2102 5074 manducata.

514 5104 635 5164 Hoc
661 5111 744 5163 est
767 5120 968 5179 corpus
995 5118 1202 5169 meum,
1252 5101 1401 5177 quod
1453 5118 1554 5176 pro
1606 5102 1767 5162 vobis
1794 5104 2101 5176 frangitur;

583 5304 703 5379 (91)
735 5305 939 5363 Omnes
984 5305 1142 5379 edit.,
1165 5312 1218 5361 et
1263 5304 1486 5379 quidam
1515 5321 1670 5379 mss.,
1708 5307 1795 5379 sed
1824 5305 1950 5376 quia
1979 5306 2103 5376 sint,

509 5374 755 5449 futurum
786 5379 959 5442 dixit;
988 5378 1082 5433 alii
1115 5374 1399 5447 mss.,—sed
1431 5377 1559 5447 quia
1599 5378 1785 5445 scivit;
1827 5374 2101 5449 nonnulli,

511 5447 609 5503 coit
628 5450 895 5518 futurum,
926 5449 1085 5505 dicit.

583 5520 704 5588 (92)
738 5521 923 5578 Codex
948 5519 1144 5588 Laud.,
1175 5525 1223 5574 et
1239 5519 1475 5588 mysterii
1501 5534 1663 5575 causa
1690 5521 2028 5578 convertitur.

579 5588 703 5658 (93)
735 5591 894 5649 Rom.
927 5591 1084 5659 edit.,
1109 5608 1213 5663 pro
1233 5588 1378 5647 vobis
1408 5590 1671 5648 tradetur.

2218 4576 2350 4632 dum
2377 4569 2587 4632 accedit
2614 4572 3008 4649 unusquisque,
3040 4569 3234 4626 reddat
3273 4586 3462 4626 causas
3507 4572 3561 4627 in
3592 4572 3683 4627 die
3712 4575 3814 4629 Do-

2217 4664 2357 4719 mini
2403 4665 2530 4720 Jesn
2558 4661 2806 4729 Christi;
2859 4659 2987 4733 quia
3029 4660 3149 4715 sine
3178 4658 3471 4731 disciplina
3501 4660 3816 4719 traditionis

2218 4760 2271 4809 et
2298 4750 2730 4809 conversationis
2775 4750 2870 4823 qui
2916 4749 3204 4817 accedunt,
3257 4747 3337 4805 rei
3393 4756 3521 4805 sunt
3570 4750 3817 4822 corporis

2216 4847 2270 4897 et
2323 4840 2605 4912 sanguinis
2652 4839 2894 4896 Domini.
2948 4838 3093 4905 Quid
3146 4845 3228 4894 est
3279 4844 3460 4894 autem
3509 4853 3629 4893 reos
3676 4853 3811 4905 esse,

2216 4928 2323 4984 nisi
2353 4944 2539 5000 pmnas
2564 4928 2696 4983 dare
2726 4928 2919 4983 mortis
2961 4925 3236 4981 Domini?
3279 4925 3525 4984 Occisius
3553 4933 3636 4981 est
3663 4926 3814 4982 enim

2215 5032 2315 5091 pro
2334 5016 2422 5073 his
2454 5017 2594 5087 (96),
2624 5016 2719 5088 qui
2754 5014 3084 5073 beneficium
3113 5014 3233 5086 ejus
3253 5015 3309 5070 in
3339 5014 3559 5073 irritum
3582 5014 3812 5075 ducunt.

2289 5114 2468 5189 (Vera.
2501 5111 2730 5184 28,29.)
2773 5135 2793 5160 ι
2836 5112 3035 5170 Probet
3081 5117 3264 5168 autem
3309 5126 3368 5167 se
3418 5110 3606 5179 homo,
3646 5117 3702 5167 et
3727 5111 3816 5168 sic

2290 5309 2406 5381 (94)
2446 5310 2547 5365 Ms.
2600 5308 2788 5376 Corb.,
2836 5310 3157 5382 signiﬁcans,
3209 5315 3255 5364 et
3291 5309 3432 5379 quod
3472 5323 3652 5363 sumus
3697 5305 3817 5362 No—

2213 5398 2335 5437 vum
2373 5383 2755 5437 Testamentum
2781 5382 2838 5436 in
2864 5384 2943 5436 his
2970 5382 3247 5448 consecuti,
3280 5382 3439 5450 quod,
3468 5386 3572 5435 etc.

2288 5453 2405 5524 (95)
2459 5454 2719 5509 Nonnulli
2750 5470 2902 5519 mss.,
2951 5453 3160 5506 cat-imm
3203 5448 3474 5523 mysticum
3515 5449 3588 5505 ad
3622 5448 3815 5511 tuitio-

2212 5539 2367 5589 nem;
2397 5540 2557 5592 unus,
2589 5524 2661 5579 ad
2689 5524 3001 5579 unctionem.

2289 5594 2407 5667 (96)
2437 5591 2601 5653 Rom.
2639 5593 2797 5662 edit.,
2826 5594 3023 5650 occisus
3050 5599 3127 5649 est
3149 5594 3288 5649 enim
3312 5591 3380 5648 ab
3405 5591 3493 5649 iis.
