4112 6178
308 261 414 320 257

1391 265 1753 325 COMMENT.
1793 270 1864 326 IN
1902 271 2118 328 EPIST.
2162 274 2180 328 l
2222 276 2315 329 Al)
2352 272 2509 335 CUR.

3491 284 3599 358 288

310 377 377 431 de
422 394 556 467 pane
603 378 700 435 illo
741 381 887 450 edat,
936 388 991 437 et
1034 382 1102 438 de
1135 383 1329 451 poculo
1376 384 1546 443 bibat.
1595 387 1701 455 Qui
1750 387 1899 444 enim
1932 394 1977 451 A
2013 394 2253 446 colentes
2300 392 2461 460 idola,
2519 404 2572 450 et
2617 395 2958 460 ducebantur
3003 404 3142 463 duce
3184 405 3465 465 voluntate
3489 410 3596 467 da-

309 465 603 523 manducat
631 475 686 523 et
714 468 862 525 bibit
891 469 1133 541 indigne,
1156 470 1430 539 judicium
1462 473 1565 529 sibi
1598 476 1700 547 ipsi
1734 494 1896 532 inan-

307 551 472 611 ducat
496 564 549 612 et
577 556 743 627 bibit,
772 574 884 614 non
912 559 1225 617 discernens
1250 578 1450 633 corpus
1478 565 1719 621 Domini.
1739 590 1757 611 -
1798 567 1895 621 De-

308 650 436 698 voto
464 645 657 701 animo
686 654 742 703 et
769 663 892 705 cum
924 648 1119 707 timore
1144 650 1514 708 accedendum
1548 652 1617 708 ad
1654 666 1896 709 commu-

306 730 527 789 nionem
555 735 744 804 docet;
784 744 846 793 ut
871 737 1007 795 sciat
1037 755 1194 796 mens
1223 741 1589 796 reverentiam
1618 756 1675 796 se
1702 741 1899 796 debere

307 817 382 886 ei,
413 820 484 876 ad
528 822 687 894 cujus
712 840 910 897 corpus
954 826 1291 883 sumendum
1335 827 1548 885 accedit
1595 828 1737 900 (97).
1784 830 1899 885 Hoc

304 908 456 963 enim
502 911 641 983 apud
679 930 735 969 se
777 914 943 971 debet
984 914 1272 985 judicare;
1308 916 1442 990 quia
1487 918 1752 974 Dominus
1790 924 1893 986 est,

299 998 463 1070 cujus
492 1001 548 1056 in
596 1004 865 1075 mysterio
909 1005 1234 1076 sanguinem
1276 1014 1446 1078 potat,
1497 1007 1589 1078 qui
1628 1005 1782 1062 testis
1812 1013 1896 1062 est

300 1088 556 1146 beneﬁcii
584 1092 707 1149 Dei.
760 1092 935 1159 Quem
965 1109 1066 1149 nos
1095 1094 1143 1149 si
1176 1109 1300 1150 cum
1325 1093 1621 1167 disciplina
1633 1094 1894 1168 accipia-

301 1192 449 1244 mus,
480 1194 594 1233 non
628 1178 837 1236 erimus
866 1180 1079 1253 indigni
1105 1197 1332 1253 corpore
1358 1191 1414 1238 et
1454 1184 1718 1255 sanguine
1754 1189 1893 1246 150

296 1272 561 1340 Domini;
606 1275 805 1346 gratias
841 1275 989 1332 enim
1037 1274 1350 1333 videbimur
1380 1278 1498 1351 (98)
1537 1277 1762 1336 reddere
1791 1280 1891 1338 Re-

294 1357 595 1431 demptori.

372 1448 553 1518 (Vers.
575 1448 692 1520 30.)
735 1471 757 1496 ε
786 1449 914 1508 Ideo
934 1452 1096 1510 multi
1119 1453 1177 1510 in
1196 1453 1356 1511 vobis
1378 1453 1612 1513 invalidi
1639 1465 1696 1514 et
1725 1475 1892 1532 aegro-

298 1534 364 1591 ti.
394 1536 465 1591 Et
505 1535 788 1594 dormiunt
836 1541 1019 1596 multi.
1054 1564 1075 1588 ι
1127 1541 1197 1597 Ut
1242 1558 1435 1599 verum
1477 1546 1731 1618 probaret
1763 1548 1894 1622 quia

298 1640 530 1682 examen
573 1626 822 1682 futurum
870 1636 953 1685 est
979 1630 1370 1701 accipientium
1417 1649 1617 1707 corpus
1643 1636 1889 1705 Domini,

2008 480 2354 546 moniorum;
2404 482 2477 537 ita
2506 490 2560 537 et
2589 488 2824 545 colentes
2859 494 3052 561 Deum,
3104 495 3214 551 sint
3257 495 3433 553 forma
3463 497 3595 570 legis

2006 569 2328 637 Dominicae,
2362 570 2704 630 ambulantes
2733 578 2874 635 sicut
2904 582 3083 653 placet
3112 583 3367 642 Domino.
3399 569 3597 645 Forma

2005 658 2153 713 enim
2180 660 2615 736 uniuscujusque
2660 665 2790 737 legis
2819 668 2877 724 in
2909 670 3247 742 professione
3276 681 3332 730 et
3369 690 3591 731 conver-

2004 748 2216 801 satione
2255 748 2487 805 cultoris
2534 749 2695 807 debet
2723 753 2939 826 videri;
2993 757 3089 815 ille
3128 759 3274 817 enim
3323 761 3500 818 forma
3537 771 3593 819 et

2006 831 2186 905 imago
2231 836 2365 909 legis
2394 838 2494 894 Dei
2523 848 2624 908 est,
2657 839 2715 896 in
2743 841 2904 915 cujus
2948 843 3056 902 iide
3100 855 3156 905 et
3180 850 3593 909 conversatione

2003 920 2293 995 Evangelii
2323 926 2525 983 veritas
2557 928 2721 985 lucet.

2075 1012 2257 1080 (Vers.
2307 1012 2388 1082 3.)
2456 1039 2477 1063 ι
2519 1014 2749 1089 Propter
2790 1019 2941 1091 quod
2987 1029 3182 1081 notum
3228 1024 3390 1082 vobis
3431 1027 3591 1097 facio,

2001 1097 2148 1170 quod
2181 1114 2343 1155 nemo
2372 1100 2431 1155 in
2456 1099 2668 1175 Spiritu
2698 1106 2796 1162 Dei
2828 1107 3081 1181 loquens,
3130 1111 3269 1169 dicit
3306 1113 3597 1171 anathema

2001 1185 2163 1255 Iesu;
2203 1195 2257 1244 et
2289 1206 2451 1247 nemo
2476 1200 2656 1265 potest
2682 1193 2867 1252 dicere
2895 1199 3195 1256 Dominum
3241 1201 3447 1271 Iesum,
3487 1202 3594 1259 nisi

2002 1276 2062 1332 in
2089 1278 2298 1349 Spiritu
2333 1291 2545 1340 sancto.
2576 1307 2596 1333 ι
2640 1284 2909 1353 Quoniam
2939 1289 3209 1346 rationem
3257 1289 3591 1362 spiritalium

2004 1364 2339 1437 ignorantes,
2388 1386 2485 1441 per
2512 1372 2735 1445 singula
2769 1373 3099 1433 charismata
3139 1376 3456 1434 hominibus
3484 1395 3593 1450 pc—

2000 1452 2115 1509 tius
2143 1470 2308 1528 quam
2330 1458 2443 1513 Deo
2469 1460 2673 1517 dabant
2697 1462 2945 1534 gloriam,
2967 1481 3079 1521 non
3099 1467 3330 1524 assecuti
3358 1482 3453 1538 per
3471 1465 3591 1538 Spi-

2000 1542 2169 1599 ritum
2199 1553 2449 1603 sanctum
2482 1548 2588 1606 hoc
2617 1549 2825 1607 donum
2857 1552 3183 1609 ministrairi
3204 1554 3355 1625 (99):
3382 1560 3436 1608 et
3462 1552 3593 1625 quia

2001 1635 2096 1705 qui
2118 1635 2423 1698 Dominum
2465 1639 2649 1695 Iesum
2690 1649 2875 1708 vocat,
2921 1657 3033 1699 non
3052 1642 3193 1700 ’sine
3221 1640 3433 1714 Spiritu
3456 1657 3593 1697 san-

292 1712 406 1784 jam
437 1714 548 1810 hic
596 1714 892 1787 imaginem
930 1716 1145 1810 judicii
1184 1721 1427 1776 ostendit
1470 1723 1526 1778 in
1557 1740 1649 1779 eos
1676 1725 1771 1797 qui
1811 1726 1892 1782 in—
1924 1728 2088 1810 B;cto
2117 1721 2223 1780 hoc
2254 1724 2391 1782 dicit
2420 1744 2435 1795 ;
2479 1726 2643 1784 habet
2671 1728 2818 1785 enim
2848 1728 3076 1803 gratiam
3121 1730 3181 1786 in
3210 1712 3280 1786 eo
3321 1728 3440 1803 ipso
3463 1729 3593 1787 ﬁdei

296 1802 644 1859 considerate
675 1821 878 1877 corpus
928 1807 1150 1862 Domini
1180 1820 1521 1882 acceperant,
1560 1812 1698 1882 dum
1724 1814 1892 1871 febri-

296 1890 407 1948 bus
433 1899 491 1948 et
540 1893 956 1950 inﬁrmitatibus
997 1881 1455 1969 corripiebantur,
1503 1881 1566 1956 et
1592 1903 1754 1958 multi
1782 1919 1894 1960 mo-

291 1978 627 2048 riebantur;
668 1988 732 2037 ut
759 1982 819 2037 in
851 1981 937 2039 bis
972 1986 1155 2041 caeteri
1186 1986 1481 2057 discerent,
1510 1998 1564 2046 et
1593 2007 1894 2063 paucorum

299 2070 564 2140 exemplo
584 2070 761 2125 territi
788 2072 1230 2143 emendarentur,
1249 2091 1362 2132 non
1396 2077 1631 2134 inultum
1662 2080 1895 2136 scientes

296 2174 499 2230 corpus
544 2160 765 2215 Domini
797 2161 1135 2233 negligenter
1179 2167 1454 2237 accipere;
1497 2180 1550 2223 et
1575 2184 1696 2224 eum
1729 2186 1891 2242 quem

297 2245 392 2302 hic
423 2261 584 2318 poena
617 2246 914 2317 distulerit,
947 2251 1166 2323 gravius
1189 2253 1539 2312 tractandum
1570 2256 1721 2327 fore;
1761 2259 1891 2332 quia

295 2335 625 2406 contempsit
646 2337 980 2408 exemplum.

372 2424 555 2495 (Vers.
584 2424 676 2493 31,
702 2425 819 2495 32.)
883 2450 902 2475 ι
932 2427 1091 2493 Quod
1130 2427 1176 2484 si
1204 2431 1569 2502 nosmetipsos
1615 2433 1890 2490 discerne-

298 2527 503 2580 remus,
557 2527 670 2568 non
716 2514 906 2585 utique
948 2514 1343 2585 judicaremur.
1392 2520 1535 2574 Dum
1580 2519 1891 2591 judicamur

297 2609 503 2669 autem,
551 2616 584 2656 a
638 2602 876 2659 Domino
916 2604 1282 2676 corripimur;
1344 2613 1406 2661 ut
1452 2623 1564 2663 non
1607 2625 1732 2665 cum
1783 2609 1889 2666 hoc

299 2689 508 2745 mundo
535 2688 878 2748 damnamur.
908 2715 930 2741 ι
993 2693 1109 2749 Hoc
1136 2693 1292 2763 dicit,
1325 2694 1453 2767 quia
1481 2696 1527 2751 si
1566 2698 1889 2769 nosmetipsi

299 2793 509 2836 errores
537 2787 753 2837 nostros
790 2782 1211 2854 corrigeremus,
1257 2799 1372 2839 non
1400 2800 1433 2839 a
1459 2786 1697 2841 Domino
1741 2785 1889 2856 judi-

299 2883 568 2924 caremur.
602 2870 673 2926 Et
702 2870 832 2942 quia
859 2870 1212 2942 corripimur,
1238 2880 1423 2927 tamen
1450 2888 1549 2943 pro
1574 2873 1735 2929 nobis
1762 2880 1844 2928 est
1873 2890 1885 2929 :

298 2963 361 3013 ut
389 2957 585 3013 timore
615 2958 736 3030 ipso
764 2960 1139 3016 emendemur.
1170 2960 1232 3014 In
1257 2960 1447 3030 paucis
1465 2960 1615 3016 enim
1643 2961 1891 3017 omnium

298 3050 382 3101 est
437 3044 769 3101 emendatio.
834 3070 854 3093 ι
891 3048 971 3101 Ne
1024 3063 1152 3102 cum
1209 3047 1315 3103 hoc
1370 3047 1597 3115 mundo,
1638 3073 1657 3098 ι
1728 3048 1783 3104 id
1812 3055 1894 3103 est

292 3147 426 3189 cum
456 3132 797 3199 inﬁdelibus,
840 3156 862 3179 ι
893 3133 1239 3190 damnemur.
1266 3159 1288 3183 ι
1338 3134 1490 3190 Nihil
1532 3135 1677 3190 enim
1708 3135 1891 3192 diii‘ert

291 3218 369 3275 ab
399 3217 634 3286 inﬁdeli,
680 3220 779 3291 qui
824 3220 1223 3278 inconsiderate
1264 3222 1336 3279 ad
1380 3239 1620 3281 mensam
1667 3226 1889 3282 Domini

291 3306 533 3364 accedit.

366 3395 551 3466 (Vers.
580 3394 670 3459 33,
705 3393 823 3467 34.)
863 3417 885 3443 α
919 3397 1124 3468 Itaque,
1164 3397 1378 3463 fratres.
1421 3415 1547 3456 cum
1579 3401 1888 3460 convenitis

293 3482 366 3539 ad
382 3482 847 3551 manducandum,
873 3483 1109 3540 invicem
1128 3495 1456 3558 exspectate.
1475 3489 1528 3544 Si
1552 3491 1673 3561 quis
1692 3491 1885 3561 esurit,

296 3571 447 3627 domi
479 3572 792 3628 manducet.
824 3596 841 3620 ι
886 3572 973 3628 Ad
1002 3575 1237 3630 invncem
1270 3579 1696 3648 exspectandum
1727 3580 1883 3650 dicit,

292 3667 359 3717 ut
387 3662 688 3716 multorum
718 3661 927 3717 oblatio
953 3662 1120 3718 simul
1148 3665 1473 3733 celebretur,
1515 3675 1576 3721 ut
1604 3677 1659 3723 et
1695 3671 1887 3725 omni-

294 3747 400 3805 bus
443 3747 833 3804 ministretur:
888 3758 945 3806 et
980 3752 1026 3807 si
1074 3752 1198 3823 quis
1250 3753 1542 3825 impatiens
1590 3763 1692 3823 est,
1733 3756 1888 3812 domi

291 3843 514 3892 terreno
560 3853 697 3908 pane
744 3845 1013 3909 pascatur.
1061 3863 1079 3886 ‹
1118 3839 1188 3894 Ut
1216 3856 1329 3895 non
1362 3841 1421 3896 in
1445 3841 1717 3914 judicium
1758 3862 1885 3901 con-

291 3924 570 3991 veniatis;
602 3950 623 3975 ι
657 3924 764 3982 hoc
791 3934 893 3996 est,
925 3944 992 3983 ne
1022 3930 1349 4000 mysterium
1378 3932 1887 4004 reprehensibiliter

291 4020 355 4070 et
378 4030 500 4070 cum
529 4015 834 4072 offensione
865 4017 1056 4088 agatis.

381 4126 402 4150 ι
441 4103 643 4162 Caetera
669 4113 851 4162 autem
884 4123 1010 4163 cum
1041 4123 1263 4178 venero,
1299 4108 1606 4182 disponam.
1639 4133 1658 4159 ι
1712 4108 1888 4183 Caput

293 4191 454 4266 prius
482 4196 672 4251 salutis
701 4196 894 4251 ordine
927 4197 1194 4267 agendum
1228 4198 1488 4267 ostendit,
1528 4207 1581 4254 et
1611 4200 1885 4272 quomodo

292 4282 359 4337 in
389 4283 685 4339 Ecclesiam
716 4283 788 4339 ab
818 4291 1049 4355 utroque
1077 4300 1214 4339 sexu
1243 4287 1622 4354 conveniatur,
1659 4289 1887 4358 praemi-

290 4369 371 4426 sit
400 4386 412 4424 :
468 4370 523 4425 in
550 4373 747 4444 quibus
786 4372 948 4428 rebus
977 4373 1022 4428 si
1055 4388 1208 4429 error
1234 4373 1423 4441 fuerit,
1464 4391 1573 4430 non
1606 4377 1724 4431 leve
1750 4392 1888 4448 pec-‘

2003 1827 2112 1867 suae
2159 1821 2383 1886 propter
2425 1816 2653 1888 gloriam
2706 1817 2950 1876 nominis
2992 1818 3237 1885 Christi;
3285 1834 3397 1874 non
3442 1820 3592 1876 enim

2000 1902 2122 1957 sine
2150 1901 2298 1959 dono
2326 1906 2425 1961 Dei
2455 1913 2510 1962 et
2554 1908 2854 1965 Dominum
2902 1908 3085 1966 dicere
3131 1906 3350 1977 Iesum;
3393 1922 3459 1965 ac
3494 1920 3594 1981 per

2004 1988 2107 2045 bos
2135 1992 2378 2048 ostendit
2425 1992 2536 2050 illis
2576 1994 2634 2051 in
2682 1996 2941 2054 omnibus
2984 1995 3086 2054 Dei
3122 2010 3239 2054 esse
3281 1994 3500 2054 laudem
3534 2002 3593 2052 et

2005 2082 2271 2154 gratiam;
2321 2084 2450 2157 quia
2495 2086 2639 2142 sicut
2682 2086 2955 2144 idolorum
3003 2087 3184 2162 imago
3211 2088 3273 2145 in
3322 2085 3593 2145 ministris

2004 2170 2122 2243 ejus
2150 2180 2251 2239 est,
2270 2173 2519 2230 ordinem
2536 2191 2710 2232 .suum
2744 2176 2951 2234 habens
2968 2194 3067 2253 per
3093 2177 3341 2251 singulos
3369 2177 3590 2251 gradus,

1999 2266 2178 2316 totum
2222 2269 2407 2319 tamen
2438 2262 2681 2321 hominis
2714 2272 2796 2322 est
2828 2284 2843 2323 :
2886 2266 2961 2323 ita
2989 2275 3044 2323 et
3074 2264 3133 2323 in
3162 2266 3278 2340 lege
3305 2266 3595 2325 Dominica

2000 2348 2196 2421 gradus
2222 2351 2616 2409 charismatum
2648 2361 2777 2411 sunt
2796 2355 3004 2414 ciliciis
3030 2354 3309 2424 Ecclesiae,
3336 2371 3449 2412 non
3479 2352 3589 2411 uti-

1999 2452 2104 2511 que
2153 2440 2363 2497 meritis
2407 2440 2667 2501 humanis
2704 2443 2938 2514 indulti;
2993 2444 3088 2501 sed
3133 2451 3196 2501 ut
3236 2444 3482 2501 membra
3520 2441 3591 2500 ad

1998 2524 2413 2584 aediﬁcationem
2454 2531 2714 2587 Ecclesiae
2761 2534 3114 2603 pertinentia,
3163 2546 3282 2603 qua
3325 2548 3421 2604 per
3448 2545 3506 2587 se
3534 2538 3591 2586 et

1998 2616 2057 2673 in
2088 2634 2142 2674 se
2174 2619 2378 2674 habent
2408 2619 2661 2689 gloriam,
2712 2617 2855 2673 sicut
2901 2625 2983 2674 est
3028 2618 3191 2675 etiam
3235 2618 3294 2673 in
3335 2617 3592 2675 humanis

1999 2707 2213 2763 ofﬁciis.
2263 2706 2478 2762 Scholae
2526 2706 2676 2761 enim
2724 2716 2875 2777 sunt,
2916 2722 3039 2778 quae
3068 2706 3262 2778 positis
3290 2707 3347 2762 in
3376 2724 3433 2763 se
3461 2707 3595 2763 dant

2000 2793 2361 2865 dignitatem;
2408 2802 2471 2850 ut
2497 2792 2609 2850 loci
2656 2791 2835 2848 honor
2865 2793 3147 2850 hominem
3178 2792 3343 2849 faciat
3381 2795 3596 2866 glorio-

2001 2901 2143 2953 sum,
2175 2900 2284 2940 non
2329 2883 2549 2956 prapria
2596 2883 2735 2940 laus.
2783 2884 2878 2940 Ait
2906 2899 3034 2957 ergo
3067 2901 3082 2940 :
3140 2907 3161 2931 ι
3187 2882 3360 2941 Nemo
3388 2883 3449 2940 in
3475 2883 3594 2958 Spi-

2001 2974 2114 3028 ritu
2137 2972 2237 3029 Dei
2266 2972 2513 3046 loquens,
2549 2971 2685 3031 dicit
2712 2972 3003 3029 anathema
3030 2972 3175 3031 Iesu.
3205 2998 3226 3023 -
3288 2973 3413 3032 Vox
3441 2973 3588 3031 enim

1925 3102 1967 3162 Ο
2001 3078 2119 3137 quae
2150 3061 2286 3119 dicit
2331 3061 2621 3118 anathema
2649 3060 2797 3130 Iesu,
2842 3060 3086 3119 humano
3120 3068 3199 3119 est
3237 3077 3418 3119 errore
3449 3078 3589 3135 pro-

1999 3152 2109 3207 lata
2137 3152 2254 3223 (l);
2287 3150 2560 3225 quidquid
2590 3151 2737 3207 enim
2769 3151 2970 3209 falsum
3000 3159 3101 3221 est,
3133 3151 3202 3209 ab
3231 3151 3457 3209 homine
3484 3159 3584 3210 est.

2013 3265 2032 3288 ι
2066 3240 2137 3295 Et
2166 3255 2327 3294 nemo
2374 3247 2552 3311 potest
2594 3238 2774 3295 dicere
2804 3240 3102 3297 Dominum
3138 3239 3341 3309 Iesum,
3391 3240 3500 3297 nisi
3528 3240 3586 3303 in

1996 3329 2204 3402 Spiritu
2235 3335 2442 3385 sancto.
2474 3353 2494 3377 ι
2555 3328 2776 3385 Dictum
2814 3328 2960 3384 enim
3005 3327 3211 3402 ipsum,
3244 3344 3353 3402 quo
3380 3328 3588 3400 signifi-

1997 3427 2150 3477 catur
2172 3419 2448 3477 Dominus
2472 3419 2649 3487 Iesus,
2704 3434 2815 3474 non
2845 3419 2913 3477 ab
2941 3418 3257 3475 adulatione
3298 3416 3586 3474 hominum

1997 3511 2139 3567 sicut
2168 3520 2221 3567 et
2253 3510 2397 3565 idola
2420 3509 2499 3564 dii
2532 3515 2821 3576 vocantur,
2851 3508 2943 3564 sed
2973 3508 3224 3580 Spiritus
3242 3508 3415 3565 sancti
3446 3506 3585 3565 veri-

1996 3604 2105 3653 tate
2159 3599 2443 3670 profusum
2497 3605 2605 3665 est;
2670 3595 2941 3669 quidquid
2970 3596 3117 3652 enim
3170 3611 3361 3653 verum
3392 3613 3584 3670 aquo-

1996 3702 2209 3758 cunque
2248 3686 2471 3753 dicitur,
2520 3702 2553 3741 a
2589 3692 2775 3742 sancto
2820 3684 3028 3742 dicitur
3063 3684 3294 3756 Spiritu.
3336 3683 3415 3740 Ne
3457 3699 3585 3758 ergo

1995 3773 2282 3830 hominum
2314 3775 2558 3831 favorem
2590 3774 2971 3830 existimarent
2999 3773 3058 3829 in
3105 3774 3293 3846 regula
3320 3771 3583 3830 Christia-

1996 3879 2087 3932 na,
2138 3873 2192 3919 et
2220 3873 2440 3936 propter
2493 3863 2598 3918 hoc
2651 3879 2710 3919 se
2761 3863 2916 3935 argui
2967 3861 3195 3918 minime
3248 3868 3582 3937 paterentur,

1995 3954 2139 4009 sicut
2166 3962 2247 4008 est
2274 3961 2328 4007 et
2357 3952 2415 4007 in
2447 3951 2757 4010 simulacris
2787 3951 2979 4024 (homo
3006 3951 3155 4006 enim
3179 3947 3467 4007 adinvenit
3497 3946 3580 4017 (2)

1994 4050 2057 4099 ut
2083 4043 2228 4098 Deus
2255 4040 2493 4110 dicatur,
2540 4041 2634 4115 qui
2676 4056 2790 4097 non
2830 4048 2948 4108 est;
2998 4055 3063 4097 ac
3099 4054 3194 4110 per
3221 4036 3328 4091 hoc
3352 4030 3584 4104 subjecti

1994 4138 2123 4187 sunt
2151 4130 2423 4188 antistites
2464 4129 2601 4202 illis)
2631 4147 2646 4198 ;
2690 4127 2932 4186 ostendit
2958 4126 3106 4181 enim
3132 4124 3214 4178 eis
3250 4120 3465 4178 nullum
3494 4119 3583 4177 be-

1994 4218 2251 4276 neﬁcium
2280 4236 2396 4276 esse
2426 4218 2730 4275 humanum
2776 4216 2837 4272 in
2863 4229 2951 4281 eo,
2995 4227 3124 4269 cum
3150 4207 3358 4267 dicitur
3383 4207 3585 4266 Domi-

1995 4325 2099 4365 nus
2134 4310 2324 4377 Iesus;
2383 4307 2480 4365 sed
2534 4308 2707 4378 magis
2754 4304 2963 4360 donum
3012 4300 3133 4370 Dei,
3189 4297 3287 4375 qui
3326 4298 3584 4373 dignatus

1994 4404 2077 4453 est
2115 4396 2439 4470 mysterium
2498 4411 2659 4452 suum
2720 4400 2856 4456 151
2915 4389 3236 4448 hominibus
3283 4389 3577 4449 declarare.

288 4464 622 4566 adligat“
683 4461 891 4566 9m”?
943 4468 1290 4566 antemﬂw
1338 4462 1406 4517 ad
1463 4461 1884 4566 ίξίίίίίθδίίοηθω
1911 4456 1962 4514 D
1997 4456 2215 4549 Etenim
2273 4494 2390 4566 ipsa
2444 4491 2707 4566 professio
2763 4490 2846 4563 (3)
2904 4486 3283 4546 remissionem
3346 4487 3583 4559 acquirit

288 4545 556 4603 Ecclesiae
601 4549 899 4629 pertinent,
932 4547 1222 4620 praesentia
1265 4565 1365 4607 sua
1392 4548 1646 4606 ordinare
1676 4566 1734 4606 se
1761 4568 1881 4623 pro-

291 4636 468 4693 misit.

888 4748 1115 4807 CAPUT
1153 4750 1276 4807 XII.

371 4852 553 4924 (Vers.
586 4853 639 4923 l,
668 4853 752 4927 2.)
807 4879 826 4904 ι
861 4858 938 4913 De
985 4856 1326 4928 spiritalibus
1381 4863 1564 4913 autem
1606 4856 1737 4913 nolo
1784 4872 1884 4914 vos

288 4944 567 5015 ignorare,
599 4945 811 5001 fratres.
860 4947 1023 5002 Scitis
1051 4946 1179 5018 quia
1208 4953 1394 5018 gentes
1422 4946 1607 5014 eratis,
1648 4945 1885 5001 simula-

288 5050 516 5090 crorum
544 5035 720 5090 forma
748 5042 961 5103 euntes,
990 5043 1151 5107 prout
1179 5034 1548 5092 ducebamini.
1581 5059 1600 5081 ι
1644 5034 1885 5106 Spirita-

288 5122 371 5178 lia
408 5122 525 5191 illis
551 5123 874 5191 traditurus,
904 5124 1217 5194 exemplum
1265 5124 1465 5195 prioris
1508 5124 1884 5181 conversatio-

287 5209 386 5266 nis
407 5218 698 5280 memorat;
729 5221 789 5269 ut
817 5213 958 5270 sicut
986 5211 1407 5269 simulacrorum
1435 5213 1661 5269 fuerunt
1685 5212 1883 5285 forma,

393 5392 487 5461 97)
527 5392 624 5449 Ivo
653 5393 840 5460 Carn.,
869 5397 929 5447 ut
951 5390 1123 5446 sciant
1150 5405 1410 5446 omnes...
1442 5390 1705 5451 accedant.

394 5464 488 5534 98)
530 5465 656 5521 Mss.
690 5465 918 5535 aliquot.
950 5464 1126 5535 gratia
1152 5462 1289 5535 enim
1320 5462 1598 5535 vitiabitur.

394 5533 489 5605 90)
532 5536 664 5591 Cod.
700 5533 842 5603 Val.,
876 5533 966 5589 hoc
993 5536 1187 5589 donum
1219 5533 1514 5589 ministrari
1542 5534 1669 5590 Deo.

370 5604 456 5677 (1)
495 5606 595 5662 Ms.
626 5606 812 5672 C0rb.,
841 5623 1021 5661 errore
1043 5605 1289 5677 probata.

1988 4589 2356 4655 peccatorum,
2402 4583 2544 4639 sicut
2570 4587 2859 4655 exaggerat
2887 4577 3091 4635 dicatio
3134 4575 3430 4632 idolorum.
3476 4576 3580 4633 Do-

1990 4674 2077 4725 cet
2104 4682 2230 4739 ergo
2255 4684 2348 4724 eos
2374 4671 2506 4740 quia
2533 4686 2644 4724 non
2666 4674 2925 4739 praestant
2944 4662 3199 4734 religioni
3227 4660 3595 4731 beneﬁcium,

1993 4756 2257 4824 dicentes,
2304 4779 2322 4803 ι
2350 4757 2647 4812 Dominum
2678 4757 2902 4821 Iesum;
2944 4777 2965 4801 ι
3032 4750 3126 4807 sed
3153 4750 3461 4823 accipiunt;
3513 4766 3582 4807 ne

1992 4862 2145 4903 more
2173 4845 2447 4903 idolorum
2487 4845 2775 4902 hominum
2828 4847 3084 4916 putarent
3123 4840 3352 4914 gratiam
3379 4855 3495 4896 esse
3523 4839 3579 4895 in

1993 4940 2109 5012 lege
2137 4939 2381 5009 Domini,
2428 4939 2563 4996 dum
2594 4945 2825 4996 vocatur
2852 4938 3017 5003 Deus,
3068 4934 3165 5007 qui
3208 4948 3320 4990 non
3346 4938 3449 4987 est.
3481 4933 3580 4987 De-

1992 5029 2159 5102 nique
2214 5046 2325 5087 non
2372 5028 2742 5103 intelligentes
2783 5026 2882 5085 Dei
2920 5025 3128 5082 donum
3176 5036 3292 5079 esse
3333 5019 3392 5074 in
3437 5018 3575 5084 ﬁde;

1992 5118 2195 5191 singuli
2236 5120 2487 5192 singulos
2531 5119 2639 5176 sibi
2670 5117 2923 5174 homines
2965 5114 3296 5187 delegerant,
3338 5123 3476 5182 quos
3498 5120 3578 5162 se-

1994 5217 2311 5282 querentur,
2370 5208 2614 5266 dicentes
2646 5225 2658 5264 :
2733 5231 2753 5257 ι
2780 5207 2895 5278 Ego
2926 5220 3049 5263 sum
3094 5200 3272 5269 Pauli,
3312 5212 3414 5271 ego
3449 5207 3579 5249 vero

2068 5387 2151 5458 (2)
2186 5387 2318 5443 Gill.
2346 5384 2502 5453 edit.,
2533 5386 2682 5458 homo
2711 5381 2946 5458 εηίτηρά
2966 5381 3024 5458 id
3049 5376 3207 5458 υεηέι.
3304 5439 3318 5458 ρ

2068 5389 2125 5458 (2
2186 5389 2318 5443 Gill.
2346 5389 2502 5453 edit.,
2533 5389 2682 5440 homo
2711 5389 2848 5439 enim
2874 5389 2946 5437 ad
2966 5389 3024 5436 id
3049 5389 3207 5433 vsust.
3307 5439 3318 5453 O

2062 5389 2151 5541 i3)
2192 5461 2317 5515 Mss.
2349 5458 2577 5530 aliquot,
2608 5457 2728 5529 ipsa
2754 5452 3048 5524 confessio;
3080 5446 3268 5511 Corb.,
3298 5454 3415 5510 ipsa
3436 5451 3578 5511 prae

1997 5546 2196 5586 missio.
