4090 6182
557 231 662 298 259

1566 223 1664 280 AD
1701 222 1932 280 OPEBA
1969 221 2022 276 S.
2063 176 2390 278 Δ411Ιῖ308ῐί
2426 219 2803 277 APPENDIX.

3716 217 3825 275 260

556 354 756 429 Apollo
805 352 862 424 (Ι
889 351 1014 409 Cor.
1048 367 1085 419 r,
1146 349 1257 422 12).
1298 370 1316 396 ι
1381 345 1696 416 Superbiam
1739 363 1865 417 ergo
1913 346 2132 402 illorum
2163 345 2296 408 Aid
2353 352 2452 412 est,
2513 352 2573 400 ut
2630 343 2836 416 Spiritu
2892 349 3078 398 sancto
3124 341 3361 413 repletus
3412 340 3562 396 dicat
3616 341 3821 397 futura-

555 442 846 500 humiliat:
884 449 944 496 ut
978 439 1254 511 patiantur
1281 454 1355 504 se,
1383 439 1525 492 sicut
1555 436 1693 501 dixi,
1726 437 1897 506 argui.

629 532 810 603 (Vers.
843 529 923 597 4.)
987 552 1004 576 ε
1052 527 1360 584 Divisiones
1407 542 1536 580 vero
1590 524 1884 595 gratiarum
1926 531 2070 579 sunt.
2105 547 2124 572 ι

552 621 673 678 Non
705 618 810 673 hoc
839 617 1097 684 humanis
1143 612 1352 670 meritis
1385 614 1501 667 vult
1540 612 1766 680 ascribi,
1813 612 1905 668 sed
1954 611 2137 683 gratiae

553 707 651 763 Dei
703 706 768 762 ad
807 703 1282 762 honoriﬁcentiam
1329 700 1570 756 nominis
1607 700 1756 771 ejus;
1801 701 1942 755 sicut
1992 699 2137 754 enim

555 800 649 872 qui
680 797 816 853 dicit
844 794 1136 851 Dominum
1169 791 1375 857 Jesum,
1425 790 1483 844 in
1523 789 1732 860 Spiritu
1761 795 1950 844 sancto
1978 787 2136 854 dicit,

557 891 736 963 qualis
766 888 849 941 vis
873 887 943 940 sit
967 903 979 939 :
1015 884 1089 938 ita
1116 892 1170 939 et
1199 882 1254 937 in
1291 883 1409 938 loco
1435 881 1647 938 ordinis
1676 881 1841 938 oﬂicii
1872 881 2141 937 ecclesia—

553 977 676 1034 stici
723 973 950 1047 positus,
1002 971 1229 1044 gratiam
1279 970 1464 1038 habet,
1514 970 1689 1041 qualis
1735 971 1821 1024 vis
1857 970 1972 1025 sit:
2029 983 2140 1024 non

551 1067 742 1138 utique
769 1061 1181 1135 propriam,sed
1212 1060 1423 1116 ordinis
1455 1077 1549 1133 per
1577 1060 1871 1116 eﬂicaciam
1904 1058 2142 1129 Spiritus

555 1153 752 1210 sancti.
813 1151 966 1206 Unde
1017 1158 1072 1204 et
1123 1149 1263 1204 inter
1322 1149 1481 1203 initia
1523 1147 1702 1202 dicit:
1777 1170 1797 1192 ι
1835 1146 2018 1216 Neque
2047 1144 2142 1216 qui

552 1245 762 1315 plantat
790 1247 871 1294 est
901 1238 1130 1309 aliquid,
1162 1253 1337 1308 neque
1366 1238 1459 1308 qui
1491 1237 1630 1307 rigat
1662 1253 1674 1291 :
1715 1235 1811 1291 sed
1841 1234 1934 1306 qui
1969 1235 2141 1290 incre-

552 1338 798 1384 mentum
823 1327 912 1383 dat
949 1328 1094 1381 Deus
1124 1327 1180 1396 (Ι
1210 1326 1332 1381 Cor.
1365 1341 1448 1392 ιιι,
1481 1325 1559 1392 7).
1597 1348 1616 1372 ι

628 1417 811 1486 (Vers.
841 1415 898 1480 5,
931 1413 1010 1482 6.)
1046 1413 1192 1467 Idem
1241 1420 1418 1468 autem
1455 1411 1708 1482 Spiritus.
1749 1411 1820 1466 Et
1847 1409 2144 1466 divisiones

555 1501 989 1560 ministeriorum
1020 1509 1168 1556 sunt.
1193 1526 1212 1549 ι
1236 1501 1336 1556 Per
1355 1499 1605 1555 eumdem
1633 1499 1897 1570 Spiritum
1929 1498 2144 1554 diversa

552 1591 698 1647 dona
727 1589 862 1645 dicit
899 1589 1163 1660 praestari.
1227 1611 1246 1635 ε
1276 1588 1424 1644 Idem
1458 1603 1587 1643 vero
1618 1587 1908 1643 Dominus.
1950 1587 2021 1642 Et
2049 1585 2146 1640 di-

2258 459 2276 482 ι
2307 437 2416 491 Alii
2449 434 2704 491 discretio
2734 435 3048 506 spirituum.
3073 457 3092 482 ι
3137 433 3249 487 Hoc
3276 431 3435 494 dicit,
3469 440 3529 486 ut
3560 432 3828 503 intelligat

2246 532 2299 579 et
2321 523 2552 594 judicet,
2598 523 2744 593 quod
2774 524 2978 580 dicitur
3012 538 3080 576 an
3129 519 3366 592 Spiritus
3412 520 3586 576 sancti
3635 521 3728 586 sit,
3759 539 3826 578 an

2248 613 2531 668 mundani.
2573 637 2592 660 ι
2623 613 2732 668 Alii
2761 629 2953 686 genera
2984 612 3289 683 linguarum
3323 611 3427 680 (5),
3449 610 3543 665 alii
3570 610 3828 682 interpre-

2248 701 2384 755 tatio
2411 717 2783 756 sermonum.»
2814 700 3162 770 Interpretari
3191 709 3292 766 est,
3320 706 3381 754 ut
3408 698 3553 754 dicta
3582 699 3826 769 illorum,

2249 790 2342 862 qui
2375 789 2576 861 linguis
2627 792 2930 862 loquuntur
2973 789 3058 844 vel
3091 788 3310 856 litteris,
3358 803 3454 858 per
3494 786 3698 844 donum
3728 789 3828 846 Dei

2249 876 2486 933 ﬁdeliter
2516 879 2922 949 interpretetur.

2325 965 2504 1034 (Vers.
2537 967 2658 1035 11.)
2717 991 2735 1013 ι
2774 965 2970 1020 Omnia
3019 973 3198 1022 autem
3245 965 3362 1022 haec
3405 976 3658 1036 operatur
3687 984 3831 1023 unus

2252 1065 2413 1129 atque
2434 1056 2577 1112 idem
2601 1056 3114 1126 Spiritus,dividens
3137 1055 3432 1128 unicuique
3456 1067 3608 1128 prout
3632 1058 3776 1111 vult.
3799 1081 3818 1104 ι

2251 1145 2407 1212 Quod
2439 1146 2685 1218 superius
2733 1146 2897 1202 trium
2944 1163 3292 1218 personarum
3341 1146 3493 1213 dicit,
3549 1162 3694 1201 nunc
3739 1162 3832 1214 per

2253 1251 2424 1291 unum
2454 1236 2717 1306 Spiritum
2767 1244 3012 1292 sanctum
3070 1236 3156 1306 agi
3213 1235 3527 1304 proﬁtetur;
3586 1244 3647 1290 ut
3705 1237 3832 1302 quia

2253 1327 2418 1381 unius
2447 1334 2652 1382 naturae
2683 1334 2809 1382 sunt
2838 1336 2891 1383 et
2921 1327 3160 1392 virtutis,
3207 1325 3349 1392 quod
3387 1341 3528 1379 unus
3554 1332 3828 1395 operatur,

2253 1422 2545 1484 operentur
2574 1422 2683 1471 tres
2716 1431 2728 1470 :
2765 1431 2908 1470 unus
2939 1425 3117 1471 tamen
3158 1423 3238 1469 est
3268 1417 3428 1480 Deus,
3477 1429 3633 1481 etijus
3663 1413 3833 1483 gratia

2253 1501 2524 1557 diriditur
2547 1503 2798 1574 singulis,
2831 1511 2990 1574 prout
3018 1503 3158 1570 vult,
3190 1519 3300 1558 non
3338 1501 3404 1556 ad
3439 1501 3627 1556 merita
3657 1501 3832 1558 homi-

2253 1607 2408 1658 num,
2457 1592 2551 1647 sed
2596 1592 2766 1662 magis
2810 1591 2879 1647 ad
2926 1591 3340 1647 aediﬁcationem
3380 1590 3636 1646 Ecclesia:
3679 1608 3828 1658 sua;

553 1677 798 1734 visiones
827 1677 1205 1748 operationum
1239 1684 1386 1731 sunt.
1421 1701 1440 1726 ι
1481 1676 1666 1747 Jungit
1696 1692 1842 1731 nunc
1861 1674 2139 1732 Christum
2181 1698 2226 1758 Β
2257 1689 2316 1735 ut
2352 1680 2538 1736 omnia
2585 1696 2702 1752 quae
2748 1679 2985 1736 mundus
3017 1680 3222 1735 imitari
3277 1681 3415 1747 vult,
3449 1679 3544 1736 sed
3585 1695 3692 1734 non
3734 1679 3834 1735 im-

554 1767 787 1840 Spiritui
831 1774 1040 1823 sancto.
1105 1789 1123 1813 ε
1154 1765 1302 1822 Idem
1334 1775 1516 1822 autem
1549 1768 1713 1834 Deus,
1764 1767 1859 1838 qui
1889 1775 2144 1837 operatur

553 1856 744 1915 omnia
773 1856 831 1910 in
861 1854 1138 1911 omnibus.
1168 1879 1189 1903 ι
1221 1856 1283 1910 In
1314 1863 1526 1910 tantum
1554 1871 1664 1910 non
1694 1853 1799 1911 hoc
1825 1854 2143 1910 hominibus

553 1943 819 2011 dandum,
853 1943 1007 2015 quasi
1041 1941 1322 2014 proprium
1370 1943 1462 2009 sit,
1519 1942 1615 1998 sed
1643 1943 1745 1998 soli
1777 1945 1889 1999 Deo
1919 1943 2137 2008 asserit;

551 2040 616 2088 ut
645 2031 805 2087 etiam
839 2030 1046 2086 donum
1080 2029 1316 2101 Spiritus
1345 2029 1539 2096 sancti,
1579 2037 1632 2084 et
1662 2029 1888 2101 gratiam
1920 2027 2143 2085 Domini

551 2120 678 2176 Jesu
718 2118 884 2174 unius
937 2118 1037 2174 Dei
1075 2118 1223 2175 dicat
1277 2119 1685 2191 operationem;
1746 2135 1814 2175 ne
1867 2118 2038 2190 gratia
2091 2127 2145 2175 et

551 2206 758 2263 donum
791 2206 1034 2262 divisum
1079 2206 1150 2262 sit
1180 2213 1402 2278 propter
1439 2223 1697 2278 personas
1732 2206 1907 2261 Patris
1939 2214 1990 2262 et
2016 2207 2144 2262 Filii

552 2303 608 2352 et
638 2296 874 2368 Spiritus
921 2294 1097 2351 sancti
1123 2313 1135 2349 :
1185 2293 1284 2350 sed
1314 2293 1621 2351 indiscretae
1651 2295 1878 2350 unitatis
1901 2302 1954 2349 et
1991 2305 2145 2350 natu-

555 2399 630 2439 rae
662 2383 744 2455 (4)
795 2382 964 2438 trium
999 2399 1172 2439 unum
1203 2399 1340 2455 opus
1381 2383 1738 2454 intelligatur,
1789 2390 1850 2437 ut
1877 2382 1944 2437 ad
1974 2399 2146 2439 unum

558 2489 778 2529 omnem
812 2473 1040 2544 gloriam
1073 2473 1282 2544 redigat
1329 2482 1382 2529 et
1425 2473 1800 2529 divinitatem.
1865 2498 1883 2522 ι
1911 2474 2147 2529 Divisio-

556 2577 655 2618 nes
681 2568 862 2617 autem
912 2561 1204 2632 gratiarum
1237 2571 1367 2618 sunt
1393 2586 1413 2610 ι
1476 2563 1669 2618 ofﬁciis
1712 2562 1988 2630 Ecclesiae,
2034 2579 2144 2618 non

555 2647 813 2704 humanis
854 2649 1066 2704 meritis
1111 2648 1397 2721 deputatae.
1449 2650 1506 2705 Si
1537 2651 1682 2706 enim
1739 2650 1976 2722 Spiritus
2026 2667 2145 2706 san-

555 2741 678 2792 ctus
702 2735 847 2791 idem
879 2736 1149 2791 Dominus
1176 2745 1289 2804 est;
1321 2745 1375 2792 et
1402 2738 1670 2793 Dominus
1696 2737 1840 2794 idem
1873 2740 2016 2794 Deus
2041 2747 2140 2805 est;

551 2831 607 2879 et
635 2832 744 2879 tres
771 2840 914 2879 unus
958 2826 1104 2880 Deus
1144 2832 1258 2892 est;
1317 2841 1443 2880 cum
1491 2827 1638 2882 enim
1693 2827 1931 2898 Spiritus
1971 2826 2143 2883 sancti

563 2912 755 2981 gloria,
802 2919 857 2966 et
894 2918 1151 2982 potestas,
1200 2919 1255 2967 et
1299 2921 1493 2968 natura
1524 2914 1624 2970 Dei
1653 2923 1753 2982 est,
1793 2925 1847 2971 et
1876 2915 2145 2971 Dominus

2254 1771 2384 1841 plet,
2416 1770 2544 1842 quia
2570 1770 2804 1826 carnalis
2831 1781 2944 1836 est;
2979 1771 3093 1827 haec
3119 1772 3178 1826 in
3207 1769 3475 1837 Ecclesia,
3497 1786 3613 1842 quas
3633 1769 3835 1826 domus

2251 1857 2348 1913 Dei
2379 1866 2479 1924 est,
2511 1856 2851 1927 singulorum
2901 1858 3096 1913 oﬂiciis
3141 1867 3194 1913 et
3239 1857 3385 1913 dono
3429 1865 3483 1912 et
3522 1857 3832 1927 magisterio

2251 1945 2488 2018 Spiritus
2532 1945 2704 2001 sancti
2761 1946 2975 2001 indulta
3027 1946 3094 2002 ad
3150 1945 3522 2018 probationem
3585 1948 3833 2005 veritatis

2253 2037 2311 2092 in
2348 2037 2436 2105 iis,
2493 2038 2587 2109 qui
2638 2035 3077 2108 contemptibiles
3127 2035 3336 2091 mundo
3391 2044 3539 2104 sunt,
3595 2036 3833 2092 videan-

2250 2133 2362 2182 tur.

2326 2215 2506 2286 (Vers.
2543 2215 2626 2282 I2,
2662 2216 2775 2285 13.)
2820 2238 2839 2263 ι
2869 2216 3022 2273 Sicut
3046 2217 3193 2272 enim
3223 2233 3419 2288 corpus
3447 2233 3615 2272 unum
3648 2221 3748 2283 est,
3780 2223 3834 2272 et

2254 2304 2498 2359 membra
2550 2303 2711 2360 habet
2758 2306 2968 2361 multa:
3025 2305 3209 2361 omnia
3253 2313 3435 2361 autem
3482 2305 3724 2362 membra
3763 2319 3832 2360 ex

2253 2409 2366 2449 uno
2393 2409 2639 2465 corpore,
2691 2411 2814 2450 cum
2845 2396 2957 2452 sint
3005 2398 3195 2461 multa,
3232 2412 3402 2451 unum
3446 2404 3571 2451 sunt
3600 2411 3828 2466 corpus;

2254 2482 2331 2538 ita
2359 2491 2412 2537 et
2447 2482 2714 2538 Christus.
2761 2484 2979 2540 Etenim
3012 2485 3068 2541 in
3108 2502 3217 2541 uno
3247 2485 3454 2557 Spiritu
3502 2501 3599 2540 nos
3645 2499 3834 2538 omnes

2254 2572 2312 2627 in
2344 2588 2513 2626 unum
2544 2588 2740 2644 corpus
2787 2573 3039 2638 baptizati
3079 2592 3290 2643 sumus,
3336 2576 3453 2630 sive
3483 2572 3676 2639 Judaei,
3718 2572 3833 2627 sive

2254 2665 2448 2732 Graeci,
2484 2665 2623 2721 152
2651 2663 2765 2719 sive
2795 2665 2958 2732 servi,
2988 2664 3103 2720 sive
3132 2663 3291 2719 liberi
3316 2681 3329 2729 ;
3364 2673 3416 2719 et
3447 2678 3633 2718 omnes
3659 2677 3832 2716 unum

2255 2757 2516 2830 Spiritum
2547 2766 2876 2829 potavimus.
2907 2778 2926 2800 ι
2990 2753 3088 2807 Per
3119 2751 3235 2806 haec
3271 2751 3428 2807 docet
3465 2752 3670 2806 nullius
3718 2765 3833 2820 per-

2255 2865 2441 2904 sonam
2471 2847 2628 2920 quasi
2663 2846 2967 2916 despectam
3007 2841 3484 2907 contemnendam,
3533 2855 3710 2911 neque
3737 2837 3837 2892 ali-

2253 2937 2409 3009 cujus
2438 2935 2587 3009 quasi
2618 2933 2854 3006 perfecta
2874 2932 2965 2997 sit,
2999 2930 3414 3001 pracferendam:
3448 2943 3547 2983 nec
3575 2927 3834 2996 gloriam,

555 2998 712 3055 Jesus
741 2998 887 3054 idem
916 3008 997 3055 est
1025 2999 1083 3054 in
1114 3006 1307 3054 natura
1331 3001 1475 3073 quod
1497 3003 1640 3057 Deus
1661 3011 1760 3070 est,
1785 3020 1929 3058 unus
1957 3005 2140 3076 utique

555 3087 790 3109 ο-Ζ-ΣΑ---
840 3097 1054 3109 _-_._A___
1131 3097 1176 3109 ,ι
1206 3089 1468 3109 h__._:_____
1509 3091 1651 3109 ‘l’-____
1732 3098 1774 3109 ,Α
1809 3092 1926 3109 ιῖκμμ
1953 3108 1958 3109 ,
2000 3094 2066 3109 ἢ.
2129 3108 2132 3109 ,

2253 2998 2372 3100 quae
2426 2998 2528 3079 soli
2585 2998 2696 3078 Deo
2760 3020 3005 3086 debetur,
3073 3018 3382 3074 hominibus
3439 3014 3831 3079 tribuendam;

555 3087 793 3159 Spiritus
836 3097 1076 3156 sanctus,
1125 3097 1179 3144 et
1204 3089 1473 3145 Dominus
1501 3091 1676 3158 Iesus,
1725 3098 1777 3145 et
1809 3092 1962 3146 Pater
2000 3094 2144 3146 Deus

553 3181 656 3230 est.
691 3176 763 3230 Et
791 3175 994 3248 singuli
1025 3176 1171 3232 enim
1216 3179 1362 3234 Deus
1389 3194 1551 3244 unus,
1583 3186 1637 3232 et
1662 3187 1769 3234 tres
1802 3181 1947 3234 Deus
1976 3196 2138 3237 unus.

551 3263 800 3336 Denique
847 3275 1103 3337 operante
1149 3283 1280 3334 uno,
1329 3274 1438 3323 tres
1477 3266 1689 3338 operari
1729 3265 2028 3334 dicuntur;
2081 3275 2144 3322 ut

554 3352 843 3410 Trinitatis
874 3355 1200 3428 mysterium
1241 3355 1299 3410 in
1329 3356 1493 3412 unius
1523 3356 1622 3410 Dei
1651 3363 1844 3411 natura
1873 3367 1925 3411 et
1954 3363 2143 3426 potes-

547 3448 659 3496 tate
690 3442 1000 3510 claudatur,
1030 3461 1156 3500 cum
1187 3443 1260 3500 sit
1289 3444 1636 3500 immensum.

625 3537 808 3607 (Vers.
836 3539 915 3608 7.)
962 3563 980 3585 ι
1015 3540 1321 3610 Unicuique
1349 3546 1532 3593 autem
1571 3539 1733 3594 datur
1778 3539 2140 3596 manifestatio

549 3623 792 3696 Spiritus
817 3624 885 3679 ad
915 3626 1231 3680 utilitatem.
1265 3651 1284 3674 ι
1319 3626 1434 3681 Hoc
1461 3634 1562 3694 est,
1595 3626 1801 3681 donum
1833 3627 2050 3698 accipit,
2081 3637 2143 3685 ut

547 3712 758 3769 divinis
802 3713 1124 3769 retinaculis
1179 3713 1349 3769 vitam
1393 3731 1544 3770 suam
1596 3714 1922 3787 gubernans,
1956 3725 2010 3772 et
2036 3717 2142 3773 sibi

556 3809 613 3857 et
637 3800 761 3856 aliis
790 3801 944 3858 utilis
970 3801 1062 3872 sit,
1085 3802 1216 3859 dum
1248 3806 1559 3876 exemplum
1590 3804 1749 3861 bona
1779 3807 2142 3863 contersatio-

555 3888 645 3946 nis
665 3889 926 3946 ostendit.

627 3987 809 4060 (Vers.
842 3987 926 4055 8.)
983 4010 1002 4036 ε
1033 3988 1263 4047 Cuidam
1319 3991 1466 4047 enim
1518 3992 1681 4048 datur
1733 4008 1828 4063 per
1879 3992 2140 4063 Spiritum

561 4098 740 4140 sermo
771 4083 1071 4156 sapientiai.
1105 4109 1124 4133 ι
1181 4083 1241 4140 Id
1272 4094 1372 4141 est.
1405 4085 1565 4140 datur
1599 4085 1684 4139 illi
1714 4084 2004 4157 prudentia
2032 4100 2141 4139 non

558 4187 628 4227 ex
652 4173 870 4241 litteris,
902 4174 996 4230 sed
1020 4191 1247 4231 corusco
1272 4175 1508 4246 Spiritus
1539 4175 1713 4231 sancti
1745 4174 1902 4245 igne;
1962 4182 2023 4229 ut
2049 4185 2144 4229 cor

557 4258 756 4314 habeat
798 4262 1195 4333 illuminatum,
1245 4274 1299 4321 et
1331 4265 1404 4322 sit
1452 4263 1712 4337 prudens,
1767 4273 1828 4319 ut
1873 4263 2144 4319 discernat

2253 3112 2470 3186 quando
2515 3111 2572 3166 in
2603 3109 2858 3165 omnibus
2889 3124 3031 3161 unus
3059 3115 3219 3176 atque
3257 3104 3400 3160 idem
3430 3106 3574 3158 Deus
3613 3103 3686 3157 sit
3724 3103 3836 3172 glo-

2253 3201 2429 3256 riosus
2456 3219 2467 3256 :
2502 3200 2702 3272 quippe
2731 3214 2856 3255 cum
2877 3213 3066 3252 omnes
3086 3204 3139 3250 et
3158 3211 3327 3250 unum
3350 3192 3618 3264 baptisma
3639 3191 3835 3248 habea-

2253 3305 2393 3355 mus,
2442 3295 2495 3342 et
2534 3303 2702 3341 unum
2750 3295 2911 3357 atque
2949 3284 3197 3339 eumdem
3243 3281 3505 3353 Spiritum
3559 3288 3832 3337 sanctum.

2252 3377 2367 3432 Hoc
2391 3384 2608 3448 propter
2631 3373 2998 3446 supradictam
3039 3388 3282 3436 causam;
3316 3370 3445 3442 quia
3474 3369 3530 3424 in
3556 3369 3836 3440 aliquibus

2252 3466 2644 3537 gloriabantur,
2712 3463 2924 3535 aliquos
2989 3477 3118 3518 vero
3175 3462 3326 3516 velut
3391 3459 3836 3530 contemptibiles

2249 3554 2592 3626 spernebant.

2324 3643 2503 3714 (Vers.
2537 3642 2649 3713 14.)
2695 3666 2712 3688 ε
2741 3643 2875 3698 Nam
2905 3650 2959 3699 et
2987 3659 3184 3715 corpus
3215 3655 3325 3697 non
3353 3649 3435 3696 est
3463 3655 3634 3696 unum
3667 3655 3836 3696 mem~

2251 3732 2431 3800 brum,
2459 3732 2550 3788 sed
2583 3733 2772 3788 multa.
2811 3756 2829 3780 ι
2884 3733 2996 3788 Hoc
3025 3732 3234 3800 dicens,
3277 3730 3516 3786 ostendit
3561 3729 3832 3785 unitatem

2253 3819 2448 3876 habere
2486 3822 2772 3877 varietates
2827 3821 3131 3876 ofﬁciorum
3193 3821 3294 3891 (6),
3353 3827 3406 3874 et
3458 3819 3833 3874 diversitatem

2253 3909 2393 3966 hanc
2422 3928 2530 3966 non
2564 3910 2866 3983 discrepare
2897 3911 2953 3965 in
3002 3911 3209 3966 unitate
3248 3909 3558 3980 potestatis;
3613 3907 3834 3979 quando

2251 4001 2432 4056 unitas
2462 4000 2704 4070 corporis
2735 4016 2843 4055 non
2872 3998 2928 4053 in
2954 3997 3332 4069 singularitate
3351 3995 3614 4061 consistit,
3645 3996 3746 4050 sed
3775 3995 3832 4049 in

2253 4090 2440 4144 multis
2469 4087 2772 4143 membris:
2830 4094 2891 4141 ut
2937 4086 3174 4142 invicem
3219 4085 3324 4140 sibi
3354 4091 3630 4156 praestent,
3686 4082 3832 4154 quod

2253 4177 2470 4232 debent.

2327 4267 2505 4339 (Vers.
2540 4264 2653 4337 15.)
2698 4289 2715 4312 ι
2745 4265 2799 4320 Si
2834 4263 3037 4320 dixerit
3066 4281 3158 4336 pes
3191 4282 3204 4320 :
3265 4263 3401 4330 Quia
3429 4278 3539 4317 non
3570 4277 3692 4316 sum
3723 4277 3830 4316 ma-

551 4366 671 4423 quai
699 4353 927 4410 vitanda
981 4366 1130 4425 sunt,
1188 4375 1378 4430 quasve
1421 4357 1713 4431 sequenda.
1782 4379 1800 4402 ι
1841 4355 1953 4410 Alii
2011 4373 2140 4412 vero
2171 4389 2216 4445 Β
2255 4372 2377 4422 nus,
2410 4371 2518 4410 non
2551 4371 2669 4410 sum
2701 4354 2767 4410 de
2815 4370 3063 4426 corpore;
3111 4370 3243 4408 num
3285 4359 3564 4424 propterea
3595 4367 3708 4405 non
3751 4355 3832 4404 est

545 4456 726 4496 sermo
756 4440 999 4497 scientiae
1038 4445 1338 4499 secundum
1370 4446 1620 4501 eumdem
1650 4444 1903 4516 spiritum
1929 4461 1942 4503 :
1975 4468 1992 4491 ι
2035 4444 2141 4502 hoc

546 4535 645 4594 est,
679 4535 740 4582 ut
793 4526 990 4584 habeat
1037 4529 1318 4586 scientiam
1369 4547 1549 4586 rerum
1598 4532 1984 4587 divinarum.»
2027 4532 2140 4586 Alii

503 4667 506 4672 .
546 4616 722 4688 gratia
749 4619 1094 4675 curationum
1127 4619 1184 4673 in
1216 4635 1326 4674 uno
1358 4620 1601 4692 Spiritu;
1644 4644 1665 4668 ι
1708 4620 1767 4676 id
1793 4629 1894 4690 est,
1926 4628 1987 4676 ut
2015 4636 2142 4676 me-

544 4703 724 4760 delam
756 4707 960 4764 tribuat
991 4707 1224 4765 inﬁrmis
1259 4710 1345 4765 vel
1379 4710 1555 4782 aegris.

618 4803 801 4874 (Vers.
833 4805 886 4869 9,
923 4805 1035 4877 10.)
1105 4829 1124 4852 ι
1164 4807 1275 4862 Alii
1323 4807 1457 4864 ﬁdes
1497 4808 1554 4862 in
1599 4808 1787 4865 eodem
1835 4807 2062 4881 Spiritu.
2101 4832 2121 4858 ι

543 4888 660 4945 Hoc
701 4890 854 4958 dicit,
903 4901 965 4947 ut
1011 4893 1139 4948 ﬁdei
1180 4894 1497 4966 proﬁtendae
1544 4897 1912 4963 vindicandae,
1956 4914 2137 4968 pressa

544 4978 896 5049 verecundia,
955 4981 1186 5052 accipiat
1245 4983 1580 5038 facultatem.
1656 5010 1673 5031 ε
1723 4986 1836 5040 Alii
1892 4986 2134 5056 operatio

545 5066 840 5124 virtutum.
871 5091 890 5115 ι
933 5067 1260 5124 Potestatem
1289 5069 1405 5124 dari
1451 5071 1722 5141 signiﬁcat
1754 5073 1810 5126 in
1847 5071 2134 5142 ejiciendis

541 5153 852 5224 daemoniis,
885 5164 979 5212 aut
1008 5156 1178 5230 signis
1207 5157 1491 5214 faciendis.
1551 5183 1570 5206 ε
1599 5160 1713 5215 Alii
1741 5160 2057 5232 prophetia;
2099 5186 2119 5211 ›

617 5335 698 5408 (4)
731 5333 891 5394 Corb.
937 5333 1086 5404 cod.,
1139 5335 1358 5390 unitatis
1404 5342 1622 5402 natura,
1673 5342 1722 5392 et
1764 5337 1922 5391 trium
1969 5353 2132 5392 unum

540 5424 691 5481 opus.

499 5501 512 5508 ί
617 5482 696 5551 (5)
731 5476 862 5538 Cod.
913 5478 1066 5552 Gem.
1101 5484 1153 5534 et
1190 5477 1358 5546 Vall.,
1413 5479 1733 5552 linguarum,
1778 5497 1956 5536 eorum
1994 5481 2128 5535 scili-

541 5555 617 5604 cet
667 5553 761 5622 qui
800 5570 896 5624 per
963 5551 1196 5626 Spiritus
1261 5553 1429 5607 sancti
1490 5551 1810 5625 majestatth
1871 5553 2133 5624 accipiunt

2253 4445 2318 4499 de
2348 4461 2569 4516 corpore
2592 4447 2618 4501 ?
2639 4470 2655 4492 ι
2694 4445 2806 4500 Hoc
2834 4453 2933 4510 est,
2963 4461 3072 4499 non
3100 4460 3254 4516 posse
3283 4459 3426 4507 eum,
3449 4441 3542 4512 qui
3579 4441 3832 4494 inﬁrmus

2249 4533 2465 4590 videtur
2495 4536 2637 4591 inter
2665 4536 2877 4603 fratres,
2919 4535 3101 4606 negari
3155 4552 3268 4590 esse
3296 4535 3364 4589 de
3405 4547 3652 4603 corpore,
3703 4532 3834 4602 quia

2247 4639 2354 4679 non
2381 4634 2460 4680 est
2487 4633 2696 4696 potens.

2320 4713 2498 4784 (Vers.
2535 4714 2644 4783 16.)
2702 4737 2720 4759 ι
2749 4713 2804 4769 Si
2843 4713 3047 4770 dixerit
3075 4713 3320 4770 auricula
3353 4731 3364 4768 :
3397 4711 3536 4778 Quia
3564 4727 3678 4766 non
3708 4725 3831 4766 sum

2248 4801 2461 4866 oculus,
2509 4817 2617 4855 non
2664 4818 2784 4856 sum
2816 4801 2882 4856 de
2923 4819 3183 4874 corpore;
3230 4818 3360 4856 num
3407 4807 3692 4872 propterea
3720 4815 3833 4853 non

2243 4899 2323 4947 est
2351 4891 2417 4945 de
2445 4890 2716 4962 corpore?
2746 4915 2764 4937 ι
2805 4890 2922 4944 Non
2953 4890 3148 4946 debere
3177 4891 3311 4946 dicit
3336 4891 3515 4954 illum,
3543 4887 3638 4959 qui
3668 4887 3837 4958 paulo

2243 4980 2468 5034 inferior
2505 4987 2606 5046 est,
2657 4995 2766 5034 non
2812 4981 3175 5034 necessarium
3215 4979 3394 5051 putari
3438 4976 3676 5049 corpori,
3711 4993 3839 5048 pro-

2240 5077 2421 5140 pterea
2447 5068 2593 5140 quod
2623 5066 2689 5121 de
2719 5067 2909 5136 primis
2943 5084 3055 5122 non
3085 5069 3179 5124 sit.

2314 5159 2492 5230 (Vers.
2529 5156 2638 5227 17.)
2706 5180 2723 5202 ι
2752 5155 2807 5210 Si
2859 5163 3034 5212 totum
3093 5172 3292 5228 corpus
3335 5155 3548 5224 oculus,
3605 5154 3706 5210 ubi
3755 5161 3847 5211 est

2237 5337 2484 5408 gratiam,
2518 5339 2576 5387 ut
2599 5332 2800 5404 possint
2827 5331 3114 5402 intelligere
3151 5330 3485 5388 diversarum
3521 5330 3853 5399 linguarum.

2239 5411 2626 5549 eloiltiylg’mnes
2653 5475 2785 5533 edit.
2817 5491 2881 5532 ac
2907 5491 3032 5549 mss.
3066 5474 3296 5549 aliquot,
3325 5473 3547 5528 ostendit
3578 5471 3860 5528 unitatem

2240 5547 2512 5606 varietatis
2539 5568 2560 5615 ,°
2589 5551 2787 5606 melius
2814 5547 3019 5619 caeteri,
3048 5555 3112 5604 ut
3138 5547 3194 5602 in
3225 5553 3511 5604 contextu.
