4112 6178
355 238 456 296 261

1419 239 1782 299 COMMENT.
1833 241 1904 298 IN
1941 239 2196 297 ESPIST.
2238 240 2262 295 Ι
2298 240 2392 295 ΑΙ)
2431 239 2587 297 COR.

3127 169 3154 186 ⁸
3172 171 3178 174 ⁵
3265 178 3273 185 1

3529 242 3634 300 262

351 363 569 420 auditus
597 361 626 419 7
654 359 711 418 Si
741 366 920 418 totum
960 359 1197 430 auditus,
1237 362 1332 419 ubi
1363 373 1444 420 est
1480 365 1740 422 odoratus
1762 365 1790 420 ?
1817 390 1836 414 ι
1878 365 1938 420 ld
1967 369 2018 427 Α
2044 364 2163 419 sine
2193 362 2458 434 dignitate
2485 377 2620 429 esse,
2645 357 2961 416 invenimus
2982 359 3038 415 in
3059 357 3137 416 eis
3155 357 3298 434 quod
3323 362 3629 433 laudemus,

352 467 452 527 est,
479 459 525 514 si
555 473 745 514 omnes
769 460 937 515 unius
966 459 1323 515 essentoﬂicii
1353 468 1406 514 et
1435 460 1636 531 operis;
1660 459 1935 532 quomodo

350 546 670 621 impleretur
716 547 926 620 reliqua
969 547 1259 604 necessitas
1300 549 1590 621 corporis;
1639 565 1762 604 cum
1792 565 1936 605 con-

347 643 452 694 stet
511 637 704 694 multis
750 638 943 695 ofﬁciis
985 655 1119 712 opus
1151 654 1268 695 esse
1311 638 1380 695 ad
1410 638 1781 710 gubernacula
1808 653 1940 692 cor—

343 725 497 796 poris
528 727 558 782 2

422 814 606 886 (Vers.
655 815 766 886 18.)
820 838 839 862 ι
881 815 1040 871 Nunc
1069 823 1254 871 autem
1283 817 1432 870 Deus
1461 815 1645 886 posuit
1674 813 1936 881 membra,

348 904 784 977 unumquodque
820 905 879 961 in
906 920 1164 975 corpore;
1201 905 1346 958 sicut
1374 903 1571 958 voluit.
1604 927 1622 949 ι
1679 902 1938 958 Volunta-

350 997 464 1047 tem
513 992 632 1060 Dei,
678 993 809 1065 quia
855 991 1090 1062 provida
1116 999 1170 1047 et
1196 990 1540 1046 rationabilis
1569 997 1667 1056 est,
1698 988 1941 1044 membra

347 1077 484 1135 dicit
510 1080 731 1150 corpori
765 1086 975 1150 aptasse
999 1097 1012 1145 ;
1045 1087 1106 1134 ut
1137 1078 1278 1134 nihil
1307 1079 1445 1134 desit
1474 1077 1711 1150 corpori,
1752 1077 1847 1133 sed
1869 1076 1939 1132 sit

344 1168 541 1228 multis
567 1167 830 1222 membris
862 1168 1158 1239 perfectum
1191 1168 1295 1238 (7).

426 1256 610 1327 (Vers.
646 1257 757 1326 19.)
777 1279 795 1301 ι
825 1256 879 1311 Si
913 1264 1091 1312 autem
1114 1255 1344 1312 fuissent
1367 1256 1552 1312 omnia
1577 1271 1751 1312 unum
1773 1271 1938 1310 mem-

358 1345 544 1412 brum,
564 1344 656 1400 ubi
686 1346 926 1416 corpus?
954 1369 972 1392 ι
1015 1344 1371 1401 Manifestum
1401 1354 1481 1401 est
1510 1346 1639 1418 quia
1675 1345 1721 1399 si
1752 1361 1940 1400 omnes

349 1433 587 1488 fuissent
616 1433 781 1489 unius
833 1433 1134 1504 dignitatis,
1170 1450 1278 1489 non
1330 1433 1646 1490 dicerentur
1674 1433 1938 1500 membra,

345 1537 524 1594 neque
577 1537 778 1593 corpus
829 1539 842 1577 :
890 1521 1121 1594 ideoque
1150 1522 1320 1578 variis
1345 1521 1716 1578 membrorum
1747 1519 1942 1576 ciliciis

345 1607 850 1679 conjubernantur;
882 1611 1069 1664 omnia
1095 1610 1243 1664 enim
1274 1627 1446 1665 unum
1478 1610 1786 1666 membrum
1827 1623 1941 1662 esse

2044 453 2188 510 sicut
2233 461 2287 508 et
2346 451 2405 506 in
2461 451 2720 507 membris
2757 451 3072 519 vilioribus,
3125 451 3272 525 quod
3320 453 3440 524 plus
3469 453 3629 511 nobis

2045 543 2274 614 placeat,
2308 558 2470 614 quam
2493 541 2638 614 quod
2669 542 2724 596 in
2753 543 2962 598 caeteris
2983 543 3312 599 invenimus.
3345 544 3462 610 Quo
3481 544 3628 600 enim

2047 633 2256 690 honore
2308 632 2489 704 dignae
2532 640 2661 688 sunt
2692 647 2900 700 manus,
2933 633 3152 706 quando
3183 632 3328 706 quod
3356 635 3626 702 volumus,

2048 722 2332 785 tenemusl
2379 721 2465 775 vel
2518 720 2703 791 pedes,
2751 737 2874 776 cum
2929 723 3127 794 quibus
3182 739 3291 796 quo
3343 723 3626 791 volumus,

2050 801 2196 867 imus
2229 812 2240 867 ι
2284 811 2576 881 Propterea
2617 817 2672 864 et
2707 825 2805 865 nos
2858 809 3106 866 addimus
3151 811 3228 867 eis
3254 811 3633 867 honorificen-

2052 899 2203 967 tiam,
2257 908 2318 955 ut
2364 905 2496 969 puta
2542 897 2811 968 pedibus;
2863 914 2998 970 quos
3049 903 3186 959 153
3231 899 3358 970 quia
3395 898 3632 956 humiles

2049 1005 2180 1052 sunt
2217 1003 2271 1050 et
2298 993 2416 1050 sine
2441 994 2728 1066 dignitate,
2770 995 3157 1050 calceamentis
3195 1011 3469 1052 ornamus.
3514 1020 3534 1042 ι
3562 997 3632 1052 Et

2049 1102 2168 1159 quae
2204 1085 2495 1141 inhonesta
2519 1092 2649 1139 sunt
2699 1091 2904 1139 nostra.
2965 1084 3422 1140 abundantiorem
3465 1085 3632 1141 bono.

2049 1194 2161 1233 rem
2187 1176 2414 1234 habent.
2447 1203 2468 1226 ι
2512 1176 2863 1232 Manifestum
2894 1177 3125 1248 estquia
3151 1176 3403 1248 pudenda
3431 1185 3633 1246 nostra,

2051 1281 2171 1337 quae
2202 1265 2386 1336 turpia
2413 1265 2693 1331 videntur,
2725 1264 2854 1320 dum
2885 1271 3135 1336 aspectus
3163 1264 3414 1336 publicos
3435 1266 3634 1331 vitant,

2051 1352 2335 1410 honestate
2382 1369 2440 1408 se
2484 1361 2800 1424 contegunt,
2847 1369 2917 1408 ne
2948 1369 3041 1424 per
3068 1353 3476 1408 irreverentiam
3512 1352 3634 1408 hor-

2053 1448 2225 1498 reant;
2270 1441 2452 1498 Simili
2511 1441 2674 1496 modo
2730 1450 2783 1497 et
2833 1441 3052 1513 quidam
3085 1441 3340 1508 fratrum,
3369 1459 3494 1499 cum
3523 1441 3634 1496 sint

2051 1538 2286 1602 egestate
2334 1537 2388 1585 et
2436 1529 2630 1585 habitu
2680 1529 2978 1593 inhonesti,
3009 1546 3120 1584 non
3154 1537 3336 1584 tamen
3366 1537 3491 1584 sunt
3516 1529 3632 1584 sine

2051 1618 2243 1689 gratia,
2274 1634 2371 1690 per
2399 1634 2563 1690 quam
2592 1617 2837 1674 membra
2862 1618 2973 1673 sint
3002 1618 3248 1689 corporis
3277 1617 3448 1673 nostri
3471 1635 3482 1672 :
3502 1633 3628 1672 nam

345 1713 456 1753 non
485 1704 755 1769 Ροῖθηῐηο
795 1695 924 1751 meo
967 1703 1149 1752 antem
1176 1697 1352 1752 multa
1379 1705 1528 1764 διωῐ»
1551 1694 1681 1768 quia
1709 1694 1777 1751 ab
1797 1693 1943 1750 inVi'
1977 1711 2024 1772 B
2048 1703 2224 1760 solent
2267 1703 2537 1760 succincti
2568 1703 2837 1760 vesticula
2865 1704 3079 1770 tetrica,
3111 1703 3260 1759 nudo
3289 1703 3445 1774 pede,
3481 1704 3636 1758 ince-

343 1800 464 1841 cem
493 1785 758 1840 differunt
788 1782 1071 1854 dignitate.

424 1882 606 1953 (Vers.
643 1881 760 1952 20.)
805 1905 824 1929 ι
851 1881 1010 1936 Nunc
1031 1888 1213 1938 autem
1229 1881 1404 1938 multa
1423 1879 1648 1954 quidem
1678 1878 1941 1948 membra,

347 1985 526 2025 unum
564 1979 743 2027 autem
777 1985 992 2042 corpus.
1023 1993 1044 2017 ι
1094 1970 1210 2026 Hoc
1229 1968 1385 2039 dicit,
1416 1969 1548 2042 quia
1575 1969 1749 2024 multa
1778 1983 1944 2024 mem-

347 2057 469 2126 bra,
509 2075 633 2116 cum
680 2058 917 2115 invicem
968 2059 1055 2116 sui
1112 2068 1326 2132 egeant,
1385 2075 1496 2115 non
1551 2058 1862 2130 discrepant
1884 2056 1943 2111 in

343 2147 559 2203 unitate
585 2156 816 2212 naturae,
847 2148 1098 2219 quamvis
1130 2149 1188 2203 di
1211 2164 1368 2204 versa
1409 2147 1557 2214 sint;
1594 2146 1722 2219 quia
1749 2145 1943 2201 diver—

347 2235 479 2292 sitas
517 2235 634 2292 bazc
683 2237 741 2291 in
795 2252 969 2292 unum
1021 2237 1322 2304 concurrit,
1369 2243 1432 2291 ut
1459 2237 1702 2308 corporis
1732 2233 1941 2288 utilitas

352 2325 662 2396 expleatur,
693 2323 836 2380 sicut
863 2331 918 2379 et
947 2341 1009 2380 ea
1046 2325 1246 2398 quibus
1275 2323 1512 2380 mundus
1544 2325 1656 2396 ipse
1703 2329 1937 2392 constat,

351 2431 476 2472 cum
508 2422 639 2470 sunt
661 2413 877 2469 diversa
905 2430 1018 2469 non
1049 2415 1224 2469 solum
1247 2415 1464 2480 oiliciis,
1504 2413 1597 2468 sed
1627 2419 1680 2468 et
1706 2410 1936 2478 naturis;

350 2502 418 2558 ad
473 2501 642 2558 unius
670 2509 852 2556 tamen
896 2501 1090 2556 mundi
1119 2501 1416 2574 proﬁciunt
1445 2501 1855 2572 perfectionem,
1888 2506 1942 2554 et

351 2608 421 2648 ex
451 2589 710 2646 omnibus
735 2588 824 2644 his
852 2589 1096 2645 nascitur
1115 2589 1403 2661 temperies
1431 2587 1678 2661 quaedam
1709 2587 1768 2643 in
1797 2586 1938 2642 fruc-

348 2678 517 2747 tibus,
540 2679 634 2752 qui
666 2677 920 2734 humanae
951 2677 1247 2750 proficiunt
1277 2676 1528 2733 utilitati.

425 2776 606 2849 (Vers.
633 2775 749 2847 2i.)
796 2799 816 2823 α
842 2774 964 2830 Non
991 2781 1167 2846 potest
1195 2781 1376 2829 autem
1401 2773 1582 2829 dicere
1605 2771 1800 2828 oculus
1817 2785 1944 2825 ma-

353 2867 484 2922 nui:
520 2867 695 2938 Opera
731 2872 826 2921 tua
851 2881 963 2921 non
991 2863 1231 2937 indigeo.
1263 2887 1281 2909 -
1339 2863 1456 2918 Hoc
1481 2869 1585 2929 est,
1626 2877 1738 2915 non
1768 2865 1946 2930 potest

355 2953 536 3010 dicere
593 2953 776 3025 potior
833 2951 1126 3006 inferiori:
1188 2949 1310 3004 Non
1352 2947 1493 3002 mihi
1537 2962 1673 3016 opus
1711 2961 1786 3011 es;
1818 2943 1944 3015 quia

356 3043 552 3099 oculus
579 3040 803 3112 quidem
832 3038 1005 3104 videt,
1036 3035 1131 3091 sed
1160 3049 1355 3088 manus
1389 3039 1536 3099 sunt,
1568 3047 1687 3103 quae
1709 3047 1946 3104 operan-

347 3138 465 3188 tur.
511 3131 624 3185 Aut
675 3129 876 3184 iterum
926 3131 1090 3195 caput
1122 3123 1390 3194 pedibus:
1447 3145 1466 3168 ε
1495 3123 1616 3178 Non
1645 3122 1774 3178 estis
1802 3121 1942 3177 mihi

355 3215 654 3276 necessarii
678 3231 692 3281 ;
745 3238 766 3263 ι
825 3212 882 3268 id
925 3218 1028 3279 est,
1058 3208 1235 3280 major
1263 3208 1432 3282 gradu
1460 3216 1512 3265 et
1540 3208 1803 3280 dignitate
1831 3225 1941 3264 non

355 3311 537 3379 potest
557 3303 673 3358 sine
702 3301 801 3356 illo
829 3316 963 3367 esse,
997 3299 1092 3371 qui
1121 3298 1348 3352 humilis
1377 3304 1489 3364 est;
1535 3297 1663 3369 quia
1692 3305 1772 3353 est
1797 3295 1942 3369 quod

356 3392 592 3449 humilis
619 3397 816 3463 potest,
845 3387 992 3461 quod
1020 3403 1132 3442 non
1162 3393 1338 3458 potest
1373 3385 1643 3452 sublimis,
1677 3385 1804 3457 quia
1830 3385 1940 3440 fer-

360 3499 485 3542 rum
544 3487 741 3554 potest,
789 3477 934 3551 quod
978 3492 1089 3532 non
1138 3484 1314 3548 potest
1349 3491 1582 3531 aurum:
1615 3490 1678 3530 ac
1714 3490 1810 3546 per
1837 3474 1944 3530 hoc

353 3573 617 3629 honorem
653 3566 818 3640 capiti
849 3567 1056 3622 faciunt
1087 3564 1272 3636 pedes.

427 3677 610 3749 (Vers.
665 3673 781 3744 22.)
842 3695 864 3720 ι
916 3671 1021 3729 Sed
1075 3671 1251 3726 multo
1288 3669 1459 3743 magis
1508 3686 1630 3743 quae
1681 3668 1943 3726 videntur

354 3766 600 3826 membra
650 3761 894 3834 corporis
921 3760 1230 3816 inﬁrmiora
1257 3775 1392 3826 esse,
1427 3759 1731 3815 necessaria
1755 3764 1928 3813 sunt.»

356 3855 702 3914 Manifestum
735 3859 834 3908 est.
867 3850 996 3923 quia
1017 3849 1268 3922 quamvis
1295 3847 1496 3920 aliquis
1549 3846 1813 3918 dignitate
1841 3861 1944 3902 su-

356 3946 543 4003 blimis
567 3944 671 4009 sit;
731 3941 778 3997 si
830 3939 1108 4011 subjectus
1159 3946 1337 3993 tamen
1368 3935 1625 4002 defuerit,
1657 3935 1751 4007 qui
1779 3935 1945 3990 obse-

359 4034 504 4107 quiis
529 4032 643 4089 suis
673 4030 831 4085 illum
857 4028 1019 4083 faciat
1054 4025 1370 4097 gloriosum,
1400 4023 1518 4095 ipsa
1536 4020 1775 4092 dignitas
1802 4037 1945 4077 con-

358 4119 686 4194 temptibilis
718 4118 824 4174 erit
849 4134 860 4171 :
893 4114 1134 4171 oﬂicium
1161 4113 1307 4168 enim
1337 4119 1437 4179 est,
1468 4127 1563 4182 per
1589 4109 1733 4181 quod
1752 4108 1944 4180 digni-

358 4221 442 4270 tas
483 4217 713 4268 constat.
766 4207 894 4262 Tale
941 4211 1024 4260 est
1048 4204 1094 4258 si
1124 4200 1437 4274 imperatori
1478 4199 1618 4254 desit
1650 4197 1943 4254 exercitus.

359 4301 621 4370 Quamvis
677 4313 804 4368 ergo
835 4309 1064 4364 magnus
1109 4291 1180 4345 sit
1239 4291 1554 4360 imperator,
1584 4288 1946 4343 necessarium

358 4398 542 4446 tamen
572 4386 733 4442 habet
759 4381 1063 4440 exercitum
1091 4395 1104 4444 ;
1141 4376 1444 4431 membrum
1475 4384 1555 4430 est
1581 4377 1729 4430 enim
1756 4391 1942 4447 corpo-

355 4477 439 4534 ris
480 4477 559 4548 (8)
623 4475 758 4545 ejus,
811 4479 934 4526 ante
972 4483 1029 4523 se
1060 4464 1266 4520 habens
1311 4463 1584 4531 tribunos,
1617 4464 1862 4532 comites,
1890 4471 1944 4519 et

357 4566 672 4638 magistros.
723 4561 818 4617 His
849 4557 1107 4615 omnibus
1149 4553 1440 4610 inferiores
1469 4559 1596 4606 sunt
1625 4552 1848 4620 milites,
1889 4560 1942 4608 et

358 4656 535 4728 magis
565 4650 854 4709 necessarii
896 4657 1046 4715 sunt,
1082 4646 1225 4703 sicut
1255 4643 1499 4699 membra
1535 4641 1796 4714 corporis,
1827 4658 1944 4714 qua:

358 4762 486 4806 cum
517 4741 782 4798 inferiora
819 4737 1095 4802 videntur,
1128 4735 1250 4805 plus
1277 4733 1437 4789 utilia
1457 4739 1620 4800 sunt;
1652 4732 1769 4787 sine
1805 4748 1946 4787 ocu-

356 4836 432 4892 lis
471 4834 617 4888 enim
663 4844 854 4885 manus
891 4832 1166 4900 operatur,
1214 4829 1268 4878 et
1297 4839 1392 4894 pes
1419 4821 1706 4878 ambulans
1735 4821 1943 4877 victum

399 4922 532 4979 uazri
541 4929 634 4978 tat.

399 4941 634 4979 uazritat.

360 4941 398 4998 ς
442 5028 620 5103 (Vers.
671 5025 786 5098 23.)
851 5047 870 5072 α
912 5020 984 5078 Et
1028 5034 1147 5094 qua;
1192 5023 1449 5091 putamus
1474 5014 1804 5090 ignobiliora
1830 5033 1944 5074 esse

357 5125 616 5187 membra
653 5115 1011 5193 corporis,his
1051 5112 1502 5169 abundantiorem
1536 5110 1798 5166 honorem
1828 5111 1945 5167 cir-

363 5215 710 5275 cumdamus.
743 5235 761 5258 ι
823 5204 1036 5263 Similis
1061 5209 1141 5258 est
1173 5217 1378 5269 sensus,
1409 5201 1537 5274 quia
1564 5201 1656 5273 qui
1686 5207 1947 5272 putantur

441 5357 522 5430 (7)
555 5355 708 5430 Edit.
737 5367 944 5430 omnes,
972 5364 1096 5430 cum
1131 5359 1257 5400 mss.
1291 5340 1946 5430 quibusdamnlesitpml-A-

366 5418 460 5485 tis‘
492 5418 734 5483 membris
785 5422 1101 5494 perfectum;
1128 5431 1291 5494 _mss.
1343 5431 1452 5468 non
1499 5418 1652 5494 pauci
1684 5418 1946 5493 omittunt

365 5483 687 5568 cier/iactum;
733 5483 936 5568 optiiiie
965 5483 1095 5547 vero
1120 5484 1306 5554 Corb.,
1337 5499 1404 5541 ex
1433 5483 1539 5559 quo
1569 5485 1746 5544 locum
1777 5483 1946 5540 resti-

365 5572 598 5628 tuimus.

1085 5741 1091 5744 .
1110 5737 1322 5746 ..—--4~-‘—..‘

2055 1793 2200 1850 dere.
2223 1792 2361 1850 Cum
2377 1808 2504 1863 ergo
2534 1791 2826 1847 videantur
2845 1791 3304 1862 contemptibiles,
3336 1789 3506 1862 magis
3527 1789 3638 1844 ho-

2053 1881 2177 1936 nori
2214 1888 2379 1950 sunt;
2420 1880 2550 1952 quia
2596 1882 2776 1937 solent
2821 1881 2991 1936 vitam
3039 1879 3237 1936 habere
3265 1877 3633 1934 mundiorem.

2055 1968 2214 2036 Quod
2259 1968 2406 2025 enim
2457 1968 2778 2024 hominibus
2829 1967 3050 2026 videtur
3076 1967 3410 2039 despectum,
3440 1967 3576 2022 solet
3601 1980 3636 2021 a

2052 2059 2166 2113 Deo
2197 2057 2489 2130 pulchrum
2510 2056 2771 2130 judicari.

2127 2149 2309 2220 (Vers.
2359 2149 2477 2220 24.)
2535 2173 2555 2197 ι
2602 2149 2732 2217 Quae
2771 2157 2951 2206 autem
2997 2147 3226 2206 honesta
3265 2156 3393 2206 sunt
3428 2155 3631 2216 nostra,

2054 2239 2262 2294 nullius
2285 2246 2462 2310 egent.
2497 2263 2517 2288 ι
2557 2237 2824 2311 Apertum
2863 2246 2944 2296 est
2982 2238 3112 2312 quia
3159 2245 3322 2310 caput
3353 2254 3464 2294 non
3492 2246 3632 2309 eget,

2051 2343 2226 2400 neque
2282 2328 2466 2397 facies,
2511 2343 2689 2401 neque
2725 2345 2939 2398 manus,
2997 2336 3060 2384 ut
3115 2325 3205 2383 his
3257 2325 3488 2382 addatur
3540 2340 3636 2397 per

2049 2417 2195 2489 quod
2237 2417 2596 2474 decorentur:
2656 2418 2733 2474 ita
2776 2427 2830 2475 et
2857 2417 3140 2485 fratribus,
3173 2416 3233 2472 in
3261 2416 3461 2488 quibus
3509 2421 3637 2469 stu-

2050 2505 2201 2560 dium
2231 2508 2462 2578 peritiae,
2494 2513 2548 2560 et
2576 2507 3012 2561 conversationis
3051 2505 3200 2574 viget
3229 2503 3506 2571 honestas,
3537 2501 3635 2556 ni-

2049 2593 2130 2648 hil
2165 2602 2246 2650 est
2291 2593 2437 2665 quod
2483 2608 2516 2646 a
2560 2592 2721 2646 nobis
2770 2591 3036 2656 additur;
3087 2590 3305 2645 debitus
3349 2591 3496 2646 enim
3522 2589 3636 2644 illis

2051 2683 2301 2740 redditur
2347 2683 2546 2737 honor.
2587 2679 2866 2750 Despectis
2902 2695 3035 2733 vero
3065 2678 3151 2731 vel
3184 2677 3490 2733 humilibus
3531 2694 3638 2732 ex-

2053 2770 2295 2826 hortatio
2323 2769 2626 2826 necessaria
2654 2775 2755 2834 est,
2789 2783 2884 2837 per
2911 2781 3074 2837 quam
3126 2763 3358 2819 addatur
3398 2765 3511 2818 illis
3541 2765 3639 2819 ali-

2054 2861 2178 2932 quis
2207 2859 2400 2925 honor,
2441 2865 2503 2913 ut
2532 2857 2664 2912 ﬁant
2690 2857 2890 2912 utiles:
2933 2856 2979 2910 si
3007 2853 3322 2925 quominus,
3369 2853 3485 2924 ipso
3513 2868 3637 2909 con-

2053 2958 2264 3021 temptu
2288 2945 2708 3019 negligentiores
2734 2943 2881 3001 circa
2905 2959 2964 3000 se
2991 2949 3171 3010 erunt,
3202 2941 3262 2997 in
3282 2941 3484 3014 quibus
3510 2956 3638 2997 ma-

1973 3068 2017 3129 G
2053 3043 2132 3116 gis
2155 3042 2553 3115 proﬁciendum
2585 3048 2684 3097 est.

2125 3131 2306 3203 (Vers.
2339 3130 2458 3202 25.)
2503 3153 2523 3177 ι
2553 3129 2658 3186 Sed
2685 3131 2832 3185 Deus
2859 3127 3185 3199 temperavit
3214 3141 3430 3197 corpus,
3461 3126 3510 3182 ei
3541 3128 3632 3181 cui

2052 3226 2254 3296 deerat,
2281 3225 2737 3283 abundantiorem
2775 3223 3067 3281 tribuendo
3105 3223 3398 3289 honorem;
3431 3231 3632 3278 utnon

2052 3316 2123 3371 sit
2160 3317 2398 3372 schisma
2427 3317 2507 3388 (9)
2542 3315 2601 3371 in
2629 3329 2873 3386 corpore,
2896 3313 2988 3369 sed
3019 3329 3116 3384 pro
3142 3313 3379 3367 invicem
3400 3311 3635 3366 sollicita

2051 3404 2165 3460 sint
2211 3403 2474 3460 membra.
2507 3429 2526 3453 ›
2568 3403 2658 3459 Sic
2683 3401 2820 3458 dicit
2847 3418 2879 3456 a
2906 3403 3018 3456 Deo
3053 3398 3394 3454 moderatum
3431 3397 3636 3453 buma-

2051 3509 2183 3549 num
2213 3509 2432 3565 corpus,
2461 3499 2523 3547 ut
2551 3491 2738 3547 omnia
2765 3487 3010 3545 membra
3039 3485 3157 3558 ejus
3172 3485 3471 3542 necessaria
3485 3485 3626 3552 sint;

2053 3597 2112 3637 ac
2145 3597 2240 3652 per
2271 3579 2377 3636 hoc
2406 3596 2506 3652 pro
2539 3595 2595 3635 se
2629 3577 2868 3634 invicem
2898 3575 3154 3643 sollicita,
3187 3573 3315 3646 quia
3341 3572 3491 3629 aliud
3515 3573 3634 3630 sine

2051 3669 2222 3725 altero
2265 3685 2378 3725 esse
2431 3685 2544 3724 non
2591 3673 2811 3739 potest:
2863 3672 2918 3721 et
2953 3663 3101 3738 quod
3126 3662 3358 3718 inferius
3390 3669 3630 3734 putatur,

2052 3765 2225 3837 magis
2252 3763 2615 3821 necessarium
2648 3771 2764 3829 est;
2796 3762 2938 3817 sicut
2967 3768 3022 3816 et
3069 3759 3135 3816 de
3164 3758 3427 3814 fratribus
3452 3775 3632 3830 expo-

2052 3853 2219 3909 situm
2256 3860 2356 3920 est,
2390 3854 2479 3908 vel
2508 3851 2871 3923 disputatum,
2903 3847 3032 3920 quia
3074 3847 3260 3904 nullus
3287 3845 3447 3902 debet
3479 3846 3632 3901 velut

2053 3941 2269 3997 inutilis
2297 3939 2526 4012 despici.

2126 4039 2307 4112 (Vers.
2341 4039 2455 4111 26.)
2502 4063 2521 4086 ι
2548 4040 2620 4094 Et
2645 4039 2692 4095 si
2714 4037 2846 4111 quid
2878 4036 3082 4108 patitur
3099 4050 3271 4090 unum
3299 4031 3628 4100 membrum,

2052 4129 2460 4201 compatiuntur
2510 4127 2695 4182 omnia
2755 4123 3016 4179 membra.
3052 4147 3072 4170 ι
3128 4122 3243 4176 Hoc
3279 4120 3344 4175 de
3373 4119 3631 4174 membris

2053 4218 2295 4290 corporis
2322 4215 2504 4272 carnis
2537 4214 2857 4285 ambiguum
2899 4226 3009 4266 non
3038 4217 3155 4275 est;
3189 4208 3317 4281 quia
3343 4209 3390 4264 si
3415 4209 3627 4276 oculus,

2053 4315 2147 4363 aut
2175 4324 2289 4379 pes,
2319 4307 2407 4362 vel
2443 4321 2636 4360 manus
2673 4304 2935 4374 capiatur.
2961 4298 3283 4370 egritudine
3317 4298 3500 4370 aliqua
3533 4297 3630 4352 in-

1971 4417 2019 4475 D
2054 4395 2349 4463 firmitatis,
2393 4403 2566 4450 totum
2597 4409 2794 4464 corpus
2823 4389 3110 4447 condolet:
3146 4389 3222 4444 ita
3264 4394 3318 4443 et
3345 4403 3444 4442 nos
3472 4386 3630 4441 docet

2057 4485 2169 4556 (10)
2201 4483 2493 4540 condolere
2537 4481 2820 4548 fratribus,
2853 4481 2897 4536 si
2926 4477 3134 4551 aliquid
3157 4473 3494 4546 hujusmodi,
3536 4479 3630 4527 aut

2052 4571 2388 4626 necessitatis
2435 4571 2735 4628 emerserit.
2798 4592 2816 4615 ι
2871 4567 2996 4624 Sive
3062 4564 3401 4636 glorificatur
3457 4576 3624 4615 unum

2053 4659 2382 4726 membrum,
2413 4661 2788 4730 congaudeant
2816 4655 3002 4712 omnia
3033 4652 3296 4706 membra.
3333 4676 3350 4697 ι
3392 4649 3630 4704 Manife-

2051 4746 2198 4806 stum
2221 4759 2301 4805 est
2330 4749 2459 4820 quia
2488 4748 2670 4802 laetum
2699 4753 2780 4801 est
2809 4751 2969 4815 caput
3002 4741 3117 4796 sive
3145 4747 3336 4796 caetera
3366 4738 3628 4807 membra,

2052 4839 2099 4895 si
2147 4837 2308 4911 pedes
2349 4837 2557 4893 fuerint
2593 4836 2830 4891 accurati
2867 4834 2952 4888 vel
2985 4831 3124 4886 sani.
3157 4830 3246 4886 Sic
3290 4829 3550 4885 debemus
3575 4834 3629 4882 et

2053 4943 2152 4984 nos
2179 4928 2381 4983 alacres
2407 4923 2547 4992 ﬁeri,
2579 4923 2625 4978 si
2654 4923 2878 4978 fratrem
2912 4921 3147 4994 aliquem
3173 4918 3472 4974 viderimus
3500 4915 3630 4971 cul-

2051 5025 2225 5074 torem
2277 5015 2398 5083 Dei,
2451 5021 2504 5069 et
2540 5019 2760 5068 auctum
2807 5009 3090 5066 honestate
3133 5022 3368 5062 morum.
3399 5003 3504 5060 hoc
3525 5007 3626 5070 est,

2053 5123 2245 5162 sanum
2266 5120 2380 5159 esse
2404 5102 2654 5158 consilio.

2127 5195 2306 5268 (verso
2343 5192 2459 5263 27ο)
2505 5215 2524 5238 ι
2553 5191 2665 5249 Vos
2705 5195 2885 5246 autem
2928 5187 3061 5244 estis
3085 5198 3282 5256 corpus
3311 5175 3537 5244 Christi,
3572 5177 3629 5228 et

2129 5337 2208 5408 (8)
2241 5336 2396 5408 Rom.
2423 5333 2581 5402 edit.,
2617 5333 2790 5404 Caput
2815 5338 2885 5408 est
2913 5330 3049 5384 enim
3077 5324 3332 5408 corporis,
3363 5328 3467 5374 etc.

2152 5404 2206 5476 9)
2241 5409 2337 5461 Ms.
2365 5407 2550 5472 C0rb.,
2582 5416 2639 5458 ut
2672 5423 2776 5458 non
2807 5404 2875 5457 sit
2898 5405 3180 5476 sepm'alt_o.

2152 5411 2206 5476 9)
2241 5411 2337 5461 Ms.
2365 5411 2550 5472 (λοι-δη
2582 5416 2639 5458 ut
2672 5423 2776 5458 non
2807 5411 2875 5457 sit
2898 5411 3180 5471 separatio.

2127 5411 2241 5550 £10)
2274 5477 2406 5536 Cod.
2443 5477 2609 5545 Vall.,
2640 5477 2714 5531 ita
2737 5482 2784 5529 et
2818 5490 2911 5528 nos
2939 5473 3093 5532 decet,
3125 5460 3267 5519 haud
3296 5459 3454 5512 male.
