4090 6182
471 264 579 329 263

1487 260 1586 317 AD
1624 255 1861 317 ΟΡΕΒΑ
1898 255 1952 311 S.
1996 252 2325 314 AMBROSII
2364 256 2739 314 APPENDIX.

3651 255 3757 311 26’s

471 394 717 456 membra
754 393 821 451 de
872 392 1137 451 membro.
1171 416 1192 445 ι
1233 392 1484 453 Ostendit
1510 398 1692 463 aperte
1723 397 1961 444 nostram
1991 403 2050 444 se
2082 392 2127 450 A
2160 399 2335 463 potest
2364 390 2561 446 habere
2593 392 2875 458 virtutem,
2918 387 3004 445 cui
3038 386 3128 445 dat
3158 390 3302 443 Deus
3331 387 3605 443 (immonia
3644 388 3762 458 eji—

474 501 693 546 causam
755 498 851 557 per
908 482 1279 540 membrorum
1309 478 1609 538 carnalium
1639 478 1904 536 rationem
1938 487 2057 535 tra-

472 585 682 640 ctasse;
722 570 854 644 quia
893 585 1003 627 non
1041 586 1233 628 omnes
1257 582 1543 642 possumus
1568 564 1777 637 eadem,
1809 566 1901 623 sed
1931 566 2056 622 sin-

473 660 587 736 guli
608 676 708 733 pro
736 658 999 733 qualitate
1025 657 1153 716 ﬁdei
1191 664 1248 715 et
1270 655 1498 730 gratiam
1528 654 1793 711 habemus
1821 669 2055 712 conces-

470 766 584 808 sam
596 795 609 808 .

547 838 729 913 (Vers.
763 836 881 911 28.)
921 859 942 887 ι
963 835 1036 894 Et
1058 831 1317 909 quosdam
1346 832 1531 907 posuit
1564 831 1710 889 Deus
1736 830 1795 887 in
1811 829 2057 887 Ecclesia

384 926 391 933 ’
474 924 714 1003 primum
769 923 989 998 quidem
1028 921 1321 995 apostolos.
1363 947 1383 972 ι
1433 922 1608 995 Caput
1638 920 1822 995 itaque
1852 922 1910 977 in
1939 920 2058 977 Ec-

470 1018 637 1074 clesia
682 1013 959 1086 apostolos
998 1012 1200 1084 posuit,
1243 1012 1337 1085 qui
1368 1010 1527 1083 legati
1565 1009 1772 1067 Christi
1802 1016 1952 1077 sunt,
1984 1009 2056 1064 si-

477 1111 569 1161 cut
598 1099 731 1156 dicit
763 1100 906 1156 idem
938 1099 1236 1170 Apostolus
1265 1116 1278 1153 :
1316 1118 1336 1145 ι
1368 1098 1473 1153 Pro
1507 1110 1617 1169 quo
1646 1095 1916 1167 legatione
1937 1096 2057 1151 iun-

477 1190 659 1262 gimur
703 1189 791 1259 (II
838 1188 962 1243 Cor.
1013 1202 1072 1254 v,
1120 1186 1236 1258 20).
1283 1206 1305 1234 ι
1364 1185 1458 1241 Isti
1505 1192 1635 1239 sunt
1661 1182 1923 1254 episcopi,
1952 1182 2059 1237 ﬁr-

475 1286 659 1334 mante
716 1274 861 1332 istud
909 1275 1069 1333 Petro
1109 1273 1375 1345 apostolo,
1420 1280 1475 1327 et
1514 1272 1728 1327 dicente
1755 1272 1900 1327 inter
1943 1285 2058 1326 cae—

476 1372 591 1420 tera
636 1364 704 1419 de
746 1362 916 1418 Iuda:
965 1385 985 1409 -
1013 1360 1085 1416 Et
1115 1361 1485 1433 episcopatum
1512 1357 1631 1431 ejus
1658 1359 1892 1431 accipiat
1919 1359 2058 1415 alter

478 1451 621 1523 (Act.
644 1469 684 1518 ι,
717 1450 830 1520 20).
864 1472 884 1498 ι
1829 1478 1850 1491 .

562 1563 583 1590 ι
610 1539 862 1597 Secundo
896 1537 1208 1611 prophetas.
1242 1561 1263 1589 ι
1307 1537 1604 1610 Prophetas
1630 1534 1838 1610 duplici
1869 1552 2058 1610 genere

478 1633 872 1706 intelligamus,
902 1638 955 1686 et
986 1631 1171 1689 futura
1206 1630 1469 1699 dicentes,
1521 1639 1575 1687 et
1617 1630 1925 1702 Scripturas
1960 1646 2059 1686 re-

2168 495 2306 536 cere.
2359 504 2377 525 σ
2402 481 2541 536 Num
2575 495 2762 535 omnes
2792 479 3017 551 gratiam
3067 474 3269 532 habent
3300 474 3696 533 curationum?
3727 496 3746 525 ο

2167 566 2453 634 Quomodo
2482 573 2659 641 potest
2688 566 2805 623 fieri
2834 575 2895 623 ut
2923 583 3113 623 omnes
3156 565 3389 621 habeant
3434 560 3578 620 dona
3608 581 3761 623 cura-

2167 654 2381 711 tionum
2408 656 2437 713 ?
2492 681 2512 704 ι
2554 657 2833 729 Numquid
2885 674 3074 713 omnes
3112 656 3316 727 linguis
3348 655 3699 728 loquuntur?
3728 679 3747 704 ι

2166 746 2286 802 Νοιι
2332 745 2544 817 utique,
2591 745 2701 800 nisi
2750 745 2843 819 qui
2896 746 3103 817 accepit
3159 746 3366 801 donum
3422 745 3480 800 in
3529 744 3631 801 hac
3678 760 3757 802 re.

2180 854 2202 881 ι
2237 832 2515 907 Numquid
2545 848 2734 888 omnes
2755 833 3182 906 interpretantur
3214 832 3330 905 (14)
3363 830 3427 889 Ῠι
3469 828 3567 889 Ille
3586 841 3763 905 potest

2168 937 2443 979 sermones
2498 921 2864 995 interpretari,
2906 921 2995 979 cui
3053 921 3144 978 dat
3180 924 3344 978 Deus.
3409 920 3470 977 In
3514 921 3760 994 supradi-

2168 1019 2316 1068 ctum
2338 1026 2555 1068 sensum
2587 1010 2705 1067 haec
2734 1009 3041 1067 inserenda.
3078 1009 3412 1082 Explanavit
3449 1010 3763 1079 enim,red-

2169 1098 2285 1156 dita
2338 1098 2575 1165 ratione,
2618 1114 2809 1155 omnes
2851 1096 3052 1154 habere
3095 1096 3338 1153 diversas
3380 1095 3597 1169 gratias,
3657 1112 3763 1156 nec

2169 1195 2342 1244 totum
2371 1187 2536 1244 alicui
2567 1186 2816 1252 concedi,
2847 1187 3099 1259 exemplo
3125 1184 3516 1242 membrorum.
3548 1186 3752 1243 Exem-

2169 1274 2262 1345 plo
2298 1274 2445 1329 enim
2483 1272 2727 1345 corporis
2754 1273 2935 1329 carnis
2955 1272 3200 1344 spiritale
3229 1287 3425 1344 corpus
3470 1274 3754 1346 insinuat};

2170 1379 2234 1420 ac
2280 1378 2375 1435 per
2403 1363 2509 1420 hoc
2537 1364 2594 1419 in
2625 1363 2885 1419 omnibus
2927 1362 3098 1419 Deum
3131 1362 3585 1432 benedicendum,
3617 1372 3671 1420 et
3702 1365 3759 1420 in

2170 1452 2343 1524 ipsius
2379 1452 2602 1508 nomine
2659 1452 3024 1525 gloriandum,
3064 1451 3222 1525 cujus
3265 1453 3435 1524 gratia
3474 1460 3574 1509 est.
3606 1453 3761 1511 Hanc

2168 1541 2435 1597 rationem
2455 1541 2620 1597 etiam
2651 1541 2708 1597 in
2737 1542 2899 1597 rebus
2928 1541 3173 1614 physicis
3204 1542 3537 1610 invenimus;
3560 1558 3756 1599 aurum

2169 1629 2314 1687 enim
2339 1647 2463 1686 cum
2492 1630 2689 1687 melius
2718 1637 2940 1703 argento
2968 1631 3070 1699 sit,
3100 1631 3222 1702 plus
3258 1639 3440 1687 tamen
3471 1631 3526 1688 in
3558 1648 3659 1688 usu
3674 1650 3762 1689 ar-

477 1726 760 1791 velantes;
810 1721 1066 1795 quamvis
1106 1720 1220 1777 sint
1262 1725 1316 1776 et
1339 1719 1569 1792 apostoli
1601 1718 1899 1791 prophetas,
1931 1720 2059 1792 quia
2096 1738 2141 1800 Β
2172 1723 2392 1790 gentum
2423 1727 2539 1785 est;
2574 1726 2627 1774 et
2654 1734 2778 1775 cum
2810 1734 2882 1774 aes
2904 1720 3267 1775 necessarium
3297 1720 3389 1788 sit,
3414 1721 3555 1791 plus
3574 1727 3758 1776 tamen

472 1813 684 1888 primus
730 1811 926 1884 gradus
953 1811 1139 1868 omnia
1182 1809 1429 1883 subjecta
1457 1810 1640 1866 habet.
1672 1810 1918 1881 Denique
1947 1824 2062 1881 pes-

471 1902 649 1958 simus
703 1899 937 1972 Caiphas
982 1905 1205 1975 propter
1242 1898 1387 1971 quod
1430 1898 1682 1973 princeps
1720 1898 2062 1954 sacerdotum

482 1999 601 2048 erat
632 2032 649 2058 ,
701 1986 1050 2060 prophetavit
1105 1986 1286 2057 (Joan.
1336 2001 1418 2055 xx,
1465 1986 1581 2058 BI),
1625 1984 1835 2041 ordinis
1872 1984 2063 2056 utique

475 2094 664 2147 causa,
692 2094 804 2134 non
840 2077 1046 2150 proprii
1077 2074 1280 2130 meriti.
1318 2074 1521 2157 Tamen
1562 2073 1870 2146 specialiter
1908 2080 2064 2129 erant

475 2167 757 2242 prophetia
781 2171 836 2221 et
862 2164 1267 2236 Scripturarum
1297 2162 1640 2235 interpretes,
1672 2168 1727 2219 et
1753 2162 1937 2217 futura
1964 2160 2062 2216 di-

477 2264 663 2314 centes
701 2252 843 2311 sicut
870 2258 985 2309 erat
1016 2251 1254 2324 Agabus,
1284 2251 1377 2323 qui
1407 2252 1579 2307 exitia
1596 2259 1651 2308 et
1678 2251 1902 2309 vincula
1930 2248 2061 2307 huic

472 2343 737 2417 Apostolo
765 2338 1115 2415 prophetavit
1139 2340 1323 2397 futura
1352 2338 1748 2412 Hierosolymis
1791 2338 2058 2410 (Actxxr,

474 2416 592 2505 11),
637 2437 692 2488 et
723 2431 922 2487 famem
977 2416 1196 2496 cecinit,
1244 2442 1364 2501 quae
1406 2425 1549 2484 facta
1575 2434 1657 2485 est
1684 2427 1788 2484 sub
1829 2426 2060 2485 Claudio

481 2520 624 2594 (Act.
654 2534 735 2588 χι,
766 2518 882 2590 28).
915 2517 1044 2574 Ideo
1088 2522 1397 2589 quanquam
1433 2517 1505 2573 sit
1536 2516 1731 2573 melior
1755 2517 2053 2588 apostolus,

474 2606 772 2681 aliquando
798 2611 980 2662 tamen
1003 2610 1123 2676 eget
1154 2603 1453 2676 prophetis.
1480 2604 1553 2659 Et
1580 2602 1709 2676 quia
1732 2604 1799 2660 ab
1817 2620 1930 2659 uno
1945 2603 2058 2661 Deo

476 2697 636 2754 Patre
672 2700 802 2752 sunt
837 2693 1044 2762 omnia,
1081 2693 1328 2766 singulos
1370 2693 1653 2767 episcopos
1680 2691 1911 2766 singulis
1942 2692 2060 2751 Ec-

474 2783 658 2843 clesiis
686 2795 914 2855 prmesse
934 2781 1194 2838 decrevit.

563 2893 585 2920 ι
625 2872 812 2928 Tertio
864 2869 1135 2927 doctores.
1176 2892 1197 2918 ι
1246 2868 1376 2926 Ilios
1420 2868 1558 2928 dicit
1602 2869 1853 2928 doctores
1879 2868 1972 2944 qui
1997 2869 2056 2928 in

478 2958 709 3018 ecclesia
751 2957 950 3013 litteris
980 2962 1036 3013 et
1079 2953 1408 3014 lectionibus
1435 2956 1738 3015 retinendis
1763 2958 1882 3031 (11)
1913 2973 2058 3030 pue-

477 3063 570 3104 ros
622 3043 943 3100 imbuebant
999 3057 1151 3098 more
1226 3043 1561 3116 Synagogse;
1625 3044 1756 3117 quia
1829 3044 2056 3101 traditio

474 3133 704 3190 illorum
778 3128 849 3188 ad
922 3142 1026 3187 nos
1085 3129 1379 3193 transitum
1458 3130 1607 3188 fecit.
1675 3130 1879 3198 Quarto
1939 3132 2060 3189 loco

471 3223 595 3280 ait:

554 3342 575 3369 ι
608 3317 820 3378 Deinde
846 3317 1106 3389 virtutes,
1121 3316 1321 3376 deinde
1346 3318 1575 3391 gratiam
1605 3318 1992 3388 curationum;
2023 3342 2043 3368 ι

472 3416 656 3486 potest
682 3409 830 3467 enim
860 3408 1084 3483 aliquiis
1128 3421 1243 3465 non
1272 3422 1387 3465 esse
1425 3407 1730 3480 episcopus.
1771 3415 1826 3463 et
1862 3407 2056 3463 habere

470 3499 533 3556 in
576 3513 633 3554 se
679 3497 886 3554 donum
934 3495 1161 3553 virtutis
1202 3494 1521 3551 sanitatum.
1587 3516 1608 3542 ι
1635 3493 2053 3565 Opitulatioues,

469 3584 934 3659 gubernationes;
978 3606 1002 3633 ι
1049 3588 1113 3639 ut
1167 3583 1226 3638 in
1254 3582 1418 3637 rebus
1446 3580 1653 3637 divinis
1679 3582 1872 3652 vigilet
1899 3582 2056 3638 intel-

468 3672 651 3730 lectu:
683 3672 760 3731 ita
786 3679 996 3741 tamen,
1025 3677 1089 3727 ut
1122 3670 1184 3726 in
1210 3668 1507 3743 aliquibus,
1539 3684 1659 3741 quae
1693 3669 1920 3741 implere
1946 3685 2057 3725 non

470 3760 818 3829 conceditur,
865 3757 935 3817 ab
989 3758 1100 3816 alio
1150 3765 1332 3815 sumat
1383 3757 1529 3830 quod
1559 3772 1670 3814 non
1708 3756 1898 3823 habet;
1931 3757 2058 3830 quia

468 3855 650 3907 totum
670 3849 770 3905 uni
796 3846 1024 3905 concedi
1056 3861 1167 3903 non
1188 3846 1542 3919 potest.Sunt
1569 3853 1624 3902 et
1650 3845 2056 3919 gubernatores,

472 3940 570 4014 qui
619 3944 762 4003 154
805 3935 1146 4011 spiritalibus
1187 3935 1505 3991 retinaculis
1533 3934 1852 3991 hominibus
1879 3935 2059 3992 docu-

468 4044 661 4095 mento
710 4043 861 4093 sunt.
931 4055 953 4082 σ
1007 4032 1220 4091 Genera
1272 4030 1621 4103 linguarum;
1678 4054 1698 4079 ι
1756 4037 1819 4086 ut
1851 4030 2057 4085 donum

466 4124 542 4183 sit
592 4127 693 4183 Dei
750 4124 952 4183 multas
1006 4123 1196 4196 lingua
1246 4121 1406 4178 scire.
1485 4144 1505 4168 ι
1552 4120 2057 4191 Interpretationem

468 4228 825 4280 sermonum;
884 4212 1003 4285 (12)
1057 4218 1120 4269 ut
1165 4210 1273 4268 hoc
1315 4209 1480 4267 alicui
1525 4209 1696 4281 gratia
1737 4207 1835 4264 Dei
1863 4209 2057 4279 imper-

467 4302 591 4368 tiat,
649 4307 715 4356 ut
760 4299 1074 4373 linguarum
1121 4296 1659 4374 interpretandarum
1691 4295 1891 4353 habeat
1919 4295 2058 4367 peri-

466 4388 624 4444 tiam.

542 4477 726 4550 (Vers.
765 4477 883 4552 29.)
924 4492 946 4527 α
970 4476 1252 4550 Numquid
1278 4475 1727 4549 omnesapostoli
1749 4474 1778 4535 7
1802 4497 1821 4522 ν
1849 4472 2053 4532 Verum

466 4567 701 4639 est,quia
728 4566 787 4622 in
815 4567 1061 4623 Ecclesia
1090 4582 1232 4623 unus
1259 4573 1339 4622 est
1366 4567 1669 4636 episcopus.
1731 4587 1750 4610 ε
1775 4562 2053 4634 Numquid

468 4670 658 4713 omnes
705 4658 822 4731 (13)
872 4656 1151 4730 prophetia
1178 4657 1208 4714 ?
1251 4677 1272 4705 ι
1316 4656 1439 4714 Non
1477 4661 1560 4712 est
1596 4654 1911 4728 ambiguum
1942 4670 2053 4710 non

466 4745 726 4801 omnibus
774 4744 1001 4803 concedi
1066 4745 1431 4819 prophetiam.
1478 4768 1497 4793 ι
1536 4744 1816 4817 Numquid
1864 4754 2054 4799 omnes

465 4833 760 4891 doctores?
788 4856 807 4884 ι
848 4832 948 4891 [lie
974 4833 1171 4892 doctor
1199 4843 1304 4905 est,
1332 4837 1423 4893 cui
1453 4834 1591 4892 alios
1620 4834 1838 4891 erudire
1864 4846 2053 4892 conce-

467 4916 639 4978 ditur.

538 5008 723 5083 (Vers.
772 5011 892 5083 30.)
957 5035 978 5060 ι
1024 5011 1305 5086 Numquid
1343 5026 1535 5069 omnes
1581 5007 1862 5066 virtutes?
1890 5031 1909 5056 ι
1952 5006 2056 5065 llic

566 5171 655 5239 11)
689 5172 847 5229 Rom.
876 5169 1036 5239 edit.,
1067 5178 1115 5226 et
1143 5170 1516 5229 traditionibus
1544 5166 1847 5225 retinendis.

566 5171 627 5228 11
689 5172 847 5229 Rom.
876 5171 1036 5239 edit.,
1067 5178 1115 5226 et
1143 5171 1516 5229 traditionibus
1544 5171 1847 5225 retinendis.

536 5171 655 5314 ξίεῖ
713 5242 1087 5313 Interpretatio
1130 5258 1436 5314 sermonum
1483 5239 1540 5314 in
1589 5256 1716 5314 mss.
1772 5236 2053 5314 nonnullis

464 5308 875 5381 desiderantur,
922 5320 977 5368 et
1011 5328 1195 5368 revera
1228 5313 1390 5368 etiam
1424 5312 1479 5381 in
1502 5309 1702 5381 Griecis
1727 5326 1789 5364 ac
1806 5308 2054 5381 Syriacis

466 5382 773 5440 Bibliorum
815 5379 1221 5454 eXemplaribus
1282 5399 1391 5437 non
1454 5379 1739 5435 habentur.
1796 5379 2050 5454 Sequr-nti

469 5462 651 5511 autem
682 5471 844 5512 versu
868 5451 1026 5511 Rom.
1066 5454 1200 5509 edit.
1236 5453 1496 5524 reposuit,
1526 5457 1585 5506 ut
1632 5467 1925 5524 sermonum
1958 5451 2055 5524 in-

465 5528 943 5595 terpretandorum,
982 5524 1079 5580 ubi
1111 5524 1231 5581 aliae
1278 5522 1333 5581 et
1361 5539 1526 5593 mss.,
1549 5527 1609 5577 ut
1630 5522 1931 5594 linguarum
1961 5522 2053 5575 in—

462 5598 947 5666 terpretandarum,
996 5604 1100 5654 etc.

2086 3088 2131 3151 C

2080 4444 2131 4504 D

2173 1808 2318 1861 ferro
2364 1822 2500 1878 opus
2551 1814 2659 1874 est;
2693 1806 2834 1862 nihil
2861 1807 3007 1861 enim
3035 1822 3173 1879 pene
3196 1807 3315 1863 sine
3341 1807 3486 1864 ferro
3513 1809 3596 1879 ﬁt,
3628 1822 3755 1865 cum

2173 1895 2245 1949 sit
2274 1894 2523 1950 inferius.
2549 1894 2619 1950 Et
2638 1901 2758 1966 post
2788 1894 2936 1952 haec:

2245 1984 2425 2055 (Vers.
2461 1984 2577 2054 31.)
2639 2006 2659 2032 ι
2689 1984 3053 2040 Λῐιηιιιειιηὶηἰ
3083 1985 3413 2042 charismata
3442 1986 3691 2044 meliora.
3722 2010 3745 2039 ι

2172 2072 2287 2128 Hoc
2341 2088 2471 2128 mox
2513 2070 2570 2127 in
2604 2071 2866 2144 subjectis
2908 2074 3163 2130 absolvit.
3218 2098 3237 2122 ι
3265 2077 3337 2131 Et
3370 2075 3554 2132 adhuc
3582 2077 3758 2148 magis

2171 2162 2619 2218 excellentiorem
2644 2162 2792 2217 viam
2836 2161 2993 2218 vobis
3021 2162 3356 2222 demonstro.
3398 2187 3418 2214 ι
3476 2164 3756 2223 Gradatim

2170 2252 2296 2308 illos
2348 2253 2417 2309 ad
2456 2252 2681 2308 utiliora
2725 2253 3002 2324 provehit,
3060 2255 3352 2311 ostendens
3381 2256 3495 2312 illis
3525 2256 3755 2328 gratiam

2169 2340 2465 2412 supradicti
2496 2340 2676 2397 omnis
2695 2340 2848 2408 doni,
2877 2342 3025 2413 quod
3045 2342 3102 2398 in
3125 2341 3447 2400 hominibus
3474 2344 3753 2415 videntur,

2168 2431 2285 2488 sive
2315 2430 2597 2504 loquendi,
2646 2435 2741 2486 aut
2790 2431 3042 2499 curandi,
3083 2438 3178 2487 aut
3222 2433 3606 2505 prophetandi,
3640 2449 3753 2490 non

2169 2519 2237 2575 ad
2266 2520 2522 2575 meritum
2554 2517 2795 2573 hominis
2819 2519 3111 2591 pertinere,
3155 2520 3248 2575 sed
3287 2519 3357 2575 ad
3388 2521 3755 2578 honoriﬁcen-

2166 2608 2301 2665 tiam
2340 2607 2459 2665 Dei.
2510 2607 2746 2681 Ideoque
2791 2622 2941 2665 nunc
2986 2607 3133 2663 viam
3164 2624 3221 2664 se
3247 2607 3384 2665 dicit
3426 2608 3538 2665 illis
3561 2617 3757 2667 osten-

2167 2697 2294 2753 dere
2337 2696 2661 2767 planiorem,
2719 2711 2822 2768 qua
2854 2694 2966 2751 itur
2992 2696 3060 2752 ad
3089 2697 3309 2765 omium,
3340 2713 3462 2771 quae
3495 2698 3751 2754 meritum

2166 2787 2399 2843 collocat
2427 2785 2570 2857 apud
2600 2788 2795 2842 Deum.
2825 2786 2959 2841 Nam
2982 2785 3110 2857 quia
3141 2785 3453 2858 supradicta
3477 2802 3589 2843 non
3614 2800 3756 2844 sem-

2165 2890 2263 2947 per
2309 2874 2377 2931 ad
2433 2874 2689 2929 meritum
2731 2873 3028 2946 pertinent,
3057 2872 3195 2931 dicit
3221 2875 3499 2931 Salvator:
3537 2899 3558 2923 ι
3587 2877 3751 2933 Multi

2163 2962 2305 3019 mihi
2334 2962 2521 3019 dicent
2549 2963 2609 3018 in
2637 2958 2732 3018 illa
2760 2961 2871 3018 die.
2912 2987 2933 3012 ι
2972 2960 3030 3018 id
3058 2971 3141 3018 est
3162 2958 3397 3034 judicii:
3442 2985 3462 3012 ι
3488 2964 3753 3032 Domine,

2164 3053 2420 3117 Domine,
2448 3067 2632 3107 nonne
2660 3051 2717 3106 in
2745 3051 2971 3107 nomine
2992 3060 3089 3108 tuo
3120 3050 3585 3124 prophetavimus,
3613 3053 3754 3108 etin

2167 3140 2389 3195 nomine
2436 3146 2534 3195 tuo
2580 3138 2835 3195 demonia
2889 3138 3170 3211 ejecimus,
3209 3149 3265 3197 et
3290 3139 3524 3196 virtutes
3550 3141 3754 3197 multas

2166 3228 2398 3285 fecimus
2437 3230 2648 3300 (Matth.
2681 3245 2782 3296 vn,
2813 3228 2941 3299 22)?
2961 3252 2981 3277 ι
3021 3229 3094 3284 Et
3119 3229 3249 3301 quia
3277 3245 3388 3285 non
3416 3228 3522 3285 hoc
3542 3228 3614 3283 ad
3642 3245 3752 3284 me-

2167 3317 2331 3374 ritum
2365 3317 2621 3388 pertinet,
2652 3317 2746 3373 sed
2773 3316 2953 3373 oﬂicia
2978 3317 3410 3386 sunteEcclesias,
3442 3317 3510 3374 ad
3545 3316 3754 3374 confu-

2167 3405 2375 3463 sionem
2407 3406 2716 3476 gentilium,
2743 3412 2798 3461 et
2824 3406 2925 3462 Dei
2952 3405 3428 3463 honoriﬁcentiam
3452 3414 3751 3479 protestan-

2165 3495 2313 3562 dam,
2340 3494 2476 3550 dicit
2504 3494 2582 3550 eis
2609 3494 2914 3550 Dominus:
2965 3518 2985 3543 ι
3009 3493 3263 3552 Recedite
3282 3509 3316 3550 a
3342 3508 3449 3561 me;
3483 3509 3595 3550 non
3614 3492 3750 3548 novi

2167 3598 2284 3651 vos,
2328 3583 2560 3654 operarii
2608 3583 2918 3655 iniquitatis
2953 3584 3117 3655 (Ibid.
3166 3581 3284 3656 27).
3314 3607 3335 3632 ι
3380 3582 3571 3639 Securi
3597 3582 3748 3638 enim

2166 3671 2295 3744 quia
2313 3671 2411 3727 Dei
2435 3672 2493 3727 in
2508 3671 2620 3728 illis
2651 3673 2896 3745 operatio
2923 3671 3605 3745 cernebatur,negligentes
3623 3687 3751 3744 erga

2166 3776 2223 3816 se
2264 3760 2530 3829 fuerunt;
2571 3777 2697 3818 nam
2740 3770 2795 3818 et
2842 3762 3187 3834 septuaginta
3214 3760 3434 3818 duobus
3461 3760 3751 3833 discipulis

2167 3851 2525 3924 gaudentibus
2555 3851 2685 3925 quia
2711 3850 2983 3908 daemonia
3010 3852 3123 3909 illis
3151 3850 3371 3911 subdita
3406 3851 3646 3920 fuerant,
3665 3852 3752 3908 di-

2164 3942 2242 3999 cit
2267 3942 2554 3999 Salvator:
2598 3964 2619 3990 ‹
2651 3942 2834 3999 Nolite
2862 3943 2921 3998 in
2948 3942 3054 4000 hoc
3091 3942 3343 4015 gaudere,
3374 3942 3520 4014 quod
3546 3942 3751 3999 dmino-

2165 4030 2259 4086 nia
2297 4030 2456 4087 vobis
2491 4029 2734 4102 subjecta
2776 4037 2941 4098 sunt;
2971 4030 3066 4087 sed
3093 4030 3152 4087 in
3189 4029 3297 4088 hoc
3324 4030 3564 4101 gaudete,
3593 4030 3754 4103 quod

2166 4120 2392 4177 nomine
2414 4130 2595 4177 vestra
2639 4121 2842 4193 scripta
2867 4130 2997 4177 sunt
3024 4122 3083 4178 in
3111 4122 3250 4179 ccelo
3278 4122 3430 4193 (Luc.
3469 4137 3531 4189 ι,
3568 4120 3685 4193 20).
3714 4145 3735 4168 ιι

2165 4210 2363 4278 Quare,
2411 4207 2516 4265 nisi
2565 4209 2695 4281 quia
2744 4210 2959 4265 nomini
3005 4210 3105 4266 Dei
3157 4208 3401 4281 subjecta
3446 4217 3598 4276 sunt,
3635 4225 3748 4265 non

2165 4298 2406 4354 hominis
2446 4298 2642 4355 merito
2661 4298 2690 4354 ?
2736 4298 2807 4354 Et
2837 4313 3003 4371 quare
3031 4314 3182 4354 nunc
3209 4314 3321 4354 non
3350 4298 3427 4353 ita
3455 4296 3537 4365 ﬁt,
3570 4305 3634 4357 ut
3661 4296 3753 4353 ha-

2165 4390 2329 4446 beant
2364 4390 2615 4445 homines
2660 4390 2887 4462 gratiam
2914 4390 3012 4446 Dei
3030 4390 3059 4445 ?
3087 4391 3235 4445 Inter
3260 4388 3419 4445 initia
3446 4388 3568 4445 ﬁeri
3591 4405 3750 4461 opor-

2160 4479 2290 4546 tuit,
2337 4484 2400 4534 ut
2440 4478 2799 4535 fundamenta
2838 4476 2966 4534 ﬁdei
3032 4478 3345 4550 acciperent
3392 4476 3746 4535 ﬁrmitatem:

2162 4585 2312 4627 nunc
2357 4577 2537 4627 autem
2569 4586 2681 4627 non
2719 4586 2856 4643 opus
2891 4576 2975 4626 est
3014 4586 3028 4637 ;
3064 4568 3194 4642 quia
3221 4568 3456 4640 populus
3482 4568 3749 4640 populum

2160 4660 2385 4717 adducit
2409 4659 2479 4716 ad
2509 4659 2694 4727 fidem,
2726 4675 2851 4715 cum
2894 4657 3155 4714 videntur
3181 4655 3535 4715 eorumbene
3560 4672 3749 4729 opera,

2162 4767 2216 4816 et
2241 4758 2558 4833 praedicatio
2586 4759 2841 4832 simplex.

2752 4882 2979 4941 CAPUT
3006 4883 3156 4942 XIII.

2234 4999 2415 5075 (Vers.
2468 5000 2547 5075 1.)
2616 5024 2637 5050 ι
2683 5000 2742 5058 Si
2774 5001 2979 5073 linguis
3006 5000 3299 5058 hominum
3332 4999 3527 5074 loquar
3556 5005 3614 5056 et
3638 5014 3753 5056 an-

2234 5160 2350 5234 (13)
2381 5161 2507 5217 Mss.
2541 5159 2772 5234 aliquot,
2803 5177 2940 5216 unus
2965 5167 3040 5217 est
3069 5161 3331 5221 Christus.
3372 5132 3515 5219 Nunt
3549 5175 3752 5230 omnes,

2161 5238 2352 5375 etc('11s)
2402 5303 2534 5361 Cod.
2584 5302 2771 5376 Corb.,
2815 5304 3241 5376 interpretentur.
3293 5305 3398 5359 Nec
3448 5301 3755 5376 hocgarnbi-

2158 5393 2340 5459 gnum,
2373 5376 2500 5459 quia
2536 5375 2641 5428 nisi
2678 5375 2762 5428 cui
2792 5374 3046 5459 Dominus
3075 5376 3301 5459 gratilm
3339 5391 3491 5459 suam
3522 5374 3753 5459 dederit,

2160 5448 2500 5517 interpretari
2547 5462 2875 5518 nequaquam
2916 5448 3135 5518 poterit.
3177 5448 3538 5502 Emzclarm‘ni
3572 5451 3755 5499 autem

2161 5519 2506 5583 charismata,
2535 5525 2640 5575 etc.
