4090 6182
236 203 335 269 265

1309 200 1670 257 COMMENT.
1711 200 1783 257 IN
1820 201 2037 279 EPIST.
2090 204 2111 258 Ι
2155 203 2248 259 ΑΟ
2301 205 2459 264 COR.

3452 217 3557 275 266

236 332 498 403 gelorum,
530 328 856 383 charitatem
885 333 1072 381 autem
1105 342 1215 381 non
1246 326 1495 395 habeam,
1529 346 1702 384 unum
1727 344 1846 384 sum
1879 332 1927 390 A
1955 327 2073 399 ejus
2120 328 2187 384 ad
2239 330 2477 386 nihilum
2520 332 2888 391 deduxerunt.
2929 337 3062 392 Nam
3114 346 3168 393 et
3187 339 3557 397 Tertullianus

237 419 385 472 velut
405 424 767 470 :eramentum
786 430 1071 481 resonans,
1094 423 1188 469 aut
1205 414 1523 485 cymbalum
1545 414 1836 471 tinuiens»

235 508 420 578 Magna
441 504 869 578 utiquevidetur
885 504 1057 575 gratia
1071 504 1310 561 diversis
1328 505 1479 578 loqui
1492 506 1849 578 linguis2plus

238 608 415 655 autem
450 596 670 671 aliquid
692 604 794 662 est,
816 595 1038 652 etiamsi
1066 596 1387 667 angelorum
1409 596 1582 668 possit
1604 596 1727 669 quis
1744 596 1847 651 liu-

241 704 399 760 guam
431 688 597 755 scire,
624 687 683 742 id
712 694 810 755 est,
835 687 881 742 si
909 687 1235 759 spiritaliter
1254 687 1537 759 cognitum
1555 687 1729 759 possit
1749 688 1846 742 ha-

237 776 365 833 bere
387 776 700 849 angelicum
729 784 966 832 motum.
990 775 1198 831 Verum
1220 775 1327 832 hoc
1356 775 1425 831 ad
1448 776 1707 833 meritum
1733 793 1847 832 nou

236 865 462 934 ascribi,
489 865 581 923 sed
603 864 669 920 ad
691 865 789 921 Dei
812 864 1069 937 gloriam,
1095 863 1359 937 subjectis
1373 865 1639 934 ostendit,
1658 866 1846 922 dicens

238 951 319 1008 sic
345 968 462 1009 esse
487 960 549 1009 ut
570 959 964 1008 cazramentum
982 967 1265 1018 resonans,
1282 957 1378 1007 aut
1398 951 1718 1024 cymbalum
1740 951 1845 1007 tin-

238 1041 412 1098 niens.
462 1067 480 1090 ‹
513 1042 660 1110 Quia
688 1042 833 1100 sicut
860 1047 1215 1097 :erameutum
1250 1042 1495 1113 impulsu
1513 1040 1742 1096 alterius
1766 1056 1845 1095 re-

240 1141 423 1202 sonat,
455 1140 513 1188 et
542 1131 861 1204 cymbalum
890 1129 1057 1187 tinnit
1075 1148 1090 1198 ;
1124 1130 1204 1187 ita
1231 1138 1284 1186 et
1304 1130 1397 1187 hic
1417 1129 1513 1203 qui
1538 1129 1740 1202 linguis
1767 1130 1844 1185 lo-

241 1224 454 1298 quitur,
488 1220 725 1293 Spiritus
750 1220 925 1277 sancti
954 1219 1209 1276 eﬁ'ectum
1240 1219 1406 1275 habet
1443 1225 1497 1276 et
1525 1225 1759 1288 motum,
1784 1227 1847 1276 ut

242 1311 395 1385 loqui
422 1309 595 1383 possit
626 1309 770 1381 (15),
804 1307 948 1365 sicut
976 1317 1029 1366 et
1058 1309 1168 1363 alio
1211 1309 1334 1365 loco
1372 1307 1508 1364 dicit
1550 1307 1802 1364 Salvator
1830 1324 1841 1362 :

253 1402 394 1458 «Non
408 1398 559 1456 enim
577 1415 683 1475 vos
694 1397 949 1471 estis,qui
966 1397 1283 1470 loquimini;
1307 1396 1398 1454 sed
1413 1397 1651 1470 Spiritus
1668 1397 1845 1453 Patris

241 1490 427 1558 vestri,
452 1487 550 1561 qui
584 1486 837 1559 loquitur
867 1486 925 1541 in
951 1485 1112 1541 vobis
1132 1487 1345 1559 (Matth.
1364 1503 1421 1555 x,
1444 1486 1560 1557 20).
1581 1511 1599 1534 ι
1635 1488 1769 1543 Nam
1792 1494 1846 1542 et

241 1581 386 1637 asina
408 1581 597 1636 locuta
617 1586 702 1633 est
725 1576 968 1632 humana
984 1576 1174 1647 lingua
1186 1577 1253 1633 ad
1270 1577 1490 1632 Balaam
1508 1576 1687 1633 ﬁlium
1704 1577 1845 1633 Beor

243 1672 422 1746 (Nam.
473 1685 620 1736 χχιι,
676 1667 796 1739 28),
848 1674 909 1722 ut
937 1665 1219 1724 addiceret
1246 1665 1346 1722 Dei
1378 1665 1717 1738 majestatem
1747 1685 1759 1734 ;
1791 1674 1845 1722 et

241 1763 395 1837 pueri
427 1761 672 1816 infantes
701 1758 759 1813 in
798 1756 1019 1812 laudem
1051 1757 1152 1814 Dei
1195 1767 1568 1831 proruperunt
1609 1757 1677 1813 ad
1721 1773 1847 1815 con-

242 1853 521 1911 fusionem
554 1850 868 1907 Judzeorum
899 1850 1114 1922 (Matth.
1150 1866 1271 1916 XXI,
1315 1850 1427 1923 16).
1458 1849 1713 1906 Salvator
1740 1866 1850 1905 au-

247 1951 360 2001 tem
393 1958 510 1999 non
549 1940 723 1998 solum
753 1940 906 2009 istos,
954 1937 1049 1995 sed
1087 1946 1141 1995 et
1170 1938 1381 2012 lapides
1408 1939 1479 1996 ad
1507 1938 1852 1997 condemna-

246 2036 455 2094 tionem
493 2032 849 2108 perﬁdorum,
890 2039 946 2089 et
988 2032 1220 2104 gloriam
1262 2030 1363 2088 Dei
1410 2033 1647 2089 clamare
1694 2049 1853 2105 posse

242 2130 484 2188 ostendit
510 2130 664 2201 (Luc.
695 2145 818 2197 xxx,
853 2125 971 2199 40).
1008 2127 1083 2183 Et
1112 2126 1258 2182 inter
1284 2126 1403 2199 ipsa
1438 2125 1745 2199 primordia
1782 2125 1851 2182 ad

241 2218 780 2276 commendationem
806 2216 957 2284 ﬁdei,
1016 2215 1114 2288 qui
1159 2215 1602 2289 baptizabantur,
1646 2215 1852 2290 linguis

243 2308 613 2381 loquebantur
644 2306 786 2377 (Act.
815 2320 874 2373 x,
904 2303 1021 2376 46).

307 2400 497 2473 (Vers.
526 2396 609 2468 2.)
646 2420 666 2443 ι
696 2397 767 2452 Et
794 2395 841 2451 si
871 2395 1117 2454 habuero
1136 2395 1503 2469 prophetiam,
1527 2404 1581 2453 et
1601 2398 1851 2454 noverim

245 2487 433 2543 omnia
461 2485 747 2559 mysteria,
797 2494 850 2541 et
886 2501 1107 2541 omnem
1157 2484 1470 2554 scientiam,
1525 2485 1848 2543 charitatem

246 2594 432 2642 autem
459 2600 571 2641 non
602 2584 854 2653 habeam,
888 2585 1031 2641 nihil
1056 2585 1197 2642 mihi
1223 2582 1364 2640 155
1393 2583 1634 2657 prodest.
1659 2608 1678 2632 ι
1712 2584 1852 2643 Vere

249 2674 393 2731 nihil
443 2673 699 2747 prodest;
747 2673 817 2730 ad
859 2674 962 2730 Dei
1008 2674 1157 2731 enim
1205 2674 1434 2747 gloriam
1471 2671 1848 2745 prophetatur,

248 2764 394 2821 sicut
424 2762 567 2819 dicit
594 2760 773 2818 David
797 2763 1100 2835 propheta:
1160 2788 1177 2811 ‹
1210 2765 1332 2821 Non
1369 2762 1553 2833 nobis,
1593 2762 1849 2832 Domine,

248 2868 356 2911 non
401 2852 588 2922 nobis,
618 2850 713 2908 sed
746 2852 963 2908 nomini
993 2860 1090 2908 tuo
1119 2852 1189 2908 da
1217 2854 1448 2925 gloriam
1480 2852 1655 2925 (Psal.
1694 2869 1851 2921 CXIII,

250 2946 321 3018 1).
356 2970 381 2994 ι
438 2944 575 3000 Nam
608 2951 661 2999 et
689 2943 912 3000 Balaam
939 2944 1289 3016 prophetavit
1320 2945 1506 3016 (Num.
1541 2960 1701 3011 xxiv,
1737 2944 1853 3015 17),

1960 422 2012 470 et
2041 417 2381 473 Novatiauus
2410 435 2519 474 non
2555 438 2732 492 parvze
2765 426 3005 481 scientiae
3029 426 3283 484 fuerunt:
3310 429 3403 485 sed
3430 431 3559 502 quia

1962 520 2056 576 per
2074 506 2250 560 zelum
2283 506 2571 564 charitatis
2603 509 2810 567 foedera
2837 514 3219 585 perdiderunt,
3251 517 3309 572 in
3344 518 3558 576 chisma

1958 593 2126 661 versi,
2159 594 2226 650 ad
2260 595 2630 667 perditionem
2662 599 2750 654 sui
2781 599 3014 658 haereses
3042 613 3388 663 creaverunt.

2034 703 2055 732 ι
2079 682 2151 737 Et
2171 683 2217 738 si
2242 682 2485 740 habuero
2501 700 2722 741 omnem
2744 687 2929 758 ﬁdem,
2963 691 3040 746 ita
3064 699 3126 747 ut
3147 702 3359 749 montes
3382 703 3560 750 trans-

1957 769 2153 828 feram.
2185 796 2205 820 ι
2268 773 2520 832 Virtutes
2561 775 2760 845 facere,
2817 786 2911 834 aut
2939 778 3212 837 daemonia
3257 800 3353 855 per
3391 784 3558 840 ﬁdem

1959 860 2157 932 ejicere
2180 862 2281 918 Dei
2311 864 2490 921 virtus
2515 875 2569 922 et
2600 868 2772 938 gloria
2798 875 2915 923 est:
2940 886 3042 927 nec
3070 870 3177 928 hoc
3199 873 3267 928 ad
3298 873 3558 929 meritum

1958 955 2196 1027 proﬁcit,
2229 955 2339 1011 nisi
2366 957 2492 1029 quis
2525 958 2682 1014 bonae
2716 961 3151 1019 conversationis
3180 964 3347 1022 fuerit
3376 983 3560 1022 temu-

1958 1046 2066 1110 lus,
2097 1044 2240 1102 sicut
2277 1060 2441 1117 supra
2471 1048 2797 1106 memoravi.

2031 1137 2213 1208 (Vers.
2254 1136 2332 1210 3.)
2377 1162 2395 1186 ι
2422 1137 2494 1193 Et
2522 1139 2568 1195 si
2606 1155 2900 1213 erogavero
2929 1159 3150 1202 omnem
3197 1145 3559 1204 substantiam

1960 1242 2159 1284 meam.
2196 1254 2214 1277 ι
2257 1231 2526 1301 Apertum
2557 1239 2638 1288 est
2666 1233 2796 1305 quia
2834 1232 2881 1289 si
2908 1235 3089 1293 omnis
3113 1237 3419 1293 substantia
3446 1238 3562 1294 im-

1956 1318 2246 1392 pendetur,
2307 1321 2450 1377 nihil
2499 1323 2735 1395 proﬁcit,
2787 1325 3054 1384 charitate
3097 1328 3381 1401 neglecta;
3434 1328 3564 1402 quia

1953 1420 2116 1483 caput
2144 1412 2428 1483 religionis
2456 1414 2695 1471 charitas
2725 1425 2805 1472 est
2832 1436 2843 1474 :
2880 1427 2932 1475 et
2962 1421 3057 1493 qui
3089 1428 3254 1492 caput
3283 1436 3396 1477 non
3447 1421 3557 1478 ha-

1953 1499 2065 1569 bet,
2102 1502 2273 1558 vitam
2298 1518 2408 1557 non
2438 1502 2622 1567 habet.
2660 1530 2678 1553 «
2699 1508 2770 1562 Et
2795 1507 2839 1563 si
2858 1509 3143 1565 tradidero
3161 1525 3358 1581 corpus
3380 1525 3563 1565 meum

1953 1597 2016 1645 ut
2045 1590 2285 1661 ardeam,
2316 1591 2459 1647 nihil
2490 1593 2627 1648 mihi
2650 1595 2889 1665 prodest.
2913 1622 2930 1643 -
2983 1597 3112 1654 Sine
3129 1598 3395 1655 charitate
3418 1597 3563 1666 nihil

1875 1692 1920 1751 Β
1955 1679 2181 1752 prodest
2212 1698 2224 1748 ;
2264 1681 2394 1754 quia
2420 1679 2844 1740 fundamentum
2891 1686 3174 1758 religionis
3203 1687 3442 1743 charitas
3458 1695 3561 1744 est.

1959 1771 2243 1846 Quidquid
2273 1790 2399 1846 ergo
2430 1774 2548 1830 sine
2577 1774 2844 1832 charitate
2890 1777 2973 1847 ﬁt,
3004 1780 3273 1837 caducum
3300 1787 3402 1835 est.

2034 1865 2214 1936 (Vers.
2248 1865 2390 1939 4-8.)
2431 1889 2448 1912 ι
2481 1866 2732 1924 Charitas
2758 1869 3130 1942 ’magnanima
3178 1878 3280 1939 est,
3315 1869 3566 1942 jucunda

1958 1966 2058 2017 est.
2092 1957 2349 2017 Charitas
2374 1975 2485 2016 non
2504 1963 2816 2032 mmulatur,
2841 1980 2952 2020 non
2974 1964 3217 2035 inﬂatur,
3243 1982 3353 2021 non
3377 1982 3562 2039 perpe-

1959 2068 2075 2108 ram
2098 2052 2230 2124 agit,
2256 2070 2366 2109 non
2391 2053 2683 2111 ambitiosa
2703 2061 2805 2124 est,
2822 2071 2935 2114 non
2957 2057 3156 2132 quaerit
3177 2074 3296 2132 quae
3317 2075 3415 2114 sua
3434 2068 3565 2117 sunt

1961 2158 2073 2197 non
2095 2141 2483 2212 irritatur,non
2501 2144 2707 2217 cogitat
2719 2147 3063 2218 malum,non
3078 2148 3276 2222 gaudet
3288 2149 3346 2204 in
3360 2147 3563 2223 iniqui-

1959 2237 2090 2301 tate,
2116 2232 2422 2305 congaudet
2439 2243 2622 2291 autem
2645 2238 2866 2293 veritati
2890 2258 2902 2296 :
2928 2240 3115 2297 omnia
3134 2242 3351 2309 tolerat,
3375 2241 3562 2297 omnia

1960 2323 2162 2394 credit,
2192 2324 2380 2382 omnia
2408 2334 2613 2397 sperat,
2641 2329 2829 2384 omnia
2856 2330 3109 2388 sustinet.
3143 2330 3395 2389 Charitas
3424 2348 3562 2388 nun-

1959 2429 2123 2486 quam
2169 2413 2336 2470 cadit.
2370 2439 2389 2463 »
2448 2415 2622 2472 Tanta
2676 2420 2949 2489 praeconia
2985 2420 3270 2478 charitatis
3316 2420 3562 2489 edocuit,

1961 2514 2023 2561 ut
2050 2522 2160 2561 non
2189 2507 2471 2563 immerito
2493 2506 2638 2563 hanc
2658 2510 2870 2566 caeteris
2894 2520 3224 2585 anteponere
3252 2513 3559 2584 videretur,

1964 2602 2018 2651 et
2046 2597 2321 2653 incassum
2352 2595 2600 2653 laborare
2622 2612 2734 2666 eos,
2769 2599 2863 2670 qui
2891 2599 3016 2656 aliis
3040 2601 3313 2658 mandatis
3338 2619 3559 2675 operam

1961 2686 2117 2756 dant,
2177 2688 2309 2746 huic
2362 2706 2473 2746 non
2528 2690 2984 2763 obtemperantes.
3039 2694 3180 2751 Hinc
3221 2695 3299 2751 ait
3326 2697 3563 2753 Joannes

1962 2782 2278 2850 apostolus:
2350 2805 2367 2828 ι
2416 2781 2666 2839 Charitas
2700 2785 2848 2842 Deus
2884 2794 2963 2843 est
3013 2788 3072 2858 (Ι
3102 2788 3259 2843 Joan.
3294 2804 3368 2857 Iv,
3400 2788 3493 2861 8);
3530 2815 3548 2839 ι

1963 2882 2025 2930 ut
2064 2876 2159 2948 qui
2205 2876 2531 2934 charitatem
2578 2892 2690 2932 non
2743 2874 2928 2943 habet,
2975 2873 3113 2931 sciat
3157 2891 3213 2930 se
3241 2877 3417 2932 Deum
3448 2893 3560 2934 non

1964 2964 2193 3033 habere;
2236 2967 2383 3022 unde
2414 2976 2467 3023 et
2504 2967 2561 3022 in
2602 2966 2711 3022 alia
2748 2965 2982 3037 epistola
3010 2964 3155 3022 idem
3187 2965 3391 3022 Paulus
3420 2983 3561 3039 apo-

242 3053 365 3094 cum
418 3036 686 3112 Ριῖορδθῖδ
726 3054 839 3093 non
870 3045 1032 3106 esset:
1063 3037 1159 3093 sed
1188 3036 1436 3094 harioms
1464 3056 1475 3094 ε
1519 3045 1574 3094 et
1613 3036 1851 3108 Caiphas
1882 3064 1926 3124 ο
1963 3058 2138 3113 stolus
2168 3056 2245 3113 ait
2272 3073 2283 3112 :
2328 3082 2346 3104 ι
2374 3059 2521 3113 Deus
2549 3063 2731 3113 autem
2753 3036 2847 3128 qui
2872 3053 3028 3110 dives
3055 3063 3137 3111 est
3166 3053 3225 3109 in
3255 3036 3559 3113 misericor-

233 3130 596 3203 prophetavit
629 3130 832 3203 (Joan.
865 3147 945 3199 xI,
974 3131 1088 3203 51),
1120 3146 1232 3185 non
1264 3130 1484 3199 merito,
1517 3130 1613 3187 sed
1650 3130 1847 3202 digni-

235 3230 337 3280 tate
373 3224 599 3279 ordinis
629 3222 984 3280 sacerdotalis
1008 3238 1020 3278 :
1045 3230 1099 3279 et
1119 3222 1247 3278 Saul
1268 3221 1619 3295 prophetavit
1650 3223 1708 3295 (Ι
1718 3225 1842 3294 Reg.

233 3330 347 3383 nx,
390 3313 514 3386 23),
545 3330 673 3371 cum
696 3312 812 3386 jam
848 3311 1239 3369 inobedientiee
1268 3328 1433 3369 causa
1470 3312 1673 3386 spiritu
1699 3313 1846 3369 malo

232 3405 438 3462 fuisset
468 3406 746 3478 repletus;
781 3403 876 3461 sed
906 3410 1128 3478 propter
1171 3403 1274 3460 Dei
1319 3419 1561 3473 causam,
1608 3419 1677 3460 ne
1709 3420 1847 3477 pos-

228 3510 303 3559 set
330 3500 817 3573 comprehendere
863 3500 1064 3572 David,
1111 3516 1275 3573 quem
1332 3507 1388 3557 et
1431 3499 1681 3559 occidere
1734 3517 1845 3558 vo-

226 3590 391 3651 lebat.

304 3712 321 3742 ι
362 3686 457 3751 Et
478 3684 523 3749 si
554 3683 732 3750 sciero
763 3686 952 3750 omnia
988 3685 1292 3766 mysteria;
1325 3710 1345 3740 ›
1388 3685 1541 3748 Iudae
1563 3685 1712 3747 enim
1742 3684 1842 3746 nia

224 3780 299 3841 hil
350 3782 585 3859 profuit
640 3784 811 3841 fuisse
855 3801 981 3842 cum
1020 3782 1305 3857 apostolis,
1352 3790 1407 3838 et
1434 3780 1694 3838 didicisse
1722 3798 1840 3855 my-

216 3875 426 3942 steria,
443 3890 571 3930 cum
590 3872 879 3933 charitatis
894 3875 1072 3932 hostis
1088 3873 1321 3932 tradidit
1335 3873 1453 3946 (16)
1477 3873 1837 3930 Salvatorem.

217 3965 289 4021 Et
330 3965 616 4040 propheta
661 3966 918 4022 Ezechiel
962 3965 1245 4021 diabolum
1289 3963 1556 4036 mysteria
1600 3962 1842 4018 coalestia

212 4057 368 4114 scire
420 4055 696 4123 ostendit,
743 4056 964 4127 quando
1020 4056 1285 4128 increpita
1323 4070 1459 4112 voce
1502 4052 1561 4109 in
1588 4051 1839 4124 paradiso

211 4146 405 4201 illum
436 4142 539 4197 Dei
584 4142 772 4209 fuisse,
815 4152 869 4198 et
896 4144 1163 4214 pretiosos
1216 4143 1426 4215 lapides
1474 4141 1729 4199 habuisse
1762 4149 1837 4198 te-

208 4241 417 4293 statur
478 4230 703 4303 (Ezech.
756 4245 957 4297 xxvm,
1014 4231 1148 4300 13);
1208 4248 1347 4303 quos
1406 4232 1611 4304 lapides
1689 4232 1836 4289 idem

211 4325 541 4401 Apostolus
617 4320 886 4379 doctrinae
974 4320 1180 4377 divina:
1282 4324 1543 4396 mysteria
1626 4324 1834 4399 signiﬁ-

1959 3148 2075 3218 dia,
2104 3157 2328 3222 propter
2359 3151 2588 3205 multam
2619 3148 2944 3205 charitatem
2971 3163 3126 3203 suam
3158 3144 3273 3220 (17)
3305 3148 3561 3205 misertus

1882 3284 1892 3291 .
1957 3249 2038 3297 est
2087 3240 2263 3298 nostri
2323 3242 2539 3314 (Ephes.
2594 3257 2657 3308 11,
2708 3240 2788 3312 4).
2830 3265 2849 3288 ι
2906 3237 3013 3306 Qui
3052 3254 3181 3309 ergo
3236 3238 3557 3295 charitatem

1955 3349 2067 3389 non
2116 3332 2297 3401 habet,
2354 3330 2604 3404 ingratus
2651 3338 2733 3387 est
2790 3328 3182 3386 misericordiae
3241 3329 3378 3397 Dei;
3429 3330 3560 3402 quia

1954 3439 2067 3480 non
2095 3421 2301 3497 diligit,
2332 3438 2428 3494 per
2455 3421 2603 3495 quod
2648 3422 2891 3477 salvatus
2928 3426 3028 3476 est.
3080 3420 3151 3476 Ut
3190 3420 3422 3492 proinde
3461 3421 3561 3477 di—

1953 3519 2167 3569 scerent
2198 3512 2314 3583 (18)
2347 3511 2478 3584 quia
2502 3510 2742 3584 graviter
2770 3508 3183 3582 delinquebant,
3239 3509 3334 3583 qui
3376 3526 3557 3568 escam

1954 3602 2209 3659 fraternae
2238 3601 2500 3660 charitati
2530 3599 2944 3676 praeponebant.
2983 3601 3121 3657 Nam
3172 3598 3291 3658 huic
3325 3610 3407 3657 est
3435 3619 3556 3674 quae

1952 3704 2006 3753 et
2062 3691 2123 3752 in
2172 3692 2429 3768 praesenti
2483 3691 2723 3765 prodest,
2755 3697 2809 3746 et
2837 3689 2897 3745 in
2944 3696 3213 3746 aeternum
3267 3706 3392 3747 cum
3440 3692 3555 3747 Deo

1953 3792 2259 3860 permanet.

2027 3883 2215 3957 (Vers.
2274 3882 2329 3951 9,
2369 3878 2482 3953 10.)
2540 3904 2558 3927 ‹
2588 3878 2717 3937 Sive
2768 3877 3073 3953 prophetiae
3118 3877 3552 3946 evacuabuntur,

1951 3974 2071 4031 sive
2099 3974 2298 4046 linguai
2326 3971 2636 4041 cessabunt,
2668 3970 2787 4027 sive
2808 3969 3038 4027 scientia
3068 3969 3440 4027 evacuabitur.
3468 3969 3553 4023 Ex

1949 4075 2102 4140 parte
2139 4082 2286 4123 enim
2317 4065 2705 4137 cognoscimus
2733 4072 2788 4120 et
2817 4078 2886 4118 ex
2922 4068 3074 4134 parte
3114 4058 3505 4131 prophetamus
3534 4075 3545 4113 :

1948 4176 2077 4216 cum
2107 4165 2290 4213 autem
2322 4156 2538 4212 venerit
2568 4151 2715 4226 quod
2746 4151 3053 4223 perfectum
3081 4154 3182 4217 est,
3205 4147 3550 4205 evacuabun-

1951 4253 2041 4304 tur
2070 4247 2184 4315 illa,
2219 4260 2340 4318 quae
2369 4260 2440 4300 ex
2467 4248 2621 4315 parte
2651 4246 2804 4296 sunt.
2837 4264 2856 4288 ι
2907 4237 3110 4294 Omnia
3155 4235 3548 4293 charismatum

1946 4343 2092 4401 dona
2118 4341 2374 4400 evacuari
2403 4338 2568 4407 dixit,
2599 4334 2729 4412 quia
2758 4350 2871 4393 non
2902 4342 3116 4393 tantum
3152 4341 3380 4408 possunt
3407 4350 3551 4389 com-

212 4418 377 4474 cavit
438 4416 499 4487 (Ι
527 4414 654 4471 Cor.
714 4428 809 4482 ιιι,
870 4411 1101 4483 12-15);
1157 4419 1213 4469 et
1270 4408 1357 4465 illi
1408 4410 1549 4508 nihil
1602 4415 1827 4486 profuit,

1950 4432 2305 4508 prehendere,
2338 4408 2756 4503 quantum—ipsa
2783 4427 2988 4484 veritas
3016 4426 3202 4484 habet.
3233 4425 3419 4499 Neque
3448 4437 3552 4483 nos

215 4507 356 4580 quia
418 4501 712 4563 charitatis
766 4503 1080 4571 immemor,
1144 4501 1204 4558 in
1261 4498 1577 4574 superbiam
1630 4503 1842 4574 prosili-

217 4596 324 4652 vit.

313 4724 333 4745 ι
363 4697 445 4753 Et
469 4696 515 4753 si
548 4694 795 4752 habuero
822 4710 1044 4751 omnem
1074 4691 1386 4751 scientiam.
1418 4714 1438 4740 ι
1500 4689 1655 4748 Nihil
1699 4690 1840 4747 mihi

218 4787 463 4860 prodest
510 4787 767 4854 scientia,
823 4786 869 4841 si
925 4784 1163 4842 charitas
1235 4799 1349 4840 non
1421 4781 1513 4838 sit.
1586 4782 1838 4855 Denique

216 4877 447 4934 Scribis
474 4885 528 4933 et
547 4875 840 4932 Pharisaeis
866 4875 1008 4930 nihil
1036 4873 1268 4947 profuit,
1290 4874 1509 4930 dicente
1530 4871 1831 4930 Salvatore:

230 4993 251 5016 ι
280 4967 409 5024 Vos
444 4966 658 5022 habetis
676 4966 892 5022 clavem
919 4963 1183 5034 scientias,
1205 4973 1257 5021 et
1277 4980 1457 5039 neque
1475 4980 1573 5020 vos
1590 4963 1832 5031 intratis,

214 5075 411 5133 neque
442 5058 582 5113 alios
608 5056 795 5113 sinitis
818 5054 1054 5112 introire
1083 5056 1234 5127 (Luc.
1267 5074 1348 5125 χι,
1397 5056 1492 5128 52)
1519 5073 1533 5124 ;
1568 5081 1587 5105 ι
1628 5071 1724 5128 per
1750 5055 1833 5112 in-

215 5148 445 5205 vidiam
486 5146 636 5204 enim
684 5146 1011 5205 charitatem
1058 5152 1495 5218 corrumpentes,
1544 5144 1830 5203 scientiam

291 5286 422 5357 (15)
468 5282 631 5342 Corb.
659 5282 810 5351 cod.,
839 5288 887 5337 et
926 5285 1141 5350 motum,
1175 5279 1285 5335 sine
1312 5298 1415 5351 quo
1456 5279 1656 5336 utiliter
1687 5279 1833 5350 loqui

220 5372 325 5411 non
352 5372 512 5428 posse
535 5357 779 5428 ostendit.

248 5426 422 5552 ἰ(115)
468 5426 630 5484 Corb.
662 5426 811 5498 cod.,
834 5443 957 5482 eum
993 5428 1275 5485 charitatis
1317 5428 1539 5485 hostiam
1585 5431 1829 5498 tradidit,

216 5513 245 5553 e
269 5516 324 5553 ο.

269 5516 324 5556 Ο.

292 5573 419 5641 (17)
461 5569 726 5627 Nonnulli
770 5586 925 5640 mss.,
948 5578 1172 5645 propter
1202 5570 1625 5631 misericordiam
1655 5591 1828 5631 suam.

515 5665 755 5727 ΡΔἸἮΟῙ..
791 5668 966 5728 XVII.

1950 4531 2047 4580 aut
2100 4537 2291 4594 capere
2347 4528 2441 4576 aut
2491 4534 2744 4576 enarrare
2800 4532 3089 4590 possumus
3142 4514 3548 4589 plenitudinem

1949 4613 2220 4671 veritatis.
2253 4609 2357 4678 Qui
2407 4609 2555 4666 enim
2590 4608 2710 4665 ﬁeri
2758 4615 2937 4680 potest
2981 4616 3044 4663 ut
3089 4606 3277 4679 lingua
3308 4605 3549 4663 humana

1950 4719 2112 4759 omne
2142 4700 2558 4772 complectatur,
2589 4696 2737 4771 quod
2766 4696 2864 4753 Dei
2895 4702 2976 4752 est
3004 4695 3032 4753 7
3057 4694 3185 4751 Ideo
3231 4694 3549 4753 destruetur

1947 4791 2292 4865 imperfectio
2322 4797 2528 4857 nostra,
2562 4804 2673 4844 non
2699 4785 2756 4843 id
2786 4786 2931 4860 quod
2960 4802 3153 4842 verum
3184 4794 3264 4842 est
3310 4801 3544 4844 evacua-

1945 4882 2128 4940 bitur:
2188 4881 2283 4938 sed
2332 4879 2466 4936 dum
2514 4877 2737 4935 additur
2793 4877 3139 4949 imperfecto,
3190 4876 3337 4950 quod
3366 4877 3538 4945 deest,

1942 4971 2259 5029 destruetur
2289 4969 2430 5042 (19).
2462 4966 2776 5024 Destructio
2795 4965 2941 5022 enim
2977 4965 3408 5039 imperfectionis
3436 4972 3539 5030 est,

1942 5060 2164 5136 quando
2214 5058 2292 5129 id,
2362 5056 2511 5132 quod
2556 5055 2942 5131 imperfectum
2999 5063 3103 5127 est,
3172 5056 3435 5130 impletur
3482 5055 3539 5109 in

1942 5168 2136 5211 verum
2145 5195 2157 5209 .

2015 5286 2130 5354 (18)
2154 5284 2317 5342 Corb.
2349 5282 2546 5351 codex,
2584 5280 2648 5339 Ut
2673 5281 2899 5353 proinde
2916 5278 3286 5354 discernerent.

2015 5287 2106 5354 (18
2154 5287 2317 5342 Corb.
2349 5287 2546 5351 codex,
2584 5287 2648 5339 Ut
2673 5287 2899 5353 proinde
2916 5287 3286 5337 discernerent.
3468 5346 3477 5357 .

2014 5287 2144 5435 (1-9).
2164 5357 2271 5414 Vet
2296 5356 2428 5435 edit.
2461 5372 2525 5435 ac
2544 5371 2671 5411 mss.
2692 5354 2927 5435 aliquot1
2939 5347 3529 5435 additur:_imper/:eftzo,

1940 5416 2081 5500 quod
2109 5416 2264 5498 deest,
2299 5428 2632 5500 destruetur:
2666 5416 2863 5500 melius
2890 5416 3049 5480 Rom.
3098 5421 3227 5476 edit.
3256 5416 3275 5485 ξ
3314 5416 3537 5500 additur

1941 5495 2263 5575 quoddeest,
2304 5498 2628 5575 imper/estin
2651 5497 2982 5575 destruetur;
3030 5499 3268 5569 attamen
3297 5495 3536 5561 antepo-

1940 5564 2110 5629 flendi
2137 5564 2267 5628 sunt
2296 5564 2425 5627 mss.
2458 5564 2708 5642 plurimi,
2738 5582 2874 5639 quos
2904 5564 2998 5620 hic
3025 5564 3327 5633 sequimur.

3212 5660 3248 5717 9
