4090 6182
567 344 673 403 267

1584 333 1679 389 AD
1727 328 1964 389 OPERA
2002 329 2056 384 S.
2101 323 2434 383 AMBROSII
2472 321 2854 381 APPENDIX.

3762 311 3870 369 268

654 465 836 538 (Vers.
873 464 986 534 11.)
1026 484 1044 508 ε
1079 461 1218 518 Cum
1251 475 1422 516 essem
1455 457 1738 529 parvulus,
1772 455 1928 527 quasi
1960 468 2173 526 parvu-
2197 453 2249 511 A
2283 447 2409 505 ﬂeat
2439 465 2453 538 ι
2503 447 2600 538 qui
2647 461 2776 501 vero
2816 443 3154 538 prophetat,‘
3183 441 3484 538 Ecclesiam
3541 438 3795 538 aediﬁcat.
3834 468 3852 491 ι

591 556 677 612 lus
705 552 988 627 loquebar,
1015 551 1168 624 quasi
1200 549 1462 623 parvulus
1507 545 1803 618 sapiebam,
1850 544 2002 617 quasi
2047 560 2162 616 par-

570 650 737 705 vulus
775 643 1108 718 cogitabam:
1143 652 1198 699 at
1226 642 1323 698 ubi
1377 640 1553 695 factus
1603 654 1722 692 sum
1778 637 1884 704 vir,
1922 651 1983 691 ea
2039 650 2159 707 quae

567 740 789 814 parvuli
840 745 997 794 erant
1047 733 1318 794 destruxi.
1351 759 1370 782 ›
1414 731 1530 786 Hoc
1557 729 1716 796 dicit,
1744 728 1873 800 quia
1900 734 2162 783 exeuntes

567 830 742 887 sancti
781 829 849 884 de
895 829 1001 884 hoc
1058 825 1284 891 mundo,
1336 822 1460 894 plus
1488 836 1706 877 necesse
1735 827 1816 874 est
1842 817 2148 883 inveniant,

570 943 733 998 quam
769 941 918 980 nunc
950 930 1163 994 putant,
1191 919 1335 975 sicut
1372 917 1608 972 Joannes
1634 914 1911 987 apostolus
1938 913 2005 968 de
2035 909 2164 966 Sal-

566 1027 756 1073 vatore
798 1013 981 1070 dixit:
1049 1036 1067 1058 ι
1097 1011 1250 1066 Tunc
1297 1006 1611 1063 videbimus
1655 1003 1836 1070 illum,
1887 1000 2049 1057 sicuti
2077 1006 2158 1054 est

569 1106 629 1176 (Ι
651 1106 808 1160 Joan.
840 1119 924 1170 ιιι,
957 1100 1037 1170 2).
1069 1124 1086 1146 ›
1131 1101 1194 1154 In
1219 1098 1320 1153 hac
1344 1112 1470 1168 ergo
1496 1095 1610 1152 vita
1639 1091 1855 1166 parvuli
1875 1107 2064 1146 sumus
2092 1089 2160 1145 ad

567 1192 1033 1264 comparationem
1063 1188 1263 1243 futurae
1317 1186 1488 1252 vitae;
1539 1184 1669 1256 quia
1710 1182 1852 1238 sicut
1887 1181 2003 1236 vita
2046 1179 2163 1235 haec

569 1281 892 1354 imperfecta
921 1286 1022 1346 est,
1055 1276 1131 1331 ita
1159 1285 1213 1333 et
1241 1274 1490 1331 scientia.

644 1349 825 1441 (Vers.
861 1370 973 1440 12.)
1028 1390 1047 1412 ε
1095 1365 1364 1423 Videmus
1421 1377 1570 1417 nunc
1621 1375 1716 1433 per
1769 1355 2051 1430 speculum
2103 1349 2162 1406 in

569 1466 855 1539 aenigmate
879 1483 893 1532 ;
929 1471 1058 1518 tunc
1086 1475 1217 1514 vero
1245 1455 1384 1513 facie
1413 1453 1482 1510 ad
1506 1453 1724 1511 faciem.
1744 1476 1762 1499 ι
1797 1453 2063 1522 Apertum
2085 1450 2166 1498 est

570 1537 718 1621 nunc
755 1560 1021 1633 imagines
1072 1556 1250 1614 videri
1305 1571 1401 1627 per
1440 1552 1634 1618 ﬁdem,
1692 1558 1826 1606 tunc
1880 1561 1966 1601 res
2023 1537 2162 1594 156

570 1655 735 1726 ipsas.
782 1677 801 1699 ι
831 1651 993 1709 Modo
1023 1649 1137 1705 scio
1169 1664 1234 1702 ex
1262 1651 1442 1718 parte;
1475 1649 1608 1697 tunc
1645 1655 1775 1694 vero
1817 1649 2161 1707 cognoscam,

570 1745 713 1800 sicut
742 1748 795 1796 et
820 1740 1074 1811 cognitus
1102 1753 1225 1793 sum
1257 1751 1267 1789 :
1309 1759 1328 1782 ι
1368 1731 1425 1787 id
1467 1740 1568 1798 est,
1626 1726 1824 1783 videbo
1872 1739 1992 1797 quae
2043 1737 2165 1793 pro-

574 1831 738 1888 missa
765 1837 916 1898 sunt,
948 1829 1091 1886 sicut
1121 1825 1350 1891 videor;
1384 1823 1489 1878 hoc
1525 1827 1628 1888 est,
1675 1822 1995 1890 praesentem
2049 1828 2164 1868 esse
2193 1828 2239 1888 Β

569 1923 637 1979 ad
667 1922 988 1987 Dominum,
1012 1917 1107 1974 ubi
1140 1916 1391 1974 Christus
1415 1920 1516 1968 est.

645 2013 828 2084 (Vers.
856 2011 970 2080 13.)
1015 2034 1032 2056 ι
1061 2009 1282 2064 Manent
1303 2011 1485 2060 autem
1513 2015 1661 2057 nunc
1682 1996 1837 2065 ﬁdes,
1867 2009 2010 2066 spes,
2043 1992 2167 2048 cha-

573 2106 726 2173 ritas,
759 2103 866 2159 tria
895 2101 1013 2157 haec
1045 2115 1057 2154 :
1091 2097 1268 2169 major
1296 2105 1478 2152 autem
1500 2093 1700 2149 horum
1737 2098 1818 2146 est
1847 2085 2104 2144 charitas.
2135 2108 2152 2130 ι

571 2195 745 2268 Digne
778 2191 951 2264 major
995 2199 1076 2246 est
1109 2187 1384 2246 charitas:
1428 2182 1557 2256 quia
1582 2191 1642 2237 ut
1673 2179 1808 2235 ﬁdes
1850 2174 2169 2268 praedicare-

573 2262 682 2354 tur,
731 2292 782 2340 et
831 2262 952 2355 spes
1001 2287 1142 2336 esset
1195 2277 1396 2333 futuras
1427 2274 1577 2340 vitae,
1627 2269 1866 2327 charitas
1891 2262 2165 2338 praestitit,

574 2377 717 2432 sicut
745 2389 911 2446 supra
949 2367 1270 2426 memoravi.
1304 2365 1457 2422 Unde
1493 2372 1547 2418 et
1575 2362 1810 2417 Joannes
1841 2355 2118 2446 apostolus
2151 2369 2162 2407 :

586 2494 603 2514 ι
643 2468 730 2522 Ex
777 2442 882 2520 hoc
935 2459 1334 2533 cognoscimus,
1393 2452 1596 2526 inquit,
1648 2449 1972 2507 charitatem
2028 2442 2166 2515 ejus,

571 2557 701 2631 quia
727 2556 841 2627 ipse
871 2569 970 2625 pro
999 2549 1159 2606 nobis
1187 2548 1428 2602 animam
1449 2558 1602 2599 suam
1624 2539 1807 2613 posuit
1839 2537 2061 2610 (IJoan.
2084 2550 2166 2601 ιιι,

575 2625 687 2721 16).
722 2625 767 2696 ι-
791 2647 943 2701 Juste
982 2641 1152 2715 igitur
1181 2637 1357 2709 major
1394 2634 1656 2702 charitas,
1684 2647 1780 2704 per
1807 2644 1970 2703 quam
2001 2625 2168 2681 refor-

575 2747 781 2797 matum
811 2743 893 2792 est
931 2749 1100 2807 genus
1129 2730 1456 2786 humanum.

1147 2853 1374 2913 CAPUT
1430 2849 1582 2908 XIV.

649 2971 831 3042 (Vers.
874 2965 952 3038 1.)
1021 2988 1040 3011 ι
1087 2957 1382 3018 Sectamini
1436 2956 1781 3022 charitatem,
1830 2950 2167 3042 aemulamini

577 3037 852 3130 spiritalia
879 3069 890 3108 :
924 3037 1098 3123 magis
1137 3057 1320 3104 autem
1348 3053 1411 3101 ut
1448 3040 1801 3130 prophetetis.
1834 3062 1868 3130 ι-
1896 3039 2023 3130 Post
2043 3037 2167 3094 cha-

579 3126 799 3202 ritatem
831 3137 1198 3216 prophetandi
1229 3135 1472 3194 studium
1506 3131 1623 3206 (‘20)
1655 3129 1828 3202 magis
1853 3126 2169 3184 habendum

574 3203 860 3296 hortatur:
894 3203 1024 3308 quia
1043 3230 1299 3307 quamvis
1313 3227 1497 3300 magni
1518 3203 1630 3282 sint
1656 3223 1929 3295 spiritales
1943 3220 2161 3294 gradus,
2197 3203 2240 3264 C

570 3348 711 3407 quos
738 3333 1060 3386 enumerat:
1096 3324 1188 3382 hic
1218 3331 1403 3380 tamen
1441 3319 1656 3386 melior,
1701 3315 1796 3390 qui
1838 3314 1906 3370 ad
1955 3315 2163 3369 utilita-

568 3403 678 3479 tem
710 3418 968 3478 Ecclesiae
990 3415 1229 3490 proﬁcit,
1258 3422 1319 3470 ut
1348 3412 1562 3470 discant
1591 3423 1781 3464 omnes
1805 3405 2007 3461 divinae
2031 3403 2165 3474 legis

567 3514 857 3570 rationem.
893 3512 954 3566 In
987 3525 1095 3582 quo
1132 3506 1278 3562 enim
1310 3503 1434 3576 quis
1461 3501 1708 3557 animum
1737 3495 1969 3562 dederit,
2012 3493 2068 3547 in
2098 3507 2162 3548 eo

569 3604 688 3675 ipso
731 3599 933 3670 accipit
983 3597 1210 3665 donum,
1269 3593 1485 3649 dicente
1546 3589 1873 3646 Salomone:
1948 3609 1965 3632 ε
2013 3583 2162 3639 Scire

570 3695 762 3766 legem,
813 3706 1004 3746 sensus
1051 3697 1132 3745 est
1170 3685 1366 3760 optimi
1409 3686 1562 3757 (Sap.
1594 3701 1671 3752 vi,
1709 3682 1838 3754 16);
1874 3706 1892 3730 ι
1934 3677 2163 3737 scientia

567 3783 715 3838 enim
742 3780 1026 3855 jcharitate
1064 3778 1303 3834 subnixa
1345 3791 1455 3832 non
1503 3773 1750 3841 inﬂatur,
1780 3769 1874 3826 sed
1904 3777 1986 3826 est
2011 3783 2160 3825 man-

567 3887 742 3949 sueta,
776 3876 1069 3952 proﬁciens
1095 3873 1353 3930 omnibus
1381 3871 1448 3928 ad
1472 3870 1792 3927 utilitatem.

645 3968 828 4041 (Vers.
859 3966 940 4038 2.)
988 3989 1005 4013 ι
1033 3966 1169 4022 Nam
1202 3963 1297 4036 qui
1325 3961 1570 4036 loquitur
1604 3960 1809 4032 lingua,
1842 3973 1954 4013 non
1984 3953 2159 4010 homi-

570 4059 735 4114 nibus
766 4057 1030 4131 loquitur,
1062 4054 1155 4112 sed
1185 4056 1296 4110 Deo
1321 4070 1334 4121 ;
1381 4067 1542 4107 nemo
1567 4049 1714 4104 enim
1759 4046 1932 4115 audit,
1963 4043 2161 4116 spiritu

569 4156 752 4205 autem
781 4147 1028 4221 loquitur
1057 4143 1336 4217 mysteria.
1361 4167 1379 4190 ι
1423 4142 1538 4198 Hoc
1563 4148 1643 4195 est
1673 4139 1820 4211 quod
1849 4135 2004 4202 dicit,
2033 4134 2162 4207 quia

570 4238 665 4309 qui
695 4238 943 4310 loquitur
975 4234 1256 4307 incognita
1284 4233 1489 4306 lingua,
1539 4232 1654 4288 Deo
1707 4226 1982 4300 loquitur;
2033 4223 2162 4297 quia

570 4326 684 4396 ipse
714 4326 901 4380 omnia
928 4325 1120 4380 novit:
1164 4323 1418 4379 homines
1455 4337 1584 4377 vero
1623 4317 1897 4384 nesciunt,
1932 4314 2161 4387 ideoque

569 4415 758 4470 nullus
786 4421 867 4469 est
889 4429 958 4468 ex
998 4413 1100 4469 hac
1131 4429 1186 4468 re
1217 4411 1512 4484 profectus.
1561 4436 1578 4458 ε
1618 4408 1828 4481 Spiritu
1854 4413 2034 4461 autem
2072 4405 2161 4458 lo-

569 4503 759 4577 quitur
802 4501 1083 4574 mysteria,
1132 4525 1149 4547 ι
1191 4516 1306 4556 non
1346 4517 1532 4566 sensu,
1587 4498 1715 4571 quia
1761 4496 1976 4568 ignorat
2015 4491 2156 4566 quod

567 4594 723 4651 dicit.

641 4689 824 4760 (Vers.
871 4688 952 4762 3.)
1000 4713 1017 4736 ι
1051 4686 1156 4754 Qui
1187 4685 1332 4743 enim
1382 4683 1691 4758 prophetat,
1735 4680 2056 4737 hominibus
2084 4677 2160 4732 lo-

568 4777 757 4850 quitur
785 4777 854 4834 ad
886 4777 1330 4845 aediﬁcationem,
1359 4782 1413 4830 et
1442 4770 1904 4839 exhortationem,
1937 4777 1990 4825 et
2017 4785 2160 4825 con-

569 4868 892 4924 solationem
917 4887 931 4936 ;
955 4894 973 4916 ι
1017 4867 1319 4925 mdiﬁcatur
1349 4865 1521 4933 enim,
1544 4861 1764 4936 quando
1792 4859 2158 4935 quaestionum

568 4959 920 5028 solutionem.
947 4957 1200 5016 addiscit.
1250 4953 1579 5011 Exhortatio
1620 4959 1804 5008 autem
1847 4949 1932 5004 illi
1970 4948 2052 5016 ﬁt,
2100 4954 2160 5002 ut

569 5053 902 5110 desiderium
951 5050 1189 5124 patiatur
1226 5045 1588 5128 prophetandi
1617 5063 1628 5100 :
1661 5044 1977 5101 consolatur
2005 5056 2158 5108 vero,
2197 5090 2202 5098 .

569 5145 698 5219 quia
754 5151 1130 5217 contemptum
1186 5138 1492 5212 disciplinas
1547 5136 1660 5208 (21)
1719 5137 1777 5191 in
1834 5149 1926 5206 spe
1985 5131 2157 5188 videt.

569 5234 808 5293 Scientia
849 5231 997 5288 enim
1051 5230 1186 5303 legis
1238 5229 1418 5285 ﬁrmat
1447 5225 1682 5296 animos,
1727 5232 1781 5281 et
1809 5229 2069 5298 provocat
2092 5219 2160 5276 ad

569 5323 681 5398 spei
709 5321 952 5378 melioris
983 5320 1312 5392 profectum.
2154 5390 2158 5394 ι

644 5413 825 5485 (Vers.
857 5411 934 5484 4.)
995 5437 1014 5459 ι
1040 5410 1147 5478 Qui
1199 5410 1445 5481 loquitur
1482 5407 1692 5479 lingua,
1722 5421 1779 5461 se
1811 5403 1987 5476 ipsum
2018 5398 2161 5456 aedi—

643 5558 984 5642 (29)‘Codex
1026 5556 1223 5625 Laud.,
1265 5553 1634 5628 prophetandi,
1669 5547 2020 5625 praedicandi,
2054 5547 2162 5602 do-

566 5631 716 5684 cendi
742 5632 997 5687 studium.

642 5699 762 5772 (21)
791 5703 921 5762 Mss.
951 5699 1230 5768 nonnulli,
1251 5699 1379 5772 quia
1398 5703 1688 5772 contemptu
1717 5689 2032 5766 disciplima,
2052 5693 2160 5748 etc.

2271 539 2375 594 Per
2404 537 2460 593 id
2491 537 2661 605 enim,
2694 534 2843 609 quod
2893 533 3033 591 forte
3075 533 3227 589 solus
3267 531 3390 599 scit,
3422 528 3569 603 quod
3599 527 3865 602 loquitur,

2271 643 2328 681 se
2357 627 2534 681 solum
2562 625 2800 682 aediﬁcat
2829 641 2841 680 :
2877 639 3001 679 nam
3042 622 3136 696 qui
3166 620 3475 694 prophetat,
3507 634 3726 674 omnem
3758 619 3867 690 ple-

2271 713 2396 769 bem
2441 713 2695 782 aediﬁcat,
2749 713 2882 769 dum
2937 711 3268 784 intelligitur
3319 709 3387 764 ab
3434 705 3691 762 omnibus
3735 706 3872 778 quid

2273 803 2549 876 loquatur.
2581 803 2884 874 Prophetas
2907 807 3235 873 interpretes
3263 799 3401 857 dicit
3427 797 3869 870 Scripturarum;

2272 892 2416 948 sicut
2443 894 2590 948 enim
2639 893 2907 965 propheta
2951 893 3135 947 futura
3166 889 3434 962 praedicit,
3467 905 3588 961 quae
3617 887 3873 944 nesciun-

2273 990 2395 1037 tur:
2430 981 2505 1036 ita
2525 989 2577 1036 et
2597 981 2689 1037 hic
2709 980 2841 1036 dum
2864 980 3268 1052 Scripturarum
3290 995 3532 1047 sensum,
3556 977 3652 1050 qui
3682 979 3874 1034 multis

2273 1070 2524 1126 occultus
2555 1079 2658 1138 est,
2701 1069 3038 1136 manifestat,
3077 1067 3283 1124 dicitur
3310 1067 3655 1139 prophetare.

2346 1159 2528 1231 (Vers.
2561 1158 2643 1230 5.)
2683 1183 2701 1205 ι
2733 1159 2874 1215 Volo
2899 1166 3080 1214 autem
3109 1175 3209 1213 vos
3237 1172 3428 1212 omnes
3447 1156 3600 1228 loqui
3632 1155 3869 1226 linguis:

2273 1249 2446 1320 magis
2487 1257 2669 1305 autem
2721 1256 2784 1304 ut
2828 1247 3184 1321 prophetetis.
3221 1272 3238 1295 ›
3282 1247 3402 1302 Νοιι
3445 1254 3655 1317 poterat
3688 1247 3873 1319 prohi-

2273 1337 2398 1393 bere
2447 1338 2600 1412 loqui
2643 1337 2870 1410 linguis,
2919 1337 3013 1411 qui
3044 1336 3295 1409 superius
3325 1336 3531 1392 donum
3561 1336 3706 1392 istud
3735 1336 3876 1392 dicit

2273 1444 2387 1483 esse
2433 1428 2669 1500 Spiritus
2709 1430 2915 1484 sancti:
2968 1428 3061 1484 sed
3111 1427 3234 1483 ideo
3282 1426 3643 1498 prophetandi
3699 1426 3874 1497 magis

2273 1517 2518 1574 studium
2565 1517 2900 1586 habendum,
2951 1517 3081 1590 quia
3129 1516 3324 1572 utilius
3371 1524 3471 1572 est.
3532 1538 3551 1561 ι
3590 1514 3764 1587 Major
3791 1525 3876 1572 est

2275 1607 2422 1664 enim
2460 1607 2555 1679 qui
2588 1607 2900 1680 prophetat,
2933 1623 3096 1680 quam
3127 1607 3222 1679 qui
3252 1605 3499 1678 loquitur
3528 1606 3734 1678 lingua,
3763 1605 3876 1662 nisi

2275 1696 2685 1769 interpretetur.
2729 1721 2748 1745 ι
2816 1696 2957 1763 Quia
3003 1696 3050 1752 si
3097 1695 3447 1768 interpretari
3499 1696 3717 1768 poterit,
3761 1711 3875 1752 non

2274 1790 2378 1846 erit
2437 1790 2654 1857 minor;
2708 1789 2840 1862 quia
2895 1788 3200 1845 Ecclesiam
3258 1787 3526 1844 aediﬁcat:
3575 1787 3680 1844 hoc
3721 1789 3876 1844 enim

2275 1877 2453 1948 majus
2493 1886 2594 1946 est,
2646 1875 2798 1949 quod
2840 1875 3101 1932 omnibus
3159 1875 3400 1948 prodest.
3453 1875 3552 1930 Hic
3597 1874 3746 1930 enim
3778 1891 3879 1946 per

2275 1967 2483 2023 donum
2509 1965 2609 2022 Dei
2640 1964 2844 2037 linguis
2875 1965 3142 2037 loquitur,
3183 1963 3277 2036 qui
3329 1964 3495 2020 etiam
3551 1965 3876 2037 interpreta~

2275 2065 2387 2127 tur,
2434 2059 2575 2115 sicut
2619 2067 2673 2116 et
2703 2059 2789 2115 illi
2820 2058 3113 2116 duodecim
3148 2057 3206 2113 in
3235 2057 3470 2114 Actibus
3500 2058 3873 2131 apostolorum

2280 2147 2420 2220 (Act.
2450 2166 2513 2216 ιι,
2542 2147 2623 2220 4).

2352 2237 2532 2309 (Vers.
2559 2236 2639 2308 6.)
2687 2262 2703 2283 ι
2735 2237 2892 2294 Nunc
2913 2244 3115 2304 autem,
3138 2235 3354 2304 fratres,
3382 2236 3427 2294 si
3455 2252 3655 2294 venero
3685 2237 3753 2295 ad
3773 2253 3876 2296 vos

2278 2326 2482 2398 linguis
2530 2327 2778 2398 loquens,
2829 2325 2964 2398 quid
3022 2325 3181 2381 vobis
3229 2325 3480 2397 prodero,
3531 2327 3639 2383 nisi
3681 2329 3878 2400 loquar

2277 2415 2436 2471 vobis
2468 2422 2562 2471 aut
2593 2414 2651 2470 in
2679 2415 3032 2484 revelatione,
3063 2422 3157 2471 aut
3188 2415 3245 2470 in
3279 2415 3495 2484 notitia,
3528 2424 3621 2472 aut
3662 2419 3720 2473 in
3752 2435 3877 2491 pro-

2278 2504 2484 2578 phetia,
2513 2512 2606 2560 aut
2635 2504 2694 2561 in
2725 2504 2977 2562 doctrina
2999 2503 3027 2559 ?
3057 2530 3076 2553 ι
3120 2505 3248 2560 Hec
3275 2505 3464 2560 omnia
3491 2523 3664 2562 unum
3702 2507 3877 2580 signi-

2277 2598 2470 2664 ﬁcant;
2500 2596 2695 2653 docere
2733 2595 2879 2651 enim
2915 2612 3079 2652 nemo
3106 2597 3329 2669 poterit,
3359 2597 3468 2652 nisi
3507 2598 3871 2671 intelligatur.

2351 2689 2532 2761 (Vers.
2568 2689 2706 2759 7,8.)
2755 2713 2771 2735 ι
2802 2688 3006 2744 Tamen
3028 2704 3147 2761 quae
3170 2688 3286 2743 sine
3308 2688 3492 2744 anima
3522 2697 3650 2745 sunt
3679 2706 3874 2746 vocem

2278 2778 2484 2847 dantia,
2537 2777 2654 2834 sive
2701 2777 2857 2847 tibia,
2909 2778 3026 2833 sive
3075 2777 3305 2847 cithara,
3356 2779 3403 2834 si
3454 2778 3874 2835 distinctionem

2278 2871 2492 2926 sonitus
2522 2885 2632 2925 non
2663 2868 2953 2937 dederunt,
3002 2868 3279 2942 quomodo
3325 2881 3680 2941 cognoscetur
3727 2869 3876 2943 quod

2277 2977 2374 3032 per
2419 2959 2612 3016 tibiam
2655 2959 2894 3029 canitur,
2922 2968 3017 3015 aut
3047 2958 3192 3031 quod
3218 2959 3572 3014 citharizatur
3594 2961 3622 3016 7
3649 2959 3874 3017 Etenim

2277 3053 2323 3107 si
2352 3052 2618 3108 incertam
2651 3067 2841 3108 vocem
2891 3050 3015 3107 tuba
3056 3051 3289 3119 dederit,
3319 3051 3442 3124 quis
3471 3066 3526 3106 se
3557 3051 3776 3123 parabit
3807 3051 3876 3108 ad

2279 3140 2529 3214 praelium
2547 3142 2574 3197 ‘I
2595 3167 2612 3189 ι
2649 3140 2919 3209 Quoniam
2941 3143 3192 3213 exempla
3211 3140 3427 3198 facilius
3447 3139 3678 3196 suadent
3704 3157 3870 3214 quam

2275 3232 2462 3300 verba,
2506 3232 2774 3303 exemplis
2828 3231 3178 3288 commendat
3219 3247 3316 3303 per
3369 3246 3487 3304 quae
3543 3230 3704 3286 facile
3730 3245 3871 3286 asse-

2275 3330 2514 3394 quantur
2542 3338 2652 3376 non
2682 3319 2878 3375 debere
2908 3320 3036 3376 illos
3063 3321 3122 3375 in
3149 3321 3398 3378 Ecclesia
3447 3320 3597 3393 loqui
3641 3319 3869 3392 linguis,

2275 3412 2370 3485 qui
2403 3409 2753 3481 interpretari
2799 3410 2910 3465 non
2952 3418 3199 3481 possunt.
3234 3411 3305 3466 Ut
3341 3410 3476 3483 quid
3503 3409 3649 3466 enim
3679 3410 3870 3483 loqua-

2274 3508 2384 3568 tur,
2413 3515 2574 3571 quem
2605 3514 2765 3553 nemo
2790 3497 3053 3568 intelligit
3081 3497 3109 3553 ?

2347 3590 2527 3661 (Vers.
2561 3590 2641 3661 9.)
2689 3613 2707 3636 ι
2737 3589 2817 3644 Ita
2842 3596 2895 3644 et
2943 3605 3041 3644 vos
3086 3603 3183 3660 per
3220 3587 3465 3660 linguam
3514 3589 3622 3646 nisi
3658 3589 3872 3662 signiﬁ-

2273 3685 2486 3736 cantem
2518 3693 2824 3733 sermonem
2852 3676 3140 3746 dederitis,
3169 3677 3445 3750 quomodo
3492 3678 3697 3734 scietur
3731 3679 3874 3752 quid

2274 3768 2619 3842 loquimini?
2656 3767 2829 3823 Eritis
2874 3767 3022 3823 enim
3073 3768 3132 3823 in
3169 3783 3295 3824 aera
3341 3769 3659 3842 loquentes:
3690 3793 3709 3817 ι
3763 3768 3878 3826 hoc

2271 3868 2372 3927 est,
2403 3858 2545 3913 nihil
2575 3857 2939 3931 proﬁcientes.
2972 3858 3138 3914 «Nam
3169 3859 3363 3928 multa,
3397 3868 3459 3916 ut
3488 3866 3638 3930 puta,
3671 3875 3876 3932 genera

2273 3949 2584 4021 linguarum
2632 3956 2761 4003 sunt
2792 3946 2849 4002 in
2899 3947 3004 4006 hoc
3037 3947 3264 4016 mundo,
3301 3957 3354 4004 et
3387 3947 3526 4003 nihil
3560 3949 3679 4002 sine
3708 3965 3871 4008 voce.

2274 4038 2446 4094 Multa
2500 4036 2774 4110 (quidem)
2822 4053 3017 4109 genera
3067 4045 3196 4094 sunt
3233 4037 3562 4108 linguarum,
3593 4059 3611 4082 ι
3657 4034 3869 4109 inquit,

2273 4127 2366 4184 sed
2424 4126 2628 4182 habent
2684 4127 2929 4200 proprias
2973 4145 3170 4185 vocum
3214 4125 3662 4201 signiﬁcationes,
3696 4132 3760 4181 ut
3789 4125 3873 4181 in-

2272 4219 2616 4290 telligantur.

2346 4309 2527 4380 (Vers.
2562 4308 2649 4377 10,
2693 4309 2806 4381 11.)
2851 4334 2869 4357 ι
2895 4308 2951 4366 Si
2977 4325 3104 4382 ergo
3134 4309 3378 4366 nesciero
3407 4307 3666 4364 virtutem
3689 4307 3873 4371 vocis,

2272 4416 2365 4455 ero
2409 4400 2456 4455 ei
2513 4400 2603 4457 cui
2651 4400 2864 4473 loquor,
2917 4400 3212 4456 barbarus:
3266 4406 3319 4452 et
3375 4397 3422 4450 is
3461 4399 3557 4469 qui
3598 4396 3870 4470 loquitur,

2279 4489 2419 4545 mihi
2448 4490 2731 4548 barbarus.
2765 4516 2783 4541 ι
2824 4491 2946 4547 Νοιι
2976 4489 3166 4559 utique
3193 4485 3250 4541 id
3279 4484 3612 4542 studendum
3655 4493 3874 4556 monet,

2195 4557 2244 4616 Β
2280 4587 2342 4636 ut
2395 4581 2633 4638 invicem
2682 4596 2776 4652 per
2829 4557 3162 4648 incognitam
3211 4576 3454 4646 linguam
3512 4574 3728 4632 barbari
3756 4573 3875 4631 sibi

2273 4672 2567 4728 videantur
2599 4689 2611 4726 :
2643 4669 2737 4724 sed
2785 4666 2912 4739 quia
2959 4663 3267 4720 concordiae
3299 4680 3383 4721 res
3420 4674 3524 4734 est,
3553 4665 3639 4720 his
3669 4665 3880 4720 niten—

2271 4763 2403 4819 dum
2462 4767 2562 4827 est,
2607 4765 2668 4812 ut
2722 4768 2816 4828 per
2858 4752 3276 4810 unanimitatem
3332 4753 3645 4813 intellectus
3699 4769 3879 4810 com—

2271 4850 2426 4908 muni
2458 4848 2648 4904 laetitia
2685 4844 3014 4916 glorientur.

2352 4947 2491 5004 157
2523 4949 2702 5022 (Vers.
2736 4948 2848 5021 12.)
2893 4972 2911 4996 ι
2947 4947 3037 5004 Sic
3060 4954 3114 5002 et
3141 4963 3261 5015 vos,
3307 4946 3566 5019 quoniam
3624 4946 3887 5002 aemula—

2267 5044 2413 5093 tores
2465 5037 2594 5094 estis
2640 5037 2934 5109 spirituum
2993 5037 3061 5093 ad
3117 5035 3535 5093 aediﬁcationem
3600 5035 3886 5094 Ecclesia

2275 5125 2523 5199 quaerite,
2555 5134 2616 5181 ut
2644 5125 2982 5198 prophetetis
3003 5125 3142 5197 (22).
3167 5151 3186 5174 ι»
3227 5125 3366 5192 Quia
3382 5124 3600 5196 prodest
3619 5123 3889 5196 Scriptu-

2274 5233 2362 5273 ras
2416 5217 2708 5288 explanare
2760 5216 2907 5288 (nam
2958 5217 3219 5273 incitatur
3269 5221 3323 5270 et
3379 5214 3577 5286 gaudet
3620 5213 3890 5288 animus,

2270 5306 2489 5380 quando
2519 5305 2729 5379 aliquid
2765 5306 2832 5362 de
2876 5305 3173 5378 Scripturis
3212 5303 3475 5377 percipit:
3511 5311 3566 5358 et
3593 5311 3896 5376 quantum

2270 5394 2594 5468 propensior
2647 5394 2704 5451 in
2744 5397 2845 5453 hac
2892 5405 3042 5468 parte
3081 5393 3165 5463 ﬁt,
3197 5400 3412 5450 tantum
3441 5391 3643 5451 deserit
3673 5391 3896 5466 vitia),

2343 5543 2460 5616 (22)
2494 5543 2679 5600 Codex
2707 5541 2854 5603 Vall.
2896 5584 2912 5611 ,
2941 5538 3327 5598 wrnulationem
3358 5538 3606 5597 Ecclesiae
3642 5539 3912 5609 quarite

2269 5615 2325 5671 in
2343 5615 2632 5690 prophetis.
