4112 6178
278 368 374 426 269
1336 367 1698 428 COMMENT.
1739 369 1812 427 IN
1848 365 2066 426 EPIST.
2110 370 2134 426 Ι
2171 368 2268 427 AD
2305 370 2462 430 COR.

3444 379 3547 439 20

264 507 532 572 propterea
562 497 632 554 ad
666 497 814 556 hanc
842 507 1050 572 partem
1080 498 1329 555 studium
1368 506 1560 585 monet
1584 499 1839 573 applican
1871 503 1921 561 A
1951 499 2047 572 qui
2077 499 2375 572 aliquando
2402 501 2541 572 Syra
2570 502 2773 575 lingua,
2820 504 3157 578 plerumque
3198 504 3447 573 Hebraea,
3484 505 3543 561 in

260 588 401 645 dum.

324 684 497 756 (Vers.
529 685 646 759 13.)
692 709 711 734 ι
755 685 886 743 Ideo
932 686 1030 759 qui
1086 686 1339 758 loquitur
1388 688 1593 760 lingua,
1634 694 1754 744 oret
1781 694 1845 743 ut

256 772 656 845 interpretetur.
687 799 707 823 ι
749 774 893 830 Eum
942 775 1039 847 qui
1087 775 1297 847 linguis
1344 775 1499 847 loqui
1548 774 1840 845 desiderat,

252 871 431 921 monet
461 881 614 921 orare
662 864 883 934 debere,
932 871 996 921 ut
1041 864 1280 937 accipiat
1317 865 1528 920 donum
1571 865 1843 937 interpre-

250 952 397 1008 tandi
428 971 441 1019 ;
474 961 533 1009 ut
556 952 807 1026 proﬁciat
831 953 1047 1010 caeteris
1080 952 1327 1009 studium
1352 952 1491 1024 ejus.

318 1042 493 1113 (Vers.
545 1042 662 1114 14.)
727 1067 745 1089 ι
795 1042 934 1097 Nam
984 1040 1030 1096 si
1080 1056 1309 1096 oravero
1373 1041 1576 1112 lingua,
1614 1042 1839 1115 spiritus

246 1146 394 1187 meus
446 1139 598 1199 orat;
654 1147 813 1186 mens
857 1136 1039 1185 autem
1095 1146 1216 1185 mea
1269 1129 1388 1186 sine
1444 1131 1628 1187 fructu
1671 1140 1772 1189 est.
1804 1159 1824 1182 ι

242 1220 590 1278 Manifestum
616 1227 701 1277 est
728 1221 983 1293 ignorare
1011 1218 1257 1275 animum
1288 1227 1561 1290 nostrum,
1584 1221 1631 1277 si
1651 1222 1838 1295 lingua

242 1311 517 1384 loquatur,
550 1327 712 1384 quam
753 1309 945 1377 nescit,
983 1310 1126 1366 sicut
1157 1309 1406 1367 adsolent
1446 1310 1626 1367 Latini
1657 1312 1835 1370 homi-

240 1416 337 1456 nes
396 1400 578 1456 Grazce
614 1408 857 1467 cantare,
900 1398 1160 1455 oblectati
1200 1415 1336 1455 sono
1374 1400 1708 1469 verborum;
1742 1419 1832 1459 ne-

239 1486 469 1543 scientes
489 1494 669 1543 tamen
692 1486 826 1559 quid
847 1485 1055 1542 dicant.
1080 1485 1320 1558 Spiritus
1348 1496 1533 1544 autem
1555 1488 1649 1561 qui
1670 1489 1835 1545 datur

241 1575 296 1631 in
323 1574 615 1648 baptismo,
648 1575 754 1633 scit
777 1575 912 1648 quid
938 1582 1059 1631 oret
1100 1574 1342 1644 animus,
1376 1575 1510 1632 dum
1560 1578 1829 1651 loquitur,

173 1696 177 1701 -
238 1672 327 1721 aut
354 1672 568 1736 perorat
592 1664 783 1736 lingua
813 1663 921 1720 sibi
953 1664 1143 1737 ignota
1175 1683 1186 1721 :
1221 1681 1377 1721 mens
1403 1674 1587 1723 autem
1617 1667 1713 1740 qui
1752 1676 1834 1725 est

236 1754 469 1823 animus,
500 1755 621 1812 sine
650 1754 840 1811 fructu
866 1762 968 1811 est.
1012 1754 1187 1822 Quem
1217 1759 1367 1811 enim
1412 1766 1593 1829 potest
1630 1758 1832 1816 habere

237 1842 498 1914 fructum,
524 1843 620 1917 qui
649 1844 868 1916 ignorat
898 1860 1020 1916 quae
1043 1844 1301 1918 loquatur
1317 1846 1345 1902 ‘i

307 1933 492 2004 (Vers.
526 1933 641 2004 15.)
689 1956 719 1994 ι,
737 1930 881 1999 Quid
909 1941 992 1989 est
1014 1949 1142 2004 ergo
1162 1933 1191 1990 ‘i
1221 1934 1402 1991 Orabo
1420 1934 1643 2008 spiritu,
1667 1936 1834 1993 orabo

235 2030 291 2078 et
317 2029 534 2091 mente;
571 2023 843 2095 psalmum
872 2022 1054 2080 dicam
1091 2023 1313 2096 spiritu,
1345 2026 1615 2097 psalmum
1653 2026 1833 2083 dicam

233 2119 287 2168 et
310 2120 515 2169 mente.
545 2138 564 2161 ι
626 2114 743 2170 Hoc
788 2112 946 2183 dicit,
979 2114 1110 2188 quia
1154 2132 1281 2173 cum
1329 2116 1453 2189 quis
1500 2115 1603 2174 hac
1648 2118 1835 2190 lingua

236 2202 498 2275 loquitur,
553 2218 718 2275 quam
758 2202 935 2272 novit,
984 2213 1095 2260 tam
1143 2204 1364 2276 spiritu,
1424 2222 1587 2278 quam
1649 2214 1831 2264 mente

235 2298 349 2348 orat
392 2310 403 2348 :
436 2292 569 2366 quia
597 2309 710 2349 non
739 2293 921 2349 solum
950 2293 1180 2366 spiritus
1208 2293 1345 2367 ejus,
1378 2312 1541 2370 quem
1573 2296 1694 2353 dixi
1722 2297 1831 2355 da-

237 2388 346 2437 tum
377 2382 434 2437 in
464 2381 764 2455 baptismo,
790 2382 896 2440 scit
923 2382 1060 2456 quid
1088 2392 1279 2440 oratur
1310 2402 1322 2439 :
1358 2383 1455 2439 sed
1481 2385 1646 2441 etiam
1695 2386 1829 2442 ani—

238 2487 355 2529 mus
382 2473 502 2546 (23)
536 2474 706 2529 simili
737 2472 901 2529 modo
930 2480 985 2529 et
1012 2473 1081 2531 de
1105 2475 1315 2547 psalmo
1344 2490 1458 2530 non
1483 2475 1718 2547 ignorat.

303 2563 483 2636 (Vers.
518 2565 633 2637 16.)
679 2589 698 2613 ‹
734 2566 1004 2624 Caeterum
1036 2566 1082 2623 si
1120 2566 1472 2625 benedixeris
1508 2568 1710 2640 spiritu
1739 2586 1752 2636 ;
1796 2593 1814 2617 ι

237 2651 337 2711 hoc
369 2664 471 2725 est,
511 2657 558 2713 si
591 2655 809 2713 laudem
849 2657 949 2714 Dei
983 2656 1172 2730 lingua
1212 2658 1455 2732 loquaris
1491 2658 1677 2731 ignota
1720 2676 1829 2717 au-

236 2740 514 2801 dientibus
543 2762 554 2800 :
604 2769 623 2793 σ
653 2744 789 2812 Quis
816 2747 1035 2819 supplet
1064 2748 1245 2803 locum
1277 2747 1465 2804 idiotas
1485 2748 1513 2805 Ῡ
1539 2748 1827 2817 Quomodo

233 2828 362 2887 dicit
395 2849 578 2902 amen,
611 2849 774 2906 super
821 2843 971 2892 tuam
1026 2836 1469 2893 benedictionem
1515 2837 1655 2910 (24),
1699 2837 1829 2909 quia

232 2926 404 2983 nescis
432 2926 569 3000 quid
597 2926 767 2984 dicas.
801 2953 820 2976 ι
865 2929 1160 2999 Imperitus
1206 2931 1355 2985 enim
1402 2928 1632 2985 audiens
1680 2927 1828 3000 quod

229 3028 339 3069 non
385 3016 673 3090 intelligit,
709 3016 886 3073 nescit
930 3018 1101 3073 ﬁnem
1151 3018 1442 3085 orationis,
1472 3024 1527 3071 et
1580 3032 1693 3071 non
1732 3032 1828 3071 re-

226 3110 479 3179 spondet,
509 3127 690 3178 amen,
721 3110 779 3166 id
810 3119 891 3166 est
910 3126 1106 3165 verum
1132 3128 1144 3166 :
1188 3119 1251 3165 ut
1277 3109 1636 3167 conﬁrmetur
1662 3110 1825 3166 bene-

1950 588 2281 645 tractatibus
2318 598 2414 645 aut
2439 589 2813 649 oblationibus
2837 594 3137 651 utebantur
3155 594 3223 650 ad
3251 592 3532 652 commen-

1951 677 2251 734 dationem.
2287 678 2679 736 Gloriabantur
2704 683 2850 739 enim
2880 701 2936 741 se
2967 685 3079 741 dici
3120 684 3376 741 Hebreos
3408 701 3544 757 pro-

1954 774 2076 838 pter
2104 768 2367 824 meritum
2416 769 2671 839 Abrahae,
2719 772 2864 844 quod
2912 774 3055 830 idem
3108 775 3405 846 Apostolus
3446 790 3544 848 pro

1954 854 2138 911 nihilo
2163 855 2360 913 habuit
2391 858 2585 915 dicens
2616 878 2629 915 :
2679 884 2698 906 ι
2726 860 2862 915 Mihi
2890 870 3069 918 autem
3103 863 3244 919 absit
3271 863 3495 936 gloriari
3525 881 3540 931 ;

1949 945 2061 1000 nisi
2090 945 2149 1000 in
2179 962 2340 1003 cruce
2366 947 2595 1003 Domini
2618 951 2793 1005 nostri
2841 950 2968 1006 Jesu
2997 951 3201 1008 Christi
3232 954 3437 1024 (Galat.
3464 969 3540 1020 vr,

1950 1032 2064 1105 14).
2113 1058 2130 1079 ι
2202 1034 2313 1090 Hos
2363 1035 2590 1106 quidam
2641 1036 2949 1107 imitantes,
2984 1038 3169 1111 ignota
3209 1041 3313 1096 sibi
3360 1042 3546 1115 lingua

1948 1122 2096 1195 loqui
2157 1123 2434 1180 malebant
2500 1126 2557 1180 in
2618 1126 2867 1184 Ecclesia
2920 1129 2989 1185 ad
3045 1131 3334 1202 populum,
3384 1147 3544 1203 quam

1944 1228 2042 1267 sua
2071 1211 2210 1283 (26).

2017 1302 2199 1374 (Vers.
2234 1302 2349 1376 20.)
2398 1328 2415 1351 ι
2443 1304 2681 1375 Fratres,
2706 1305 2879 1362 nolite
2911 1305 3068 1379 pueri
3098 1307 3239 1365 efﬁci
3271 1310 3544 1369 sensibus:

1943 1390 2040 1448 sed
2096 1392 2309 1449 malitia
2366 1395 2583 1466 parvuli
2638 1402 2857 1463 estote;
2900 1404 2961 1452 ut
3016 1399 3268 1456 sensibus
3313 1400 3543 1473 perfecti

1942 1479 2084 1535 sitis.
2119 1506 2135 1526 ι
2181 1481 2457 1537 Perfectos
2488 1483 2616 1540 illos
2645 1485 2767 1539 vult
2796 1501 2929 1552 esse,
2959 1493 3020 1541 ut
3050 1487 3223 1542 sciant
3255 1489 3387 1561 quid
3421 1489 3540 1561 (27)

1941 1567 2010 1624 ad
2042 1569 2464 1626 instructionem
2496 1573 2757 1629 Ecclesiae
2810 1572 2881 1629 sit
2913 1575 3309 1643 necessarium;
3358 1585 3420 1632 ut
3460 1595 3542 1635 re-

1941 1656 2196 1714 cedentes
2225 1660 2491 1715 amalitia
2515 1668 2569 1717 et
2615 1661 2916 1730 erroribus,
2968 1661 3035 1718 iis
3081 1663 3381 1732 studerent,
3423 1681 3543 1738 quin

1941 1746 2268 1817 proﬁcerent
2299 1748 2368 1804 ad
2396 1748 2694 1805 utilitatem
2726 1749 2979 1807 fratrum.
3004 1752 3106 1808 Hic
3134 1759 3217 1808 est
3246 1753 3393 1825 enirn
3424 1770 3544 1811 sen-

1944 1851 2008 1889 su
2038 1835 2335 1906 perfectus,
2365 1836 2458 1910 qui
2500 1836 2558 1893 id
2587 1838 2719 1910 agit,
2753 1847 2815 1895 ut
2855 1840 3030 1911 prosit
3075 1841 3270 1911 alicui,
3300 1844 3542 1901 maxime

1942 1922 2120 1981 fratri.

2017 2012 2200 2084 (Vers.
2233 2014 2348 2087 21.)
2403 2037 2421 2062 ι
2450 2017 2512 2072 Ιη
2543 2016 2658 2088 lege
2680 2017 2827 2073 enim
2858 2018 3124 2091 scriptum
3155 2028 3236 2077 est
3266 2039 3278 2078 :
3312 2021 3452 2090 Quia
3482 2022 3540 2080 in

1940 2098 2070 2156 aliis
2111 2101 2336 2176 linguis,
2363 2110 2417 2159 et
2459 2104 2517 2159 in
2549 2104 2711 2161 labiis
2745 2106 2869 2164 aliis
2907 2108 3102 2182 loquar
3139 2110 3343 2183 populo
3385 2111 3536 2181 huic,

1940 2199 1995 2249 et
2026 2209 2128 2250 nec
2156 2194 2235 2251 sic
2267 2211 2352 2251 me
2388 2196 2637 2265 audient,
2669 2196 2807 2255 dicit
2842 2199 3113 2256 Dominus
3143 2202 3279 2273 (Isa.
3330 2218 3535 2274 xxvm,

1943 2283 2055 2354 11).
2088 2310 2105 2331 ι
2153 2285 2270 2343 Hoc
2297 2287 2569 2343 Dominus
2594 2287 2662 2344 de
2690 2287 2778 2345 his
2798 2288 2963 2358 dixit,
2997 2307 3134 2364 quos
3169 2294 3407 2366 praesciit
3437 2310 3538 2352 nec

1938 2375 2210 2436 Salvatori
2241 2380 2568 2438 credituros.
2604 2382 2665 2437 In
2695 2382 2819 2439 aliis
2847 2383 2995 2440 enim
3028 2384 3232 2458 linguis
3250 2394 3304 2441 et
3332 2385 3391 2441 in
3412 2385 3540 2442 aliis

1938 2469 2098 2526 labiis
2147 2472 2320 2545 loqui,
2372 2474 2591 2530 Novum
2631 2474 3042 2534 Testamentum
3090 2486 3171 2536 est
3218 2480 3535 2553 praedicare,

1937 2562 2080 2619 sicut
2107 2564 2244 2622 dicit
2273 2565 2537 2622 Jeremias
2563 2568 2827 2639 propheta
2861 2588 2873 2626 :
2922 2595 2939 2617 ι
2970 2571 3111 2627 Ecce
3143 2572 3369 2627 venient
3393 2572 3532 2641 dies,

1937 2650 2075 2708 dicit
2116 2654 2407 2723 Dominus,
2456 2662 2510 2710 et
2560 2657 2958 2712 consummabo
3013 2657 3204 2713 domui
3261 2661 3424 2715 Israel
3484 2668 3537 2715 et

1937 2740 2128 2796 domui
2168 2742 2307 2797 Iuda
2356 2742 2765 2799 Testamentum
2798 2745 3037 2812 Novum,
3070 2761 3184 2800 non
3235 2748 3537 2803 secundum

1938 2828 2084 2900 quod
2114 2828 2363 2902 diSposui
2393 2831 2642 2903 patribus
2672 2832 2894 2889 illorum
2925 2832 3140 2904 (Jerem.
3173 2849 3336 2903 xxxr,
3367 2836 3481 2907 3i);
3507 2861 3527 2884 ι

1936 2916 2043 2972 hoc
2090 2926 2192 2987 est,
2243 2919 2535 2976 immutata
2591 2920 2802 2978 ratione
2856 2921 3017 2978 aliter
3072 2922 3247 2995 loqui,
3279 2939 3442 2996 quam
3476 2942 3532 2981 se

1937 3008 2072 3081 legis
2100 3012 2300 3067 veteris
2325 3010 2491 3067 verba
2512 3011 2782 3079 habeant;
2822 3011 2953 3067 dum
2981 3012 3213 3068 audiunt
3236 3014 3534 3073 Sabbatum

1934 3100 2097 3167 solvi,
2129 3103 2443 3158 neomenias
2485 3104 2757 3174 exacuari,
2797 3103 3274 3163 circumcisionem
3302 3124 3532 3176 cessare,

223 3197 420 3257 dictio.
452 3202 555 3256 Per
582 3200 686 3256 hos
732 3200 881 3255 enim
927 3201 1192 3273 impletur
1236 3200 1582 3258 conﬁrmatio
1628 3202 1821 3274 precis,

1932 3189 2201 3247 sacriﬁcia
2232 3191 2538 3260 immutari,
2570 3208 2719 3250 escas
2764 3192 2971 3249 dudum
3032 3197 3173 3255 158
3227 3192 3534 3265 prohibitas

218 3290 318 3360 qui
352 3288 710 3361 respondent,
736 3304 931 3357 amen;
989 3296 1051 3346 ut
1095 3290 1282 3345 omnia
1321 3289 1470 3347 dicta
1517 3291 1633 3346 veri
1659 3290 1824 3348 testi-

217 3385 412 3443 monio
440 3386 501 3443 in
529 3385 874 3443 audientium
904 3386 1183 3443 mentibus
1209 3388 1624 3446 conﬁrmentur.

290 3474 474 3548 (Vers.
510 3477 626 3548 17.)
686 3476 862 3534 ιΝόῐη
916 3476 1140 3550 quidem
1188 3478 1327 3535 bene
1373 3480 1572 3552 gratias
1616 3482 1749 3555 agis.
1783 3506 1803 3531 ι

221 3565 292 3620 De
318 3580 383 3621 eo
412 3564 571 3635 dicit,
606 3565 701 3639 qui
730 3567 950 3639 cognita
997 3566 1374 3641 sibiloquitur,
1393 3569 1521 3641 quia
1549 3571 1652 3628 scit
1680 3571 1816 3645 quid

222 3653 378 3712 dicat.
428 3681 446 3704 ι
478 3656 587 3713 Sed
625 3657 769 3713 alius
812 3673 925 3713 non
970 3657 1295 3715 aediﬁcatur.
1330 3683 1351 3707 ι
1404 3659 1461 3715 Si
1499 3660 1691 3733 utique
1744 3664 1814 3720 ad

222 3747 597 3808 aediﬁcandam
625 3749 930 3810 Ecclesiam
960 3751 1293 3823 convenitis,
1325 3767 1388 3810 ea
1432 3752 1632 3812 debent
1674 3755 1806 3827 dici,

1933 3293 2098 3353 licere
2129 3296 2307 3367 edere,
2340 3297 2624 3355 Christum
2659 3301 2831 3355 Deum
2856 3300 2923 3356 de
2940 3300 3051 3355 Deo
3071 3297 3360 3372 praedicari
3393 3297 3533 3355 :hoc

1930 3397 2011 3446 est
2039 3391 2164 3449 aliis
2198 3392 2401 3466 linguis
2430 3402 2484 3449 et
2537 3395 2661 3450 aliis
2718 3394 2880 3452 labiis
2935 3396 3133 3468 loqui;
3194 3401 3248 3450 et
3302 3411 3403 3450 nec
3450 3394 3530 3451 sic

1927 3480 2123 3552 perﬁdi
2156 3484 2328 3539 Deum
2361 3484 2626 3541 obaudire
2656 3486 2974 3541 voluerunt.
3008 3466 3192 3540 l’otest
3220 3492 3274 3539 et
3305 3466 3384 3540 sic
3432 3483 3530 3539 in-

1926 3572 2119 3643 telligi,
2162 3580 2224 3629 ut
2262 3574 2392 3647 quia
2429 3577 2591 3632 multi
2631 3576 2948 3633 Iudaeorum
2980 3576 3235 3632 malevoli
3267 3584 3442 3645 erant,
3476 3586 3530 3634 et

1926 3668 2212 3732 propterea
2240 3663 2470 3735 dignum
2501 3682 2613 3720 non
2643 3676 2759 3723 erat
2790 3666 2878 3723 his
2908 3667 2967 3722 in
3007 3666 3342 3723 revelatione
3376 3666 3526 3740 loqui

1921 3748 2308 3823 Evangelium,
2354 3753 2412 3809 in
2452 3756 2726 3826 parabolis
2786 3758 3103 3829 loqueretur
3160 3757 3230 3813 ad
3284 3772 3375 3813 eos
3417 3774 3429 3812 :
3472 3764 3527 3812 et

220 3850 329 3909 quae
357 3841 678 3915 intelligant
699 3843 1155 3901 andientes.Nam
1185 3843 1320 3917 quid
1350 3846 1572 3917 prodest
1600 3856 1661 3904 ut
1689 3849 1812 3922 quis
1921 3840 2292 3914 intelligentes
2320 3842 2443 3899 ideo
2474 3845 2580 3901 sibi
2604 3862 2715 3901 non
2737 3848 2992 3916 revelari,
3026 3847 3156 3921 quia
3183 3847 3313 3903 mali
3344 3855 3520 3914 erant,

220 3929 391 4005 lingua
418 3936 702 4009 loquatur,
735 3952 898 4009 quam
916 3937 1067 3994 solus
1090 3937 1225 4005 scit;
1262 3946 1324 3995 ut
1344 3938 1439 4012 qui
1459 3940 1635 4010 audit,
1662 3941 1806 3997 nihil

1918 3948 2018 3989 nec
2055 3933 2135 3989 sic
2170 3949 2228 3989 se
2266 3934 2651 4007 corrigerent;
2715 3946 2775 3994 ut
2831 3949 3100 3997 merentes
3162 3955 3219 3994 se
3279 3939 3523 3993 facerent

218 4022 503 4091 proﬁciat?
535 4024 665 4081 Ideo
706 4032 884 4082 tacere
932 4025 1093 4083 debet
1142 4027 1201 4082 in
1242 4028 1511 4098 Ecclesia,
1541 4037 1605 4085 ut
1641 4030 1679 4085 ii
1714 4030 1807 4086 lo-
1916 4036 2014 4092 per
2046 4022 2489 4092 explanationem
2518 4026 2711 4083 audire
2752 4028 2917 4084 verba
2959 4028 3080 4084 Dei.
3130 4025 3284 4081 Unde
3325 4024 3522 4077 dicunt

216 4123 456 4185 quantur,
488 4116 593 4188 qui
621 4116 835 4187 prosint
861 4115 1235 4174 audientibus.

1915 4110 2177 4183 discipuli
2204 4112 2275 4169 ad
2304 4115 2605 4172 Dominum
2641 4134 2653 4171 :
2702 4142 2720 4163 ε
2759 4117 3015 4182 Domine,
3049 4128 3217 4185 quare
3264 4111 3320 4163 in
3352 4123 3519 4178 Pam-

278 4202 453 4274 (Vers,
493 4203 613 4275 18,)
657 4228 677 4251 ι
705 4204 920 4262 Gratias
948 4222 1050 4278 ago
1078 4207 1192 4262 Deo
1235 4223 1378 4275 meo,
1425 4208 1575 4281 quod
1611 4209 1804 4265 omni-
1911 4196 2055 4255 bolis
2080 4201 2319 4273 loqueris
2345 4203 2456 4259 illis
2488 4205 2701 4276 (Matth.
2732 4220 2857 4271 xm,
2894 4204 2983 4273 10)
3007 4203 3036 4257 ?
3064 4225 3081 4247 ι
3114 4201 3187 4255 Et
3208 4202 3509 4254 Dominus:

213 4303 298 4345 um
344 4300 597 4351 vestrum
653 4294 845 4365 lingua
898 4294 1112 4367 loquor.
1162 4318 1181 4341 ι
1227 4295 1498 4361 Quoniam
1548 4298 1801 4371 superius

212 4377 405 4452 linguis
432 4381 592 4456 loqui
621 4381 831 4439 donum
857 4398 972 4439 esse
1000 4383 1148 4438 dixit
1176 4382 1415 4455 Spiritus
1444 4387 1639 4455 sancti,
1675 4387 1799 4443 ideo

211 4470 271 4527 ad
296 4473 466 4531 Deum
498 4474 690 4543 refert,
731 4472 879 4548 quod
921 4473 1173 4530 omnium
1221 4473 1409 4547 lingua
1461 4476 1795 4549 loqueretur.

1927 4316 1945 4338 ι
1982 4293 2123 4360 Quia
2152 4294 2312 4351 vobis
2343 4295 2533 4351 datum
2566 4304 2665 4351 est.
2716 4295 2921 4365 inquit,
2976 4309 3136 4349 nosse
3187 4290 3512 4364 mysterium

1911 4383 2063 4453 regni
2094 4384 2216 4452 Dei,
2259 4383 2376 4437 illis
2402 4390 2585 4439 autem
2618 4398 2766 4449 non;
2802 4389 2863 4437 ut
2893 4382 3144 4440 videntes
3191 4398 3302 4439 non
3348 4381 3514 4439 vide-

1908 4478 2023 4539 ant,
2058 4478 2110 4527 et
2139 4473 2423 4530 audientes
2465 4488 2577 4530 non
2616 4471 2929 4547 intelligant
2968 4474 3132 4549 (Ibid.
3176 4476 3261 4545 11,
3308 4475 3396 4545 13)
3431 4493 3445 4543 ;
3478 4501 3496 4523 ι

209 4558 272 4617 Et
300 4578 364 4621 ne
392 4566 542 4623 forte
570 4564 727 4638 quasi
765 4565 997 4620 aemulus
1022 4580 1120 4637 per
1148 4563 1418 4620 invidiam
1471 4563 1575 4622 hoc
1616 4566 1797 4623 dicere
1825 4591 1873 4650 D
1910 4579 1978 4617 ne
2008 4563 2221 4636 indigni
2269 4569 2499 4623 salutem
2560 4566 2925 4641 perciperent,
2957 4567 3105 4641 quod
3152 4567 3510 4626 animadver-

208 4648 497 4727 videretur,
542 4653 783 4711 ostendit
809 4669 866 4710 se
896 4653 1144 4710 omnium
1170 4653 1393 4728 quidem
1415 4653 1615 4711 horum
1646 4655 1797 4728 loqui

209 4737 415 4815 linguis,
447 4753 509 4804 et
543 4746 676 4820 quia
701 4761 812 4804 non
840 4744 1001 4803 valde
1034 4746 1276 4819 prodest.

271 4842 444 4913 (νει-ε.
502 4844 621 4916 19.)
699 4867 718 4893 ι
784 4844 889 4901 Sed
955 4845 1016 4901 in
1060 4844 1326 4915 Ecclesia,
1391 4845 1593 4920 inquit,
1665 4848 1794 4906 volo

1909 4660 2086 4711 tentes
2114 4672 2213 4727 pro
2230 4659 2440 4715 meritis
2466 4660 2584 4716 suis
2613 4660 2841 4730 factum,
2883 4678 2985 4719 nec
3016 4662 3096 4719 sic
3114 4663 3366 4719 conversi
3395 4666 3507 4722 Deo

1907 4744 2219 4802 satisfacere
2249 4748 2562 4804 voluerunt.

1979 4835 2161 4907 (Vers.
2197 4835 2313 4908 22.)
2377 4862 2394 4885 ι
2426 4839 2611 4910 Itaque
2660 4839 2860 4910 linguas
2903 4839 2961 4895 in
3006 4840 3224 4914 signum
3273 4854 3420 4905 sunt.
3473 4871 3493 4897 ι

207 4929 433 5006 quinque
463 4933 639 4990 verba
668 4935 820 5008 loqui
850 4950 946 5006 per
974 4934 1245 5007 legem,ut
1274 4934 1393 5007 (25)
1416 4943 1471 4992 et
1490 4936 1627 4994 alios
1647 4939 1793 4995 edi-
1902 4930 2019 4986 Hoc
2048 4938 2148 4998 est,
2181 4928 2452 4985 velamine
2483 4928 2775 5002 incognita:
2810 4931 3011 5006 linguae
3058 4936 3334 4994 obscurati
3375 4948 3505 4996 sunt

206 5016 372 5092 licem,
400 5040 568 5099 quam
597 5023 784 5082 decem
815 5023 993 5080 millia
1047 5025 1343 5081 verborum
1394 5025 1454 5081 in
1509 5026 1714 5100 lingua.
1756 5054 1775 5077 ι

1899 5036 2181 5076 sermones
2207 5019 2331 5090 Dei,
2362 5035 2431 5075 ne
2463 5018 2755 5077 videantur
2791 5039 2822 5079 a
2853 5023 3097 5096 perﬁdis,
3138 5033 3192 5081 et
3224 5042 3349 5083 cum
3395 5044 3504 5084 au-

207 5106 394 5196 lJtilius
425 5115 567 5172 dicit
613 5114 804 5189 paucis
859 5113 1042 5170 verbis
1096 5115 1154 5170 in
1198 5115 1479 5188 apertione
1521 5118 1790 5176 sermonis
1896 5115 2128 5174 diuntur
2158 5118 2451 5191 incognitae
2481 5119 2701 5191 linguai,
2734 5119 2953 5193 signum
2984 5120 3056 5176 sit
3105 5123 3233 5195 quia
3279 5132 3502 5196 propter

206 5193 361 5272 loqui,
420 5203 575 5277 quod
630 5220 821 5260 omnes
885 5202 1213 5274 intelligant,
1284 5221 1446 5277 quam
1512 5207 1785 5279 prolixam
1894 5205 2182 5278 perﬁdiam
2211 5207 2420 5265 factum
2449 5217 2550 5279 est,
2583 5224 2652 5265 ne
2696 5209 2927 5266 audiens
2959 5193 3253 5284 intelligat.
3281 5193 3297 5195 _
3330 5237 3348 5258 ε
3377 5193 3499 5267 Non

206 5290 494 5352 orationem
526 5293 726 5352 habere
755 5294 815 5350 in
840 5292 1093 5350 obscuro.
1128 5292 1197 5347 Hi
1224 5308 1294 5350 ex
1323 5294 1565 5352 Hebraeis
1605 5303 1782 5366 erant,

289 5434 380 5506 :23)
406 5435 543 5494 Cod.
586 5436 758 5505 Vall.,
788 5452 933 5491 mens
964 5440 1138 5490 autem
1166 5449 1282 5503 quia
1302 5441 1382 5506 est
1406 5436 1637 5506 animus,
1671 5444 1775 5494 etc.

289 5444 355 5491 23
406 5444 543 5494 Cod.
591 5444 758 5505 Vall.,
788 5452 933 5491 mens
964 5444 1138 5490 autem
1166 5449 1282 5503 quia
1307 5444 1382 5490 est
1406 5454 1477 5491 an

288 5444 380 5579 ibi
405 5508 508 5565 Ms.
532 5506 696 5579 Corb.
726 5523 885 5579 super
914 5512 1059 5579 tuam
1093 5505 1483 5563 eucharistiam.

288 5575 376 5651 25)
409 5579 568 5651 Rom.
599 5577 756 5651 edit.,
784 5575 929 5651 loqui
948 5595 1048 5650 per
1073 5593 1278 5631 sensum
1308 5593 1496 5647 meum,
1544 5588 1620 5651 ut,
1669 5590 1771 5639 etc.

289 5582 353 5633 25
409 5582 568 5636 Rom.
599 5582 756 5647 edit.,
784 5582 929 5649 loqui
948 5595 1048 5650 per
1073 5593 1278 5631 sensum
1308 5593 1496 5647 meum,
1544 5588 1620 5651 ut,
1669 5590 1770 5639 etc.

289 5582 377 5723 26)
419 5650 527 5723 Hos
554 5650 772 5723 quidam
800 5649 1154 5708 imitantes....
1209 5665 1370 5721 quam
1414 5666 1533 5720 sua,
1572 5669 1602 5709 e
1647 5652 1770 5710 cod.

205 5711 694 5782 Corh.'restitdtum
720 5728 822 5782 est.

1894 5297 2085 5371 utique
2114 5296 2183 5354 iis
2210 5297 2305 5371 qui
2333 5297 2586 5369 credunt,
2615 5297 2710 5357 sed
2739 5316 2852 5357 non
2877 5299 3228 5357 credentibus
3259 5317 3271 5366 ;
3309 5325 3327 5347 ι

3393 5299 3499 5353 hoc

1963 5442 2212 5519 (27)_Ms.
2248 5444 2438 5519 Corb.,
2463 5452 2521 5501 ut
2548 5446 2753 5519 faciant
2797 5448 2960 5519 quod,
3014 5455 3117 5519 etc.
3159 5444 3307 5499 Infra
3365 5458 3496 5498 vero

1888 5510 1945 5592 i‘n
1972 5510 2250 5592 plerisque
2275 5510 2476 5592 legitur
2499 5510 2651 5592 m'ss.,
2687 5510 2906 5592 Hic-est
2942 5510 3099 5570 venint
3146 5527 3324 5592 sensus
3377 5531 3495 5584 per-

1884 5581 2071 5653 fect-us,
2104 5581 2201 5662 pro
2229 5603 2294 5643 eo
2329 5581 2480 5662 quod
2513 5598 2595 5647 est
2624 5581 2682 5645 in
2709 5589 2856 5658 aliis,
2889 5596 2943 5644 et
2973 5583 3188 5642 cunctis
3234 5581 3491 5655 ωηιξη..

1882 5669 2034 5714 smu
2055 5656 2337 5730 perfectus.
