4090 6182
574 391 677 448 271

1589 377 1684 432 AD
1724 371 1959 429 OPERA
1997 369 2051 424 S.
2094 366 2428 425 AMBROSII
2467 361 2846 420 APPENDIX.

3769 349 3877 406 272

574 525 659 575 est
689 513 835 590 quod
863 509 1162 585 dixit,quia
1191 506 1259 564 ad
1279 501 1635 564 occultandos
1658 514 1849 555 sensus
1871 493 2173 552 incredulis
2202 501 2251 559 Α
2277 499 2374 546 aut
2420 497 2482 545 ut
2529 488 2788 554 multum,
2819 494 2930 541 tres
2961 501 2974 550 ;
3035 490 3088 537 et
3118 477 3489 552 particulatim
3519 484 3580 531 ut
3611 493 3755 530 unus
3785 475 3880 530 in-

575 572 1126 683 profilciunt-lingu.m.
1172 625 1189 648 ι
1221 593 1512 669 Prophetia
1543 599 1724 649 autem
1753 604 1866 645 non
1902 587 2168 644 incredu-
2275 589 2622 656 terpretetur.
2657 607 2674 626 -
2710 581 2826 636 Hoc
2853 587 2956 647 est,
2985 576 3095 633 duo
3123 581 3218 631 aut
3245 583 3354 630 tres
3387 588 3498 628 non
3529 572 3652 643 plus
3675 572 3880 644 linguis

579 676 665 767 lis,
704 693 798 753 sed
836 693 907 750 iis
936 691 1030 765 qui
1065 689 1314 748 credunt.
1357 710 1374 732 ι
1443 683 1556 738 Hoc
1603 689 1705 747 est,
1752 695 1863 734 non
1907 676 2170 748 competit

578 763 837 843 ﬁdelibus
867 763 1056 839 audire
1084 780 1299 850 linguas
1328 789 1462 846 quas
1510 787 1618 826 non
1665 767 1977 839 intelligant
2009 783 2022 831 ;
2074 763 2170 820 sed

581 875 921 942 infidelibus,
955 870 1049 944 qui
1078 884 1185 925 non
1219 871 1348 923 sunt
1376 862 1530 935 digni
1553 858 1882 931 intelligere,
1909 858 2053 914 sicut
2089 856 2168 911 di-

577 968 656 1025 cit
711 964 876 1021 Isaias
931 956 1200 1032 propheta
1251 971 1262 1009 :
1314 978 1331 1000 ι
1377 950 1532 1010 Vade
1559 956 1613 1005 et
1637 949 1728 1005 dic
1755 947 1961 1019 populo
1984 944 2116 1001 huic
2153 962 2164 1000 :

577 1058 723 1111 Aure
755 1049 1014 1117 audietis,
1031 1054 1084 1102 et
1113 1060 1225 1101 non
1258 1039 1603 1113 intelligetis,
1636 1048 1740 1095 etc.
1775 1038 1911 1110 (Isa.
1939 1053 2019 1103 vr,
2050 1036 2158 1106 9).»

649 1159 830 1234 (Vers.
865 1157 952 1214 23.
997 1156 1017 1228 )
1065 1178 1082 1200 ε
1104 1152 1161 1209 Si
1193 1148 1516 1209 convenerit
1543 1147 1804 1204 universa
1843 1143 2089 1202 Ecclesia
2113 1143 2170 1198 in

576 1269 770 1320 unum,
803 1259 856 1306 et
885 1250 1181 1322 loquantur
1208 1259 1398 1300 omnes
1427 1241 1654 1313 linguis,
1684 1239 1962 1296 introeant
1990 1243 2170 1292 autem

578 1343 828 1400 infideles
883 1346 936 1395 et
996 1337 1229 1401 idiotas;
1298 1349 1482 1388 nonne
1546 1330 1731 1386 dicent
1769 1329 1898 1402 quia
1954 1325 2174 1384 insani—

577 1434 650 1490 tis
676 1433 703 1488 ?
733 1458 752 1481 ι
794 1427 1148 1487 Manifestum
1177 1433 1261 1480 est
1290 1422 1419 1497 quia
1449 1420 1494 1477 si
1525 1436 1715 1476 omnes
1767 1417 2001 1475 diversis
2055 1415 2175 1471 lin-

579 1522 701 1597 guis
757 1520 1076 1592 loquantur,
1134 1514 1408 1570 tumultus
1455 1511 1518 1568 ﬁt
1559 1509 1784 1584 quidam
1854 1506 2176 1566 inconditus

577 1609 768 1684 populi
805 1607 947 1682 (28),
981 1604 1135 1679 quasi
1165 1601 1461 1677 phrenesin
1491 1598 1772 1673 patientis.

653 1717 818 1792 (Vers
846 1715 934 1783 24,
953 1712 1067 1785 25.)
1087 1739 1104 1760 ι
1136 1713 1192 1768 Si
1222 1719 1404 1767 autem
1426 1725 1616 1765 omnes
1639 1707 1986 1780 prophetent,
2010 1705 2180 1762 intret

580 1818 761 1869 autem
807 1807 1008 1880 aliquis
1051 1803 1312 1871 inﬁdelis,
1366 1803 1454 1858 vel
1504 1800 1698 1869 idiota,
1756 1799 2066 1871 increpatur
2113 1797 2180 1852 ab

581 1899 859 1966 omnibus,
899 1876 1246 1969 redarguitur
1297 1893 1364 1949 ab
1411 1891 1693 1957 omnibus,
1739 1889 1955 1945 Occulta
1994 1885 2176 1943 cordis
2206 1876 2250 1934 B

581 1992 700 2066 ejus
756 1989 1051 2047 manifesta
1107 1986 1251 2042 fiunt
1291 2001 1302 2039 :
1336 1991 1390 2038 et
1437 1991 1570 2038 tunc
1616 1979 1815 2036 cadens
1853 1977 1912 2032 in
1957 1975 2176 2043 faciem,

582 2065 833 2139 adorabit
877 2081 1074 2145 Deum,
1122 2072 1491 2148 pronuntians
1545 2069 1694 2144 quod
1743 2083 1871 2124 vere
1923 2065 1983 2124 in
2020 2065 2180 2121 vobis

581 2174 726 2229 Deus
756 2169 846 2227 sit.
874 2193 891 2217 ι
931 2166 1069 2224 Cum
1095 2163 1244 2221 enim
1286 2160 1548 2234 intelligit
1597 2169 1651 2218 et
1689 2158 2041 2231 intelligitur,
2073 2173 2180 2213 au-

583 2258 741 2316 diens
766 2256 979 2314 laudari
1013 2256 1208 2322 Deum,
1237 2259 1290 2309 et
1317 2250 1531 2307 adorari
1581 2248 1883 2316 Christum,
1928 2246 2181 2319 pervidet

584 2365 768 2406 veram
798 2363 912 2404 esse
941 2354 996 2402 et
1024 2341 1393 2401 venerandam
1423 2340 1766 2412 religionem,
1799 2338 1855 2393 in
1885 2352 1994 2410 qua
2035 2335 2178 2391 nihil

587 2441 854 2508 fucatum,
896 2437 1042 2494 nihil
1083 2437 1142 2492 in
1178 2433 1421 2491 tenebris
1458 2431 1611 2488 videt
1650 2431 1785 2504 geri,
1844 2429 1986 2486 sicut
2037 2426 2181 2500 apud

587 2547 848 2605 paganos,
904 2526 1105 2601 quibus
1159 2526 1416 2581 velantur
1471 2521 1663 2588 oculi;
1731 2536 1800 2576 ne
1851 2536 1973 2592 quas
2030 2533 2180 2574 sacra

592 2627 794 2678 vocant
823 2616 1236 2690 perspicientes,
1266 2611 1435 2668 variis
1465 2627 1521 2666 se
1550 2608 1891 2665 vanitatibus
1957 2615 2184 2664 cernant

586 2711 771 2768 illudi.
823 2709 1018 2767 Omnis
1066 2707 1216 2764 enim
1273 2704 1580 2778 impostura
1637 2702 1887 2759 tenebras
1942 2701 2101 2773 petit,
2132 2707 2184 2755 et

585 2800 721 2857 falsa
749 2815 848 2872 pro
876 2797 1022 2854 veris
1051 2795 1329 2861 ostendit;
1361 2793 1486 2850 ideo
1515 2791 1660 2866 apud
1703 2808 1803 2848 nos
1855 2789 1996 2846 nihil
2042 2796 2185 2845 astu-

588 2898 665 2959 te,
703 2887 851 2944 nihil
890 2887 992 2944 sub
1022 2887 1296 2942 velamine
1327 2902 1338 2940 :
1369 2883 1462 2941 sed
1490 2881 1818 2955 simpliciter
1863 2897 2007 2936 unus
2059 2881 2186 2936 lau—

587 2979 750 3034 datur
788 2977 954 3044 Deus,
1002 3000 1019 3022 ι
1058 2990 1127 3030 ex
1166 2989 1274 3046 quo
1313 2980 1443 3029 sunt
1480 2971 1687 3039 omnia,
1731 2979 1784 3026 et
1817 2987 1960 3027 unus
1985 2969 2187 3026 Domi-

546 3119 554 3124 .
590 3085 695 3126 nus
750 3067 927 3132 Iesus,
973 3080 1071 3137 per
1107 3079 1268 3136 quem
1307 3061 1494 3118 omnia
1547 3061 1604 3133 (Ι
1632 3061 1757 3118 Cor.
1786 3077 1908 3128 vm,
1936 3060 2016 3132 6).
2058 3085 2074 3108 ι
2129 3061 2186 3118 Si

597 3158 747 3215 enim
778 3157 968 3212 nullus
995 3154 1087 3223 sit,
1121 3153 1222 3227 qui
1248 3151 1521 3224 intelligat
1571 3151 1711 3223 (29),
1747 3157 1841 3206 aut
1876 3166 1908 3206 a
1935 3166 2043 3223 quo
2073 3151 2186 3223 ipse

587 3248 936 3316 discutiatur,
976 3250 1156 3318 potest
1180 3242 1361 3300 dicere
1403 3240 1777 3299 seductionem
1829 3255 1944 3298 esse
1991 3256 2177 3314 quam-
2211 3240 2256 3302 Ο

587 3338 711 3394 dam
752 3346 806 3395 et
842 3335 1165 3404 vanitatem,
1221 3348 1341 3405 quae
1371 3331 1495 3389 ideo
1532 3329 1738 3403 linguis
1773 3330 2010 3399 canitur,
2053 3330 2180 3403 quia

588 3427 815 3500 pudoris
841 3433 944 3496 est,
978 3425 1023 3482 si
1049 3423 1345 3482 reveletur.

661 3535 842 3608 (Vers.
875 3534 992 3605 26.)
1038 3559 1056 3582 ι
1085 3531 1230 3599 Quid
1259 3538 1340 3587 est
1369 3529 1557 3602 igitur,
1596 3528 1791 3584 fratres
1812 3528 1840 3585 εἶ
1887 3527 2023 3585 Cum
2055 3545 2180 3585 con-

591 3623 816 3692 venitis,
838 3621 1219 3694 unusquisque
1239 3625 1484 3674 vestrum
1505 3618 1781 3675 canticum
1804 3616 1969 3673 habet
2003 3618 2166 3692 (30);.

591 3714 646 3768 id
677 3720 779 3782 est,
822 3711 1041 3767 laudem
1077 3709 1176 3765 Dei
1224 3724 1321 3780 per
1363 3707 1638 3765 canticum
1687 3708 1985 3781 eloquitur.
2032 3734 2049 3756 ‹
2078 3711 2182 3765 Do-

587 3802 823 3861 ctrinam
853 3799 1018 3858 habet
1054 3817 1067 3868 ;
1098 3824 1116 3848 ι
1158 3798 1265 3857 hoc
1295 3806 1399 3868 est,
1435 3814 1694 3856 sensuum
1748 3814 1844 3871 per
1880 3797 2181 3872 spiritalem

589 3891 937 3968 prudentiam
973 3888 1089 3962 (31)
1123 3887 1287 3944 habet
1328 3887 1748 3960 expositionem.
1797 3912 1814 3935 ε
1863 3887 2183 3944 Revelatio—

588 4002 717 4043 nem
759 3981 957 4049 habet;
998 4006 1017 4029 ι
1062 3978 1119 4035 id
1148 3989 1248 4049 est,
1280 3979 1465 4036 subest
1507 3979 1555 4035 ei
1609 3979 1897 4051 prophetia
1942 3980 2183 4036 occulto.

589 4096 734 4148 rum,
768 4093 888 4151 quin
933 4073 1002 4132 ad
1050 4073 1300 4130 omnium
1349 4081 1588 4128 mentem
1638 4072 1941 4143 perveniat,
1964 4071 2184 4129 favente

586 4169 798 4242 Spiritu
852 4175 1059 4224 sancto.
1115 4189 1133 4213 ι
1174 4163 1438 4236 Linguam
1494 4160 1700 4229 habet;
1752 4186 1770 4208 ι
1815 4168 1902 4216 .ut
1959 4177 2050 4217 eos
2087 4161 2182 4235 qui

587 4254 777 4327 lingua
834 4256 983 4328 loqui
1033 4260 1304 4327 poterant,
1361 4268 1472 4308 non
1533 4250 1901 4317 contristaret,
1935 4250 2184 4321 permisit

586 4358 678 4399 eos
735 4344 888 4415 loqui
938 4343 1144 4416 linguis
1202 4362 1213 4400 :
1277 4343 1354 4399 ita
1412 4351 1616 4411 tamen,
1677 4347 1740 4396 ut
1802 4338 2182 4410 interpretatio

586 4439 925 4504 sequeretur.
958 4431 1087 4488 Ideo
1115 4433 1193 4488 ait
1221 4449 1233 4486 :
1288 4457 1305 4481 ‹
1336 4430 1847 4503 Interpretationem
1899 4427 2066 4485 habet
2094 4447 2107 4496 ;
2151 4454 2167 4475 ι

586 4526 649 4574 ut
699 4519 746 4574 si
807 4519 1076 4593 interpres
1123 4519 1355 4589 adesset,
1415 4520 1637 4577 daretur
1695 4520 1847 4577 locus
1921 4519 2180 4592 loquendi

588 4607 810 4680 linguis.

671 4742 689 4764 ι
719 4716 918 4772 Omnia
945 4715 1013 4773 ad
1042 4715 1468 4774 adiﬁcationem
1499 4715 1653 4773 ﬁant.
1687 4740 1704 4766 ι
1751 4717 2046 4776 Conclusio
2073 4717 2191 4775 haec

583 4814 683 4874 est,
722 4814 784 4862 ut
815 4805 956 4862 nihil
987 4805 1262 4863 incassum
1299 4805 1359 4862 in
1386 4805 1636 4864 Ecclesia
1694 4815 1931 4880 geratur,
1982 4808 2194 4880 hocque

582 4893 974 4951 elaborandum
1024 4894 1216 4967 magis,
1265 4901 1326 4950 ut
1378 4901 1431 4950 et
1494 4895 1742 4968 imperiti
1771 4895 2094 4968 proficiant;
2128 4911 2195 4950 ne

585 4982 720 5057 quid
765 4983 838 5040 sit
883 4982 1131 5056 corporis
1179 4997 1274 5055 per
1310 4981 1659 5055 imperitiam
1707 4985 2078 5040 tenebrosum.
2112 4984 2194 5039 Id-

584 5069 733 5130 circo
767 5088 955 5128 omnes
986 5081 1202 5145 paratos
1233 5072 1355 5127 vult
1405 5073 1702 5130 convenire
1749 5072 1984 5129 diversis
2034 5072 2196 5132 donis

584 5163 931 5240 Spiritalibus
963 5180 976 5230 ;
1021 5169 1084 5217 ut
1107 5163 1222 5236 ipsa
1253 5161 1522 5219 aviditate
1552 5162 1723 5218 animi
1753 5163 2065 5235 vigilantes,
2097 5165 2196 5221 in-

584 5256 761 5313 vicem
792 5270 848 5310 se
893 5251 1269 5320 exhortantes,
1312 5253 1543 5310 meliora
1589 5251 1734 5310 dona
1781 5252 2192 5317 aemularentur,

586 5347 655 5405 ad
685 5345 1149 5403 illuminationem
1180 5344 1438 5402 fratrum.
1581 5337 1586 5344 ’

660 5455 841 5528 (Vers.
875 5454 990 5527 27.)
1041 5452 1144 5509 «Si
1173 5451 1364 5525 lingua
1413 5452 1538 5526 quis
1584 5454 1851 5526 loquitur,
1879 5469 1976 5528 per
2030 5452 2188 5526 duos,

662 5601 781 5671 (28)
814 5600 999 5659 Codex
1033 5598 1220 5668 Corb.,
1252 5598 1309 5655 in
1333 5605 1461 5655 cestu
1476 5599 1684 5671 populi.

663 5671 780 5746 (29)
813 5674 941 5746 Mss.
972 5671 1248 5746 nonnulli,
1281 5673 1467 5746 uultus
1488 5672 1574 5746 sit,
1605 5689 1754 5746 quem
1782 5671 2064 5746 intelligat.

661 5741 780 5816 (30)
812 5743 998 5803 Codex
1025 5745 1204 5816 Gem.,
1230 5745 1500 5817 psalmum
1528 5741 1697 5803 habet.

2279 672 2577 745 loquantur
2609 689 2620 726 :
2655 669 2751 726 sed
2780 669 3006 741 singuli,
3038 683 3150 722 non
3180 664 3346 722 simul
3399 677 3617 728 omnes;
3667 677 3737 716 ne
3795 661 3878 715 in-

2279 760 2460 817 sanire
2487 758 2826 813 viderentur.
2861 757 3010 824 ldeo,
3041 771 3169 827 ergo
3215 777 3233 801 ι
3281 759 3343 807 ut
3383 751 3618 806 multum
3669 759 3804 819 tres,
3847 776 3863 794 -

2279 865 2350 904 ne
2373 853 2701 916 occuparent
2729 843 2876 899 diem
2915 841 3119 913 linguis
3149 841 3453 913 loquentes,
3505 844 3558 892 et
3606 837 3876 910 interpre-

2279 947 2360 995 tes
2388 937 2656 1004 illorum;
2714 943 2768 992 et
2830 951 2940 990 non
3007 932 3272 989 haberent
3330 930 3608 1003 prophetae
3664 937 3884 1002 tempus

2280 1027 2588 1099 Scripturas
2617 1023 2921 1081 disserendi
2957 1022 3104 1095 (32),
3145 1020 3240 1095 qui
3269 1029 3398 1076 sunt
3423 1020 3593 1076 totius
3623 1018 3884 1075 Ecclesia:

2281 1116 2704 1173 illuminatores.

2356 1206 2536 1278 (Vers.
2569 1204 2685 1276 28.)
2725 1228 2742 1251 ι
2771 1202 2930 1271 Quod
2957 1201 3004 1257 si
3033 1217 3144 1256 non
3176 1199 3342 1254 fuerit
3375 1199 3663 1270 interpres,
3707 1204 3884 1254 taceat

2283 1295 2342 1351 in
2397 1295 2645 1352 Ecclesia
2692 1311 2704 1350 :
2748 1293 2851 1348 sibi
2890 1300 3073 1348 autem
3115 1290 3369 1363 loquatur
3409 1296 3462 1344 et
3499 1291 3659 1354 Deo;
3701 1313 3718 1334 ι
3775 1287 3882 1344 hoc

2283 1392 2387 1453 est,
2439 1385 2583 1440 intra
2633 1400 2689 1439 se
2747 1383 2908 1439 tacite
2971 1389 3110 1449 oret,
3143 1387 3240 1436 aut
3297 1380 3557 1451 loquatur
3611 1379 3744 1444 Deo,
3787 1376 3883 1449 qui

2285 1473 2441 1530 audit
2504 1481 2657 1530 muta
2695 1472 2881 1528 omnia
2914 1491 2927 1540 ;
2982 1472 3040 1527 in
3079 1468 3325 1528 Ecclesia
3360 1467 3508 1524 enim
3552 1466 3644 1522 ille
3709 1464 3876 1521 debet

2287 1564 2460 1637 loqui,
2493 1563 2587 1638 qui
2617 1562 2876 1618 omnibus
2902 1561 3093 1634 prosit.

2373 1661 2514 1718 159
2559 1655 2740 1727 (Vers.
2774 1654 2891 1724 29.)
2939 1678 2955 1699 ε
2987 1651 3269 1725 Propheta:
3305 1656 3486 1706 autem
3518 1649 3629 1705 duo
3658 1647 3745 1703 vel
3774 1653 3888 1701 tres

2291 1755 2610 1826 loquantur,
2671 1760 2726 1808 et
2777 1749 2872 1806 alii
2931 1749 3268 1816 examinent,
3321 1748 3409 1803 vel
3463 1747 3826 1816 interrogent.
3856 1767 3876 1788 ιι

2291 1847 2476 1918 Ipsum
2541 1844 2766 1900 modum
2822 1841 3002 1897 tenuit
3031 1839 3265 1896 dicendo
3299 1857 3311 1895 :
3358 1863 3376 1887 ι
3404 1839 3523 1894 Duo
3552 1837 3639 1892 vel
3666 1845 3780 1892 tres
3809 1835 3890 1890 lo-

2290 1945 2568 2011 quantur;
2601 1959 2618 1982 ι
2661 1934 2865 2007 singuli
2895 1940 3099 2000 autem,
3133 1932 3276 1988 sicut
3303 1945 3485 2001 supra.
3514 1928 3749 1985 Caeteros
3793 1942 3890 1982 au-

2288 2036 2399 2084 tem
2430 2027 2765 2099 interrogare
2799 2022 3049 2098 permisit
3078 2021 3145 2078 de
3175 2021 3243 2077 iis
3275 2037 3395 2095 quae
3424 2019 3566 2076 forte
3606 2017 3663 2074 in
3707 2017 3884 2074 ambi-

2291 2134 2457 2189 gnum
2486 2116 2739 2184 veniunt,
2768 2123 2862 2170 aut
2891 2131 3011 2188 quae
3045 2112 3259 2185 assequi
3290 2109 3493 2180 aliquis
3521 2124 3632 2165 non
3660 2114 3837 2180 potest
3870 2124 3884 2173 ;

2290 2208 2385 2282 qui
2415 2207 2633 2263 diversa
2663 2214 2791 2262 sunt
2830 2203 3072 2278 ingenia,
3121 2210 3184 2260 ut
3228 2199 3599 2275 disputatione
3639 2197 3888 2272 pianiore

2290 2296 2695 2354 dilucedentur.

2365 2386 2676 2460 (Vers.30.)
2712 2410 2729 2433 ι
2759 2384 2917 2453 Quod
2945 2384 2992 2440 si
3013 2383 3108 2440 alii
3135 2383 3438 2439 revelatum
3462 2380 3628 2437 fuerit
3653 2375 3886 2446 sedenti,

2292 2475 2444 2548 prior
2477 2483 2653 2531 taceat
2686 2492 2698 2542 ;
2734 2499 2752 2523 ι
2797 2473 2853 2529 id
2882 2481 2982 2540 est,
3040 2472 3325 2544 permittat
3381 2471 3561 2543 potior
3614 2467 3888 2532 inferiori,

2292 2571 2356 2620 ut
2383 2564 2430 2620 si
2460 2571 2640 2636 potest
2665 2563 2814 2620 dicat
2846 2579 2857 2617 :
2892 2578 2992 2619 nec
3027 2579 3166 2634 aegre
3217 2561 3373 2629 ferat,
3430 2559 3559 2633 quia
3604 2565 3780 2632 potest
3837 2563 3892 2611 et

2294 2654 2379 2710 illi
2434 2655 2552 2712 dari
2611 2655 2840 2723 donum,
2872 2659 2935 2708 ut
2988 2652 3158 2720 dicat,
3184 2668 3309 2708 cum
3362 2650 3582 2706 videtur
3637 2647 3889 2715 inferior,

2294 2746 2439 2819 quod
2471 2745 2672 2818 potiori
2699 2759 3017 2801 concessum
3048 2758 3160 2798 non
3189 2749 3288 2798 est.
3320 2741 3473 2798 Sicut
3518 2738 3664 2795 enim
3711 2744 3891 2794 totum

2295 2836 2392 2892 uni
2446 2835 2673 2892 concedi
2730 2851 2842 2890 non
2901 2841 3096 2906 potest,
3139 2831 3267 2887 licet
3321 2828 3546 2902 potiori,
3577 2828 3654 2884 ita
3681 2836 3734 2884 et
3777 2842 3892 2882 non

2295 2934 2474 3001 potest
2530 2926 2719 2994 alicui,
2752 2924 3005 2997 quamvis
3058 2920 3326 2988 inferiori,
3356 2919 3500 2975 nihil
3567 2915 3842 2990 impertiri
3877 2935 3892 2983 ;

2295 3027 2357 3074 ut
2387 3033 2549 3073 nemo
2574 3016 2645 3072 sit
2676 3031 2882 3072 vacuus
2909 3030 2940 3069 a
2978 3011 3150 3084 gratia
3174 3009 3296 3068 Dei.

2369 3108 2553 3180 (Vers.
2594 3106 2710 3176 31.)
2757 3129 2774 3152 ‹
2807 3101 3040 3160 Potestis
3061 3100 3208 3157 enim
3237 3115 3332 3171 per
3363 3098 3609 3172 singulos
3643 3096 3897 3169 prophe—

2293 3203 2428 3266 tare,
2460 3204 2522 3254 ut
2572 3209 2762 3251 omnes
2805 3192 3038 3260 discant,
3085 3199 3138 3247 et
3184 3204 3372 3244 omnes
3427 3187 3813 3242 exhortantur.
3860 3210 3899 3234 »-

2293 3286 2421 3342 Haec
2451 3284 2676 3342 traditio
2700 3283 2995 3354 Synagogaa
3015 3287 3117 3349 est,
3150 3295 3314 3352 quam
3340 3294 3439 3334 nos
3467 3278 3590 3332 vult
3637 3275 3837 3333 sectari
3867 3294 3884 3343 ;

2291 3377 2446 3450 quia.
2474 3373 2802 3433 Christianis
2858 3370 3080 3444 quidem
3135 3371 3348 3438 scribit,
3370 3368 3463 3425 sed
3515 3384 3585 3424 ex
3629 3365 3892 3440 gentibus

2291 3464 2470 3532 factis,
2501 3479 2613 3518 non
2639 3478 2708 3517 ex
2733 3460 2936 3517 Iudaeis
2979 3476 2991 3514 :
3053 3469 3115 3515 ut
3139 3459 3420 3541 ‘sedentes
3472 3457 3773 3530 disputent,
3807 3471 3890 3511 se-

2291 3554 2476 3610 niores
2523 3551 2790 3623 dignitate
2844 3550 2904 3606 in
2965 3547 3264 3616 cathedris,
3312 3555 3596 3621 sequentes
3644 3546 3703 3600 in
3751 3545 3884 3600 sub-

2291 3639 2481 3708 selliis,
2513 3639 2803 3696 novissimi
2835 3639 2890 3694 in
2935 3637 3254 3712 pavimento
3301 3651 3462 3708 super
3506 3640 3720 3689 mattas.
3753 3630 3896 3698 Qui-

2290 3736 2393 3793 bus
2439 3735 2487 3792 si
2543 3734 2846 3791 revelatum
2904 3732 3090 3801 fuerit,
3145 3729 3388 3787 dandum
3446 3729 3628 3785 locum
3660 3725 3893 3784 dicendi

2292 3827 2563 3902 praecipit,
2594 3843 2694 3884 nec
2734 3825 3116 3900 despiciendos
3147 3841 3159 3881 :
3193 3825 3324 3898 quia
3353 3821 3597 3878 membra
3641 3820 3901 3893 corporis

2293 3931 2440 3980 sunt.

2368 4014 2549 4086 (Vers.
2580 4012 2696 4084 32.)
2745 4038 2761 4059 ι
2797 4011 2867 4065 Et
2904 4008 3135 4081 spiritus
3183 4007 3569 4081 prophetarum
3600 4005 3900 4077 prephetis

2294 4103 2572 4175 subjectus
2603 4111 2702 4170 est,
2735 4127 2752 4150 ν
2800 4100 2940 4168 Quia
2969 4099 3117 4155 enim
3158 4114 3302 4153 unus
3349 4106 3510 4170 atque
3567 4094 3713 4150 idem
3768 4093 3900 4166 Spi-

2293 4196 2433 4250 ritus
2462 4201 2560 4249 est.
2592 4218 2608 4239 -
2654 4191 2747 4265 qui
2807 4199 2918 4244 tam
2977 4186 3263 4260 prophetis
3318 4185 3505 4243 futura
3555 4182 3902 4254 dicentibus,

2293 4300 2456 4356 quam
2487 4282 2557 4338 iis
2587 4280 2680 4354 qui
2711 4278 2955 4335 revelant
3013 4275 3341 4347 Scripturas,
3388 4271 3636 4329 infundit
3683 4289 3736 4327 se
3793 4287 3907 4344 pro

2292 4376 2503 4431 ratione
2537 4379 2590 4428 et
2617 4372 2878 4445 qualitate
2899 4383 3207 4436 causarum,
3242 4365 3449 4422 idcirco
3475 4363 3623 4419 dixit
3655 4381 3667 4420 :
3707 4387 3724 4409 ι
3753 4361 3906 4418 Sub-

2287 4463 2466 4537 jectus
2493 4471 2576 4521 est
2609 4460 2890 4535 prophetis
2918 4477 2929 4515 :
2964 4484 2981 4506 ι
3050 4464 3109 4512 ιιι
3169 4454 3387 4526 ingenia
3439 4453 3759 4509 accenderet
3791 4450 3911 4510 hac

2296 4571 2408 4626 spe,
2439 4553 2586 4628 quod
2615 4551 2852 4625 Spiritus
2881 4555 3108 4606 conatus
3136 4544 3312 4599 bonos
3343 4539 3587 4613 adjuvet.
3607 4538 3910 4597 Desiderio

2303 4647 2452 4704 enim
2484 4646 2694 4718 optimo
2723 4642 2792 4698 ad
2823 4641 2921 4696 Dei
2951 4656 3037 4696 res
3065 4634 3396 4692 enarrandas
3427 4634 3542 4708 (33)
3585 4630 3861 4718 subvenit,
3890 4649 3906 4688 :

2306 4745 2366 4792 ut
2395 4717 2622 4806 impleat
2649 4730 2781 4786 boni
2811 4727 3076 4800 propositi
3108 4726 3473 4782 voluntatem.
3532 4722 3666 4778 Nam
3721 4729 3777 4775 et
3829 4717 3916 4774 de

2303 4828 2585 4883 Salvatore
2638 4822 2782 4877 idem
2841 4819 3053 4874 dictum
3105 4824 3230 4874 est:
3280 4842 3298 4863 ι
3328 4814 3595 4872 Bibebant
3623 4819 3808 4866 autem
3829 4808 3918 4866 de

2304 4915 2541 4988 spiritali
2567 4917 2828 4985 sequente
2880 4915 3052 4982 petra,
3085 4914 3236 4980 petra
3290 4914 3468 4962 autem
3501 4912 3612 4961 erat
3641 4902 3922 4962 Christus

2307 5006 2365 5076 (Ι
2393 5005 2518 5060 Cor.
2550 5020 2609 5072 ιι,
2641 5002 2697 5072 li)
2735 5019 2748 5069 ;
2789 5025 2807 5049 ›
2860 4999 2965 5054 hoc
2998 5006 3099 5067 est,
3134 5004 3188 5052 et
3220 4995 3541 5075 subjectum
3571 5010 3707 5061 esse,
3747 4993 3924 5065 quod

2304 5103 2358 5151 et
2383 5093 2537 5167 sequi
2570 5111 2584 5160 ;
2627 5090 2955 5164 sequebatur
3010 5087 3178 5155 enim,
3211 5093 3271 5141 ut
3310 5083 3568 5140 humanis
3620 5081 3926 5155 suffragiis

2305 5182 2712 5251 deﬁcientibus,
2744 5181 2956 5236 adesset
2976 5179 3045 5236 ad
3071 5176 3344 5234 auxilium
3402 5175 3784 5232 tribuendum.
3817 5175 3929 5233 Ita

2304 5283 2358 5331 et
2415 5273 2652 5344 Spiritus
2696 5270 2976 5343 subjectus
3030 5268 3254 5334 dicitur,
3313 5273 3376 5322 ut
3429 5273 3657 5324 conatus
3721 5263 3928 5324 bonos

2305 5363 2550 5436 adjuvet,
2599 5379 2725 5418 cum
2779 5361 3069 5435 suggerit;
3116 5355 3396 5428 subjectus
3449 5362 3597 5413 enim
3652 5353 3926 5430 videtur,

2303 5455 2398 5528 qui
2418 5461 2595 5526 coepta
2620 5453 2844 5510 alterius
2873 5451 3104 5524 perﬁcit.

2373 5600 2492 5817 ΞΜ)
2532 5601 2633 5658 Ms.
2668 5601 2855 5684 CoOrb.,
2882 5617 2981 5672 per
3001 5599 3301 5682 naturalem
3327 5596 3694 5682 prudentiam.

2401 5675 2468 5729 32
2524 5674 2651 5729 Mss.
2681 5675 2910 5746 aliquot,
2955 5673 3261 5742 Scmpturas
3281 5670 3628 5725 discernendi.

2398 5744 2488 5816 33)
2521 5744 2706 5803 Codex
2738 5743 2923 5810 Corb.,
2953 5744 3024 5798 ad
3053 5742 3150 5799 Dei
3173 5758 3256 5797 res
3282 5742 3554 5813 gerendas.

2401 5670 2492 5746 32)
2524 5674 2651 5746 Mss.
2681 5670 2910 5746 aliquot,
2955 5673 3261 5746 Scﬁptums
3281 5670 3628 5746 discernendi.

2398 5742 2488 5816 33)
2521 5744 2706 5803 Codex
2738 5742 2923 5810 αὐτὴ,
2953 5744 3024 5798 ad
3053 5742 3150 5799 Dei
3173 5758 3256 5797 res
3282 5742 3554 5813 gerendas.
