4112 6178
236 303 328 358 273

1288 296 1650 354 COMMENT.
1690 297 1759 352 IN
1797 296 2016 353 EPIST.
2060 297 2081 352 Ι
2121 298 2216 352 AD
2257 297 2414 355 COR.

3429 287 3536 349 274

299 428 467 500 (Vers.
496 427 614 498 33.)
665 452 682 473 -
710 426 835 482 Non
871 432 952 481 est
999 425 1149 480 enim
1191 420 1553 480 dissensionis
1597 429 1812 490 auctor,
1845 423 1895 482 A
1923 421 1992 477 ad
2023 419 2378 493 emptionem,
2417 421 2573 494 quasi
2617 416 2955 478 beneﬁcium
2999 415 3351 490 praestiturus
3393 432 3524 473 ven-

232 519 316 576 sed
357 517 514 589 pacis.
571 541 591 565 ι
634 516 776 584 Quia
831 531 957 588 ergo
1012 513 1161 587 pacis
1206 521 1398 569 auctor
1441 519 1542 579 est,
1593 511 1812 567 dicente

229 607 489 662 Salvatore
532 622 544 660 :
612 629 631 653 ι
671 606 867 662 Pacem
909 619 1082 660 meam
1131 603 1202 659 do
1251 599 1430 670 vobis,
1484 615 1670 672 pacem
1720 616 1816 654 re-

229 695 406 768 linquo
443 694 603 750 vobis
652 694 832 765 (Joan.
863 711 980 761 xiv,
1016 691 1132 764 27),
1181 716 1197 736 ι
1243 705 1406 745 nemo
1435 689 1672 743 alterum
1704 703 1816 742 non

224 783 357 839 sinat
384 784 585 851 dicere,
618 799 792 857 neque
819 782 1042 839 debebit
1091 780 1318 845 dicenti,
1362 777 1548 833 studio
1595 784 1815 834 contra-

223 872 454 942 dicendi,
487 874 754 941 resistere,
784 890 850 929 ne
882 871 1167 929 discordia
1195 869 1290 924 ﬁat
1323 868 1381 922 in
1413 883 1669 939 corpore.
1709 866 1814 933 Qui

219 964 362 1021 enim
399 965 457 1021 in
488 980 614 1037 pace
643 973 934 1031 vocantur,
982 960 1263 1035 patientiae
1311 957 1512 1014 debent
1563 956 1808 1012 studere;

219 1070 282 1110 ne
310 1055 456 1128 pacis
479 1053 606 1127 jura
632 1056 940 1111 solvantur.
984 1076 1003 1098 ι
1043 1051 1197 1108 Sicut
1224 1050 1282 1105 in
1314 1047 1570 1103 omnibus
1607 1047 1809 1102 Eccle-

217 1143 307 1200 siis
334 1152 652 1202 sanctorum
693 1142 885 1200 doceo.
913 1168 930 1191 ι
971 1142 1087 1197 Hoc
1111 1139 1259 1196 dicto
1289 1138 1539 1192 hortatur
1569 1135 1717 1203 illos,
1748 1144 1811 1191 ut

215 1251 330 1308 quze
369 1235 631 1306 praecepit
657 1233 881 1301 faciant,
913 1229 1130 1304 quando
1171 1227 1430 1283 similiter
1463 1243 1519 1282 se
1543 1224 1808 1282 Ecclesiis

211 1332 529 1380 sanctorum
551 1323 844 1396 praedicare
871 1328 1120 1377 testatur.

283 1414 466 1483 (Vers.
496 1413 609 1484 34.)
643 1412 759 1482 (34)
807 1437 824 1458 ι
857 1410 1112 1466 Mulieres
1141 1416 1334 1465 vestra)
1364 1407 1424 1463 in
1453 1406 1697 1465 Ecclesia
1728 1414 1807 1463 ta-

211 1510 384 1560 ceant.
447 1527 466 1551 ›
531 1503 690 1558 Nunc
744 1502 912 1557 tradit
959 1499 1104 1573 quod
1144 1497 1599 1571 praetermiserat;
1661 1495 1806 1553 sicut

212 1595 351 1650 enim
383 1593 555 1650 velari
592 1592 854 1649 mulieres
898 1593 957 1648 in
1007 1591 1253 1649 Ecclesia
1293 1590 1551 1663 praecepit
1589 1591 1647 1661 (Ι
1677 1591 1802 1646 Cor.

213 1699 288 1751 xi,
320 1684 403 1752 5),
435 1682 598 1739 modo
624 1690 688 1739 ut
716 1683 915 1756 quietae
945 1683 1056 1739 sint
1086 1689 1140 1738 et
1167 1681 1490 1737 verecundae
1523 1677 1800 1735 ostendit:

1929 507 2102 567 denti.
2131 508 2262 565 Ideo
2290 508 2397 566 hoc
2423 509 2719 582 Apostolus
2762 509 2943 582 arguit
2981 507 3041 566 in
3070 504 3395 574 Corinthiis,
3431 505 3527 579 qui

1926 602 2064 658 tales
2092 617 2148 656 se
2179 599 2494 673 praebebant
2524 601 2756 657 elatione
2784 599 3068 667 vanitatis,
3122 596 3277 672 quasi
3316 595 3364 653 si
3420 594 3526 668 ipsi

1929 708 2041 747 non
2070 690 2360 747 obedirent
2389 689 2576 746 verbis
2613 689 2761 759 ﬁdei,
2793 707 2954 747 nemo
3010 697 3151 746 esset
3202 687 3299 763 qui
3344 684 3526 743 crede-

1929 790 2031 848 ret,
2061 781 2206 838 sicut
2235 779 2372 837 dicit
2400 780 2605 836 Judazis
2635 799 2647 838 :
2694 804 2711 827 ι
2741 779 2912 836 Vobis
2944 779 3184 854 primum
3236 774 3532 850 oportebat

1928 871 2080 944 loqui
2109 872 2276 927 verba
2295 870 2423 928 vitae
2445 871 2613 943 hujus
2643 889 2655 927 :
2689 870 2784 927 sed
2811 871 2940 944 quia
2964 869 3240 944 repulistis
3268 884 3350 936 ea,
3382 867 3528 924 indi-

1925 978 2060 1033 gnos
2088 979 2187 1018 vos
2212 961 2476 1020 facientes
2519 969 2736 1017 aeterna).
2783 959 2936 1028 vitae,
2982 975 3106 1016 ecce
3147 957 3523 1016 convertimur

1923 1068 2024 1107 nos
2051 1051 2120 1106 ad
2146 1059 2332 1123 gentes
2365 1051 2509 1123 (Act.
2549 1067 2675 1118 xm,
2708 1050 2827 1121 46).
2861 1075 2880 1099 ›

1995 1141 2175 1211 (Vers.
2210 1140 2326 1212 37.)
2385 1163 2404 1188 ι
2431 1140 2484 1196 Si
2529 1141 2654 1213 quis
2699 1139 3053 1196 existimatur
3079 1135 3349 1211 propheta
3393 1151 3527 1204 esse,

1920 1240 2014 1289 aut
2051 1233 2334 1306 spiritalis,
2366 1241 2660 1305 cognoscat
2687 1249 2806 1304 quae
2839 1230 3021 1289 scribo
3052 1229 3230 1297 vobis,
3263 1228 3394 1302 quia
3423 1230 3526 1285 Do-

1920 1325 2059 1382 mini
2090 1333 2218 1382 sunt
2249 1325 2521 1380 mandata.
2554 1349 2572 1372 ι
2611 1325 2727 1380 Hoc
2773 1322 2963 1379 dicens
3007 1319 3185 1392 tangit
3209 1335 3374 1391 supra
3405 1335 3531 1374 me-

1917 1427 2161 1474 moratos
2208 1418 2376 1474 falsos
2412 1417 2709 1489 apostolos,
2757 1431 2789 1471 a
2837 1413 3037 1488 quibus
3083 1412 3303 1470 fuerant
3335 1413 3528 1487 depra-

1919 1509 2056 1575 vati,
2091 1507 2186 1580 qui
2226 1524 2326 1581 pro
2354 1507 2644 1563 desideriis
2672 1504 2964 1560 hominum
3011 1519 3122 1558 non
3163 1502 3373 1573 divina,
3425 1503 3522 1560 sed

1920 1605 2138 1654 terrena
2165 1597 2456 1654 docebant.
2495 1597 2622 1653 Ideo
2665 1596 2756 1652 hic
2800 1594 2942 1650 nihil
2989 1609 3150 1650 suum
3192 1591 3407 1650 tradere
3455 1610 3513 1650 se

1919 1684 2078 1756 dicit,
2106 1687 2202 1744 sed
2229 1687 2454 1744 Domini
2489 1705 2500 1743 :
2534 1694 2596 1742 ut
2625 1685 2828 1760 quibus
2872 1684 3086 1753 suadet,
3126 1684 3240 1739 Deo
3271 1682 3388 1756 (36)
3421 1700 3522 1740 ac-

212 1780 269 1828 ut
297 1787 475 1845 operae
507 1773 746 1846 pretium
776 1773 870 1840 sit,
901 1772 1030 1846 qnia
1057 1772 1330 1828 velantur.
1374 1771 1430 1825 Si
1469 1769 1616 1826 enim
1656 1769 1807 1824 ima-
1838 1782 1885 1843 Β
1919 1778 2110 1850 quisiti
2153 1794 2264 1834 non
2316 1776 2636 1834 hominibus
2677 1775 2973 1832 videantur
3004 1791 3017 1831 :
3066 1791 3178 1847 qua
3221 1773 3428 1830 fiducia
3471 1784 3526 1832 et

211 1878 274 1933 go
302 1863 403 1918 Dei
433 1863 520 1918 vir
551 1872 653 1931 est,
685 1879 798 1919 non
830 1863 1054 1930 femina,
1087 1870 1141 1918 et
1167 1863 1291 1917 viro
1320 1859 1566 1932 subjecta
1595 1867 1677 1916 est
1697 1860 1812 1932 lege

209 1965 474 2024 naturae;
537 1964 744 2030 quanto
803 1954 974 2026 magis
1030 1953 1088 2008 in
1142 1952 1391 2009 Ecclesia
1447 1951 1650 2008 debent
1700 1967 1814 2006 esse

208 2045 475 2117 subjectae
519 2053 742 2118 pr0pter
785 2042 1148 2100 reverentiam
1179 2041 1316 2113 ejus,
1351 2041 1445 2113 qui
1477 2040 1630 2096 illius
1659 2042 1815 2112 lega-

208 2143 295 2191 tus
323 2143 427 2203 est,
458 2135 552 2207 qui
584 2134 749 2190 etiam
783 2133 889 2188 viri
919 2140 1084 2206 caput
1110 2140 1226 2188 est:
1293 2156 1311 2178 ι
1353 2131 1472 2188 Non
1503 2131 1651 2187 enim
1683 2146 1815 2202 per-

211 2225 456 2281 mittitur
482 2224 596 2280 illis
625 2224 798 2298 loqui,
830 2225 924 2280 sed
968 2239 1084 2279 esse
1114 2224 1172 2279 in
1201 2223 1425 2279 silentio
1475 2221 1616 2293 (35),
1669 2221 1812 2278 sicut

211 2325 260 2372 et
289 2317 377 2372 lex
408 2313 570 2371 dicit.
614 2341 632 2364 ι
684 2313 828 2382 Quid
858 2313 995 2370 dicit
1025 2314 1161 2369 lex?
1219 2338 1237 2360 ι
1283 2312 1371 2370 Ad
1417 2312 1600 2368 virum
1651 2319 1808 2368 tuum

210 2405 499 2462 conversio
546 2411 662 2472 tua,
710 2411 764 2459 et
810 2403 924 2476 ipse
972 2402 1054 2460 tui
1105 2401 1484 2459 dominabitur
1531 2403 1688 2474 (Gen.
1721 2419 1805 2469 Ill,

213 2497 318 2568 16).
366 2521 384 2545 ι
425 2497 560 2553 Haec
608 2496 699 2551 lex
755 2493 1008 2566 specialis
1062 2501 1189 2550 est:
1246 2492 1377 2550 hinc
1430 2494 1562 2550 Sara
1616 2491 1809 2548 domi-

211 2603 337 2644 num
368 2586 606 2643 vocabat
643 2582 924 2640 Abraham
965 2583 1149 2639 virum
1198 2599 1400 2650 suum;
1455 2599 1520 2640 ac
1561 2598 1657 2654 per
1703 2581 1810 2638 hoc

210 2677 263 2733 in
293 2676 519 2734 silentio
541 2675 813 2748 jubentur
848 2690 984 2743 esse,
1029 2690 1097 2730 ne
1144 2671 1470 2746 supradictae
1509 2672 1644 2745 legis
1673 2687 1810 2729 sen-

210 2767 376 2824 tentia
407 2766 745 2834 iniirmetur,
776 2764 933 2838 cujus
978 2781 1190 2822 memor
1226 2763 1375 2834 Sara,
1410 2765 1534 2821 viro
1563 2780 1663 2820 suo
1691 2771 1810 2820 erat

209 2856 474 2930 subjecta,
502 2857 645 2915 sicut
673 2857 886 2915 dictum
940 2864 1040 2914 est.
1097 2856 1362 2924 Quamvis
1409 2873 1522 2912 una
1569 2871 1696 2912 caro
1738 2853 1810 2909 sit

212 2948 364 3017 (Gen.
413 2965 476 3017 II,
510 2947 626 3019 24),
675 2946 769 3004 sed
819 2946 1032 3003 duabus
1080 2961 1149 3000 ex
1197 2945 1376 3002 causis
1415 2945 1644 3017 jubetur
1697 2958 1812 2998 esse

207 3037 491 3111 subjecta:
523 3039 655 3110 quia
682 3045 736 3094 et
763 3053 834 3093 ex
869 3037 993 3091 viro
1021 3044 1124 3101 est,
1159 3041 1213 3089 et
1243 3049 1338 3106 per
1366 3033 1539 3105 ipsam
1581 3031 1811 3088 intravit

205 3137 516 3200 peccatum.

277 3219 472 3290 (Vers.
503 3217 620 3288 35.)
674 3241 691 3264 ι
721 3216 779 3272 Si
806 3215 940 3288 quid
964 3222 1146 3271 autem
1175 3213 1383 3272 discere
1413 3213 1631 3281 volunt,
1657 3211 1808 3270 domi

201 3313 363 3368 viros
394 3327 523 3368 suos
553 3310 918 3382 interrogent;
966 3317 1125 3381 turpe
1163 3315 1244 3364 est
1290 3308 1436 3363 enim
1481 3307 1808 3364 mulieribus

195 3403 251 3459 in
282 3401 539 3460 Ecclesia
569 3400 742 3473 loqui.
776 3425 794 3447 ι
838 3399 1018 3470 Turpe
1049 3406 1148 3465 est,
1182 3397 1310 3472 quia
1337 3406 1532 3455 contra
1558 3397 1804 3470 discipli-

197 3508 319 3547 nam
360 3500 467 3560 est,
502 3500 564 3547 ut
592 3491 649 3546 in
695 3491 860 3547 domo
907 3488 1027 3557 Dei,
1069 3487 1164 3560 qui
1211 3503 1302 3543 eas
1347 3485 1621 3557 subjectas
1668 3487 1804 3544 viris

199 3584 306 3640 suis
345 3599 469 3641 esse
502 3581 781 3655 praecepit,
813 3580 880 3636 de
911 3581 1026 3653 lege
1064 3578 1216 3652 loqui
1247 3585 1580 3650 praesumant
1613 3595 1626 3634 :
1677 3594 1802 3635 cum

200 3671 369 3728 sciant
397 3671 524 3728 illic
570 3671 722 3726 viros
769 3669 966 3725 habere
1008 3668 1327 3741 primatum,
1380 3675 1434 3724 et
1472 3667 1580 3724 sibi
1629 3667 1803 3740 magis

198 3768 531 3833 competere,
564 3769 626 3816 ut
664 3759 722 3814 in
769 3759 934 3816 domo
981 3757 1082 3813 Dei
1129 3756 1385 3829 precibus
1430 3765 1648 3824 vacent,
1683 3757 1801 3812 lin-

199 3871 349 3926 guam
410 3854 764 3911 retinentes:
821 3862 876 3910 et
925 3869 1084 3908 aures
1128 3853 1396 3923 aperiant,
1463 3859 1526 3908 ut
1573 3853 1802 3909 audiant

197 3947 475 4016 quomodo
519 3943 897 4002 misericordia
942 3944 1042 4000 Dei
1073 3953 1304 4000 mortem
1337 3942 1474 4000 vicit
1503 3959 1600 4015 per
1629 3942 1802 4000 Chri-

196 4037 353 4105 3itum,
383 4055 518 4112 qua:
548 4053 645 4110 per
673 4053 764 4093 eas
793 4035 1064 4109 regnavit.
1096 4036 1232 4092 Nam
1262 4035 1308 4092 si
1339 4035 1577 4092 audeant
1617 4039 1674 4091 in
1698 4037 1800 4092 Ec-

195 4124 349 4182 clesia
374 4127 562 4200 loqui,
589 4127 826 4196 dedecus
836 4135 973 4197 ,est;
1020 4127 1148 4198 quia
1187 4125 1396 4183 idcirco
1425 4126 1697 4193 velantur,
1738 4133 1799 4180 ut

194 4213 505 4274 humiliataa
544 4225 884 4290 appareant:
931 4219 1027 4274 ille
1064 4225 1245 4272 autem
1294 4233 1349 4272 se
1402 4215 1799 4273 inverecundas

194 4309 518 4378 ostendunt,
549 4310 696 4384 quod
727 4319 780 4366 et
809 4309 946 4365 Viris
977 4309 1334 4382 opprobrium
1361 4316 1476 4376 est;
1510 4309 1570 4365 in
1604 4309 1798 4365 mulie-

193 4412 308 4453 rum
339 4400 500 4456 enim
529 4399 827 4456 insolentia
855 4399 1021 4455 etiam
1053 4397 1236 4453 mariti
1265 4405 1548 4453 notantur.

258 4492 456 4564 (Vers.
486 4493 600 4566 36.)
646 4519 665 4542 ι
693 4494 780 4551 Αη
808 4511 839 4551 a
867 4494 1027 4551 vobis
1064 4491 1298 4548 verbum
1337 4492 1439 4548 Dei
1488 4493 1794 4564 profectum
1822 4514 1872 4572 D

192 4588 285 4652 est,
324 4593 418 4640 aut
470 4583 529 4639 in
575 4600 674 4641 vos
711 4585 860 4641 solus
899 4582 1173 4641 devenit?
1217 4607 1236 4630 ι
1291 4581 1586 4654 Arguentis
1630 4581 1797 4637 verba

193 4679 345 4739 sunt;
375 4673 468 4729 sic
508 4671 657 4728 enim
683 4672 859 4729 inﬂati
906 4680 1080 4739 erant,
1133 4670 1288 4744 quasi
1346 4669 1480 4742 ipsis
1527 4670 1794 4742 promissa

193 4757 377 4818 fuisset
405 4763 538 4819 haec
564 4763 712 4818 salus
737 4781 751 4831 ;
793 4771 848 4819 et
871 4761 1123 4833 exemplo
1149 4777 1338 4818 eorum
1365 4769 1575 4817 czeterae
1608 4766 1794 4832 gentes

193 4861 527 4913 vocarentur
551 4853 621 4910 ad
643 4853 828 4923 fidem,
860 4863 955 4910 aut
984 4869 1097 4909 non
1121 4861 1300 4910 essent
1326 4851 1520 4926 aliqui,
1554 4852 1649 4926 qui
1671 4867 1791 4925 pos-

195 4954 308 5001 sent
334 4945 618 5018 suscipere
645 4945 872 5017 gratiam
903 4943 1023 5012 Dei,
1050 4943 1311 5016 apostolis
1339 4942 1786 5016 praedicantibus.

197 5041 279 5101 Sic
305 5046 456 5101 enim
488 5042 630 5100 160
665 5062 722 5103 se
744 5043 1025 5114 jactabant
1064 5043 1216 5115 quasi
1247 5041 1576 5098 beneﬁcium
1597 5043 1790 5100 darent

196 5135 362 5206 magis
391 5152 559 5209 quam
597 5133 929 5205 acciperent,
974 5131 1292 5188 accedentes
1321 5131 1389 5188 ad
1418 5130 1606 5200 ﬁdem,
1641 5132 1790 5188 unde

197 5220 361 5279 dicit:
409 5248 427 5270 ι
469 5224 581 5279 Aut
622 5225 680 5279 in
717 5239 814 5278 vos
857 5222 1004 5276 solos
1039 5219 1262 5276 devenit
1305 5220 1536 5278 verbum
1585 5221 1705 5278 Dei.
1756 5248 1776 5270 ι

197 5312 384 5372 Omnis
413 5316 566 5373 enim
596 5317 692 5389 qui
723 5316 844 5371 vult
869 5311 1081 5386 aliquid
1121 5327 1320 5380 emere,
1372 5313 1521 5386 quod
1568 5311 1673 5369 scit
1719 5312 1787 5368 ab

197 5403 470 5479 aliquibus
502 5425 614 5464 non
644 5407 870 5481 requiri,
901 5422 1028 5463 cum
1060 5403 1296 5478 quodam
1328 5405 1548 5462 fastidio
1575 5404 1788 5463 accedit

232 5599 241 5607 .
266 5530 383 5607 (3h)
408 5531 520 5607 llic
540 5539 594 5587 et
613 5532 956 5607 subsequens.
976 5529 1244 5586 articulus
1263 5527 1322 5583 in
1353 5545 1481 5585 mss.
1515 5546 1624 5586 non
1656 5547 1784 5604 pau-

199 5601 273 5654 cis
298 5603 365 5658 ad
397 5603 560 5658 ﬁnem
593 5601 1153 5674 capitis—reﬁciuntur.

269 5675 386 5746 (35)
415 5675 571 5732 Rom.
601 5673 732 5732 edit.
744 5717 759 5744 ,
792 5675 879 5731 sed
908 5673 1144 5729 subditas
1171 5691 1292 5728 esse.

1922 1878 2238 1927 constanter
2266 1870 2547 1942 praedicat,
2587 1868 2816 1926 liberam
2847 1865 3056 1923 habens
3084 1864 3480 1923 conscientiam
3506 1885 3520 1934 ;

1923 1959 2054 2033 quia
2083 1976 2195 2016 non
2238 1958 2559 2016 hominibus
2596 1960 2809 2031 placere
2855 1958 2996 2025 vult,
3041 1955 3137 2012 sed
3180 1957 3314 2014 Deo.
3368 1955 3522 2013 Unde

1923 2049 2304 2123 peccatoribus
2328 2066 2441 2106 nou
2468 2048 2774 2118 blanditur,
2804 2053 2868 2104 ut
2894 2053 3141 2107 crescant
3166 2063 3179 2102 :
3207 2044 3302 2102 sed
3335 2043 3518 2102 admo-

1925 2146 2038 2207 net,
2063 2147 2125 2196 ut
2151 2139 2426 2197 desinant.

1997 2230 2179 2301 (Vers.
2208 2230 2324 2302 38.)
2363 2255 2380 2278 σ
2407 2229 2463 2287 Si
2494 2227 2616 2304 quis
2646 2235 2830 2286 autem
2855 2227 3090 2303 ignorat,
3114 2223 3504 2301 ignorabitur.-

1926 2320 2106 2387 ltecte,
2138 2320 2269 2393 quia
2297 2320 2391 2394 qui
2423 2321 2598 2378 nescit
2643 2318 2867 2377 Domini
2917 2335 3052 2387 esse,
3104 2333 3223 2391 quae
3274 2317 3520 2392 loquitur

1919 2409 2238 2481 Apostolus,
2269 2419 2322 2468 et
2341 2411 2455 2484 ipse
2475 2429 2505 2468 a
2525 2411 2763 2469 Domino
2791 2409 3137 2483 ignorabitur
3165 2409 3223 2466 in
3253 2409 3344 2467 die
3369 2405 3518 2481 judi-

1919 2500 2012 2567 cii,
2048 2501 2266 2559 dicente
2294 2503 2531 2560 Domino
2564 2521 2616 2561 ει
2641 2506 2821 2559 Amen
2849 2501 2974 2560 dico
3003 2500 3184 2568 vobis,
3215 2499 3401 2557 nescio
3418 2513 3517 2553 vos

1921 2588 2132 2658 (Matth.
2163 2607 2302 2658 xxv,
2339 2592 2450 2662 l2).
2476 2615 2495 2638 ι

1993 2679 2174 2749 (Vers.
2207 2682 2323 2751 39.)
2369 2705 2388 2727 ι
2418 2682 2645 2752 Propter
2671 2681 2840 2754 quod,
2863 2680 3078 2743 fratres,
3109 2678 3516 2736 aemulationem

1920 2769 2112 2825 habete
2160 2769 2544 2841 prophetandi.
2577 2794 2596 2817 ι
2639 2769 2904 2836 Quamvis
2949 2776 3138 2840 arguat
3182 2767 3306 2833 bos,
3359 2774 3414 2821 et
3461 2765 3520 2820 in

1920 2860 2112 2915 multis
2162 2859 2524 2932 reprehendat
2561 2868 2614 2916 et
2642 2859 2922 2931 corripiat,
2971 2875 3035 2914 eo
3075 2855 3222 2930 quod
3271 2870 3518 2910 recesse-

1922 2956 2045 3004 rant
2075 2966 2106 3004 a
2130 2949 2427 3006 traditione
2455 2949 2602 3021 ejus;
2638 2958 2820 3005 tamen
2843 2949 3038 3004 fratres
3066 2964 3159 3004 eos
3177 2953 3357 3014 vocat,
3388 2944 3519 3018 quia

1921 3037 2056 3095 dicit
2086 3039 2250 3095 Isaias
2273 3039 2340 3096 ad
2371 3039 2584 3112 plebem
2614 3037 2837 3096 Domini
2865 3056 2876 3095 :
2925 3063 2944 3086 ι
2970 3036 3150 3096 Dicite
3179 3035 3248 3092 iis
3277 3034 3374 3108 qui
3403 3050 3514 3090 non

1841 3145 1883 3204 ο
1919 3137 2063 3185 recte
2091 3127 2376 3186 ambulant
2424 3129 2483 3186 in
2528 3129 2636 3185 viis
2683 3128 2860 3185 meis:
2896 3129 3111 3183 Fratres
3158 3125 3333 3182 nostri
3381 3123 3515 3180 estis

1916 3233 2015 3272 vos
2041 3218 2174 3290 (Isa.
2208 3235 2359 3286 vai,
2389 3218 2470 3289 5).
2509 3243 2527 3267 ι
2571 3218 2640 3274 Ut
2667 3233 2796 3290 ergo
2825 3217 3200 3274 consolaretur
3229 3214 3362 3270 istos
3390 3217 3514 3285 post

1915 3307 2309 3381 correptiones,
2330 3309 2524 3364 fratres
2553 3307 2678 3365 illos
2697 3316 2858 3366 vocat
2887 3325 2899 3364 :
2924 3315 2978 3363 et
3007 3305 3076 3362 ad
3101 3303 3510 3363 aemulationem

1915 3397 2216 3470 prophetiae
2247 3397 2518 3465 hortatur,
2546 3405 2608 3453 ut
2639 3396 2859 3453 assidua
2886 3393 3258 3466 disputatione
3313 3401 3368 3448 et
3418 3407 3510 3446 ex-

1914 3487 2227 3560 planatione
2257 3488 2392 3560 legis
2417 3487 2622 3544 divinae
2645 3485 2841 3544 ﬁerent
2861 3483 3242 3542 instructiores
3268 3501 3279 3538 :
3305 3488 3366 3537 ut
3389 3497 3510 3554 pos-

1913 3587 2033 3634 sent
2062 3579 2272 3637 discere
2302 3595 2583 3652 perversas
2607 3593 2722 3635 esse
2744 3574 3348 3650 pseudo-apostolorum
3375 3588 3509 3645 prae-

1911 3666 2232 3726 dicationes.

1997 3784 2015 3804 ι
2038 3759 2109 3814 Et
2136 3759 2288 3832 loqui
2319 3757 2523 3832 linguis
2551 3757 2724 3814 nolite
2748 3755 3058 3830 prohibere.
3089 3779 3106 3801 ι
3151 3755 3224 3810 Et
3251 3753 3356 3810 hoc
3387 3769 3506 3826 pro-

1911 3859 2030 3921 pter
2065 3849 2410 3917 charitatem,
2470 3857 2530 3904 ut
2572 3849 2666 3922 qui
2711 3855 2940 3920 possunt
2997 3847 3150 3921 loqui
3203 3845 3428 3918 linguis,
3460 3843 3506 3900 si

1911 3939 2182 4012 interpres
2219 3939 2387 3996 fuerit
2417 3955 2674 4012 praesens,
2719 3954 2832 3996 non
2871 3946 3148 4004 vetentur,
3178 3953 3246 3993 ne
3275 3935 3372 3991 ﬁat
3396 3934 3504 3988 dis-

1908 4045 2110 4085 $811810.

1982 4123 2164 4192 (Vers.
2190 4122 2306 4194 40.)
2355 4146 2372 4170 ι
2402 4120 2600 4179 Omnia
2631 4129 2814 4178 autem
2860 4119 3091 4176 honeste
3119 4124 3173 4170 et
3200 4109 3503 4168 secundum

1908 4211 2160 4269 ordinem
2189 4212 2344 4281 fiant,
2377 4237 2395 4260 ›
2440 4212 2544 4268 hoc
2571 4219 2674 4278 est,
2703 4207 3006 4265 secundum
3036 4201 3288 4259 ordinem
3317 4215 3502 4270 supra-

1907 4301 2137 4359 dictum.
2170 4305 2407 4360 Honeste
2435 4311 2617 4357 autem
2649 4297 2790 4354 illud
2820 4296 2902 4363 fit,
2924 4291 3072 4368 quod
3092 4308 3217 4350 cum
3237 4305 3368 4364 pace
3391 4290 3482 4363 (37

1906 4400 1959 4447 et
1989 4392 2283 4466 disciplina
2315 4391 2399 4448 ﬁt.

2504 4549 2731 4610 CAPUT
2767 4548 2894 4607 XV.

1975 4688 2156 4760 (Vers.
2192 4690 2243 4757 1,
2285 4689 2366 4761 2.)
2431 4715 2447 4737 ε
2497 4690 2701 4746 Notum
2743 4695 2926 4743 autem
2975 4681 3135 4740 vobis
3181 4681 3345 4750 facio,
3391 4679 3498 4736 fra-

1901 4785 2032 4847 tres,
2075 4777 2208 4850 quia
2245 4778 2606 4850 Evangelium
2637 4775 2784 4849 quod
2815 4772 3110 4846 pradicavi
3137 4770 3316 4838 vobis,
3350 4769 3498 4850 quod

1899 4877 1953 4923 et
2008 4845 2316 4940 accepistis,
2366 4845 2427 4920 in
2477 4881 2586 4938 quo
2641 4845 2694 4920 et
2741 4845 2921 4930 statis,
2965 4878 3061 4934 per-
3093 4861 3243 4935 quod
3271 4868 3325 4917 et
3354 4845 3495 4916 salvi

1899 4957 2236 5026 elliciemini,
2269 4954 2416 5031 quod
2463 4963 2518 5011 et
2562 4969 2814 5011 sermone
2837 4951 3164 5009 annuntiavi
3194 4950 3374 5019 vobis,
3403 4948 3496 5005 de-

1897 5046 2038 5104 betis
2091 5055 2297 5116 tenere,
2343 5045 2452 5103 nisi
2508 5045 2648 5102 forte
2699 5045 2817 5100 sine
2872 5059 3036 5099 causa
3089 5038 3479 5098 credidistis.»

1897 5137 2150 5195 Ostendit
2177 5137 2290 5194 illis
2326 5137 2456 5211 quia
2500 5135 2546 5191 si
2606 5136 2662 5191 in
2713 5134 2816 5191 hac
2859 5149 3022 5190 causa
3070 5147 3191 5204 quae
3247 5126 3492 5199 subjecta

1896 5236 1999 5297 est,
2051 5245 2082 5284 a
2139 5227 2432 5284 traditione
2493 5225 2612 5298 ejus
2663 5225 2874 5283 seducti
2926 5230 3076 5290 sunt,
3134 5217 3492 5294 perdiderunt

1896 5316 2044 5390 quod
2082 5316 2471 5383 crediderunt;
2530 5314 2712 5372 omnis
2765 5313 2913 5370 enim
2968 5329 3090 5384 spes
3143 5307 3487 5368 credentium

1895 5405 1953 5462 in
1982 5406 2087 5463 hoc
2114 5423 2276 5463 sensu
2302 5414 2404 5475 est,
2435 5405 2565 5479 quia
2593 5404 2799 5462 mortui
2829 5409 3133 5474 resurgent.
3174 5395 3333 5465 Quod
3379 5407 3488 5448 au-

1965 5531 2084 5600 (36)
2115 5531 2278 5591 Corb.
2310 5531 2458 5599 cod.,
2488 5537 2545 5586 ut
2571 5528 3056 5602 quibusstme
3083 5517 3348 5591 acquisiti,
3383 5534 3485 5574 non

1893 5602 2188 5660 hominibus
2207 5606 2328 5660 dent
2352 5601 2711 5674 gloriam,sed
2740 5601 2868 5674 Deo.

1965 5674 2082 5746 (37)
2114 5677 2262 5733 Idem
2292 5671 2466 5732 codex
2497 5673 2686 5740 Corb.,
2722 5671 2864 5743 quod
2881 5685 2996 5724 cum
3016 5680 3188 5737 prece.
