4090 6182
521 258 643 369 275.

1537 299 1633 357 AD
1675 294 1909 357 OPEBA
1946 293 2001 351 S.
2043 289 2378 350 AMBROSII
2415 287 2796 347 APPENDIX.

3725 284 3834 343 276

519 445 629 494 tem
660 434 831 493 dicit:
876 458 896 484 ι
944 434 1005 489 In
1045 447 1154 507 quo
1181 437 1236 488 et
1262 429 1437 499 statis,
1469 453 1488 477 ι
1530 426 1621 483 his
1649 423 1805 494 dicit,
1838 422 1932 498 qui
1960 420 2114 479 ﬁrmi
2152 423 2203 483 A
2230 419 2432 494 quibus
2457 418 2642 492 plures
2669 423 2893 507 manent
2933 429 3110 507 usque
3149 413 3352 483 adhuc,
3384 411 3609 488 quidam
3646 420 3832 507 autem

517 535 671 584 erant
701 526 758 581 in
789 524 898 582 ﬁde
930 522 1243 581 traditionis
1261 522 1469 595 hujus;
1501 515 1835 591 promiscuis
1863 515 2011 571 enim
2044 512 2122 569 lo-

516 617 726 690 quitur,
754 623 815 670 ut
844 623 897 671 et
923 614 962 669 ii
994 614 1090 687 qui
1118 614 1177 669 in
1208 613 1315 668 ﬁde
1354 616 1505 677 sunt,
1557 606 1826 679 gardeant
1859 623 1871 661 :
1927 614 1981 661 et
2028 603 2123 676 qui

516 714 735 772 nutant,
767 705 971 779 corripi
1000 722 1056 763 se
1095 704 1337 769 doleant,
1372 707 1426 755 et
1445 699 1813 771 corrigantur.

586 797 767 871 (Vers.
801 795 881 866 3.)
929 792 1193 849 «Tradidi
1228 790 1377 845 enim
1410 787 1570 844 vobis
1617 786 1671 841 in
1722 784 1937 858 primis,
1990 797 2121 871 quo-

512 869 661 943 niam
717 884 969 943 Christus
1023 886 1278 935 mortuus
1333 884 1414 933 est
1464 892 1565 949 pro
1622 872 1861 947 peccatis
1918 869 2122 927 nostris

511 975 812 1033 secundum
849 972 1177 1042 Scripturas.
1210 991 1228 1016 ι
1270 967 1589 1038 Scripturas,
1630 963 1964 1020 Testamenti
2014 961 2125 1018 Ve-

513 1065 642 1120 teris
700 1069 966 1117 memorat
1023 1075 1143 1131 quae
1203 1058 1445 1113 futuram
1525 1054 1831 1126 passionem
1894 1051 2119 1109 Domini

509 1154 845 1211 cecinerunt.
872 1150 1022 1206 Dicit
1049 1149 1197 1205 enim
1242 1145 1408 1202 Isaias
1453 1142 1760 1217 propheta:
1813 1166 1831 1189 ι
1880 1141 1951 1196 Ut
1997 1138 2118 1195 ovis

507 1244 574 1300 ad
605 1240 1003 1299 immolandum
1034 1238 1235 1293 ductus
1265 1243 1345 1291 est
1377 1235 1511 1307 (Isa.
1545 1250 1663 1301 Lm,
1701 1232 1779 1305 7).
1818 1255 1835 1278 ι
1880 1230 1950 1285 Et
1971 1229 2116 1285 inter

507 1340 748 1390 caetera:
799 1354 816 1377 ι
847 1327 1117 1397 Quoniam
1166 1326 1393 1381 tolletur
1439 1338 1470 1377 a
1513 1331 1660 1378 terra
1696 1320 1813 1377 vita
1859 1319 1999 1391 ejus,
2047 1317 2116 1374 ab

507 1419 897 1494 iniquitatibus
954 1416 1145 1491 populi
1204 1414 1311 1469 mei
1374 1411 1576 1468 ductus
1620 1417 1701 1467 est
1754 1409 1823 1465 ad
1878 1416 2110 1464 mortem

509 1510 676 1583 (Ibid.
714 1508 810 1579 8);
845 1532 862 1554 ι
910 1505 1028 1562 haec
1061 1505 1119 1559 in
1149 1503 1371 1562 Christo
1403 1509 1617 1573 reperta
1646 1505 1971 1555 noscuntur.
2006 1496 2112 1553 Sed

506 1600 635 1674 quia
690 1596 953 1671 praeteriti
994 1594 1259 1667 temporis
1317 1590 1648 1663 signiﬁcatio
1703 1588 1944 1656 videtur,
1996 1602 2108 1642 non

504 1695 585 1745 est
613 1686 928 1751 adversum,
955 1682 1083 1755 quia
1111 1679 1254 1752 apud
1282 1680 1479 1747 Deum,
1529 1678 1625 1752 qui
1668 1675 1919 1732 omnium
1960 1691 2111 1746 prae-

2236 510 2597 567 dormierunt.
2648 532 2666 556 ι
2717 508 2797 564 De
2840 506 2929 564 his
2972 505 3172 580 quibus
3210 511 3333 577 post
3373 501 3832 561 resurrectionem

2235 600 2489 673 apparuit
2524 600 2815 667 Dominus,
2855 606 2989 654 tunc
3017 595 3222 653 multos
3248 593 3385 651 dicit
3415 593 3584 651 fuisse
3607 593 3667 650 in
3697 609 3835 650 cor-

2235 705 2387 762 pore.

2309 778 2490 851 (Vers.
2526 777 2606 850 7.)
2653 800 2671 825 ι
2700 777 2910 834 Deinde
2938 776 3191 850 apparuit
3225 774 3447 832 Iacobo.
3498 798 3517 823 ι
3567 773 3838 848 Singula-

2234 866 2371 923 riter
2405 866 2607 923 Jacobo
2655 866 2925 939 apparuit,
2977 866 3120 922 sicut
3160 874 3215 922 et
3260 865 3460 921 Petro:
3513 862 3661 937 quod
3708 863 3837 921 ideo

2232 962 2367 1028 puto
2397 955 2624 1023 factum,
2657 963 2719 1010 ut
2748 953 3051 1010 multifaria
3090 953 3404 1025 apparentia
3441 951 3608 1009 ﬁdem
3655 969 3834 1009 resur-

2232 1044 2495 1100 rectionis
2532 1044 2795 1100 ﬁrmaret.
2861 1067 2879 1089 ε
2925 1042 3119 1099 Postea
3164 1042 3424 1113 apostolis
3469 1040 3749 1099 omnibus.
3800 1068 3818 1091 ι

2232 1136 2435 1191 Iterum
2466 1132 2726 1189 omnibus
2762 1132 3022 1205 apostolis
3062 1131 3215 1187 visus
3252 1138 3335 1187 est
3380 1130 3439 1185 in
3489 1139 3696 1200 monte,
3733 1131 3832 1190 ubi

2231 1224 2590 1282 constituerat
2617 1223 2731 1279 illis
2759 1223 2935 1292 Iesus,
2966 1223 3109 1279 sicut
3137 1220 3305 1278 refert
3336 1220 3629 1277 Mattbaaus
3665 1237 3830 1278 evan-

2231 1316 2422 1388 gelista
2458 1317 2674 1389 (Matth.
2707 1332 2911 1383 xxvm,
2945 1314 3057 1387 16).
3106 1314 3253 1370 Ante
3281 1312 3340 1368 in
3369 1313 3671 1370 Jerusalem
3703 1321 3829 1386 post

2229 1404 2346 1461 dies
2376 1414 2501 1462 octo
2530 1403 2952 1461 resurrectionis
2980 1419 3116 1468 suae,
3155 1401 3213 1458 id
3259 1409 3342 1458 est
3382 1400 3673 1459 Dominica
3714 1402 3828 1470 die,

2222 1492 2407 1566 januis
2435 1494 2658 1564 clausis,
2701 1493 2931 1550 intravit
2978 1492 3047 1549 ad
3105 1490 3428 1563 discipulos,
3487 1499 3552 1547 ut
3604 1492 3830 1549 Thomas

2226 1585 2445 1641 animus
2494 1584 2826 1651 ﬁrmaretur,
2880 1582 3023 1640 sicut
3073 1581 3212 1638 dicit
3265 1581 3502 1637 Joannes
3548 1583 3830 1655 apostolus

2224 1674 2411 1744 (Joan.
2441 1690 2541 1743 xx,
2572 1674 2687 1746 26).
2720 1674 2782 1729 In
2813 1680 3000 1728 monte
3027 1671 3178 1727 enim
3207 1668 3541 1744 intelligitur
3569 1671 3831 1729 mandata

500 1778 651 1835 scius
696 1784 797 1843 est,
839 1772 981 1829 nihil
1030 1772 1280 1826 futurum
1330 1776 1440 1834 est;
1482 1767 1605 1823 ideo
1652 1767 1732 1823 sic
1778 1765 1915 1823 dicit
1963 1764 2108 1838 quod
2148 1779 2190 1839 Β
2226 1761 2337 1819 illis
2363 1763 2598 1820 dedisse.

506 1868 755 1923 futurum
788 1871 870 1920 est
897 1862 1077 1930 nobis,
1110 1860 1269 1933 quasi
1295 1858 1501 1916 factum
1534 1857 1625 1913 sit.
1658 1856 1794 1912 Nam
1842 1855 1902 1910 in
1949 1855 2111 1926 Apo-

502 1955 711 2029 calypsi
746 1953 971 2011 Joannis
1000 1951 1233 2024 apostoli
1261 1950 1467 2006 dicitur
1500 1968 1511 2005 :
1558 1974 1576 1995 ι
1610 1952 1800 2021 Agnus
1825 1946 1919 2019 qui
1951 1946 2109 2002 occi-

501 2063 596 2102 sus
642 2052 723 2101 est
776 2060 807 2099 a
861 2042 1256 2100 constitutione
1310 2038 1505 2095 mundi
1549 2037 1741 2109 (Apoc.
1789 2053 1918 2105 xm,
1958 2036 2042 2107 8).
2077 2060 2095 2083 ι

500 2134 641 2202 Quia
667 2132 814 2189 enim
847 2132 1006 2187 aliter
1034 2147 1144 2187 non
1176 2130 1292 2199 ﬁet,
1323 2146 1488 2202 quam
1539 2127 1642 2183 scit
1682 2128 1849 2193 Deus,
1897 2125 2108 2181 factum

500 2214 743 2295 dicitur;
786 2222 946 2279 nobis
991 2221 1139 2278 enim
1171 2220 1254 2290 ﬁt,
1286 2235 1397 2276 non
1426 2221 1562 2286 Deo,
1593 2216 1725 2289 quia
1753 2214 1899 2287 apud
1928 2216 2108 2270 Deum

500 2312 642 2370 nihil
681 2321 781 2382 est,
814 2311 960 2387 quod
991 2312 1240 2368 futurum
1270 2309 1508 2366 dicatur.
1542 2309 1612 2363 Et
1640 2308 1699 2362 in
1736 2306 1955 2362 Psalmo
1991 2304 2105 2378 ait:

513 2429 530 2451 ι
562 2402 847 2471 Dominus.
874 2402 1126 2474 regnavit
1158 2400 1365 2472 aligno
1412 2399 1588 2470 (Psal.
1631 2414 1785 2464 XCVI,
1838 2395 1917 2466 1).
1966 2419 1984 2441 ι
2038 2394 2111 2452 Et

499 2494 714 2565 Moyses
777 2492 845 2548 de
906 2507 1066 2547 cruce
1123 2489 1239 2561 ejus
1304 2489 1381 2545 ita
1433 2485 1817 2560 signiﬁcavit,
1868 2485 2104 2541 dicens:

513 2610 532 2631 ι
562 2584 716 2638 Tunc
763 2580 1027 2637 videbitis
1077 2580 1252 2635 vitam
1299 2588 1537 2634 vestram
1594 2576 1919 2648 prudentem
1980 2583 2107 2630 ante

498 2673 688 2729 oculos
717 2678 947 2738 vestros,
982 2676 1035 2726 et
1064 2686 1177 2725 non
1204 2667 1439 2725 credetis
1467 2668 1651 2739 (Deut.
1685 2683 1888 2733 xxvm,
1921 2666 2039 2734 66).
2073 2690 2089 2711 ι

498 2760 709 2817 Idcirco
744 2759 894 2817 enim
940 2758 997 2813 in
1045 2759 1230 2815 eadem
1280 2774 1444 2813 causa
1496 2765 1549 2812 et
1607 2756 1780 2812 futuri
1840 2754 2104 2827 temporis

497 2850 796 2923 aliquando
842 2848 1210 2921 signiﬁcantia
1250 2848 1499 2920 ponitur,
1531 2863 1598 2903 ne
1628 2864 1658 2901 a
1688 2845 1960 2919 perversis
1990 2861 2099 2900 non

497 2938 563 2993 de
615 2937 837 2995 Christo
888 2938 1099 2994 dictum
1161 2936 1566 3005 defenderetur,
1629 2936 1675 2991 si
1731 2942 1910 2991 totum
1944 2933 2101 3008 quasi

499 3025 836 3096 praeteritum
871 3025 1227 3097 signiﬁcaret.

2295 1852 2477 1922 (Vers.
2510 1851 2593 1924 8.)
2642 1876 2660 1901 ι
2686 1850 2998 1908 Novissime
3034 1844 3217 1908 a'utem
3254 1849 3503 1907 omnium
3530 1851 3685 1923 quasi
3711 1851 3830 1908 ab-

2222 1941 2403 1998 ortivo
2435 1943 2588 1998 visus
2616 1950 2697 1998 est
2722 1950 2775 1998 et
2798 1940 2959 1997 mihi.
3010 1965 3029 1988 ι
3081 1940 3354 2013 Apparuit
3378 1940 3464 1996 illi
3492 1939 3733 2013 primum
3762 1942 3826 1999 in

2220 2032 2359 2089 oculo
2400 2032 2540 2103 (Act.
2573 2048 2654 2100 Ix,
2685 2031 2767 2103 4),
2808 2038 2930 2104 post
2958 2029 3139 2085 oranti
3168 2029 3226 2085 in
3260 2031 3465 2101 templo
3498 2030 3645 2102 (Act.
3674 2047 3819 2099 xxxi,

2223 2121 2444 2193 17-21).
2469 2121 2800 2178 Abortivum
2822 2137 2881 2177 se
2906 2119 3073 2188 dixit,
3097 2118 3226 2193 quia
3246 2126 3403 2175 extra
3423 2126 3638 2193 tempus
3657 2128 3822 2177 natus

2220 2210 2277 2266 in
2299 2211 2541 2277 Christo,
2558 2212 2923 2284 apostolatum
2942 2208 3155 2282 accepit
3167 2208 3279 2280 jam
3314 2207 3538 2268 Christo
3566 2210 3624 2267 in
3651 2211 3821 2271 caelos

2220 2312 2437 2375 recepto
2466 2319 2592 2360 cum
2621 2319 2807 2361 carne.

2293 2403 2474 2476 (Vers.
2495 2402 2551 2471 9,
2587 2403 2702 2475 10.)
2750 2402 2904 2474 «Ego
2941 2400 3089 2457 enim
3117 2416 3239 2457 sum
3272 2399 3539 2459 minimus
3567 2402 3816 2460 omnium

2217 2493 2589 2565 apostolorum
2632 2492 2774 2564 (40).
2819 2516 2837 2540 ι
2886 2490 3157 2547 Humiliat
3188 2506 3266 2559 se,
3296 2498 3351 2547 et
3378 2493 3641 2566 temporis
3676 2509 3820 2550 cau-

2216 2599 2330 2638 sam
2379 2582 2486 2637 sibi
2537 2581 2793 2649 ascribit;
2834 2590 3078 2653 tempore
3121 2581 3271 2636 enim
3314 2579 3498 2637 minor
3552 2591 3651 2651 est,
3701 2598 3817 2638 non

2215 2672 2500 2745 dignitate.
2539 2672 2642 2728 Sed
2673 2673 2802 2745 quia
2830 2680 2883 2728 et
2913 2680 3229 2745 persecutor
3275 2671 3402 2741 fuit,
3455 2672 3686 2730 inclinat
3733 2688 3813 2740 se,

2214 2762 2445 2819 dicens:
2494 2788 2513 2811 ι
2542 2762 2649 2832 Qui
2697 2779 2807 2818 non
2861 2780 2982 2819 sum
3031 2762 3232 2836 dignus
3278 2762 3463 2820 vocari
3509 2762 3813 2836 apostolus,

2213 2853 2471 2928 quoniam
2537 2861 2854 2927 persecutus
2908 2868 3031 2909 sum
3084 2851 3388 2909 Ecclesiam
3445 2851 3565 2909 Dei.
3624 2849 3819 2908 Gratia

2210 2951 2392 3000 autem
2446 2942 2547 3001 Dei
2604 2959 2725 3000 sum
2780 2942 2838 2999 id
2897 2942 3047 3016 quod
3102 2958 3243 2998 sum.
3302 2966 3320 2989 ι
3370 2942 3486 2998 Deo
3546 2939 3641 2997 dat
3700 2940 3816 3013 glo-

2208 3034 2369 3103 riam,
2403 3034 2496 3107 qui
2528 3050 2653 3090 eum
2682 3032 2867 3107 elegit,
2898 3041 2954 3088 et
2978 3031 3298 3105 dignitatem
3329 3045 3484 3086 suam
3533 3045 3647 3085 non
3701 3027 3815 3085 sibi

572 3116 752 3185 (Vers.
786 3113 868 3186 4.)
911 3140 928 3162 ι
954 3115 1026 3170 Et
1054 3114 1183 3188 quia
1212 3113 1459 3187 sepultus
1487 3120 1591 3168 est.
1620 3137 1638 3161 »
1682 3113 1831 3170 ΝιιΠὶ
1864 3113 2095 3170 dubium
2128 3133 2172 3194 α
2206 3122 2473 3192 defendit,
2504 3123 2600 3179 sed
2642 3122 2933 3195 indignum
2976 3137 3033 3177 se
3077 3120 3235 3177 dicit.
3285 3118 3440 3176 Unde
3494 3135 3626 3176 vere
3683 3120 3814 3193 plus

497 3212 777 3260 mortuum
834 3205 1112 3278 sepultum
1170 3220 1304 3273 esse,
1366 3203 1509 3260 sicut
1570 3203 1708 3260 dicit
1748 3204 1913 3260 Isaias
1959 3219 2098 3275 pro-

494 3294 704 3366 pheta:
754 3320 772 3343 ι
819 3295 889 3351 Et
926 3294 1067 3351 dabo
1114 3295 1289 3351 malos
1333 3310 1433 3367 pro
1474 3295 1757 3366 sepultura
1798 3292 1917 3365 ejus
1960 3295 2095 3365 (Isa.

496 3402 617 3455 Lm,
641 3386 723 3458 9).
751 3410 769 3433 ι

579 3480 715 3535 161
765 3506 785 3529 ι
823 3483 895 3538 Et
934 3481 1063 3555 quia
1107 3480 1411 3536 resurrexit
1457 3480 1621 3536 tertia
1662 3480 1751 3536 die
1793 3478 2095 3536 secundum

493 3570 823 3642 Scripturas.
874 3594 891 3615 ι
954 3568 1154 3625 Omnia
1184 3568 1242 3622 in
1273 3566 1380 3623 ﬁde
1412 3568 1597 3622 clausa
1625 3574 1753 3622 sunt
1792 3585 1804 3623 :
1842 3566 1966 3623 ideo
1997 3568 2099 3622 sub

494 3676 725 3735 persona
755 3658 945 3731 populi
980 3658 1309 3715 resurrectio
1345 3658 1569 3714 Domini
1602 3659 1766 3714 tertia
1795 3660 1884 3715 die
1913 3660 2099 3716 futura

494 3751 771 3824 descripta
811 3756 910 3805 est.
961 3748 1111 3805 Dicit
1157 3748 1305 3804 enim
1346 3749 1482 3805 Osee
1529 3749 1841 3821 propheta:
1907 3777 1925 3797 α
1972 3751 2101 3807 Post

494 3840 724 3898 biduum
781 3854 943 3895 sanos
970 3836 1137 3894 faciet
1165 3854 1285 3906 nos,
1319 3846 1373 3894 et
1404 3838 1461 3893 in
1496 3839 1657 3896 tertio
1706 3839 1795 3895 die
1841 3856 2099 3912 resurge-

496 3947 620 3988 mus
648 3929 789 4001 (38),
816 3935 871 3983 et
900 3926 1153 3983 vivemus
1192 3924 1249 3981 in
1292 3934 1586 3998 conspectu
1642 3927 1760 3999 ejus
1806 3930 1957 3999 (Osee
2016 3947 2096 3995 Vl,

496 4020 576 4092 3).
610 4044 627 4067 ι
670 4019 731 4074 In
762 4015 983 4075 Christo
1012 4013 1159 4070 enim
1201 4030 1391 4069 omnes
1429 4016 1817 4082 resurrexisse,
1864 4017 2009 4073 sicut
2041 4019 2094 4071 in

496 4109 671 4165 Adam
701 4122 892 4164 omnes
918 4111 1166 4160 mortuos
1193 4118 1327 4171 esse,
1361 4118 1523 4158 nemo
1561 4103 1805 4159 ﬁdelium
1845 4104 2093 4176 denegat.

496 4200 678 4256 Simili
711 4198 874 4255 modo
904 4199 959 4254 in
993 4197 1209 4253 Psalmo
1234 4195 1337 4251 sub
1366 4209 1596 4267 persona
1646 4194 1891 4252 hominis
1931 4199 2097 4254 etiam

466 4288 563 4343 .de
594 4287 816 4344 Christo
854 4287 1147 4359 signiﬁcat,
1195 4284 1387 4342 dicens
1419 4302 1430 4341 :
1500 4308 1519 4333 ι
1559 4284 1759 4342 Omnia
1814 4284 2097 4357 subjecisti

496 4374 598 4431 sub
630 4372 861 4445 pedibus
890 4373 1046 4443 ejus:
1084 4375 1257 4446 gloria
1296 4382 1350 4431 et
1385 4374 1594 4431 honore
1641 4375 1917 4431 coronasti
1971 4392 2095 4433 eum

501 4462 676 4533 (Psai.
699 4478 824 4530 vm,
855 4462 910 4529 8,
943 4461 1022 4533 6).
1055 4486 1073 4508 ι

574 4551 762 4622 (Vers.
809 4550 892 4623 ὅ.)
939 4574 957 4596 ‹
987 4550 1057 4604 Et
1086 4549 1216 4623 quia
1244 4552 1397 4607 visus
1427 4560 1508 4606 est
1538 4550 1773 4623 Cephea;
1836 4579 1854 4600 ε
1903 4554 1960 4611 id
1997 4565 2097 4626 est,

496 4642 677 4697 Petro.
714 4640 829 4697 Hoc
850 4639 1015 4697 etiam
1046 4638 1301 4712 Cleophze
1328 4639 1443 4712 (39)
1488 4647 1543 4696 et
1583 4639 1734 4697 socio
1778 4658 1877 4698 suo
1923 4644 2093 4702 dixe—

497 4744 628 4794 runt
683 4736 963 4810 discipuli,
1005 4737 1153 4793 utin
1196 4737 1497 4810 Evangelio
1529 4739 1662 4792 aurai
1679 4745 1911 4817 Λουκᾶνὶ
1948 4740 2093 4814 quod

497 4826 751 4900 apparuit
781 4826 884 4883 soli
913 4827 1073 4883 Petro
1111 4829 1269 4899 (Luc.
1304 4845 1465 4897 xxxv,
1498 4828 1611 4900 34).
1673 4855 1691 4877 ι
1742 4832 1933 4889 Postea
1983 4830 2096 4887 illis

497 4915 776 4973 undecim.
808 4940 824 4962 ι
870 4916 939 4971 Et
969 4916 1075 4972 hoc
1102 4916 1160 4972 in
1197 4918 1500 4990 Evangelio
1528 4920 1862 4977 continetur.

571 5007 753 5080 (Vers.
785 5008 866 5079 6.)
908 5030 927 5054 ι
959 5007 1168 5064 Deinde
1195 5010 1444 5080 apparuit
1473 5011 1597 5082 plus
1625 5027 1788 5083 quam
1818 5010 2096 5083 quingen-

500 5097 571 5154 tis
598 5096 863 5153 fratribus
894 5095 1082 5152 simul.
1131 5121 1149 5144 ι
1195 5097 1309 5153 Hoc
1354 5114 1452 5154 sua
1493 5097 1600 5156 ﬁde
1646 5099 1911 5173 loquitur.
1963 5125 1982 5148 ι
2009 5102 2097 5159 Ex

576 5299 690 5370 (38)
722 5298 844 5353 Vet.
876 5297 1007 5354 edit.
1043 5313 1105 5352 ac
1135 5312 1264 5352 mss.
1298 5296 1528 5369 aliquot,
1569 5301 1697 5356 Post
1724 5300 1940 5356 biduum
1969 5309 2017 5357 et
2046 5302 2100 5356 in

502 5372 653 5426 tertio
678 5370 760 5425 die
790 5385 1136 5442 resurgemus.

576 5443 803 5517 (39)»lta
842 5437 1116 5517 mss'._non_
1142 5437 1402 5517 pauci,_et
1431 5456 1622 5517 omnes
1640 5441 1756 5517 edit
1771 5486 1798 5517 _,
1823 5443 1928 5517 nisi
1952 5444 2099 5517 quod

502 5529 599 5583 pro
625 5510 727 5569 sali
766 5515 924 5570 Petro
977 5514 1033 5569 in
1082 5510 1238 5583 Rom.
1284 5510 1418 5583 edit.
1477 5512 1676 5583 legitur
1723 5513 1924 5571 Simoni
1957 5510 1985 5572 ι’
2004 5516 2099 5571 alii

498 5599 633 5712 vEero
660 5599 791 5711 aliis.
825 5586 1077 5656 eﬁ‘erunt,
1124 5582 1377 5657 Cleophas
1403 5588 1453 5638 et
1503 5582 1711 5641 Emaus
1758 5591 2016 5642 testantur
2044 5588 2101 5645 in

554 5670 717 5712 vanae
740 5673 812 5712 ιο.

554 5670 812 5728 vangeuo.

2121 4496 2171 4554 D

2206 3222 2463 3284 meretur,
2497 3213 2672 3270 sciens
2700 3212 2909 3268 dixisse
2936 3211 3237 3267 Dominum
3268 3228 3279 3265 :
3336 3232 3355 3257 ι
3403 3208 3511 3276 Qui
3539 3225 3596 3265 se
3623 3208 3810 3265 humi-

2208 3303 2307 3360 liat
2349 3304 2683 3361 exaltabitur
2732 3303 2849 3375 (41)
2898 3303 3049 3374 (Luc.
3098 3318 3218 3370 xxv,
3252 3302 3365 3374 11).
3398 3326 3417 3350 ι
3471 3324 3490 3349 ι
3521 3301 3594 3357 Et
3633 3301 3811 3375 gratia

2208 3392 2324 3465 ejus
2353 3409 2557 3465 pauper
2585 3394 2642 3448 in
2674 3408 2760 3447 me
2788 3407 2901 3447 non
2929 3391 3056 3446 fuit.
3106 3415 3125 3438 ι
3182 3392 3299 3447 Hoc
3326 3391 3484 3460 dicit,
3525 3391 3652 3465 quia
3697 3408 3818 3448 non

2208 3488 2431 3555 propter
2458 3480 2606 3552 quod
2631 3487 2948 3551 persecutus
3000 3486 3104 3548 est,
3154 3479 3427 3537 minorem
3478 3481 3704 3554 gratiam
3752 3481 3815 3537 in

2209 3570 2517 3641 apostolatu
2546 3568 2773 3641 accepit.
2820 3592 2839 3614 ι
2882 3567 2985 3624 Sed
3035 3568 3159 3640 plus
3202 3568 3316 3625 illis
3357 3570 3617 3628 omnibus
3658 3569 3819 3627 labo-

2209 3658 2347 3713 ravi.
2380 3684 2399 3707 »
2436 3657 2608 3715 Addit
2635 3657 2703 3713 ad
2731 3673 2971 3725 causam,
3002 3657 3134 3730 quia
3164 3674 3275 3714 non
3296 3658 3475 3715 solum
3506 3660 3819 3717 minoratus

2210 3767 2318 3805 non
2344 3758 2447 3818 est,
2478 3749 2573 3805 sed
2610 3756 2664 3804 et
2709 3749 2949 3820 amplius
2994 3756 3219 3821 propter
3254 3750 3619 3806 constantiam
3669 3750 3816 3822 (42),

2208 3856 2316 3912 qua
2361 3837 2581 3911 vigebat
2631 3837 2689 3894 in
2737 3837 2980 3908 Christo,
3037 3838 3274 3895 aﬁlictus
3316 3846 3443 3897 est:
3497 3839 3644 3913 quod
3701 3856 3820 3896 non

2208 3944 2347 3999 aegre
2377 3928 2578 3995 ferens,
2610 3926 2829 3999 dignior
2856 3928 3035 3985 factus
3075 3936 3176 3987 est.
3226 3951 3245 3976 ι
3297 3929 3420 3986 Non
3460 3945 3559 4002 ego
3603 3936 3816 3998 autem,

2209 4020 2302 4076 scd
2343 4021 2515 4093 gratia
2538 4019 2637 4076 Dei
2667 4036 2904 4077 mecum.
2949 4044 2968 4068 ι
3011 4020 3090 4077 Ne
3137 4037 3194 4078 se
3237 4021 3500 4079 extulisse
3539 4019 3821 4092 jactanter

2211 4117 2512 4181 putaretur,
2545 4108 2730 4166 statim
2762 4126 2818 4165 se
2850 4109 3131 4178 humiliat,
3164 4127 3291 4169 cum
3321 4110 3429 4167 hoc
3467 4109 3647 4183 ipsum
3696 4127 3814 4167 non

2211 4198 2382 4269 magis
2419 4197 2549 4266 sibi,
2589 4197 2681 4254 sed
2713 4198 2812 4254 Dei
2844 4198 3030 4269 gratiae
3060 4197 3286 4255 ascribit
3315 4214 3328 4254 :
3366 4205 3429 4255 ut
3458 4214 3673 4271 semper
3699 4213 3816 4253 om-

2209 4304 2332 4343 nem
2364 4288 2593 4359 gloriam
2622 4295 2865 4360 reportet
2901 4286 2970 4343 ad
3014 4288 3215 4354 Deum,
3242 4286 3389 4344 unde
3412 4286 3538 4358 jure
3566 4287 3815 4344 exaltan-

2209 4376 2313 4432 dns
2342 4386 2445 4433 est.

2281 4474 2462 4544 (Vers.
2501 4475 2613 4547 11.)
2657 4498 2676 4522 ι
2706 4473 2834 4531 Sive
2862 4474 3034 4545 igitur
3061 4488 3181 4544 ego,
3215 4471 3336 4527 sive
3371 4470 3476 4541 illi,
3510 4473 3591 4531 sic
3618 4473 3816 4547 pradi-

2210 4579 2415 4633 camus,
2446 4571 2501 4620 et
2530 4564 2607 4622 ita
2634 4563 2966 4621 credidistis.
2995 4585 3015 4608 ι
3059 4561 3175 4617 Hoc
3216 4567 3317 4629 est,
3358 4562 3507 4634 quod
3535 4580 3702 4637 supra
3738 4564 3815 4620 si-

2204 4651 2506 4723 gniﬁcavit,
2539 4652 2669 4724 quia
2696 4666 2807 4706 non
2846 4648 3163 4705 inferiorem
3194 4648 3433 4722 gratiam
3462 4652 3521 4707 in
3552 4651 3816 4724 praedica‘

2203 4741 2353 4796 tione
2388 4740 2617 4810 accepit,
2644 4742 2807 4811 quam
2834 4738 3018 4795 caeteri
3045 4739 3300 4809 apostoli,
3335 4739 3429 4796 sed
3458 4756 3624 4797 unam
3644 4748 3818 4814 atque

2203 4828 2469 4883 eamdem.
2486 4827 2639 4883 Unde
2660 4826 2832 4899 magis
2850 4827 3032 4901 arguit
3055 4827 3342 4901 perﬁdiam
3365 4828 3812 4900 Corinthiorum,

2205 4918 2334 4989 quia
2365 4934 2491 4974 cum
2522 4918 2869 4974 manifestata
2895 4926 3037 4975 esset
3064 4919 3362 4977 credulitas
3381 4919 3499 4977 haec
3516 4920 3663 4993 apud
3691 4936 3817 4976 om-

2206 5021 2303 5061 nes
2347 5005 2641 5074 Ecclesias,
2694 5006 2752 5062 hi
2789 5007 2857 5063 ab
2905 5006 3010 5064 hac
3050 5007 3158 5065 ﬁde
3205 5018 3260 5065 et
3304 5024 3397 5081 spe
3435 5006 3810 5077 desciverant,

2206 5109 2369 5165 quam
2402 5092 2656 5166 subjecit,
2699 5094 2889 5153 dicens
2917 5114 2929 5152 :

2282 5305 2401 5382 (40)
2440 5304 2603 5382 Corb.
2635 5306 2782 5382 cod.,
2813 5308 3209 5382 Apostolorum.
3238 5306 3518 5382 Minimum
3547 5309 3726 5382 itaque
3756 5327 3814 5367 se

2208 5376 2334 5432 dicit
2372 5377 2731 5451 apostolorum
2760 5378 2817 5433 in
2843 5376 3129 5447 vocatione,
3180 5395 3288 5435 non
3332 5379 3391 5434 in
3425 5381 3605 5451 gratia
3622 5376 3650 5446 ξ
3695 5382 3812 5439 Deo

2207 5455 2380 5523 autem
2408 5450 2502 5523 d_a_t
2528 5450 2756 5523 gloriam
2783 5456 2831 5505 et
2864 5452 3130 5523 honorem,
3156 5451 3249 5522 qui
3275 5467 3392 5506 eum
3427 5450 3594 5523 elegit.

2282 5520 2398 5591 (41)
2429 5520 2557 5591 Mss.
2589 5521 2820 5591 aliquot,
2854 5522 2956 5589 Qui
2985 5538 3037 5577 se
3058 5520 3279 5590 exultat,
3304 5520 3692 5580 humiliabitur.

2284 5590 2401 5664 (42)
2434 5590 2621 5651 Codex
2644 5590 2832 5664 σοι-δη
2866 5599 3089 5668 propter
3125 5593 3513 5652 conscientiam.
