4112 6178
268 315 360 374 277

1320 312 1684 371 COMMENT.
1727 311 1798 368 IN
1836 309 2052 367 EPIST.
2095 311 2117 366 Ι
2155 311 2250 367 ΑΙ)
2289 313 2444 370 COB.

3427 310 3535 370 278

327 443 494 511 (Vers.
536 441 619 509 l2,
657 442 743 510 13,
790 441 904 510 14.)
954 465 972 487 ι
1011 439 1068 497 Si
1097 446 1279 497 autem
1309 439 1563 498 Christus
1621 439 1834 512 prmdi—
1861 439 1913 500 A
1948 438 2063 494 Hoc
2103 437 2215 494 illis
2252 438 2408 507 dicit,
2442 440 2591 512 quod
2627 457 2811 497 amore
2864 457 3088 499 suorum
3149 440 3536 500 defunctorum

258 539 419 600 catur,
449 529 592 602 quod
648 548 718 588 ex
772 531 1006 586 mortuis
1057 531 1380 600 resurrexit,
1421 529 1698 604 quomodo
1737 529 1833 585 di-

257 620 609 692 cuntquidam
633 621 780 678 inter
796 637 913 689 vos,
941 620 1199 694 quoniam
1233 620 1561 676 resurrectio
1592 628 1833 675 mortuo-

256 727 364 765 rum
395 727 502 766 non
552 711 684 767 est?
742 711 796 766 Si
826 727 953 784 ergo
984 711 1312 768 resurrectio
1345 719 1692 766 mortuorum
1724 726 1835 764 non

253 806 344 867 est,
383 816 556 874 neque
597 800 846 858 Christus
902 800 1230 857 resurrexit.
1262 800 1320 856 Si
1364 808 1548 854 autem
1581 797 1837 856 Christus

251 905 354 945 non
383 889 696 959 resurrexit,
729 891 912 948 inanis
943 898 1026 946 est
1055 888 1377 962 praedicatio
1423 895 1630 956 nostra,
1663 905 1837 944 vacua

247 987 324 1038 est
351 988 403 1035 et
427 980 558 1036 ﬁdes
583 987 785 1036 vestra.
812 1006 828 1027 -
848 981 978 1035 Haec
1006 996 1038 1034 a
1059 978 1214 1033 falsis
1245 978 1508 1050 apostolis
1540 986 1694 1032 erant
1727 986 1831 1034 tra-

245 1069 372 1138 dita,
403 1069 495 1142 qui
527 1069 812 1127 Christum
849 1083 1029 1140 neque
1061 1075 1275 1135 natum,
1317 1083 1492 1138 neque
1549 1066 1608 1121 in
1668 1082 1830 1122 carne

243 1175 472 1230 passum,
515 1174 692 1233 neque
723 1158 1089 1214 resurrexisse
1119 1156 1505 1213 asseverabant
1539 1173 1552 1210 :
1604 1174 1741 1230 quos
1775 1166 1829 1214 et

241 1249 470 1305 Joannes
497 1251 775 1320 apostolus
803 1249 1045 1315 denotat,
1079 1247 1224 1320 quod
1259 1247 1539 1305 Christum
1573 1247 1631 1302 in
1664 1266 1828 1306 carne

239 1340 450 1397 venisse
479 1341 762 1413 negabant.
785 1341 938 1396 Unde
967 1339 1102 1396 dicit
1128 1357 1139 1394 :
1177 1363 1195 1386 ι
1221 1339 1326 1406 Qui
1352 1346 1511 1411 negat
1541 1339 1826 1398 Christum

237 1428 293 1485 in
323 1446 483 1486 carne
513 1430 747 1497 venisse,
770 1430 862 1487 hic
892 1439 971 1485 est
1001 1428 1382 1486 Antichristus
1407 1447 1418 1484 :
1455 1438 1510 1486 et
1537 1431 1631 1502 qui
1663 1439 1825 1504 negat

237 1519 456 1587 Filium,
486 1535 587 1576 nec
614 1519 827 1576 Patrem
859 1517 1022 1575 habet
1055 1520 1114 1589 (I
1137 1519 1296 1574 Joan.
1331 1535 1391 1586 II,
1425 1519 1514 1586 22,
1548 1520 1664 1590 23).
1688 1546 1707 1569 ›
1727 1520 1822 1576 Isti

236 1607 601 1674 ambulabant,
631 1616 685 1664 et
713 1607 1081 1682 quorumdam
1114 1607 1300 1676 ﬁdem,
1335 1625 1404 1664 ne
1444 1609 1822 1682 imprudentes

234 1715 263 1754 a
314 1698 504 1756 mundi
569 1697 912 1770 sapientibus
964 1695 1372 1768 judicarentur,
1405 1697 1818 1766 subvertebant;

233 1787 354 1860 quia
392 1789 688 1860 prudentes
726 1788 913 1844 saeculi
959 1788 1190 1842 stultum
1237 1787 1516 1859 judicant,
1550 1806 1676 1845 cum
1707 1807 1816 1845 au-
1851 1798 1898 1859 Β

230 1877 389 1933 diunt
431 1877 891 1934 resurrectionem
921 1885 1290 1933 mortuorum.
1325 1878 1486 1946 Quod
1515 1878 1582 1946 si,
1617 1878 1821 1952 inquit,

229 1982 420 2022 verum
442 1973 525 2024 est
546 1965 675 2041 quia
705 1966 958 2025 Christus
983 1983 1094 2022 non
1126 1967 1451 2036 resurrexit,
1481 1968 1603 2023 falsi
1634 1985 1824 2025 sumus

225 2056 630 2128 praedicatores,
672 2063 724 2111 et
755 2054 889 2111 ﬁdes
921 2064 1102 2111 vestra
1140 2056 1324 2112 inanis
1353 2064 1454 2112 est.
1504 2058 1619 2114 Hoc
1673 2059 1821 2114 enim

226 2143 596 2212 crediderunt,
627 2145 896 2216 Apostolo
945 2145 1300 2217 praedicante,
1335 2147 1466 2218 quia
1496 2147 1701 2203 mortui
1733 2165 1820 2204 re-

227 2242 464 2306 surgent,
519 2243 575 2290 et
631 2234 734 2291 hac
789 2251 883 2307 spe
931 2235 1149 2292 attracti
1191 2243 1322 2290 sunt
1351 2237 1422 2292 ad
1453 2235 1640 2292 ﬁdem.
1677 2242 1817 2300 162

226 2332 374 2400 Quod
429 2334 625 2407 utique
680 2335 747 2390 ad
804 2335 1197 2392 detrimentum
1257 2335 1481 2392 illorum
1550 2337 1815 2410 proﬁcere

226 2422 427 2492 asserit,
458 2423 506 2480 si
547 2423 901 2480 crediderunt
939 2423 1086 2498 quod
1142 2424 1396 2480 futurum
1451 2441 1564 2482 non
1604 2436 1725 2483 est:
1762 2435 1816 2483 et

226 2512 442 2583 pudoris
470 2522 576 2583 est,
607 2521 671 2570 ut
699 2514 900 2587 aliquis
922 2514 1245 2586 proﬁteatur
1273 2513 1380 2570 hoc
1409 2531 1465 2570 se
1494 2516 1814 2587 credidisse,

225 2602 361 2672 quod
390 2603 593 2659 falsum
628 2611 728 2660 est.
763 2604 836 2658 Et
869 2603 1257 2659 verecundiam
1289 2619 1418 2674 ergo
1445 2603 1560 2661 illis
1589 2605 1811 2674 incutit,

222 2699 272 2746 et
322 2692 536 2749 labores
593 2693 816 2750 illorum
873 2693 1012 2751 dicit
1063 2693 1472 2762 infructuosos;
1533 2695 1581 2752 si
1611 2697 1757 2769 quod
1785 2713 1816 2752 a

224 2787 366 2845 falsis
423 2789 687 2862 apostolis
728 2792 1044 2862 audierunt,
1077 2809 1268 2850 verum
1310 2801 1412 2862 est,
1446 2794 1575 2867 quia
1607 2795 1814 2850 mortui

221 2893 324 2935 non
354 2895 686 2958 resurgent:
739 2883 886 2958 quod
937 2899 1103 2939 nemo
1161 2884 1353 2956 utique
1409 2882 1477 2938 de
1523 2897 1580 2937 se
1607 2882 1816 2946 patitur

219 2970 435 3041 audire;
474 2983 538 3031 ut
567 2975 819 3033 videntes
847 2974 954 3030 hoc
981 2980 1177 3030 contra
1215 2989 1271 3028 se
1300 2989 1435 3041 esse,
1471 2979 1812 3028 reverteren-

217 3064 304 3114 tur
330 3061 399 3118 ad
427 3064 663 3136 primam
697 3063 885 3119 ﬁdem.

1944 527 2141 582 nolunt
2171 526 2364 582 audire
2401 544 2412 581 :
2443 535 2505 583 ut
2534 528 2647 584 illis
2673 537 2940 603 amputet,
2973 529 3119 603 quod
3150 529 3303 602 prius
3332 547 3430 603 per
3455 547 3539 588 er-

1943 633 2122 672 rorem
2145 617 2404 672 volebant
2433 617 2644 674 audire.

2018 709 2200 778 (Vers.
2237 710 2350 779 19.)
2396 732 2414 756 ι
2469 708 2526 765 Si
2575 709 2633 765 in
2664 709 2766 766 hac
2794 711 2910 767 vita
2944 720 3160 770 tantum
3200 713 3259 769 in
3313 712 3535 772 Christo

1943 807 2222 870 sperantes
2275 814 2486 867 sumus,
2552 799 2976 858 miserabiliores
3031 819 3219 859 sumus
3277 804 3536 860 omnibus

1944 885 2284 942 hominibus.
2318 911 2337 935 ι
2377 887 2730 942 Manifestum
2775 896 2856 944 est
2905 889 3032 960 quia
3068 899 3122 946 et
3168 891 3225 946 in
3254 891 3358 948 hac
3384 909 3537 966 prae-

1941 977 2084 1031 senti
2133 976 2247 1031 vita
2303 986 2357 1033 et
2407 976 2467 1030 in
2505 976 2696 1032 futura
2733 993 3018 1049 speramus
3056 979 3114 1034 in
3139 980 3399 1047 Christo;
3433 999 3536 1038 nec

1940 1065 2089 1121 enim
2120 1065 2211 1121 hic
2237 1063 2439 1119 deserit
2469 1082 2657 1120 servos
2686 1082 2817 1122 suos
2847 1067 3123 1135 Christus,
3153 1069 3248 1125 sed
3279 1068 3373 1125 dat
3425 1070 3536 1126 illis

1939 1152 2166 1224 gratiam
2201 1152 2340 1223 (45),
2373 1160 2427 1208 et
2479 1152 2537 1208 in
2584 1154 2774 1208 futuro
2815 1163 2981 1210 erunt
3021 1171 3075 1210 In
3107 1156 3284 1228 gloria
3311 1164 3533 1213 aeterna.

1936 1241 1994 1297 Si
2049 1249 2230 1297 autem
2285 1241 2484 1298 futurae
2539 1242 2668 1298 vitae
2723 1259 2844 1315 spes
2900 1259 3013 1299 non
3071 1253 3236 1310 esset,
3277 1246 3538 1302 omnibus

1935 1332 2277 1402 hominibus,
2311 1335 2459 1408 quod
2489 1335 2653 1404 dixit,
2686 1336 3113 1392 miserabiliores
3155 1353 3421 1395 essemus.
3462 1342 3532 1396 Ut

1935 1424 2069 1497 quid
2103 1425 2275 1481 -enim
2325 1424 2559 1497 jejunia,
2601 1426 2828 1498 vigiliae,
2870 1427 3073 1496 exitus,
3132 1428 3338 1484 munda
3393 1429 3530 1498 vita,

1927 1511 2166 1584 justitia,
2202 1515 2598 1584 misericordia,
2634 1532 2803 1582 mors,
2856 1515 2902 1571 si
2955 1531 3053 1587 pro
3083 1516 3170 1572 his
3199 1517 3353 1573 nulla
3390 1535 3529 1575 mer-

1931 1618 2020 1658 ces
2072 1602 2179 1658 erit
2228 1603 2287 1658 in
2339 1603 2577 1660 futuro?
2616 1602 2893 1660 Increduli
2924 1612 3106 1660 autem
3138 1606 3225 1661 vel
3265 1604 3368 1664 hac
3416 1608 3530 1665 vita

1929 1691 2210 1748 fruuntur.

2003 1791 2185 1862 (Vers.
2219 1790 2306 1859 20,
2341 1791 2456 1860 2i.)
2489 1815 2506 1838 ι
2527 1791 2686 1848 Nunc
2712 1799 2894 1848 autem
2927 1791 3183 1850 Christus
3215 1794 3530 1850 resurrexit

1932 1898 1963 1938 a
1991 1882 2243 1950 mortuis,
2276 1881 2500 1938 initium
2530 1881 2928 1939 dormientium
2954 1901 2967 1950 ;
3001 1883 3265 1956 quoniam
3298 1883 3522 1956 quidem

1933 1989 2027 2046 per
2080 1972 2362 2029 hominem
2421 1990 2587 2040 mors,
2619 1981 2674 2029 et
2729 1990 2824 2045 per
2875 1973 3157 2030 hominem
3195 1975 3527 2032 resurrectio

1932 2070 2301 2119 mortuorum.
2333 2085 2352 2108 ι
2398 2063 2523 2119 Haec
2553 2061 2760 2130 dicens,
2790 2062 2966 2134 tangit
2994 2063 3522 2136 pseudoprophetas,

1930 2150 2024 2223 qui
2055 2150 2340 2207 Christum
2395 2159 2584 2208 natum
2637 2151 2927 2224 negabant,
2987 2169 3049 2208 ac
3100 2169 3196 2226 per
3250 2153 3356 2210 hoc
3412 2170 3524 2211 non

1929 2241 2292 2298 resurrexisse
2339 2258 2556 2298 carnem
2591 2260 2602 2298 :
2654 2241 2783 2315 quia
2824 2242 2920 2316 qui
2948 2249 3110 2299 natus
3137 2259 3248 2298 non
3286 2251 3391 2312 est,
3425 2261 3526 2302 nec

1928 2331 2181 2386 moritur.
2214 2330 2304 2388 Sic
2344 2339 2526 2388 autem
2571 2331 2764 2404 probat
2795 2330 3078 2389 Christum
3109 2349 3141 2387 a
3173 2332 3408 2389 mortuis
3438 2350 3524 2388 re-

1925 2421 2248 2489 surrexisse,
2294 2420 2424 2493 quia
2462 2421 2630 2477 homo
2659 2421 2786 2489 fuit,
2826 2430 2888 2478 ut
2917 2420 3149 2477 dubium
3181 2437 3292 2477 non
3321 2421 3394 2478 sit
3422 2420 3519 2476 ho-

1925 2511 2129 2567 minem
2161 2527 2192 2566 a
2218 2513 2331 2567 Deo
2361 2528 2393 2566 a
2414 2511 2646 2567 mortuis
2675 2512 3011 2579 excitatum;
3044 2521 3106 2568 ut
3134 2512 3266 2585 quia
3295 2520 3520 2582 peccato

1925 2597 2168 2654 hominis
2195 2616 2343 2654 mors
2371 2599 2597 2654 inventa
2625 2608 2725 2665 est,
2759 2599 2964 2656 Christi
2990 2597 3210 2670 justitia
3249 2616 3516 2657 resurrec.

1923 2687 2131 2743 tionem
2164 2688 2428 2743 meruerit
2454 2695 2822 2742 mortuorum.

1999 2786 2180 2854 (Vers.
2205 2785 2320 2854 22.)
2359 2809 2376 2831 ‹
2407 2784 2562 2839 Sicut
2587 2784 2735 2839 enim
2767 2784 2824 2837 in
2855 2783 3030 2837 Adam
3063 2799 3256 2837 omnes
3276 2786 3519 2840 moriun-

1924 2879 2035 2939 tur,
2069 2873 2146 2926 ita
2175 2880 2229 2927 et
2258 2872 2316 2926 in
2356 2872 2578 2929 Christo
2607 2888 2798 2927 omnes
2846 2870 3300 2927 viviﬁcabuntur.
3341 2895 3359 2917 ι
3407 2873 3522 2928 Hoc

1924 2961 2079 3030 dicit,
2114 2963 2241 3036 quia
2283 2962 2427 3018 sicut
2456 2963 2632 3018 Adam
2672 2978 2902 3035 peccans
2930 2969 3163 3017 mortem
3195 2961 3433 3031 invenit,
3465 2972 3520 3019 et

1922 3069 2113 3108 omnes
2142 3068 2210 3107 ex
2240 3052 2357 3125 ejus
2385 3052 2598 3125 origine
2627 3051 2827 3121 tenuit,
2859 3059 2921 3108 ut
2946 3049 3326 3108 dissolvantur
3355 3051 3472 3122 (46)
3501 3070 3512 3107 ;

283 3150 474 3220 (νει-ε,
516 3153 629 3223 15.)
675 3177 693 3200 ι
747 3150 1074 3208 Invenimur
1129 3156 1314 3205 autem
1366 3155 1423 3204 et
1472 3147 1597 3205 falsi
1649 3157 1814 3207 testes
1843 3155 1886 3216 ρ
1925 3141 2000 3196 ita
2029 3149 2082 3197 et
2111 3141 2363 3199 Christus
2412 3159 2523 3198 non
2578 3158 2830 3214 peccans,
2861 3149 2916 3197 et
2973 3159 3069 3214 per
3124 3142 3230 3198 hoc
3284 3141 3514 3198 vincens

209 3237 310 3294 Dei
353 3257 368 3305 ;
407 3239 539 3312 quia
576 3239 959 3296 testimonium
1000 3238 1247 3294 diximus
1299 3238 1561 3295 adversus
1617 3241 1810 3308 Deum,

207 3327 362 3399 quod
394 3330 744 3387 suscitaverit
773 3329 1074 3396 Christum,
1105 3345 1266 3402 quem
1298 3346 1410 3385 non
1436 3329 1746 3386 suscitavrt.
1780 3355 1798 3376 ι

209 3414 313 3482 Qui
345 3419 544 3474 asserit
580 3419 727 3491 quod
755 3417 1038 3475 Christum
1069 3420 1216 3474 Deus
1243 3437 1274 3476 a
1304 3419 1539 3476 mortuis
1568 3420 1812 3476 suscita-

213 3503 311 3572 vit,
339 3506 517 3563 falsus
571 3515 653 3565 est
704 3506 878 3573 testis,
911 3505 957 3561 si
989 3522 1100 3563 non
1130 3516 1212 3564 est
1236 3509 1444 3565 factum
1474 3527 1487 3577 ;
1541 3508 1807 3564 virtutem

215 3600 390 3652 tamen
419 3598 522 3653 Dei
554 3599 836 3670 praedicat,
871 3617 983 3656 non
1035 3599 1228 3672 utique
1280 3606 1343 3655 ut
1387 3598 1670 3664 inimicus,
1713 3598 1807 3671 qui

218 3691 316 3740 tam
348 3675 678 3744 admirabile
717 3689 926 3745 factum
967 3688 1165 3744 virtuti
1202 3687 1322 3756 ejus
1367 3687 1613 3744 ascribit.
1649 3686 1807 3754 Quod

218 3773 258 3829 si
293 3792 488 3833 verum
533 3785 634 3847 est,
668 3777 797 3851 quia
835 3778 1104 3834 excitavit
1144 3777 1427 3836 Christum
1467 3793 1498 3832 a
1548 3777 1804 3845 mortuis,

218 3867 339 3938 quid
369 3868 504 3928 huic
535 3869 830 3926 dicendum
861 3879 942 3926 est
973 3869 1113 3941 (43),
1145 3868 1239 3942 qui
1295 3877 1348 3924 et
1404 3868 1559 3924 testis
1616 3875 1808 3925 contra

218 3955 377 4013 Deum
406 3959 588 4015 falsus
617 3968 721 4024 est,
757 3967 811 4015 et
836 3976 974 4031 opus
1001 3957 1120 4030 ejus
1147 3957 1442 4013 stultitiam
1470 3957 1663 4014 asserit
1687 3957 1714 4012 7

284 4046 458 4116 (Vers.
507 4049 597 4117 16,
659 4048 772 4118 17.)
819 4073 837 4094 ε
863 4048 1000 4104 Nam
1032 4047 1078 4103 si
1108 4046 1312 4103 mortui
1343 4064 1453 4103 non
1491 4053 1804 4118 resurgunt,

219 4151 380 4210 neque
408 4139 670 4198 Christus
710 4140 1031 4196 resurrexit.
1082 4139 1239 4206 Quod
1293 4137 1338 4195 si
1389 4139 1642 4196 Christus
1695 4153 1804 4192 non

218 4229 533 4297 resurrexit,
569 4245 711 4284 vana
740 4236 822 4285 est
851 4228 988 4285 ﬁdes
1016 4236 1199 4284 vestra
1223 4246 1236 4296 ;
1286 4227 1468 4284 adhuc
1496 4227 1644 4283 enim
1675 4226 1806 4283 estis

215 4311 266 4368 in
291 4319 531 4386 peccatis
559 4317 780 4374 vestris.
811 4318 955 4388 Ergo
987 4325 1041 4372 et
1069 4316 1164 4386 qui
1193 4315 1538 4371 dormierunt
1564 4315 1624 4370 in
1650 4315 1806 4372 Chri-

215 4410 310 4471 sto,
373 4407 679 4477 perierunt.
739 4427 767 4459 »
799 4406 989 4461 Terret
1045 4404 1192 4470 illos,
1242 4413 1303 4459 ut
1351 4405 1480 4475 quia
1508 4421 1670 4460 nemo
1700 4400 1806 4460 sibi

1927 3243 2156 3290 mortem
2191 3235 2343 3309 (quia
2367 3236 2460 3308 qui
2487 3252 2599 3291 non
2630 3243 2835 3307 peccat,
2885 3235 3060 3292 vincit
3099 3243 3352 3302 mortem;
3386 3237 3516 3310 quia

1925 3341 2072 3380 mors
2123 3343 2192 3381 ex
2239 3327 2506 3398 peccato),
2537 3325 2795 3381 omnibus
2836 3325 2931 3399 qui
2979 3333 3108 3381 sunt
3142 3343 3208 3381 ex
3241 3324 3359 3396 ejus
3396 3343 3511 3382 cor-

1925 3431 2072 3486 pore,
2103 3416 2399 3488 acquisivit
2427 3416 2618 3483 vitam,
2643 3415 2699 3470 id
2720 3423 2803 3470 est
2822 3417 3297 3472 resurrectionem.
3316 3417 3515 3482 Quam-

1925 3505 2009 3560 vis
2063 3522 2191 3578 ergo
2244 3507 2549 3577 generalem
2598 3505 2859 3562 tribuerit
2919 3505 3396 3573 resurrectionem,
3453 3513 3516 3562 ut

1921 3595 2064 3651 sicut
2100 3597 2157 3651 in
2185 3596 2362 3652 Adam
2393 3613 2582 3652 omnes
2606 3597 2722 3652 sive
2745 3595 2882 3667 justi
2916 3596 3031 3651 sive
3062 3595 3516 3668 injustimoriun-

1919 3691 2030 3752 tur,
2063 3685 2139 3740 ita
2182 3695 2235 3742 et
2289 3686 2347 3741 in
2393 3686 2612 3744 Christo
2637 3703 2846 3753 omnes,
2880 3694 2989 3741 tam
3026 3685 3310 3742 credentes
3347 3702 3510 3760 quam

1919 3773 2248 3842 difﬁdentes,
2281 3784 2588 3846 resurgant,
2631 3776 2761 3831 licet
2807 3775 2874 3831 ad
2924 3792 3138 3847 pmnam
3188 3775 3460 3834 increduli
3495 3793 3509 3841 ;

1917 3869 2103 3917 tamen
2129 3863 2400 3918 viviﬁcari
2431 3863 2725 3931 videntur;
2777 3863 2907 3936 quia
2957 3881 3189 3936 corpora
3231 3881 3332 3920 sua
3361 3865 3514 3921 reci-

1918 3953 2090 4024 pient,
2121 3951 2236 4023 jam
2269 3969 2378 4007 non
2410 3955 2685 4023 morituri,
2718 3954 2812 4011 sed
2852 3956 3062 4028 passuri
3102 3971 3318 4027 poenam
3349 3953 3408 4008 in
3435 3953 3514 4006 eis

1918 4042 2035 4098 sine
2062 4041 2174 4098 ﬁne
2204 4058 2215 4096 :
2251 4043 2399 4116 quod
2429 4043 2648 4101 credere
2675 4045 2996 4101 noluerunt.

1991 4142 2174 4212 (Vers.
2208 4141 2324 4214 23.)
2359 4167 2376 4189 ι
2399 4143 2783 4217 Unusquisque
2813 4151 2994 4198 autem
3027 4141 3084 4196 in
3114 4156 3212 4196 suo
3243 4136 3455 4194 ordine.
3481 4161 3498 4183 n

1917 4233 2074 4290 Nunc
2099 4233 2350 4289 ordinem
2385 4235 2804 4291 resurrectionis
2825 4235 2946 4287 vult
2976 4245 3270 4302 exponere,
3290 4245 3358 4284 ne
3388 4227 3513 4284 ideo

1918 4328 2171 4394 putarent
2229 4323 2537 4380 fabulosum
2597 4338 2734 4386 esse,
2789 4319 2919 4391 quia
2975 4319 3176 4373 factum
3245 4334 3358 4374 non
3430 4324 3514 4374 est

1919 4409 2101 4465 adhuc
2129 4410 2187 4466 in
2214 4411 2426 4466 caeteris
2462 4427 2472 4462 :
2507 4409 2728 4465 ordines
2757 4407 2872 4464 illis
2901 4405 3131 4480 exponit
3159 4415 3214 4463 et
3239 4415 3508 4480 tempora,

218 4494 347 4549 male
396 4497 545 4563 vult,
578 4495 760 4552 doleat
789 4495 902 4552 illis
944 4495 1050 4551 hoc
1094 4493 1322 4566 erupisse
1371 4493 1614 4562 credere,
1657 4493 1806 4566 quod
1841 4509 1889 4567 ι)
1921 4500 2139 4570 quando
2167 4499 2374 4556 factum
2416 4498 2505 4567 sit,
2540 4507 2594 4554 et
2622 4498 2841 4571 quando
2887 4499 3137 4554 futurum
3181 4507 3284 4566 est,
3333 4505 3395 4552 ut
3431 4513 3512 4553 re-

217 4593 393 4642 contra
422 4587 580 4660 ipsos
607 4595 711 4644 est.
742 4586 876 4654 Quis
931 4585 1080 4642 enim
1143 4592 1364 4656 peccata
1418 4582 1524 4638 sibi
1582 4583 1809 4638 remissa

218 4672 345 4728 nolit
371 4676 571 4731 audire
593 4675 622 4730 ?

284 4762 462 4832 (Vers.
501 4763 618 4834 18.)
666 4787 683 4810 ι
712 4763 855 4835 Ergo
883 4770 935 4818 et
965 4763 1059 4836 qui
1090 4762 1441 4819 dormierunt
1475 4760 1532 4817 in
1561 4759 1802 4828 Christo,

219 4852 511 4920 perierunt.
540 4879 558 4901 ι
594 4852 765 4909 Addit
793 4853 860 4909 ad
889 4861 1178 4916 terrorem,
1207 4855 1336 4925 quia
1361 4853 1654 4908 charorum
1682 4868 1805 4907 suo-

219 4958 330 5000 rum
379 4963 668 5026 excessum
719 4948 917 5001 nolunt
953 4947 1224 5001 aestimare
1262 4945 1628 5016 perditionem
1662 4944 1802 5016 (44).

217 5031 316 5099 Qui
343 5038 494 5093 enim
533 5038 636 5094 sub
692 5037 795 5093 bac
850 5051 943 5106 spe
998 5037 1065 5091 de
1122 5036 1322 5092 saeculo
1381 5035 1656 5102 exierunt,
1688 5036 1806 5092 sive

219 5124 387 5181 occidi
443 5143 556 5183 non
612 5127 963 5192 timuerunt;
1037 5127 1166 5198 quia
1220 5143 1500 5200 resurgere
1550 5129 1806 5198 exemplo

219 5208 416 5271 Christi
444 5214 820 5282 crediderunt,
853 5221 908 5270 et
944 5229 1056 5268 non
1101 5221 1184 5268 est
1227 5231 1441 5282 verum,
1497 5213 1801 5286 perierunt.

285 5390 396 5463 (43)
427 5394 558 5450 Mss.
592 5392 782 5459 Corb.,
813 5393 942 5463 quid
965 5391 1046 5447 hic
1073 5390 1321 5446 dicendus
1345 5399 1436 5448 est.

285 5461 401 5534 (44)
439 5464 589 5520 Idem
605 5465 731 5522 cod.
750 5461 938 5532 Corb.,
962 5465 1153 5536 uolunt
1180 5463 1439 5536 wstimare
1462 5466 1801 5536 perditionis.

224 5529 339 5608 Mox
381 5529 536 5608 vero,
567 5537 661 5592 ubi
695 5551 885 5590 omnes
913 5529 1140 5608 edit.ac
1171 5550 1299 5588 mss.
1351 5529 1511 5607 longe
1551 5537 1800 5608 plurimi,

225 5603 322 5677 Qui
346 5607 482 5660 enim
512 5625 619 5661 non
649 5607 953 5673 timuerunt,
983 5607 1077 5660 sub
1097 5607 1192 5660 hac
1217 5623 1324 5677 spe,
1355 5603 1484 5674 etcf,
1519 5603 1620 5663 nis.
1657 5603 1804 5668 Vall.

221 5675 397 5746 aptius
427 5678 576 5751 legit,
618 5688 678 5734 ut
708 5695 808 5735 nos
838 5678 896 5733 in
930 5684 1105 5733 textu.

1917 4596 2142 4660 surgant
2170 4589 2398 4646 mortui.
2448 4616 2464 4634 ι
2495 4589 2720 4645 Initium
2756 4588 3027 4646 Christus.
3061 4614 3080 4637 ι
3124 4589 3278 4645 Sicut
3309 4587 3367 4643 in
3393 4588 3512 4644 Ac—

1917 4677 2064 4732 tibus
2090 4680 2477 4748 Apostolorum
2511 4687 2743 4737 testatur
2773 4680 3040 4750 scriptum
3069 4695 3184 4733 esse
3213 4678 3272 4732 in
3300 4677 3506 4749 Moyse.

1931 4791 1950 4813 ι
1979 4766 2036 4822 Si
2088 4766 2369 4837 passibilis
2413 4769 2688 4836 Christus,
2738 4767 2784 4822 si
2825 4766 2978 4837 prior
3014 4781 3239 4836 surgens
3265 4781 3336 4820 ex
3367 4781 3508 4821 mor-

1915 4855 2028 4910 tuis
2063 4856 2200 4926 (Act.
2250 4870 2410 4919 xxvr,
2443 4855 2560 4925 23),
2591 4865 2696 4912 etc.
2737 4879 2755 4901 ι
2799 4855 2957 4910 Prior
3002 4870 3129 4927 ergo
3183 4853 3506 4921 resurrexit,

1915 4952 1976 4999 ut
2005 4945 2183 4999 forma
2211 4943 2366 5000 ﬁeret
2393 4943 2744 5000 credentibus
2778 4943 2884 4999 sibi
2928 4943 3070 5016 (47).
3127 4969 3144 4992 ι
3174 4943 3382 5000 Deinde
3413 4945 3506 5016 qui

1914 5042 2044 5089 sunt
2071 5032 2299 5101 Christi,
2327 5032 2422 5106 qui
2471 5033 2528 5087 in
2570 5033 2872 5088 adventum
2914 5031 3032 5102 ejus
3065 5031 3440 5088 crediderunt.
3475 5057 3494 5079 ι

1916 5124 2029 5180 Hoc
2054 5123 2264 5195 duplici
2295 5122 2456 5178 modo
2486 5123 2910 5196 intelligendum
2941 5131 3041 5191 est,
3075 5123 3204 5195 quia
3230 5129 3284 5178 et
3314 5123 3370 5177 in
3415 5121 3507 5176 ad-

1914 5222 2083 5270 ventu
2123 5214 2241 5285 ejus
2282 5214 2526 5270 secundo
2571 5213 2747 5270 sancti
2786 5221 3094 5286 resurgent,
3135 5213 3298 5284 juxta
3341 5211 3503 5267 ﬁdem

1987 5394 2103 5467 (3&5)
2136 5394 2321 5452 Codex
2353 5393 2525 5467 Yall.,
2547 5393 2637 5448 sed
2665 5391 2888 5467 datillis
2916 5390 3164 5462 gloriam.
3205 5459 3214 5467 ‘
3380 5454 3388 5464 ι
3433 5455 3442 5463 ,

1985 5465 2102 5536 (46)
2135 5467 2294 5524 Rom.
2325 5464 2482 5532 edit.,
2514 5471 2562 5520 et
2589 5464 2771 5532 tenuit,
2796 5469 2852 5518 ut
2881 5479 3054 5518 omnes
3079 5477 3144 5515 ea:
3167 5464 3280 5528 ejus
3304 5471 3508 5523 ortgme

1912 5537 2293 5593 dissolvantur.
3043 5600 3054 5606 ,
3131 5597 3184 5606 Α..
3326 5595 3354 5606 ..
3381 5596 3389 5605 .

1985 5607 2101 5678 (47)
2125 5607 2289 5665 Corb.
2318 5607 2464 5676 cod.,
2499 5613 2556 5661 ut
2582 5608 2741 5680 firma
2770 5607 2910 5677 ﬁeret
2935 5597 3260 5657 credentibus
3288 5595 3391 5652 sibi
3425 5616 3503 5655 re-

1911 5679 2186 5735 surrectio.
