4090 6182
480 368 487 377 ~
515 333 620 400 279

1541 338 1638 395 AD
1678 334 1916 393 OPERA
1951 334 2007 392 S.
2048 333 2382 395 AMBROSII
2419 335 2802 395 APPENDIX.

3720 337 3827 394 280

522 466 901 547 Apocalypsis‘
919 462 1148 523 Joannis
1166 462 1355 539 (Apoc.
1384 480 1481 532 xx,
1515 461 1628 533 12),
1660 461 1806 518 sicut
1826 468 1879 517 et
1905 461 1963 517 in
1984 464 2124 526 163
2153 461 2207 525 A
2229 462 2302 531 ei,
2345 462 2488 520 sicut
2517 460 2696 519 Filius
2739 461 2887 519 Patri
2918 477 2975 519 se
3011 460 3286 536 subjecit;
3331 462 3703 536 incongruum
3747 474 3829 525 est

520 569 701 640 primo
731 567 972 624 adventu
1003 583 1130 623 cum
1160 564 1487 629 resurrexit,
1518 563 1693 618 multa
1722 577 1949 634 corpora
1991 576 2108 616 san-

521 667 732 718 ctorum
787 663 1210 714 resurrexerunt
1241 655 1455 727 (Matth.
1505 668 1686 720 xxvn,
1735 651 1853 724 52),
1889 650 1957 706 ad
1986 665 2111 722 pro-

521 759 864 808 testationem
897 748 1057 806 victae
1088 745 1285 802 mortis
1311 762 1373 801 ac
1401 744 1668 816 spoliatae.
1703 742 1815 799 Sub
1846 757 1958 798 una
1985 757 2113 813 ergo

517 840 921 915 signiﬁcatione
950 838 1227 910 duplicem
1253 835 1552 891 adventum
1584 832 1809 891 Domini
1862 848 2111 905 compre-

518 931 734 988 hendit.

592 1022 771 1092 (Vers.
807 1018 894 1086 24,
927 1017 1016 1085 25,
1043 1016 1159 1089 26.)
1206 1039 1224 1061 ι
1254 1013 1465 1071 Deinde
1487 1012 1633 1081 ﬁnis,
1664 1029 1791 1069 cum
1821 1011 2114 1068 tradiderit

516 1128 741 1183 regnum
775 1111 889 1165 Deo
928 1116 983 1163 et
1018 1106 1187 1175 Patri,
1217 1120 1342 1161 cum
1374 1103 1686 1160 destituerit
1715 1119 1933 1159 omnem
1965 1103 2112 1175 prin-

514 1203 757 1273 cipatum
788 1206 842 1254 et
871 1212 1089 1253 omnem
1120 1200 1467 1266 potestatem,
1490 1201 1544 1250 et
1574 1208 1794 1248 omnem
1824 1192 2110 1261 virtutem,

515 1300 569 1348 et
595 1304 813 1345 omnem
849 1284 1307 1342 dominationem.
1341 1282 1568 1355 Oportet
1610 1282 1758 1337 enim
1804 1281 1965 1338 illum
2018 1298 2116 1337 re-

515 1395 700 1454 gnare,
734 1376 911 1433 donec
961 1383 1129 1448 ponat
1176 1389 1370 1429 omnes
1416 1371 1674 1428 inimicos
1731 1370 1831 1427 sub
1882 1370 2116 1443 pedibus

514 1470 668 1543 ejus;
702 1466 889 1522 omnia
917 1464 1065 1519 enim
1105 1461 1343 1534 subjecit
1372 1460 1474 1517 sub
1501 1460 1734 1534 pedibus
1765 1459 1901 1532 ejus.
1925 1460 2118 1516 Novis-

515 1560 651 1617 sime
679 1564 860 1612 autem
896 1552 1126 1610 inimica
1180 1551 1496 1608 destruetur
1552 1566 1720 1607 mors.
1752 1573 1772 1599 ι
1813 1550 1928 1606 Hoc
1957 1548 2111 1619 dicit,

450 1630 457 1639 ’
515 1647 645 1721 quia
677 1645 881 1703 trodito
910 1659 1078 1716 regno
1108 1641 1238 1697 ﬁnis
1268 1640 1379 1697 erit
1419 1638 1637 1707 mundi,
1669 1639 1897 1711 impleta
1925 1654 2117 1693 resur-

513 1736 779 1795 rectione.
828 1732 988 1801 Quod
1015 1730 1239 1805 quidam
1284 1729 1463 1786 territi
1504 1728 1793 1800 asperitate
1824 1726 2114 1798 sermonis,

2221 554 2370 610 enim
2402 562 2464 609 ut
2486 554 2645 611 Pater
2668 552 2995 626 subjiciatur
3020 552 3184 609 Filio.
3210 552 3419 610 Omnia
3437 568 3567 625 ergo
3589 553 3828 627 subjecit

2222 644 2381 700 Pater
2410 644 2576 710 Filio,
2602 651 2664 700 ut
2695 642 2952 700 similiter
2980 642 3404 712 honoriﬁcetur,
3448 643 3593 701 sicut
3638 644 3829 703 hono-

2221 732 2471 789 riﬁcatur
2491 740 2545 788 et
2572 733 2750 789 Pater.
2782 731 2920 791 Cum
2963 749 3088 806 ergo
3120 732 3307 788 omnia
3336 732 3586 790 confessa
3616 733 3829 793 fuerint

2223 821 2506 880 Christum
2557 823 2753 890 Deum,
2797 822 3070 878 substrata
3117 821 3353 895 pedibus
3400 820 3538 894 ejus,
3584 830 3718 881 tunc
3770 834 3826 882 et

2223 911 2339 984 ipse
2373 910 2625 968 Christus
2653 909 2924 968 Dominus
2953 910 3278 982 subjicietur
3316 913 3430 967 Deo
3468 912 3617 969 Patri
3649 931 3661 969 :
3709 940 3727 963 ι
3757 915 3829 972 Ut

2222 1005 2295 1061 sit
2323 1007 2468 1061 Deus
2498 1005 2686 1061 omnia
2710 1004 2769 1061 in
2807 1002 3085 1061 omnibus.
3120 1027 3137 1050 ι
3184 1003 3301 1058 Hoc
3326 1002 3490 1071 dicit,
3523 1004 3654 1077 quia
3698 1023 3827 1063 cum

2222 1092 2472 1149 omnium
2502 1092 2837 1166 principium
2869 1099 2923 1148 et
2949 1097 3278 1164 potestatum
3303 1096 3356 1146 et
3377 1089 3825 1151 dominationum

2221 1181 2392 1239 fuerit
2448 1198 2630 1255 pressa
2677 1181 2954 1254 superbia,
3015 1186 3067 1237 et
3120 1179 3476 1237 adoraverint
3539 1182 3824 1240 Christum

2224 1271 2379 1346 quasi
2405 1273 2601 1340 Denm,
2634 1278 2769 1327 tunc
2806 1279 2860 1327 et
2909 1269 3164 1328 Christus
3204 1276 3426 1343 propter
3455 1271 3677 1329 unicam
3715 1289 3827 1329 au-

2224 1362 2534 1420 ctoritatem
2565 1361 2745 1418 Patris
2776 1360 2918 1432 (50),
2950 1361 3127 1416 Deum
3175 1359 3399 1433 quidem
3448 1376 3505 1417 se
3550 1362 3824 1432 ostendet,

2221 1452 2319 1509 sed
2339 1451 2405 1508 de
2419 1454 2551 1519 Deo;
2586 1459 2649 1507 ut
2666 1450 2834 1507 unius
2864 1448 3124 1523 principii
3153 1449 3412 1506 sublimis
3441 1457 3496 1507 et
3527 1450 3825 1511 iueﬁ‘abilis

2225 1541 2522 1598 auctoritas
2551 1546 2788 1596 maneat.
2804 1540 2921 1596 Hoc
2947 1545 3032 1595 est
3056 1537 3327 1612 subjicere
3346 1556 3403 1596 se
3423 1540 3627 1598 Filium
3649 1542 3821 1615 Patri,

2226 1633 2333 1689 hoc
2360 1641 2462 1701 est,
2507 1634 2684 1689 Deum
2731 1647 2846 1687 esse
2889 1631 3077 1687 omnia
3119 1629 3178 1684 in
3218 1629 3498 1701 omnibus,
3538 1632 3667 1706 quia
3694 1651 3823 1692 cum

2225 1725 2389 1783 discit
2445 1725 2626 1781 omnis
2681 1732 2930 1782 creatura
2973 1731 3137 1795 caput
3182 1738 3344 1780 suum
3373 1739 3488 1780 esse
3516 1724 3823 1795 Christum,

513 1830 644 1887 dum
674 1825 830 1900 quasi
860 1824 948 1896 pie
987 1822 1186 1878 volunt
1216 1820 1444 1889 sentire,
1473 1836 1505 1874 a
1549 1817 1881 1892 proprietate
1931 1834 2121 1875 sensus
2147 1818 2194 1880 B
2226 1814 2432 1874 Christi
2462 1823 2643 1872 autem
2694 1821 2859 1886 caput
2908 1815 3084 1871 Deum
3115 1812 3353 1883 Patrem,
3388 1813 3571 1869 omnia
3598 1814 3658 1871 in
3686 1832 3826 1872 om-

513 1917 813 1975 declinant.
848 1914 1087 1969 IIorrent
1124 1909 1273 1967 enim
1328 1925 1523 1965 sonum
1574 1907 1728 1964 verbi
1776 1907 2102 1964 audientes:

528 2032 546 2053 ε
580 2006 719 2063 Cum
751 2000 1044 2060 tradiderit
1081 2015 1309 2073 regnum
1339 1999 1453 2054 Deo
1482 2005 1535 2054 et
1563 1997 1746 2066 Patri;
1795 2023 1814 2047 ι
1855 2005 2109 2071 putantes

512 2093 813 2151 traditione
845 2091 949 2148 hac
978 2089 1153 2161 regni,
1186 2088 1228 2145 si
1256 2087 1419 2160 juxta
1447 2103 1645 2143 sonum
1691 2085 1847 2142 verbi
1888 2086 2107 2142 intelli—

513 2191 692 2257 gatur,
722 2197 960 2239 vacuum
989 2194 1269 2236 remanere
1292 2176 1409 2251 (48)
1432 2195 1445 2245 ;
1480 2184 1542 2233 ut
1569 2175 1613 2232 si
1638 2176 1828 2242 tradit,
1852 2175 1968 2248 jam
1995 2175 2110 2248 ipse

517 2292 630 2333 non
669 2274 866 2333 habeat
901 2288 912 2327 :
947 2271 1104 2346 quasi
1130 2271 1291 2327 Pater
1322 2268 1543 2326 tradens
1579 2268 1768 2325 omnia
1793 2268 1962 2338 Filio,
1988 2284 2108 2323 eva-

512 2365 763 2423 cuaverit
810 2380 886 2420 se.
926 2352 1060 2420 Nam
1102 2368 1156 2417 et
1194 2359 1309 2433 ipse
1356 2358 1630 2415 Dominus
1675 2357 1799 2415 ait:
1848 2382 1866 2405 α
1913 2356 2111 2414 Omnia

513 2455 653 2512 mihi
680 2452 880 2510 tradita
909 2459 1037 2509 sunt
1067 2468 1098 2507 a
1124 2450 1283 2506 Patre
1327 2464 1450 2505 meo
1496 2449 1708 2521 (Matth.
1764 2464 1844 2515 xr,
1894 2447 2027 2517 27);
2077 2471 2095 2495 ι

513 2552 567 2600 et
595 2551 781 2616 postea
812 2561 824 2599 ;
871 2566 889 2588 ι
920 2542 1047 2597 Haec
1075 2526 1156 2596 est
1184 2548 1366 2595 autem
1399 2537 1517 2594 vita
1553 2546 1775 2606 aeterna,
1813 2544 1875 2593 ut
1915 2553 2109 2609 cogno-

512 2642 667 2689 scant
696 2641 748 2688 te
777 2633 954 2688 solum
981 2645 1175 2685 verum
1205 2631 1473 2697 Deum,et
1501 2643 1662 2701 quem
1695 2625 1895 2682 misisti
1924 2626 2107 2681 Jesum

515 2722 799 2782 Christum
848 2719 1029 2801 (Joan.
1074 2735 1215 2787 XVII,
1269 2717 1348 2789 3).
1392 2741 1411 2765 ›
1455 2717 1597 2775 Ecce
1646 2722 1903 2788 regnante
1942 2714 2108 2784 Filio,

517 2818 709 2884 regnat
758 2818 811 2866 et
847 2809 1025 2864 Pater.
1077 2806 1364 2875 Quomodo
1394 2814 1579 2863 autem
1609 2806 1830 2862 tradens
1880 2821 2106 2878 regnum

510 2901 687 2959 Filius
716 2913 980 2956 evacuare
1018 2912 1075 2952 se
1104 2896 1417 2953 crederetur
1448 2897 1587 2969 (49),
1620 2912 1746 2953 cum
1774 2895 1921 2953 dicat
1949 2912 2107 2966 ange-

508 2991 596 3046 lus
630 2989 697 3044 ad
726 2987 954 3042 Mariam
990 3003 1001 3041 :
1047 3009 1065 3032 ι
1094 2985 1167 3040 Et
1194 2985 1347 3041 dabit
1396 2985 1480 3040 illi
1524 2986 1795 3041 Dominus
1842 2987 1989 3041 Deus
2017 3001 2111 3041 se-

513 3079 637 3135 dem
670 3076 849 3135 David
873 3075 1044 3149 patris
1075 3074 1182 3144 sui,
1214 3082 1268 3130 et
1306 3075 1555 3146 regnabit
1578 3075 1636 3131 in
1667 3075 1831 3132 domo
1855 3074 2020 3131 Jacob
2050 3074 2110 3130 in

2220 1907 2384 1964 nibus
2412 1914 2494 1963 est
2521 1908 2667 1963 Deus
2718 1905 2898 1974 Pater,
2948 1904 3055 1961 hoc
3092 1912 3191 1973 est,
3237 1914 3299 1962 ut
3346 1906 3526 1961 omnis
3572 1914 3824 1965 creatura

2221 2014 2392 2053 unum
2424 1995 2645 2065 sentiat,
2685 2003 2748 2052 ut
2775 2011 2887 2052 una
2926 2009 3060 2052 voce
3088 1995 3269 2050 omnis
3297 1994 3487 2067 lingua
3514 1996 3819 2053 caelestium

2222 2094 2275 2144 et
2301 2086 2641 2144 terrestrium
2673 2092 2727 2142 et
2760 2084 3106 2142 infernorum
3139 2083 3468 2140 conﬁteatur
3495 2100 3667 2141 unum
3706 2101 3822 2142 esse

2221 2178 2393 2233 Deum
2431 2173 2694 2246 (Philipp.
2724 2191 2785 2242 II,
2822 2173 2910 2242 10,
2946 2173 3057 2245 11),
3090 2188 3160 2228 ex
3194 2189 3302 2246 quo
3352 2181 3482 2230 sunt
3525 2173 3729 2230 omnia.
3761 2174 3821 2231 Si

2222 2276 2403 2323 autem
2431 2264 2666 2321 dixisset
2699 2280 2709 2318 :
2762 2286 2781 2309 ι
2820 2262 2891 2318 Ut
2918 2262 2992 2319 sit
3019 2264 3165 2318 Deus
3196 2261 3255 2317 in
3284 2261 3565 2332 omnibus,
3597 2289 3615 2312 ι
3658 2263 3819 2321 intel-

2223 2358 2483 2429 ligeretur
2515 2355 2573 2411 in
2594 2351 2853 2411 omnibus
2872 2350 3095 2426 quidem
3125 2367 3261 2420 esse,
3291 2351 3385 2409 sed
3414 2369 3512 2426 per
3538 2352 3820 2421 affectum,

2221 2453 2315 2503 aut
2344 2460 2695 2504 communem
2733 2458 2979 2511 sensum,
3008 2458 3123 2499 non
3150 2449 3337 2499 tamen
3366 2458 3430 2499 ea
3457 2443 3574 2516 ipsa
3600 2461 3669 2500 ex
3697 2443 3819 2516 ipso

2222 2556 2356 2597 esse.
2388 2538 2492 2596 Sed
2521 2553 2647 2595 cum
2677 2536 2823 2592 dixit
2856 2553 2868 2593 :
2917 2558 2936 2583 α
2985 2534 3185 2591 Omnia
3212 2536 3271 2591 in
3303 2534 3562 2592 omnibus
3595 2552 3606 2590 :
3648 2557 3667 2583 ›
3711 2535 3819 2593 hoc

2222 2628 2572 2703 signiﬁcavit,
2606 2626 2735 2700 quia
2764 2633 2818 2682 et
2845 2641 2915 2682 ex
2944 2624 3062 2698 ipso
3093 2631 3240 2693 sunt,
3274 2633 3327 2682 et
3356 2624 3414 2681 in
3446 2624 3579 2697 ipsis
3609 2632 3722 2681 est:
3748 2641 3820 2681 ex

2222 2721 2360 2794 ipso,
2386 2718 2515 2791 quia
2543 2717 2610 2775 ab
2640 2716 2759 2789 ipso
2787 2724 2969 2773 creata
2996 2723 3161 2772 sunt:
3201 2716 3259 2771 in
3290 2714 3423 2788 ipsis
3451 2722 3656 2784 autem,
3687 2714 3819 2787 quia

2222 2810 2279 2866 in
2309 2810 2561 2866 omnium
2594 2807 2940 2866 confessione
2974 2823 3120 2863 unus
3165 2814 3245 2863 est
3283 2808 3448 2864 Deus.
3480 2807 3603 2862 Non
3630 2811 3818 2860 tamen

2222 2901 2300 2958 sic
2330 2899 2623 2973 subjicitur
2649 2898 2826 2956 Filius
2861 2898 3027 2968 Patri,
3058 2898 3198 2955 sicut
3227 2897 3370 2953 Filio
3399 2903 3667 2952 creatura.

2297 2990 2478 3062 (Vers.
2497 2990 2613 3062 29.)
2634 3013 2652 3037 ι
2672 2988 2935 3063 Alioquin
2958 2986 3090 3061 quid
3109 2986 3327 3053 facient,
3352 2985 3446 3058 qui
3462 2984 3822 3056 baptizantur

2220 3097 2319 3154 pro
2348 3082 2603 3149 mortuis,
2633 3080 2680 3135 si
2719 3080 2948 3136 omnino
2979 3077 3181 3135 mortui
3211 3093 3322 3133 non
3351 3074 3694 3146 resurgunt?
3744 3074 3820 3131 Ut

508 3173 796 3231 aeternum,
828 3171 881 3219 et
918 3161 1072 3234 regni
1104 3159 1222 3232 eius
1268 3177 1379 3217 non
1422 3162 1527 3217 erit
1576 3162 1704 3218 ﬁnis
1750 3164 1901 3234 (Luc.
1942 3179 1983 3229 ι.
2018 3161 2108 3229 32,
2140 3182 2184 3245 ο
2222 3168 2355 3244 quid
2384 3178 2437 3227 et
2465 3168 2813 3242 baptizantur
2842 3185 2941 3241 pro
2967 3168 3079 3225 illis
3101 3167 3130 3224 ?
3157 3192 3176 3216 ι
3217 3167 3280 3223 In
3306 3172 3523 3221 tantum
3553 3171 3728 3219 ratam
3758 3170 3818 3219 et

508 3254 602 3327 33)
628 3255 656 3311 τ
677 3279 694 3301 ι
713 3253 784 3309 Et
809 3252 1007 3310 Daniel
1039 3252 1105 3309 de
1130 3250 1320 3308 eodem
1353 3268 1519 3325 regno
1548 3252 1685 3309 dicit
1716 3252 1860 3308 inter
1888 3260 2100 3309 caetera:

521 3371 541 3395 ι
572 3349 718 3405 Deus
745 3345 870 3403 coeli
901 3344 1167 3402 excitabit
1194 3343 1345 3400 aliud
1375 3360 1625 3416 regnum,
1649 3344 1796 3418 quod
1822 3361 2102 3417 nunquam

508 3447 911 3513 corrumpetur,
935 3447 989 3494 et
1017 3437 1123 3494 hoc
1153 3453 1382 3510 regnum
1413 3436 1517 3491 erit
1543 3445 1807 3494 mternum
1841 3439 2006 3511 (Dan.
2042 3457 2100 3507 ιι,

507 3530 624 3601 44).
658 3556 677 3578 ι
719 3532 892 3587 Nemo
941 3547 1066 3602 ergo
1112 3528 1330 3584 dubitet
1359 3527 1560 3587 Filium
1594 3546 1807 3602 semper
1836 3539 2103 3603 regnatu-

508 3638 631 3677 rum
667 3638 794 3678 cum
824 3622 1003 3676 Patre.
1034 3621 1281 3677 Traditio
1325 3630 1507 3678 autem
1554 3622 1672 3680 haec
1722 3625 1876 3696 regni
1906 3633 2007 3694 est,
2042 3632 2100 3679 ut

508 3726 635 3765 cum
669 3708 855 3764 omnia
885 3707 1032 3764 Filio
1084 3708 1292 3767 fuerint
1335 3708 1600 3781 subjecta,
1652 3718 1707 3765 et
1754 3710 2103 3768 adoraverint

510 3797 670 3853 illum
706 3804 771 3853 ut
796 3798 993 3865 Deum,
1025 3796 1302 3855 destructa
1332 3807 1529 3869 morte,
1561 3807 1694 3856 tunc
1719 3800 1895 3857 Filius
1923 3811 2102 3858 osten-

508 3887 600 3945 det
627 3887 737 3944 illis
767 3904 877 3944 non
908 3904 964 3944 se
993 3904 1127 3957 esse,
1159 3905 1229 3945 ex
1257 3905 1366 3959 quo
1409 3898 1539 3948 sunt
1584 3891 1790 3962 omnia,
1844 3892 1939 3950 sed
1986 3910 2103 3967 per-

509 3996 672 4052 quem
729 3986 862 4035 sunt
888 3978 1075 4035 omnia
1107 3994 1118 4033 :
1150 3986 1203 4035 et
1231 3979 1337 4037 hoc
1362 3981 1466 4038 erit
1491 3982 1703 4039 tradere
1733 4000 1957 4057 regnum
1990 3989 2102 4040 Deo

508 4076 563 4125 et
586 4067 758 4138 Patri,
792 4068 1076 4126 ostendere
1107 4069 1289 4142 ipsum
1319 4086 1453 4140 esse,
1483 4087 1552 4127 ex
1581 4088 1689 4144 quo
1719 4075 1900 4130 omnis
1928 4082 2101 4146 pater-

509 4158 655 4215 nitas
684 4157 743 4214 in
772 4158 927 4216 ceelis
946 4166 1000 4215 et
1020 4158 1079 4215 in
1106 4168 1252 4216 terra
1276 4159 1595 4216 nominatur
1614 4160 1829 4232 (Ephes.
1862 4166 1944 4232 in,
1974 4164 2062 4238 15)
2086 4184 2097 4222 ;

515 4251 569 4299 et
600 4252 732 4302 tunc
758 4246 865 4303 erit
892 4246 1039 4303 ﬁnis.
1062 4248 1377 4305 Destructio
1398 4256 1585 4304 tamen
1611 4248 1807 4306 mortis
1837 4257 1920 4306 est
1948 4267 2102 4307 resur

507 4333 677 4389 rectio
707 4343 1073 4393 mortuorum.

580 4422 767 4495 (Vers.
794 4422 884 4491 27,
916 4423 1033 4496 28.)
1082 4451 1099 4473 ι
1131 4426 1268 4486 Cum
1296 4438 1479 4485 autem
1510 4429 1657 4487 dicat
1690 4446 1701 4484 :
1732 4431 1931 4486 Omnia
1960 4432 2101 4489 sub-

2213 3260 2466 3318 stahilem
2494 3260 2616 3315 vult
2646 3257 2932 3315 ostendere
2956 3258 3416 3313 resurrectionem
3440 3261 3813 3325 mortuorum,

2212 3359 2275 3407 ut
2304 3350 2618 3423 exemplum
2648 3348 2739 3404 det
2768 3363 2978 3414 eorum,
3012 3347 3107 3420 qui
3153 3353 3266 3402 tam
3312 3344 3492 3403 securi
3538 3353 3695 3400 erant
3742 3344 3815 3402 de

2212 3443 2399 3497 futura
2425 3438 2826 3496 resurrectione
2853 3455 2867 3504 ;
2900 3445 2962 3493 ut
2987 3436 3153 3492 etiam
3184 3451 3285 3507 pro
3314 3436 3549 3509 mortuis
3573 3430 3815 3507 baptiza-

2212 3537 2423 3597 rentur,
2453 3527 2499 3583 si
2532 3543 2693 3601 quem
2722 3527 2865 3582 forte
2902 3541 3051 3581 mors
3096 3524 3454 3598 praevenisset
3494 3543 3506 3580 :
3552 3525 3813 3581 timentes

2212 3635 2280 3676 ne
2308 3627 2402 3674 aut
2430 3617 2593 3684 male,
2624 3624 2718 3672 aut
2749 3632 2861 3672 non
2891 3622 3195 3688 resurgeret
3216 3614 3355 3687 (51),
3381 3615 3475 3688 qui
3503 3613 3815 3702 baptizatus

2210 3733 2324 3772 non
2366 3714 2566 3782 fuerat,
2597 3712 2763 3769 vivus
2792 3711 3018 3768 nomine
3047 3710 3254 3767 mortui
3284 3711 3623 3783 tingebatur.
3653 3710 3816 3768 Unde

2211 3806 2442 3879 subjecit
2463 3822 2475 3861 :
2496 3828 2515 3853 α
2544 3805 2615 3861 Ut
2637 3803 2772 3878 quid
2786 3811 2839 3860 et
2862 3803 3210 3876 baptizantur
3230 3819 3329 3876 pro
3360 3802 3473 3859 illis
3489 3803 3517 3860 ‘P
3555 3828 3573 3853 ι
3605 3803 3811 3859 Exem-

2212 3897 2304 3969 plo
2333 3894 2439 3954 hoc
2466 3910 2578 3951 non
2608 3894 2814 3950 factum
2844 3892 3070 3949 illorum
3098 3891 3314 3966 probat,
3332 3892 3427 3950 sed
3447 3892 3614 3949 ﬁxam
3632 3891 3804 3950 ﬁdem

2212 3985 2270 4041 in
2298 3984 2754 4047 resurrectionem
2778 3983 3037 4041 ostendit.

2297 4081 2439 4138 164
2471 4075 2652 4147 (Vers.
2687 4073 2775 4143 30,
2823 4075 2941 4148 31.)
2986 4099 3003 4123 ι
3032 4076 3101 4133 Ut
3147 4076 3285 4151 quid
3311 4080 3363 4133 et
3393 4093 3492 4133 nos
3528 4074 3809 4148 periclita-

2211 4193 2336 4233 mur
2364 4176 2517 4232 omni
2544 4175 2723 4233 hora?
2752 4170 3009 4243 Quotidie
3039 4177 3246 4233 morior
3270 4193 3368 4249 pro
3398 4176 3567 4249 gloria
3600 4184 3807 4249 vestra,

2211 4282 2372 4337 quam
2408 4264 2582 4321 habeo
2609 4265 2667 4321 in
2703 4265 2964 4322 Domino.
2995 4291 3014 4314 ι
3060 4265 3308 4323 Dicendo
3342 4284 3352 4323 :
3398 4290 3418 4313 ι
3453 4267 3525 4323 Ut
3570 4266 3705 4340 quid
3750 4278 3808 4325 et

2210 4370 2311 4411 nos
2348 4353 2770 4427 periclitamur?
2822 4380 2840 4404 ι
2886 4355 3151 4413 discrevit
3189 4372 3467 4428 personas,
3507 4356 3806 4413 ostendens

2209 4458 2321 4497 non
2351 4441 2651 4500 catholicos
2671 4460 2806 4513 esse,
2848 4445 2943 4517 qui
2973 4462 3073 4517 pro
3093 4444 3325 4500 mortuis
3353 4445 3803 4518 baptizabantur.

499 4511 802 4608 jectasupt
846 4511 917 4580 ei,
949 4512 1221 4608 nimirum
1254 4525 1457 4608 praeter
1480 4536 1627 4608 eum.
1657 4520 1752 4592 qui
1780 4519 2014 4593 subjecit
2047 4523 2096 4579 ei
2136 4546 2181 4604 ι)
2212 4531 2458 4606 Denique
2488 4549 2653 4606 supra
2690 4511 2882 4588 dixit?
2920 4556 2939 4580 ι
2965 4511 3035 4588 Ut
3063 4531 3198 4604 quid
3226 4542 3280 4589 et
3319 4511 3666 4606 baptizantur
3702 4552 3806 4608 pro

504 4601 709 4659 omnia.
729 4600 869 4660 Cum
900 4610 1081 4659 autem
1103 4603 1348 4676 subjecta
1377 4605 1461 4661 illi
1492 4607 1699 4663 fuerint
1727 4609 1931 4681 omnia,
1963 4619 2097 4669 tunc

503 4696 558 4746 et
594 4689 710 4761 ipse
736 4690 914 4748 Filius
944 4690 1267 4764 subjicietur
1295 4694 1403 4765 illi,
1436 4696 1531 4769 qui
1560 4697 1794 4771 subjecit
1823 4702 2097 4771 omnia,ut

502 4779 573 4835 sit
600 4780 748 4836 Deus
774 4781 960 4838 omnia
980 4781 1037 4838 in
1059 4784 1332 4842 omnibus.
1359 4812 1377 4837 ι
1406 4786 1556 4844 Idem
1593 4806 1783 4848 sensus
1813 4801 1914 4862 est,
1933 4809 2094 4867 quem

503 4884 651 4925 nunc
680 4869 875 4942 aperit,
909 4880 971 4927 ut
1021 4873 1332 4931 manifestet
1372 4877 1505 4949 quid
1536 4880 1607 4935 sit
1647 4880 1851 4937 Filium
1880 4882 2094 4938 tradere

501 4977 728 5034 regnum
759 4964 874 5021 Deo
903 4972 957 5020 et
986 4965 1133 5022 Patri
1167 4985 1178 5022 :
1214 4967 1319 5024 hoc
1342 4975 1523 5024 autem
1562 4969 1717 5026 addit
1745 4971 1813 5026 ad
1848 4987 2090 5040 sensum,

499 5051 628 5125 quia
650 5052 873 5110 tradens
900 5056 1058 5111 Pater
1087 5055 1231 5112 Filio
1259 5073 1509 5129 regnum,
1546 5074 1657 5113 non
1697 5074 1754 5113 se
1796 5059 2091 5131 subjecerit

730 5246 933 5325 Omn_es
988 5247 1118 5304 edit.
1152 5257 1206 5325 et
1238 5265 1394 5318 mss.,
1424 5268 1535 5307 uno
1568 5261 1817 5325 excepto,
1843 5259 2088 5325 putantes

497 5317 832 5396 traditionem
862 5318 994 5396 haue
1021 5320 1257 5390 regni....
1293 5317 1511 5376 vacuam
1540 5317 1812 5380 remariere
1828 5317 1861 5389 ί
1881 5324 2086 5395 optime

500 5407 630 5445 vero
655 5388 815 5448 Corb.
842 5396 903 5444 ut
932 5388 989 5443 in
1015 5388 1299 5447 contextu.

570 5460 683 5534 (49)
717 5461 874 5539 Rom.
912 5459 1069 5530 edit.,
1102 5462 1354 5539 Sgdguia
1381 5463 1490 5534 ipse
1509 5465 1767 5521 Dominus
1790 5466 1958 5522 ait....
1991 5484 2083 5539 ap-

489 5540 651 5605 paret
666 5533 831 5605 quod,
864 5539 1109 5605 regnante
1125 5533 1285 5602 Filio,
1317 5533 1421 5591 etcf.

568 5603 692 5681 (50)
717 5603 1105 5681 Εδᾲθιῐίθᾱὶῑη
1136 5613 1352 5681 propter
1381 5607 1657 5681 anteocagn
1691 5610 2077 5681 auctoritatem,

480 5678 599 5751 etc.
630 5673 881 5733 Secundo
910 5673 1097 5734 autem
1122 5673 1284 5735 versu
1315 5679 1445 5753 legit
1468 5696 1568 5736 ms.
1593 5679 1734 5738 Corb
1762 5673 2079 5750 ,sabtimitas

2207 4621 2320 4679 illis
2340 4624 2367 4680 εἰ
2421 4621 2703 4695 Numquid
2733 4628 2787 4676 et
2812 4621 3155 4692 baptizamur
3181 4638 3279 4694 pro
3320 4622 3480 4681 illis?
3509 4651 3527 4675 ν
3566 4626 3701 4682 Nam
3746 4634 3803 4682 et

2203 4715 2417 4789 Jephte,
2451 4713 2704 4788 quamvis
2726 4714 2785 4769 in
2814 4729 2893 4781 re,
2921 4730 3041 4787 quae
3072 4723 3291 4786 accepta
3319 4714 3437 4773 ﬁeri
3476 4732 3587 4772 non
3617 4725 3804 4789 posset

2206 4805 2347 4876 (52),
2380 4804 2560 4860 ﬁdelis
2588 4804 2851 4860 inventus
2879 4810 2980 4872 est,
3019 4803 3252 4863 oﬁ‘erens
3282 4805 3453 4863 ﬁliam
3502 4823 3656 4863 suam
3702 4823 3804 4864 se-

2200 4893 2443 4950 cundum
2472 4901 2664 4949 votum
2715 4909 2879 4950 suum
2923 4893 3121 4968 (Judic.
3169 4879 3397 4968 xr,'39),
3437 4897 3585 4970 quod
3629 4897 3803 4954 stulte

2199 4989 2425 5038 voverat
2457 4981 2618 5055 (Ibid.
2649 4981 2737 5050 30,
2767 4982 2883 5055 31),
2932 5001 3043 5040 non
3087 5001 3213 5058 ergo
3254 4985 3459 5042 factum
3508 4987 3797 5058 probatur,

2197 5071 2291 5126 sed
2345 5071 2753 5143 perseverantia
2808 5071 2937 5127 ﬁdei
2994 5073 3053 5128 in
3108 5075 3424 5147 exemplum
3481 5077 3794 5150 praefertur.

2194 5267 2241 5315 et
2268 5262 2569 5332 ineffabilia,
2601 5270 2705 5319 etc.

2267 5334 2383 5413 (51)
2415 5333 2601 5391 Codex
2630 5333 2815 5405 Corb.,
2850 5336 3081 5393 timentes
3109 5353 3172 5391 ne
3200 5344 3295 5394 aut
3334 5340 3478 5395 mata
3524 5342 3792 5413 stt/ferret,

2190 5410 2540 5559 “afﬁgchiss.
2576 5478 2772 5559 haud,
2802 5480 3043 5559 quamvis
3070 5480 3127 5559 ira
3173 5482 3599 5559 requieaccepto
3646 5485 3793 5559 ferri

2187 5562 2295 5673 ἔξἓέ
2310 5550 2521 5691 gessitt;
2573 5550 2740 5611 Corb.
2759 5595 2775 5621 ,
2810 5550 3062 5625 “quamvis
3090 5553 3149 5609 in
3179 5550 3400 5627 reliquis
3427 5550 3795 5631 accipta'ﬁeri

2352 5637 2454 5675 ossi
2486 5664 2498 5677 .
