4112 6178
285 328 381 386 281
1348 318 1714 379 COMMENT.
1756 320 1829 376 IN
1866 319 2085 377 EPIST.
2130 320 2152 375 1
2191 320 2287 375 AD
2324 319 2481 377 con.
2568 384 2577 389 ,

3464 323 3570 382 282

286 450 693 511 Praedicantium
722 449 972 523 pericula
1004 454 1058 503 et
1085 446 1297 504 labores
1327 453 1592 502 memorat
1620 446 1809 503 dicens
1843 464 1856 504 :
1892 451 1945 525 Α
1974 445 2105 517 quia
2135 446 2230 520 qui
2279 447 2551 502 caelestem
2578 447 2849 519 justitiam
2898 458 3101 518 servat,
3151 447 3270 506 sine
3309 448 3483 507 dubio
3511 451 3573 508 in

230 601 239 609 _
296 565 315 591 ι
344 541 475 610 Quid
513 549 567 597 et
595 557 698 597 nos
726 537 1147 613 periclitamur?
1176 562 1195 587 ›
1237 544 1291 593 et
1316 536 1645 592 subauditur
1688 553 1700 592 :
1755 535 1865 591 nisi

281 630 399 705 quia
427 646 710 702 speramus
740 628 980 684 futuram
1011 627 1490 695 resurrectionem,
1523 624 1666 682 sicut
1703 641 1868 696 supra

280 727 558 787 memorat,
579 718 767 775 Securi
797 717 943 773 enim
975 717 1105 790 quia
1134 724 1257 790 post
1286 717 1445 771 istam
1474 723 1708 771 mortem
1739 730 1871 770 vera

278 810 385 865 vita
412 816 689 883 sequetur,
722 809 965 882 pericula
995 823 1111 862 non
1147 806 1351 861 timent
1380 804 1535 860 illata
1564 803 1631 859 ab
1661 803 1869 859 inlide-

277 898 436 968 libus,
468 907 687 973 propter
714 900 896 954 zelum
926 898 1179 963 illorum,
1202 911 1341 967 quos
1369 893 1497 966 quia
1516 892 1869 950 crediderunt

272 1004 327 1044 se
381 988 700 1061 perdidisse,
760 989 975 1045 dolent.
1034 984 1480 1041 Sollicitudinem
1527 999 1655 1055 ergo
1710 998 1863 1037 suam

271 1077 527 1148 ostendit,
557 1096 724 1152 quam
753 1076 993 1132 habebat
1022 1090 1146 1147 erga
1173 1074 1408 1132 salutem
1440 1072 1689 1143 illorum,
1728 1087 1867 1144 pro-

272 1176 387 1241 pter
417 1170 644 1243 gloriam
692 1169 1014 1242 promissam
1053 1185 1083 1224 a
1120 1166 1383 1233 Domino,
1412 1165 1555 1223 sicut
1585 1165 1723 1221 etin
1750 1165 1865 1237 lege

268 1257 477 1314 dictqu
502 1266 583 1314 est
615 1276 628 1313 :
677 1283 695 1305 ι
719 1258 918 1313 Exalta
948 1257 1091 1313 sicut
1119 1255 1251 1312 tuba
1270 1261 1473 1311 ‘vocem
1510 1262 1660 1310 tuam
1689 1272 1701 1320 ;
1737 1255 1782 1309 si
1814 1263 1865 1309 te

266 1346 565 1415 audierint,
590 1346 887 1403 lucraberis
915 1345 1124 1402 animas
1155 1345 1379 1401 illorum
1414 1345 1631 1417 (Επειδὴ.
1655 1359 1861 1410 xxxm,

265 1436 346 1506 5).
383 1461 401 1484 ι
433 1435 517 1491 Ad
548 1434 652 1491 hoc
678 1433 973 1491 festinabat
1002 1434 1304 1506 Apostolus
1330 1425 1549 1504 semper
1568 1431 1863 1499 sollicitus,

266 1531 327 1579 ut
354 1523 527 1596 gloria
562 1524 649 1580 illi
692 1531 957 1582 cresceret
1005 1523 1151 1596 apud
1199 1524 1373 1581 Deum
1404 1522 1688 1596 acquisitaa
1717 1522 1864 1577 salu-

266 1612 337 1669 tis
368 1614 690 1670 multorum.

336 1704 521 1774 (Vers.
561 1703 677 1773 32.)
725 1726 744 1750 ε
782 1702 838 1758 Si
887 1701 1193 1759 secundum
1237 1700 1521 1757 hominem
1568 1701 1636 1758 ad
1664 1699 1870 1756 bestias

1976 535 2079 593 hac
2106 536 2363 607 preesenti
2393 536 2510 607 (56)
2544 538 2813 608 perfectus
2842 547 2945 595 est.

2062 650 2081 672 ι
2117 626 2489 697 Ignorantiam
2521 627 2668 681 enim
2696 628 2795 682 Dei
2826 627 3051 700 quidam
3082 626 3306 697 habent,
3326 628 3393 685 ad
3423 643 3573 684 vere-

1977 714 2237 770 cundiam
2268 714 2428 770 vobis
2467 716 2681 788 loquor.
2730 739 2749 762 ι
2808 717 3157 791 Propositum
3188 717 3289 774 Dei
3320 719 3571 791 ignoran-

1977 814 2059 862 tes
2099 806 2159 874 ii,
2203 806 2297 879 qui
2347 805 2492 862 inter
2533 821 2625 861 eos
2655 808 3112 865 convertebantur
3145 809 3286 880 (57),
3327 816 3575 865 mortuos

1977 899 2381 947 resurrecturos
2424 890 2658 946 stultum
2706 907 2823 947 esse
2868 892 3121 949 dicebant
3176 894 3413 950 credere.
3445 894 3574 950 Ideo

1974 981 2238 1054 pudorem
2285 981 2400 1035 illis
2447 980 2651 1035 incutit
2683 982 2838 1052 quasi
2870 981 3346 1055 imprudentibus;
3377 985 3575 1043 crede-

1973 1070 2107 1127 bant
2137 1072 2283 1126 enim
2314 1072 2394 1127 eis
2423 1070 2538 1144 qui,
2592 1072 2963 1142 ignorantiam
2992 1074 3093 1129 Dei
3123 1072 3405 1141 habentes,
3434 1089 3577 1130 con-

1974 1166 2057 1215 tra
2085 1159 2185 1215 Dei
2213 1166 2415 1215 statuta
2442 1159 2732 1215 docebant.

2048 1249 2228 1321 (Vers.
2259 1249 2373 1317 35.)
2419 1274 2437 1296 ‹
2476 1250 2581 1306 Sed
2609 1250 2755 1305 dicet
2797 1249 2999 1322 aliquis
3037 1266 3049 1304 :
3099 1248 3575 1316 Quemadmodum

1974 1349 2258 1412 resurgent
2316 1340 2565 1395 mortui?
2622 1340 2814 1407 Quove
2842 1354 3069 1410 corpore
3099 1338 3374 1395 venient?
3403 1362 3421 1386 ι
3467 1341 3577 1396 Hos

1976 1429 2123 1487 dixit
2150 1431 2516 1503 ignorantiam
2561 1431 2660 1486 Dei
2717 1429 2939 1497 habere,
3000 1446 3235 1502 quorum
3266 1430 3575 1504 depravata)

1974 1521 2260 1576 sententiae
2288 1520 2454 1575 verba
2483 1521 2742 1592 protulit,
2772 1520 2961 1576 dicens
2995 1537 3006 1575 :
3054 1544 3072 1567 ι
3102 1520 3572 1587 Quemadmodum

1974 1620 2259 1685 resurgent
2307 1613 2559 1669 mortui?
2606 1629 2785 1686 quove
2814 1629 3041 1685 corpore
3070 1612 3344 1668 venient?
3382 1636 3401 1660 ι
3471 1612 3573 1671 Cui

1975 1719 2213 1773 congrue
2244 1702 2547 1774 respondit,
2577 1704 2767 1759 dicens
2792 1720 2803 1758 :

264 1792 503 1866 pugnavi
544 1790 773 1884 Ephesi,
805 1791 942 1864 quid
974 1790 1113 1884 mihi
1141 1790 1385 1884 prodest,
1414 1791 1472 1884 ἐἰ
1520 1790 1727 1847 mortui
1755 1805 1867 1845 non
1900 1824 1947 1884 B
2050 1795 2230 1865 (Vers.
2261 1794 2376 1865 36.)
2414 1818 2431 1840 ‹
2460 1794 2656 1862 Stulte,
2690 1802 2755 1849 tu
2785 1793 2933 1866 quod
2962 1791 3221 1860 seminas,
3252 1808 3365 1848 non
3394 1792 3576 1848 viviﬁ-

263 1889 559 1954 resurgunt
583 1881 612 1937 ‘t
641 1904 660 1929 ι
707 1881 825 1937 Hoc
852 1888 955 1949 est,
1004 1880 1050 1936 si
1078 1879 1381 1937 secundum
1414 1878 1721 1935 humanum
1750 1894 1869 1934 scn-

264 1987 389 2027 sum
427 1969 547 2043 (qui
576 1969 771 2026 videns
798 1969 904 2027 hoc
933 1971 992 2026 in
1022 1986 1206 2026 rerum
1234 1976 1490 2026 naturam
1510 1985 1623 2025 non
1655 1968 1865 2037 cadere,

264 2070 329 2118 ut
359 2079 489 2119 caro
533 2061 647 2133 jam
692 2063 873 2119 soluta
917 2062 1249 2118 reformetur
1294 2062 1363 2118 ad
1414 2060 1607 2129 vitam,
1641 2060 1870 2116 minime

262 2150 439 2208 credit
488 2152 727 2209 futuram
782 2153 1243 2210 resurrectionem
1275 2152 1647 2223 mortuorum)
1679 2150 1869 2207 bestiis

264 2241 470 2310 oﬂ’erri,
504 2242 643 2298 mori
678 2259 790 2299 non
820 2242 985 2299 timui
1019 2242 1161 2315 (53),
1196 2240 1340 2297 nihil
1366 2241 1595 2314 profeci.
1630 2239 1735 2297 Sed
1755 2255 1867 2295 non

263 2334 365 2393 hoc
418 2343 524 2404 est,
555 2336 683 2409 quia
735 2343 917 2391 certus
962 2336 1031 2392 de
1068 2334 1338 2408 promissa
1375 2334 1511 2403 vita,
1546 2350 1658 2390 non
1686 2332 1867 2389 solum

264 2440 371 2479 non
397 2424 611 2493 timuit,
647 2425 741 2481 sed
771 2431 825 2480 et
855 2423 1091 2482 libenter
1121 2423 1314 2481 bestiis
1367 2424 1552 2481 oﬂ'erri
1593 2440 1649 2479 se
1678 2438 1870 2495 passus

263 2523 361 2584 est,
394 2516 543 2572 sicut
587 2516 732 2571 inter
759 2524 955 2572 caetera
981 2516 1060 2571 ait
1089 2516 1149 2571 in
1179 2515 1412 2572 Actibus
1441 2516 1816 2588 apostolorum
1851 2526 1863 2564 :

277 2634 294 2657 ι
325 2611 443 2683 Ego
476 2611 624 2667 enim
675 2627 788 2667 non
827 2613 1007 2668 solum
1049 2611 1229 2684 ligari,
1262 2611 1355 2667 sed
1385 2618 1439 2666 et
1467 2609 1610 2666 mori
1650 2616 1870 2682 paratus

263 2713 382 2753 sum
404 2698 468 2754 in
494 2697 878 2771 Hierosolyma
901 2715 999 2772 pro
1019 2699 1246 2756 nomine
1264 2697 1491 2756 Domini
1513 2698 1641 2755 Jesu
1658 2695 1870 2755 Christi

266 2787 404 2859 (Act.
439 2804 565 2855 xxx,
599 2787 712 2861 13).
745 2814 764 2837 ι

349 2912 367 2936 ι
403 2886 800 2945 Manducemus
856 2897 911 2945 et
963 2888 1264 2955 bibamus;
1307 2904 1429 2944 cras
1475 2885 1625 2943 enim
1674 2882 1871 2940 morie-

265 2990 408 3033 mur.
444 3003 464 3026 ι
512 2978 627 3034 Hoc
655 2977 724 3033 ab
755 2977 897 3034 Isaia
924 2977 1194 3049 propheta
1241 2976 1453 3033 dictum
1516 2981 1598 3030 est
1650 2980 1873 3044 propter

266 3063 501 3140 hosqui,
520 3069 674 3141 quasi
707 3067 853 3122 nihil
888 3067 1140 3121 futurum
1170 3072 1309 3121 esset
1338 3073 1461 3136 post
1481 3072 1869 3131 mortem,ven-

263 3159 335 3215 tri
366 3166 587 3213 tantum
642 3156 938 3213 studebant
995 3155 1270 3228 quomodo
1324 3170 1519 3226 pecora
1555 3154 1687 3224 (Isa.
1724 3169 1867 3222 xxn,

265 3247 413 3318 (13)ι
448 3245 590 3301 sicut
614 3255 667 3301 et
695 3244 734 3299 ii
764 3244 861 3317 qui
890 3243 1211 3301 Corinthios
1239 3242 1629 3314 depravabant.

341 3340 528 3410 (Vers.
560 3338 675 3410 33.)
729 3363 747 3386 ε
801 3339 985 3394 Nolite
1027 3336 1234 3405 seduci,
1285 3343 1651 3408 corrumpunt
1690 3352 1868 3393 mores

261 3426 442 3483 bonos
489 3427 764 3501 colloquia
819 3427 981 3481 mala.
1024 3450 1043 3473 ι
1093 3425 1379 3498 Signiﬁcat
1418 3425 1866 3482 confabulatione

262 3516 538 3571 malorum
594 3514 887 3570 hominum
939 3515 1113 3570 everti
1169 3531 1325 3587 posse
1381 3514 1589 3570 bonum
1620 3514 1864 3587 proposi-

259 3612 377 3661 tum
412 3604 571 3677 (54);
630 3605 921 3662 assiduitas
973 3605 1121 3660 enim
1174 3605 1330 3678 pravi
1389 3605 1655 3679 colloquii
1700 3606 1865 3662 vitiat

261 3702 528 3763 mentem,
574 3711 637 3751 ac
680 3711 778 3767 per
805 3694 911 3751 hoc
954 3695 1023 3751 ab
1052 3694 1140 3751 his
1169 3694 1498 3751 cavendum.
1537 3694 1864 3768 Quicunque

261 3782 403 3839 enim
439 3792 720 3856 acceptam
756 3783 922 3839 ﬁdem
955 3785 1233 3841 custodire
1261 3785 1404 3851 vult,
1449 3785 1692 3840 maxime
1720 3784 1866 3841 inter

263 3871 373 3945 ipsa
399 3874 573 3930 initia
627 3876 1003 3947 obstrepentes
1059 3874 1222 3932 debet
1260 3875 1457 3944 vitare,
1497 3882 1559 3930 ut
1614 3873 1861 3946 impleat,

262 3964 401 4036 quod
448 3964 587 4019 utile
611 3962 905 4036 judicavit.

331 4062 523 4133 (Vers.
556 4061 673 4133 34.)
719 4086 738 4109 ι
766 4061 1028 4135 Vigilate,
1053 4060 1191 4134 justi
1222 4068 1417 4130 estote,
1457 4068 1513 4118 et
1540 4061 1713 4117 nolite
1743 4077 1863 4133 pec-

260 4167 445 4210 care.»
482 4152 842 4225 Vigilandum
874 4160 1081 4220 monet,
1117 4168 1185 4209 ne
1207 4152 1683 4209 circumventione
1706 4151 1863 4224 pravi

262 4256 459 4298 sensus
511 4243 676 4315 capti,
728 4251 782 4298 et
815 4258 846 4297 a
901 4242 1009 4298 ﬁde
1047 4242 1271 4298 abducti
1299 4242 1687 4313 depraventur,
1721 4258 1865 4297 mor-

263 4339 490 4391 tuorum
536 4334 994 4391 resurrectionem
1052 4350 1164 4389 non
1203 4333 1500 4390 credendo.
1533 4334 1715 4389 Justos
1748 4349 1864 4389 esse

262 4425 544 4496 praecepit,
604 4433 667 4481 ut
714 4441 827 4481 non
885 4425 1065 4480 solum
1102 4430 1377 4479 terrenam
1402 4421 1674 4494 justitiam
1700 4438 1860 4478 exco-

262 4510 395 4582 lant,
428 4514 531 4569 sed
559 4524 612 4570 et
635 4515 944 4580 calestem;
974 4512 1102 4586 quia
1127 4519 1346 4568 terrena
1355 4510 1573 4582 justitia
1602 4511 1857 4567 meritum

264 4617 369 4658 non
397 4603 563 4671 facit,
593 4606 735 4660 sicut
772 4612 826 4660 et
852 4620 963 4659 non
992 4602 1125 4659 facit
1150 4617 1353 4657 resum.
1387 4599 1532 4668 Quid
1557 4599 1705 4655 enim
1735 4616 1861 4655 ma-

264 4709 429 4763 gnum
468 4701 549 4749 est
577 4693 755 4750 aliena
782 4709 890 4749 non
926 4694 1138 4761 tollere,
1177 4691 1379 4765 quippe
1404 4706 1531 4747 cum
1562 4690 1668 4746 hoc
1704 4687 1862 4746 timo-

266 4780 337 4838 ris
364 4784 447 4839 sit
478 4783 597 4856 (55)
623 4784 651 4841 Ῡ
675 4784 928 4855 Magnum
961 4791 1043 4840 est
1071 4792 1253 4839 autem
1286 4781 1353 4838 de
1382 4779 1606 4854 proprio
1636 4795 1750 4835 non
1770 4778 1863 4836 ha-

266 4869 413 4929 benti
462 4873 672 4945 largiri,
719 4872 834 4931 haec
864 4880 946 4929 est
975 4889 1105 4930 vera
1127 4871 1366 4944 justitia.
1410 4872 1482 4927 Et
1506 4878 1569 4927 ut
1600 4887 1711 4927 non
1742 4887 1861 4943 pec-

268 4972 412 5033 cent,
456 4962 729 5036 subjecit;
777 4963 923 5020 unde
955 4963 1192 5035 intelligi
1238 4962 1417 5019 voluit
1449 4978 1561 5018 non
1586 4961 1859 5033 justitiam

270 5056 625 5130 temporalem
681 5054 1003 5115 servandam
1049 5055 1352 5124 mandasse,
1418 5052 1513 5110 sed
1568 5053 1855 5121 divinam;

341 5194 465 5315 (ὅδὲ
501 5193 768 5249 Nonnulli
798 5208 951 5258 mss.,
997 5207 1102 5243 non
1140 5191 1324 5315 o/[erri
1366 5189 1516 5244 timui
1546 5208 1565 5251 ;
1612 5197 1666 5244 at
1694 5188 1856 5247 Corb.

341 5283 385 5315 ιιι
472 5282 581 5315 unc
629 5265 811 5315 locum
868 5264 943 5315 ita
989 5268 1177 5315 contra
1202 5262 1286 5315 iit.
1319 5262 1633 5315 oﬂ'errinon
1664 5262 1856 5315 timuit.

272 5262 385 5319 tum
429 5262 581 5320 hunc
629 5265 811 5320 locum
867 5264 943 5318 ita
989 5262 1286 5329 contrahit,
1319 5262 1501 5331 offerri
1528 5278 1633 5314 non
1664 5262 1858 5325 timuit,

271 5337 354 5389 sed
384 5344 431 5388 et
464 5338 680 5391 libenter
710 5335 881 5389 bestiis
910 5352 961 5388 se
988 5348 1176 5404 passus
1205 5339 1297 5399 est,
1330 5342 1432 5388 etc.

343 5408 462 5477 (5's)
505 5409 662 5463 Rom.
695 5405 851 5472 edit.,
883 5403 1212 5477 evertipos‘se
1238 5404 1489 5457 bonorum
1508 5403 1854 5477 propositum.

344 5481 463 5545 (ὃὸ)
506 5479 668 5537 Corb.
701 5477 897 5543 codex,
928 5476 1118 5546 quippe
1146 5492 1259 5528 cum
1291 5492 1392 5527 non
1422 5482 1603 5528 temere
1629 5476 1706 5544 ﬁt.

347 5551 465 5615 (iiii)
504 5552 629 5605 Mss.
667 5549 834 5603 Laud.
870 5556 923 5602 et
954 5548 1120 5613 Vall.,
1151 5547 1203 5600 in
1234 5547 1330 5600 hac
1348 5546 1594 5616 prccsenti
1622 5546 1749 5600 vita.

348 5620 466 5691 (57)
510 5624 665 5679 Rom.
697 5619 854 5686 edit.,
893 5619 985 5689 qui
1016 5619 1150 5672 inter
1178 5636 1261 5672 eos
1290 5618 1751 5691 conversabantur.

348 5688 466 5762 (58)
506 5692 691 5749 Codex
742 5688 927 5759 Corb.,
945 5693 1228 5763 proprium
1288 5704 1481 5761 corpus
1532 5688 1858 5754 seminatur;

1976 1891 2149 1952 catur,
2177 1884 2285 1939 nisi
2328 1885 2480 1956 prius
2510 1883 2778 1940 moriatur
2803 1883 2831 1939 ‘i
2862 1908 2879 1931 ι
2921 1883 3060 1939 Cum
3090 1881 3317 1937 animali
3352 1880 3579 1937 homine

1977 1991 2089 2030 non
2119 1976 2310 2047 utique
2354 1974 2490 2047 legis
2542 1976 2873 2031 auctoritate
2905 1974 3037 2047 agit,
3068 1982 3130 2031 ut
3158 1973 3427 2046 exemplis
3455 1989 3577 2028 sua-

1978 2064 2124 2132 deat,
2152 2080 2273 2143 quaa
2309 2064 2353 2120 si
2385 2064 2672 2135 reciperet,
2702 2080 2813 2119 non
2845 2071 3049 2120 erraret
3077 2081 3087 2119 :
3121 2063 3215 2119 sed
3246 2061 3476 2136 physica
3496 2077 3577 2117 ra-

1976 2154 2149 2223 tione,
2171 2154 2238 2211 de
2266 2171 2373 2227 qua
2399 2153 2506 2211 sibi
2531 2153 2833 2223 blanditur,
2862 2162 2924 2209 ut
2948 2170 3060 2210 non
3080 2153 3266 2209 credat
3295 2168 3577 2224 resurgere

1978 2244 2158 2300 soluta
2215 2252 2267 2300 et
2322 2251 2539 2301 mortua
2585 2260 2832 2315 corpora.
2891 2242 3147 2300 Ostendit
3181 2241 3328 2297 enim
3360 2248 3578 2297 mortua

1976 2349 2193 2389 rursum
2230 2334 2467 2406 reparari
2499 2333 2567 2390 ad
2592 2334 2763 2390 vitam
2803 2340 2856 2389 et
2882 2331 3247 2405 multiplicata
3274 2349 3288 2400 ;
3343 2338 3407 2388 ut
3436 2347 3563 2388 cou-

1977 2423 2242 2480 fundatur
2267 2440 2420 2480 error
2455 2424 2752 2481 humanus.

2051 2518 2231 2587 (Vers.
2267 2516 2355 2582 37,
2404 2518 2520 2586 38.)
2587 2541 2605 2563 ι
2643 2516 2876 2587 Et~quid
2904 2516 3144 2570 seminas
3166 2514 3194 2570 ἳ
3222 2515 3343 2570 Non
3374 2528 3576 2585 corpus

1966 2606 2125 2676 quod
2154 2606 2403 2660 futurum
2458 2612 2559 2671 est,
2604 2604 2842 2657 seminas
2875 2619 2887 2656 :
2943 2602 3039 2656 sed
3068 2602 3283 2656 nudum
3321 2616 3575 2672 granum,

1978 2701 2039 2748 ut
2069 2702 2199 2763 puta
2216 2692 2411 2759 tritici,
2440 2700 2534 2746 aut
2562 2690 2800 2761 alicujus
2825 2698 3152 2745 cmterorum
3178 2706 3189 2743 :
3226 2691 3375 2744 Deus
3394 2697 3577 2744 autem

1980 2790 2125 2847 265
2161 2791 2246 2849 illi
2276 2792 2368 2846 dat
2397 2805 2616 2860 corpus,
2660 2796 2821 2858 prout
2850 2788 2971 2841 vult
3019 2803 3029 2839 :
3081 2793 3134 2840 et
3176 2784 3474 2856 unicuique
3502 2799 3578 2838 se-

1982 2883 2195 2939 minum
2226 2879 2507 2953 proprium
2541 2894 2758 2949 corpus.
2793 2902 2811 2924 ι
2855 2876 2911 2931 Si
2942 2891 3071 2946 ergo
3099 2874 3312 2929 nudum
3343 2887 3575 2944 granum

1981 2972 2283 3028 seminatur
2304 2970 2447 3042 (58),
2478 2976 2532 3023 et
2561 2968 2659 3024 Dei
2688 2975 2826 3023 nutu
2851 2964 3085 3039 quodam
3097 2962 3259 3019 modo
3278 2962 3574 3017 elemento-

1982 3080 2103 3118 rum
2134 3061 2442 3118 ministerio
2485 3059 2747 3115 vestitum
2776 3058 3031 3129 resurgit,
3063 3064 3216 3112 muta
3259 3069 3443 3110 secum
3475 3051 3573 3108 ha-

1977 3155 2113 3211 bens
2141 3155 2479 3210 incrementa
2506 3149 2766 3206 utilitatis
2792 3148 3046 3203 humanae
3072 3159 3086 3213 ;
3124 3162 3222 3202 cur
3249 3161 3361 3201 non
3391 3142 3573 3201 credi-

1978 3248 2089 3303 bile
2107 3248 2177 3302 sit
2207 3246 2307 3300 Dei
2338 3244 2545 3301 virtute
2575 3248 2856 3296 mortuum
2886 3255 3043 3311 posse
3060 3253 3361 3309 resurgere,
3386 3236 3571 3292 melio-

1976 3347 2089 3395 rata
2114 3345 2333 3395 tantum
2357 3334 2684 3400 substantia,
2711 3349 2824 3388 non
2845 3347 3077 3386 numero
3101 3328 3574 3401 multiplicatum?

1974 3428 2119 3496 Quid
2145 3444 2273 3500 ergo
2298 3425 2599 3498 requiritur
2627 3422 2695 3478 ab
2725 3421 2959 3489 inﬁdeli,
2992 3437 3102 3493 quo
3130 3433 3357 3490 corpore
3378 3433 3571 3473 resur-

1974 3526 2102 3589 gant
2134 3516 2360 3584 mortui,
2382 3531 2506 3572 cum
2537 3513 2792 3585 exempla
2811 3511 3127 3585 praecedant
3158 3508 3274 3582 (59)
3308 3506 3374 3563 ad
3404 3507 3570 3563 ﬁdem

1972 3608 2114 3664 hanc
2142 3607 2439 3663 melioratze
2463 3602 2903 3671 resurrectionis,
2934 3619 3046 3657 non
3075 3601 3288 3657 amissae
3320 3598 3569 3655 substan-

1974 3697 2105 3754 tize‘?
2135 3697 2275 3765 Quia
2302 3698 2586 3769 proprium
2623 3710 2821 3766 corpus
2848 3692 3094 3764 recipiet,
3132 3692 3191 3746 in
3222 3706 3331 3764 quo
3357 3696 3571 3746 creatus

1973 3796 2055 3844 est
2084 3788 2281 3857 Adam,
2306 3788 2469 3859 juxto
2505 3787 2756 3857 exempla
2786 3800 2948 3857 supra
2970 3784 3137 3840 dicta.

2048 3877 2230 3949 (Vers.
2280 3877 2397 3948 39.)
2454 3899 2472 3922 ι
2506 3876 2628 3931 Non
2656 3874 2837 3930 omnis
2863 3890 3009 3941 caro,
3042 3871 3232 3928 eadem
3262 3886 3387 3926 caro
3420 3888 3432 3926 :
3475 3867 3570 3923 sed

1974 3966 2082 4023 alia
2116 3964 2337 4037 quidem
2385 3964 2650 4033 hominis,
2700 3964 2809 4019 alia
2850 3979 2981 4019 vero
3027 3959 3275 4034 pecoris:
3305 3959 3414 4013 alia
3442 3972 3571 4011 caro

1975 4057 2307 4124 volatilium,
2329 4055 2437 4112 alia
2455 4072 2582 4112 caro
2612 4055 2867 4128 piscium.
2893 4079 2912 4103 ›
2929 4053 3068 4110 Cum
3090 4067 3160 4106 ex
3176 4048 3366 4103 eadem
3393 4059 3571 4098 massa

1973 4148 2153 4203 omnis
2180 4164 2305 4204 caro
2334 4148 2427 4215 sit,
2457 4147 2603 4203 unde
2632 4155 2686 4202 et
2715 4144 2991 4218 quomodo
3021 4143 3081 4196 in
3105 4139 3192 4192 his
3214 4142 3364 4190 tanta
3388 4132 3568 4188 diver-

1972 4237 2103 4294 sitas
2131 4245 2232 4306 est,
2272 4245 2334 4293 ut
2371 4253 2483 4292 una
2522 4237 2769 4307 impensa
2822 4233 3024 4287 faceret
3072 4241 3269 4299 genera
3296 4222 3514 4280 diversa
3542 4223 3572 4280 ?

1971 4328 2169 4383 Dicant
2196 4343 2346 4383 nunc
2375 4324 2635 4396 sophista:
2667 4320 2861 4378 mundi
2878 4327 2931 4376 et
2951 4322 3281 4374 scrutatores
3300 4313 3566 4383 siderum,

1972 4417 2020 4472 si
2055 4419 2241 4473 valent
2288 4410 2753 4487 comprehendere
2804 4427 2927 4483 quas
2983 4415 3141 4465 extra
3172 4421 3228 4462 se
3256 4410 3407 4472 sunt,
3439 4420 3566 4460 cum

1972 4506 2105 4579 quid
2136 4507 2279 4563 intra
2308 4521 2364 4562 se
2386 4504 2478 4572 sit,
2508 4501 2772 4559 nesciant.
2808 4499 3056 4572 Denique
3081 4512 3271 4554 omnes
3300 4493 3567 4550 mundani

1975 4595 2310 4667 philosophi,
2334 4593 2427 4668 qui
2459 4602 2696 4649 mentem
2727 4608 2883 4648 suam
2914 4589 3021 4661 legi
3049 4589 3148 4644 Dei
3183 4585 3569 4653 humiliare,ut

1974 4684 2137 4739 ﬁdem
2185 4684 2302 4755 ejus
2352 4684 2709 4755 susciperent,
2756 4682 3076 4745 noluerunt,
3106 4676 3325 4734 diversa
3351 4690 3569 4747 semper

1973 4782 2027 4830 et
2054 4773 2327 4830 contraria
2355 4780 2674 4839 asserentes,
2726 4768 2954 4825 inanissi
2966 4768 3068 4824 mis
3096 4764 3567 4841 disputationibus

1970 4863 2211 4921 invicem
2232 4878 2288 4918 se
2317 4860 2720 4927 confuderunt;
2755 4859 2884 4933 quia
2914 4860 2972 4914 in
3000 4858 3157 4914 nullo
3184 4856 3386 4913 horum
3414 4854 3564 4913 testi-

1970 4955 2142 5012 ﬁcata
2173 4952 2423 5009 veritatis
2455 4952 2672 5024 signum
2704 4951 2820 5021 (60)
2857 4950 3106 5022 agnitum
3132 4956 3237 5015 est,
3275 4946 3425 5019 quod
3456 4963 3568 5002 an-

1970 5046 2265 5119 tepositum
2297 5043 2480 5099 verbis
2518 5042 2929 5099 commendaret
2958 5038 3290 5104 doctrinam,
3337 5035 3481 5093 sicut
3510 5042 3564 5090 et

1968 5186 2153 5243 statim
2188 5201 2318 5240 vero
2337 5190 2481 5256 post,
2510 5182 2821 5256 Laudr.,pr_o
2849 5183 3216 5235 elementorum
3245 5173 3559 5240 ministerio,

1969 5258 2195 5314 exhibet
2222 5254 2501 5310 eiecturum
2537 5254 2852 5309 ministerio.

2043 5330 2159 5399 (59)
2201 5328 2325 5384 Vet.
2360 5326 2492 5382 edit.
2527 5334 2580 5382 et
2612 5343 2741 5381 mss.
2785 5325 2876 5380 hic
2906 5339 2971 5379 eo
2997 5319 3287 5399 dissident,
3320 5316 3468 5399 qugd
3500 5314 3558 5370 hi

1964 5389 2287 5471 praecedant,
2348 5399 2456 5453 illa:
2506 5399 2799 5469 praedicant
2830 5412 2941 5467 prae
2970 5410 3026 5471 se
3056 5393 3238 5471 ferunt
3262 5408 3275 5454 ;
3303 5389 3369 5471 at
3398 5389 3557 5471 Rpm.

1969 5455 2048 5527 sic
2078 5455 2285 5538 habet;
2308 5487 2425 5525 cum
2469 5455 2710 5541 eiempta
2735 5455 3137 5541 resimectiqnis
3163 5457 3458 5541 pradicant
3484 5461 3560 5533 ιῖ-
3631 5455 3635 5459 ’

1969 5544 2083 5597 dem
2120 5534 2254 5598 hanc
2281 5542 2570 5597 meliorata:
2600 5534 2703 5595 non
2730 5538 2937 5594 amissa:
2966 5534 3286 5588 substantiae.

2044 5614 2160 5685 (60)
2203 5613 2334 5670 Cod.
2357 5613 2550 5677 Laud.,
2584 5613 2710 5681 quia
2732 5611 2785 5663 in
2816 5609 2963 5662 nulth
2986 5606 3175 5655 horum
3204 5599 3558 5672 testiﬁcatione

1975 5685 2207 5742 veritatis
2236 5685 2464 5757 signum,
2484 5691 2590 5739 etc.
