4112 6178
458 304 563 363 283

1477 302 1573 358 AD
1612 300 1847 358 OPERA
1885 301 1939 356 S.
1983 299 2320 359 AMBROSII
2364 300 2746 359 APPENDIX.

3669 301 3774 360 284

455 431 602 488 Deus
629 427 875 486 decrevit
930 426 1235 502 disciplinae
1278 433 1497 495 nostrai,
1539 442 1657 499 qua:
1704 443 1816 481 non
1866 425 2048 482 verbis
2076 429 2127 488 Α
2159 435 2501 482 mortuorum
2531 425 2776 482 futuram
2802 443 2814 492 ;
2837 433 2919 491 ut,
2959 430 3181 496 accepta
3206 423 3442 492 ratione,
3475 439 3642 480 nemo
3664 441 3774 483 am-

456 518 738 592 probatur,
793 517 888 573 sed
935 517 1163 585 virtute,
1193 516 1283 573 cui
1315 533 1424 571 non
1458 522 1685 588 possunt
1720 514 1886 570 verba
1916 515 2047 572 resi-

455 615 616 665 stere.
647 605 1119 674 Quemadmodum
1151 623 1279 677 ergo
1309 622 1378 661 ex
1417 621 1526 659 una
1556 603 1803 676 impensa
1832 604 2049 660 diversa

454 695 822 755 animantium
853 711 978 752 caro
1009 704 1110 765 est,
1163 696 1240 751 ita
1291 703 1342 750 et
1375 695 1540 749 unius
1561 694 1743 749 carnis
1773 695 2046 763 homines,

453 785 658 843 diversi
714 791 876 841 erunt
930 783 1195 855 dignitate
1226 783 1284 838 in
1333 783 1772 853 resurrectione;
1831 791 1893 838 nt
1923 782 2050 839 talis

453 875 831 950 unusquisque
864 880 1136 946 appareat,
1168 872 1346 946 qualis
1374 872 1541 928 fuerit
1570 871 1752 927 meriti
1794 889 1806 928 :
1850 873 2051 946 quippe

451 981 578 1022 cum
612 964 778 1021 etiam
808 963 899 1020 hic
918 961 1293 1018 diversitatem
1317 978 1607 1033 corporum
1630 961 1939 1017 videamus.

527 1055 708 1128 (Vers.
740 1054 857 1124 40.)
928 1078 945 1101 α
999 1055 1072 1109 Et
1126 1069 1354 1124 corpora
1407 1053 1667 1120 caelestia,
1729 1060 1782 1108 et
1823 1069 2051 1125 corpora

451 1145 751 1212 terrestria,
813 1142 907 1199 sed
936 1143 1044 1198 alia
1096 1143 1319 1217 quidem
1373 1143 1682 1200 caelestium
1714 1143 1908 1215 gloria,
1943 1143 2050 1199 alia

452 1241 634 1292 autem
665 1233 1026 1290 terrestrium.
1079 1259 1096 1280 ι
1157 1233 1410 1292 Coelestia
1438 1250 1670 1306 corpora
1697 1241 1826 1289 sunt
1856 1249 2051 1290 resur-

453 1323 717 1397 gentium,
751 1323 1033 1380 terrestria
1061 1331 1240 1379 autem
1273 1332 1564 1396 antequam
1595 1323 1925 1389 moriantur,
1956 1330 2052 1378 aut

452 1422 738 1485 resurgant
769 1432 780 1469 :
816 1422 878 1470 ut
908 1414 1038 1488 quia
1065 1414 1317 1474 Christus
1336 1415 1575 1471 caelestis
1594 1423 1693 1482 est,
1727 1432 1795 1470 ex
1826 1431 1889 1471 eo
1919 1431 2050 1470 cor-

453 1520 586 1577 pora
613 1505 854 1562 ccelestia
881 1505 1137 1562 dicantur
1171 1523 1183 1561 :
1225 1521 1294 1561 ex
1325 1505 1499 1561 Adam
1561 1521 1711 1572 vero,
1771 1503 1900 1576 quia
1929 1511 2050 1560 ter-

451 1597 639 1654 restris
668 1605 770 1668 est,
801 1598 1081 1655 terrestria
1120 1613 1369 1670 corpora.

523 1687 706 1759 (Vers.
747 1689 864 1761 41.)
935 1713 954 1736 ι
1017 1689 1140 1744 Alia
1195 1688 1416 1743 claritas
1457 1687 1609 1757 solis,
1671 1688 1779 1743 alia
1830 1688 2050 1745 claritas

2157 518 2327 590 bigat.
2364 542 2382 564 ‹
2417 517 2732 574 Seminatur
2771 516 2827 571 in
2849 514 3186 588 corruptela,
3217 522 3405 586 surget
3437 513 3497 569 in
3527 514 3776 572 incorru~

2158 607 2644 680 ptela.-Seminare
2675 613 2756 662 est
2775 605 3028 678 sepelire,
3060 612 3122 660 ut
3157 611 3572 676 corrumpatur:
3599 618 3773 662 resur'

2161 715 2282 770 gere
2316 708 2496 754 autem
2530 699 2588 754 in
2618 699 3008 769 incorruptela,
3067 697 3194 768 jam
3227 698 3630 754 exsuscitatum
3660 712 3772 756 non

2159 805 2316 860 posse
2335 787 2736 860 corrumpi,sed
2760 787 2959 844 habere
2982 786 3293 842 claritatem
3312 787 3767 846 immortalitatis.

2235 879 2418 950 (Vers.
2451 877 2568 948 43.)
2625 902 2643 924 ι
2691 876 3005 932 Seminatur
3033 875 3090 930 in
3121 875 3450 947 ignominia,
3492 886 3677 950 surget
3707 878 3766 935 in

2160 967 2351 1039 gloria.
2385 991 2402 1013 ›
2452 968 2513 1022 In
2545 966 2852 1039 ignominia
2874 965 3213 1031 seminatur;
3259 964 3389 1038 quia
3414 966 3548 1023 dum
3580 968 3640 1024 in
3675 977 3771 1026 te-

2159 1056 2299 1113 trico
2328 1056 2573 1129 ponitur,
2612 1055 2674 1110 ﬁt
2702 1053 2963 1124 fetidum,
3014 1062 3068 1110 et
3096 1061 3265 1112 scatet
3293 1055 3574 1112 vermibus
3601 1075 3614 1112 :
3648 1075 3770 1114 sur-

2160 1155 2248 1220 get
2275 1157 2456 1204 autem
2495 1147 2551 1202 in
2582 1146 2753 1220 gloria
2778 1165 2790 1214 ;
2848 1146 2976 1219 quia
3006 1145 3307 1203 excitatum
3334 1155 3388 1203 et
3434 1149 3622 1205 lumen
3650 1149 3763 1206 erit

2160 1247 2214 1295 et
2238 1238 2447 1293 nullam
2477 1236 2747 1310 squaloris
2777 1235 3038 1308 injuriam
3071 1235 3329 1308 patietur.
3392 1261 3411 1284 ι
3450 1237 3768 1297 Seminatur

2161 1329 2217 1385 in
2254 1328 2595 1396 inﬁrmitate,
2645 1335 2829 1399 surget
2877 1327 2934 1382 in
2986 1327 3211 1383 virtute.
3254 1353 3273 1376 ι
3344 1329 3406 1384 In
3434 1327 3764 1386 inﬁrmitate

2159 1419 2482 1486 seminatur,
2513 1417 2642 1491 quia
2670 1417 2957 1473 immobile
2988 1425 3091 1484 est,
3121 1424 3175 1473 et
3207 1417 3488 1490 irregibile
3518 1436 3531 1474 :
3583 1427 3768 1493 surget

2160 1526 2342 1574 autem
2386 1517 2444 1572 in
2493 1517 2722 1586 virtute,
2761 1512 2902 1570 166
2932 1513 3062 1587 quia
3089 1512 3204 1587 jam
3239 1521 3420 1571 totum
3456 1530 3632 1571 unum
3661 1516 3765 1573 erit

2159 1625 2222 1665 ac
2250 1616 2524 1680 vegetum.

2235 1698 2418 1767 (Vers.
2448 1697 2564 1769 44.)
2624 1721 2644 1752 σ
2693 1697 3008 1754 Seminatur
3049 1712 3252 1769 corpus
3281 1696 3539 1766 animale,
3580 1706 3764 1772 surget

449 1779 615 1847 lunae,
674 1787 729 1835 et
777 1779 884 1834 alia
932 1777 1152 1835 claritas
1193 1779 1476 1833 Stellarum
1511 1796 1524 1845 ;
1588 1780 1747 1835 Stella
1802 1778 1948 1834 enim
1980 1778 2048 1834 ab
2080 1787 2124 1847 B
2158 1787 2802 1862 corpusspiritale.Siest
2821 1785 3746 1862 corpusanimale,estetspiritale.-

449 1871 608 1928 stella
635 1869 819 1926 diﬁ‘ert
847 1869 905 1924 in
937 1869 1189 1926 ctaritate
1213 1870 1352 1941 (6i).
1385 1894 1402 1917 ›
1447 1870 1623 1926 Unius
1657 1879 1866 1927 naturae
1887 1888 2048 1928 com-

447 1959 730 2032 paratione
760 1959 936 2015 utitur
964 1957 1032 2014 ad
1082 1959 1395 2016 indiscretae
1427 1960 1747 2018 substantiae
1802 1961 2046 2018 redden-

447 2050 572 2108 dam
609 2048 900 2117 rationem,
931 2049 1060 2124 quia
1089 2050 1231 2107 sicut
1277 2051 1355 2106 sol
1395 2059 1448 2106 et
1480 2052 1610 2107 luna
1637 2061 1690 2108 et
1717 2052 1889 2108 stellae
1918 2069 2044 2109 cum

447 2139 558 2196 sint
580 2139 745 2196 unius
771 2139 994 2212 quidem
1026 2148 1255 2208 naturae,
1287 2140 1520 2198 diversas
1553 2149 1738 2198 tamen
1779 2142 2046 2198 claritatis

447 2237 577 2286 sunt
610 2248 622 2286 :
674 2229 751 2286 ita
789 2237 842 2286 et
875 2229 1128 2286 homines
1158 2243 1283 2286 cum
1316 2232 1427 2287 sint
1457 2231 1624 2288 unius
1654 2233 1886 2304 generis,
1919 2249 2047 2288 me-

446 2319 554 2376 rito
599 2327 784 2376 tamen
837 2320 1136 2376 dissimiles
1165 2330 1326 2376 erunt
1374 2322 1431 2376 in
1464 2323 1673 2393 gloria;
1709 2333 1771 2380 ut
1803 2325 2043 2380 claritati

445 2410 578 2467 solis
629 2410 852 2466 illorum
903 2410 1143 2482 dignitas
1189 2419 1524 2484 exaequetur,
1557 2414 1651 2485 qui
1682 2415 2043 2472 centesimum

446 2515 740 2556 numerum
765 2498 990 2569 habent,
1009 2501 1102 2573 qui
1125 2508 1185 2556 ut
1205 2503 1431 2573 perfecti
1453 2504 1824 2576 essent,primi
1845 2505 2044 2577 gradus

443 2591 630 2648 aemuli
650 2591 894 2661 fuerunt,
925 2593 993 2648 de
1022 2592 1222 2666 quibus
1252 2593 1463 2650 dictum
1491 2602 1570 2650 est
1603 2612 1615 2650 :
1666 2619 1683 2642 ι
1726 2597 1880 2653 Tunc
1904 2596 2041 2668 justi

443 2681 731 2756 fulgebunt
758 2683 900 2740 sicut
939 2684 1017 2739 sol
1048 2683 1108 2740 in
1137 2700 1304 2757 regno
1332 2683 1507 2741 Patris
1537 2685 1620 2740 sui
1672 2687 1883 2757 (Matth.
1920 2706 2042 2761 xm,

443 2768 556 2843 43).
591 2797 609 2821 ι
653 2773 857 2831 Lunari
890 2773 1112 2846 quidem
1144 2773 1382 2831 claritati
1414 2774 1473 2830 hi
1503 2775 1857 2849 comparandi
1888 2786 2038 2848 sunt,

443 2863 539 2934 qui
582 2862 981 2934 sexagesimum
1013 2879 1305 2919 numerum
1335 2863 1497 2920 bonis
1524 2865 1782 2936 operibus
1813 2868 2038 2924 mercati

442 2958 592 3016 sunt,
624 2958 684 3004 ut
713 2951 938 3006 secundi
971 2951 1170 3020 gradus
1208 2952 1466 3006 meritum
1515 2953 1800 3011 haberent.
1856 2959 2041 3015 Stellis

439 3045 622 3094 autem
683 3039 1010 3094 clarioribus
1037 3055 1226 3094 eorum
1259 3040 1454 3096 merita
1483 3045 1849 3115 comparanda
1887 3056 2036 3117 sunt,

2160 1878 2416 1934 Animale
2444 1895 2640 1951 corpus
2671 1877 2910 1946 est,dum
2942 1877 3080 1934 cibis
3117 1884 3557 1945 sustentatur,ut
3583 1879 3756 1934 vivat:

2156 1967 2401 2040 spiritale
2430 1975 2778 2036 autem,cum
2807 1967 3008 2024 horum
3041 1966 3188 2022 nihil
3220 1966 3512 2038 indigebit,
3534 1984 3758 2024 conver-

2155 2075 2275 2113 sum
2308 2058 2364 2113 in
2396 2058 2588 2114 vitam.
2638 2056 2836 2114 Omnia
2877 2056 3191 2128 supradicta
3247 2055 3352 2112 hoc
3389 2073 3554 2114 sensu
3594 2059 3756 2115 clau-

2154 2146 2364 2203 duntur
2399 2147 2553 2219 (63);
2587 2163 2698 2203 non
2727 2145 2871 2202 enim
2905 2145 3058 2202 aliud
3085 2146 3403 2202 continetur
3431 2147 3488 2202 in
3513 2147 3756 2220 superio-

2155 2235 2329 2304 ribus,
2361 2235 2464 2292 nisi
2489 2235 2636 2308 quod
2657 2235 2894 2291 animale
2922 2251 3121 2307 corpus
3149 2235 3406 2305 moritur,
3440 2245 3494 2293 et
3514 2245 3757 2309 resurget

2153 2325 2420 2398 spiritale,
2454 2327 2600 2400 quod
2622 2343 2798 2399 neque
2827 2326 2942 2398 jam
2974 2325 3290 2394 manducet,
3322 2342 3423 2382 nec
3459 2326 3633 2395 bibat,
3657 2343 3756 2385 nec

2154 2416 2484 2486 inﬁrmetur,
2519 2435 2619 2475 nec
2646 2418 2719 2474 sit
2747 2417 3005 2485 fetidum,
3039 2433 3140 2474 nec
3172 2425 3370 2474 tetrum
3404 2427 3618 2475 natura.

2229 2507 2410 2577 (Vers.
2430 2507 2547 2579 45.)
2566 2509 2788 2564 «Factus
2817 2514 2899 2562 est
2929 2508 3142 2578 primus
3173 2506 3340 2563 homo
3361 2507 3537 2564 Adam
3567 2507 3624 2564 in
3639 2509 3753 2566 ani-

2153 2597 2603 2654 mamviventem.
2636 2624 2654 2647 ι
2702 2599 2818 2654 Hoc
2844 2597 2901 2652 in
2932 2597 3129 2653 Genesi
3159 2596 3371 2654 dictum
3401 2606 3482 2655 est
3505 2599 3659 2670 (Gen.
3683 2615 3745 2668 ιι,

2101 2716 2116 2723 ν
2157 2687 2235 2757 7),
2270 2687 2418 2759 quia,
2451 2696 2673 2760 accepto
2717 2686 2916 2760 spiritu
2947 2687 3108 2742 ﬂatus
3134 2687 3234 2743 Dei
3263 2687 3438 2745 factus
3467 2695 3550 2745 est
3579 2687 3746 2745 homo

2152 2779 2209 2834 in
2244 2778 2484 2834 animam
2535 2779 2852 2844 viventem;
2905 2777 3147 2834 oﬂicium
3187 2776 3334 2833 enim
3364 2777 3592 2850 spiritus
3618 2778 3748 2834 ani-

2153 2889 2299 2928 mare
2329 2880 2410 2928 est
2435 2889 2652 2945 corpus,
2689 2873 2767 2928 ita
2800 2881 2979 2928 tamen
3011 2881 3071 2928 ut
3091 2870 3410 2928 continuam
3443 2872 3612 2928 vitam
3635 2887 3747 2929 non

2151 2961 2368 3028 habeat,
2400 2962 2506 3018 nisi
2537 2961 2675 3018 cibis
2704 2967 2757 3016 et
2786 2967 2945 3033 potus
2973 2958 3181 3014 auxilio
3213 2966 3424 3014 utatur.
3469 2981 3488 3006 ι
3535 2958 3750 3016 Novis-

2149 3051 2322 3107 simus
2351 3059 2534 3106 autem
2557 3050 2732 3107 Adam
2749 3049 2807 3105 in
2823 3049 3079 3122 spiritum
3095 3046 3489 3115 viviﬁcantem;
3509 3073 3527 3096 ι
3545 3048 3651 3105 hoc
3661 3056 3748 3106 est

440 3127 536 3201 qui
574 3127 914 3184 tricesimum
948 3145 1261 3199 numerum,
1299 3131 1450 3185 tertii
1489 3132 1686 3202 gradus
1715 3133 2037 3207 dignitatem
2071 3151 2112 3210 ί]
2150 3150 2208 3196 ut
2227 3139 2340 3212 jam
2371 3141 2465 3214 qui
2496 3147 2620 3195 ante
2648 3140 2829 3195 fuerat
2872 3139 3047 3194 factus
3077 3138 3135 3193 in
3164 3137 3426 3205 animam,
3455 3137 3634 3195 factus
3665 3145 3749 3195 est

432 3215 599 3290 justis
633 3216 918 3274 laboribus
947 3217 1300 3291 quaesierunt.
1361 3220 1728 3293 Sequentibus
1759 3240 1890 3280 vero
1921 3227 2044 3282 stel-

437 3305 528 3376 lis,
560 3323 681 3381 quaa
734 3308 880 3366 inter
932 3309 1109 3367 claras
1155 3319 1210 3366 et
1265 3310 1615 3369 obscuriores
1644 3314 1841 3371 mediae
1892 3325 2039 3386 sunt,

435 3405 750 3470 peccatores
807 3398 1063 3456 homines
1117 3400 1410 3473 coaptandi
1452 3409 1605 3469 sunt,
1637 3404 1732 3478 qui
1763 3405 1831 3462 de
1863 3406 2041 3462 tribus

435 3486 643 3542 nullius
674 3487 870 3559 gradus
898 3488 1131 3561 adipisci
1161 3489 1428 3547 honorem
1456 3493 1774 3550 voluerunt.
1809 3494 2039 3552 Tetricis

434 3583 616 3631 autem
671 3577 863 3645 stellis,
917 3586 971 3634 et
1027 3579 1276 3635 omnium
1325 3580 1666 3649 novissimis,
1697 3583 2032 3653 perﬁdorum

436 3666 763 3723 resurrectio
793 3667 993 3722 similis
1021 3674 1138 3734 est;
1201 3670 1330 3740 quia
1360 3686 1602 3726 errorem
1634 3672 1830 3739 secuti,
1860 3673 2034 3729 stellis

435 3755 494 3812 in
528 3771 766 3811 errorem
805 3755 1136 3813 ducentibus
1163 3759 1516 3831 comparandi
1543 3769 1693 3829 sunt,
1727 3760 1869 3817 sicut
1897 3761 2031 3818 dicit

433 3844 492 3900 in
522 3844 770 3917 Epistola
796 3861 895 3900 sua
923 3845 1089 3902 Iudas
1126 3849 1406 3918 apostolus
1435 3848 1612 3920 (Judce
1648 3851 1758 3922 13).
1793 3850 2030 3907 Inﬁdeli-

432 3941 516 3991 tas
546 3934 694 3990 enim
726 3951 837 3991 non
863 3942 1040 4007 potest
1068 3938 1268 3994 claram
1299 3939 1755 3998 resurrectionem
1787 3941 1985 3997 habere
2014 3961 2026 4009 ;

431 4025 562 4098 quia
588 4027 732 4083 sicut
758 4026 922 4085 carbo
950 4027 1134 4083 cinere
1163 4045 1262 4083 suo
1284 4038 1572 4100 coopertus
1599 4031 1927 4101 obcaecatur,
1957 4033 2033 4087 ita

432 4123 487 4171 et
513 4116 572 4173 hi
605 4117 836 4190 perﬁdia
863 4134 963 4174 sua
998 4119 1199 4175 erroris
1232 4119 1349 4190 (62)
1403 4120 1645 4175 tenebris
1675 4121 2027 4187 circumdati,

436 4207 557 4262 luce
582 4207 867 4263 carebunt.

507 4305 690 4377 (Vers.
723 4306 838 4378 42.)
887 4329 904 4353 ι
932 4307 1014 4362 Ita
1043 4307 1148 4364 erit
1177 4315 1230 4364 et
1259 4307 1589 4365 resurrectio
1619 4315 2015 4365 mortuorum.-

432 4395 703 4469 Exempla
756 4395 869 4467 dat,
928 4405 989 4454 ut
1045 4414 1156 4453 non
1199 4398 1271 4454 sit
1305 4397 1538 4454 dubium
1571 4399 2029 4456 resurrectionem

507 4595 622 4668 (61)
646 4596 843 4670 Codex
897 4595 1082 4670 Corb.,
1143 4595 1274 4652 Alia
1318 4595 1492 4667 gloria
1534 4596 1680 4665 solis,
1713 4598 1827 4653 alia
1856 4600 2030 4670 gloria

437 4666 802 4741 luam,_di/[ert
826 4672 881 4741 in
909 4669 1107 4741 gloria.

507 4737 765 4814 (62)_Ms_.
822 4737 1011 4805 Corb.,
1061 4740 1313 4814 per/Edim
1350 4757 1460 4796 sure
1504 4758 1705 4797 errore.
1761 4743 1832 4798 Et
1860 4741 2025 4798 infra.

429 4807 695 4884 Exempla
723 4810 941 4877 dantur,
979 4819 1036 4866 ut
1061 4807 1182 4868 ’τιοὴ
1228 4813 1442 4869 dubiam
1470 4813 1902 4869 resurrectionem
1929 4814 2029 4884 fu-

432 4882 612 4956 turam
640 4887 970 4956 mortuorum
998 4886 1116 4952 quis
1143 4885 1392 4956 ambigat.

507 4949 634 5026 (63)
664 4953 787 5008 Vet.
821 4949 1048 5026 edit.ac
1078 4956 1259 5025 plures
1286 4949 1444 5022 inss.,
1503 4972 1606 5026 non
1652 4957 1790 5011 enim
1835 4974 2027 5026 corpus

429 5019 661 5077 animate
685 5040 888 5093 semper
914 5025 995 5079 hic
1023 5019 1208 5079 habere
1227 5032 1410 5095 potest.
1429 5019 1709 5095 'Spiritum
1739 5019 1975 5080 sanctum
2009 5046 2024 5081 .-

431 5098 552 5146 tunc
581 5110 724 5168 pero,
756 5095 814 5150 id
842 5101 932 5163 est,
965 5096 1020 5149 in
1049 5098 1449 5168 resurrectione,
1490 5113 1693 5168 semper
1717 5099 1942 5152 manebit
1971 5099 2027 5152 in

428 5166 641 5239 sanctis.
676 5169 862 5239 Surget
888 5184 1078 5239 corpus
1105 5167 1513 5239 spiritale,quod
1527 5166 1696 5239 possit
1721 5170 1802 5223 ire
1820 5169 2026 5224 obviam

433 5237 671 5312 Christo.
708 5237 837 5307 Quae
882 5238 1102 5312 quidem
1130 5237 1300 5312 verba
1329 5237 1440 5294 nOn
1477 5237 1617 5312 aegre
1646 5240 2026 5312 deprehendas

427 5310 809 5368 consarcinata
855 5309 969 5366 esse
1022 5326 1090 5366 ex
1154 5309 1565 5368 Commentario
1633 5309 2025 5368 Pséudo-Hie-

429 5382 650 5454 ronymi
681 5382 738 5455 in
773 5381 919 5455 hune
955 5383 1158 5455 locum.
1188 5380 1293 5455 Sed
1323 5398 1444 5455 quae
1473 5382 1541 5438 ab
1568 5382 1656 5440 his
1685 5383 1816 5455 ipsis
1842 5383 2024 5438 verbis

426 5453 619 5536 usque
646 5453 714 5510 ad
767 5453 872 5536 illa
903 5453 1097 5536 capitis
1129 5455 1154 5510 1
1189 5453 1587 5535 Commentarii
1619 5455 1675 5510 in
1704 5453 2020 5536 sequentem

428 5470 598 5531 usque
646 5470 714 5510 aa
767 5470 867 5510 tua
903 5470 964 5534 ca
1005 5470 1097 5510 lus
1129 5470 1154 5510 1
1189 5470 1587 5535 Commenta“!
1619 5471 1675 5510 ιιι
1704 5470 2020 5536 sequentem

428 5525 712 5606 epistolam
747 5542 760 5581 :
810 5470 1149 5606 Μαηιῆεειιιιῃ
1195 5542 1468 5606 quiatpro
1512 5543 1614 5606 q‘uo
1672 5533 2021 5606 pa_tunur,1n

430 5593 702 5670 plerisque
732 5613 862 5653 mss.
890 5605 945 5653 et
960 5593 1232 5670 omnibus
1260 5593 1394 5653 edit.
1428 5593 1711 5670 Ambrosii
1744 5593 2018 5670 leguntur,

428 5663 574 5722 unde
613 5663 791 5725 'etiam
835 5668 1090 5726 nonnihil
1145 5669 1202 5726 in
1255 5685 1411 5726 suam
1443 5663 2021 5743 Paulinarum'episto¥

2059 4509 2107 4567 D

2155 3229 2210 3284 in
2242 3230 2498 3302 spiritum
2529 3247 2624 3303 per
2653 3228 3128 3298 resurrectionem,
3151 3235 3212 3284 ut
3239 3229 3379 3284 mori
3413 3244 3526 3284 non
3549 3228 3745 3301 possit,

2153 3320 2281 3391 quia
2309 3321 2402 3377 ﬁet
2430 3328 2575 3376 totus
2605 3322 2819 3376 vivens.

2225 3409 2406 3479 (Vers.
2438 3408 2554 3480 46.)
2602 3434 2618 3456 ι
2649 3408 2754 3465 Sed
2775 3424 2885 3464 non
2917 3407 3069 3480 prius
3096 3407 3243 3480 quod
3274 3407 3524 3480 spiritale
3551 3415 3633 3464 est
3662 3424 3676 3475 ;
3710 3431 3728 3454 ι

2149 3514 2254 3569 qua
2275 3498 2510 3554 animale
2538 3515 2608 3556 ex
2649 3497 2847 3567 Adam,
2890 3496 3135 3570 spiritale
3165 3512 3295 3552 vero
3335 3514 3432 3570 per
3465 3497 3741 3555 Christum

2145 3593 2197 3641 et
2224 3588 2679 3645 resurrectionem
2711 3597 3076 3646 mortuorum.

2217 3676 2397 3747 (Vers.
2434 3677 2524 3742 47,
2555 3677 2672 3749 48.)
2692 3700 2709 3724 ‹
2750 3678 2968 3734 Primus
2997 3677 3163 3733 homo
3190 3676 3257 3733 de
3293 3684 3445 3734 terra
3474 3683 3739 3746 terrenus,

2142 3765 2412 3822 secundus
2431 3766 2597 3822 homo
2626 3767 2694 3823 de
2720 3768 2858 3824 ccelo
2879 3766 3116 3822 caelestis
3143 3783 3154 3821 :
3185 3765 3365 3839 qualis
3396 3773 3742 3834 terrenus,ta'

2144 3861 2219 3914 les
2235 3869 2289 3915 et
2311 3863 2531 3917 terreni:
2557 3870 2609 3918 et
2627 3863 2806 3935 qualis
2821 3861 3228 3929 caelestis,tales
3247 3870 3304 3918 et
3323 3862 3612 3918 caelestes.»
3632 3861 3743 3916 Pri-

2143 3965 2263 4004 mus
2283 3949 2452 4005 homo
2473 3950 2647 4006 Adam
2669 3959 2751 4006 est
2777 3950 2844 4006 de
2867 3959 3012 4007 terra
3045 3949 3480 4022 temporalis,cui
3500 3948 3746 4005 succedit

2144 4055 2317 4093 mors:
2338 4038 2609 4095 secundus
2632 4039 2801 4095 homo
2819 4039 3072 4098 Christus
3092 4049 3173 4095 est
3203 4040 3270 4095 de
3295 4039 3553 4112 cmlo,qui
3568 4053 3744 4094 resur-

2141 4142 2270 4196 gens
2301 4127 2439 4182 mori
2469 4128 2676 4184 nescit:
2713 4127 2938 4194 «Qualis
2972 4133 3054 4183 est
3077 4127 3172 4182 ille
3202 4127 3497 4196 terrestris,
3525 4126 3661 4182 tales
3690 4133 3745 4182 et

2139 4224 2453 4288 terrestres;
2487 4244 2505 4265 ι
2556 4218 2663 4274 hoc
2690 4227 2792 4287 est,
2851 4218 2981 4292 quia
3034 4225 3288 4275 terrenus
3342 4218 3591 4274 mortalis
3638 4227 3738 4286 est,

2141 4312 2397 4368 mortales
2451 4319 2580 4368 sunt
2635 4319 2688 4368 et
2743 4312 2950 4367 terreni
3011 4329 3024 4367 :
3090 4329 3326 4386 peccans
3353 4323 3537 4370 autem
3565 4297 3739 4369 Adam

2141 4407 2369 4455 mortem
2406 4399 2638 4469 invenit,
2672 4408 2734 4457 ut
2760 4416 2952 4458 omnes
2975 4417 3045 4458 ex
3067 4417 3132 4458 eo
3162 4399 3419 4456 mortales
3443 4400 3579 4457 sint.
3624 4424 3643 4449 ι
3670 4401 3740 4456 Et

2144 4601 2739 4674 larumExpositionem
2761 4601 3004 4674 doctoris
3016 4600 3191 4674 nostri
3208 4600 3432 4674 nomine
3455 4601 3739 4674 transtulit

2138 4673 2392 4746 Rabanus
2415 4672 2643 4746 Maurus
2676 4692 2714 4746 ;Δ
2740 4673 3099 4746 eadem,solo
3131 4673 3641 4746 prologoexcepto,
3681 4672 3738 4727 in

2136 4745 2462 4800 adulterinis
2510 4745 2622 4799 illis
2653 4743 2977 4817 Hieronymi
3009 4743 3540 4817 Commentariisad
3555 4745 3740 4817 apices

2137 4817 2524 4897 reperiuntur._
2561 4817 2700 4896 Hinc
2754 4817 2813 4872 in
2843 4815 3101 4897 promptu
3132 4815 3300 4896 fuerit
3325 4815 3578 4897 colligere
3592 4815 3734 4897 ’folii

2135 4885 2369 4959 alicujus
2423 4886 2620 4959 factam
2669 4886 2736 4959 in
2793 4885 2962 4959 veteri
3005 4885 3279 4959 quopiam
3337 4885 3516 4959 hujus
3557 4886 3736 4959 nostri

2135 4957 2526 5030 Commentarji
2586 4958 2774 5030 codice
2820 4957 3092 5028 jacturam
3130 4957 3734 5030 veltranspositionem

2135 5027 2387 5100 librarios
2417 5045 2444 5100 e
2478 5027 3052 5100 Pseudo-Ilieronymo
3109 5029 3325 5100 sarcire
3362 5027 3621 5100 valuisse.
3673 5028 3735 5084 Id

2133 5099 2261 5154 inde
2300 5099 2680 5166 conﬁrmatur,
2713 5099 2859 5170 quod
2888 5099 2996 5154 alia
3026 5101 3212 5156 omnia
3242 5099 3500 5154 exhibeat
3532 5115 3734 5154 exem-

2133 5171 2251 5241 plar
2307 5170 2652 5242 Corbeiense,
2676 5241 2679 5242 ν
2709 5169 2801 5226 sed
2830 5188 2950 5242 qua:
2982 5173 3158 5227 multo
3187 5169 3524 5242 conveniant
3551 5170 3734 5242 aptius

2131 5240 2255 5322 cum
2294 5241 2706 5322 ambrosiastri,
2740 5249 2801 5296 ut
2826 5240 3044 5322 vocant2
3077 5241 3389 5322 styloLlluc
3415 5240 3552 5297 adde
3583 5240 3729 5322 quod

2134 5312 2190 5367 in
2237 5312 2416 5368 tribus
2466 5313 2591 5368 aliis
2647 5330 2775 5369 mss.
2836 5314 2902 5369 ad
2965 5312 3168 5371 calcem
3228 5312 3622 5370 Commentarii
3677 5312 3735 5367 in

2131 5383 2308 5456 Epist.
2359 5384 2426 5458 ad
2468 5384 3150 5458 Romanosfragmentum
3182 5383 3564 5458 Expositionis
3592 5383 3735 5458 ulti—

2132 5453 2347 5511 morum
2387 5455 2552 5528 hujus
2574 5457 2832 5528 epistolae
2872 5453 3458 5528 versuumAmbrosio
3499 5453 3729 5528 attribu-

2135 5535 2250 5600 tum
2281 5524 2680 5600 exstat—iisdem
2700 5527 3416 5600 verbis,quibus_legitur_in
3434 5524 3730 5600 cod.‘Corb.

2131 5598 2308 5671 Hujus
2327 5599 2511 5673 itaque
2531 5599 2819 5657 lectionem
2840 5571 3234 5656 admittendam
3257 5596 3726 5654 existimavimus.
