4112 6178
293 314 390 372 285

291 438 458 512 qualis
492 437 584 495 ille
608 437 868 508 cmlestis,
897 439 1034 495 tales
1079 446 1133 496 et
1168 439 1410 498 caelestes
1451 441 1586 508 sint,
1614 467 1632 490 ι

291 529 410 602 quia
469 528 721 587 Christus
786 546 899 586 non
963 531 1234 604 peccavit,
1308 532 1538 589 vincens
1613 542 1870 606 mortem,

286 621 511 677 cmlestis
539 628 621 677 est
648 638 660 677 :
692 620 770 676 ita
818 620 928 676 sint
956 627 1009 676 et
1054 620 1340 678 credentes
1371 622 1455 678 illi
1488 641 1499 678 :
1536 624 1792 696 quamvis
1820 633 1875 680 et

287 727 386 765 non
414 710 700 766 credentes
729 709 998 784 spiritales
1022 710 1197 766 futuri
1231 721 1381 780 sunt,
1410 712 1506 767 sed
1534 713 1678 769 sicut
1715 713 1876 785 spiri-

283 801 408 856 talia
437 799 722 873 nequitiae,
755 809 816 857 ut
863 800 974 856 sint
1015 799 1315 856 tenebrosi.
1357 803 1437 858 De
1486 803 1693 858 sanctis
1724 803 1874 858 enim

282 907 425 946 nunc
486 889 748 963 loquitur,
805 889 899 962 qui
953 897 1247 962 resurgent
1295 890 1364 945 ad
1406 891 1678 962 gloriam;
1732 892 1875 948 sicut

278 981 423 1036 enim
454 979 545 1054 qui
592 996 702 1036 non
731 980 993 1048 credunt,
1037 979 1154 1051 jam
1198 979 1436 1051 judicati
1488 989 1638 1050 sunt,
1687 989 1740 1038 et
1775 983 1870 1055 qui

277 1070 523 1138 credunt,
546 1069 662 1142 jam
694 1070 948 1125 coelestes
988 1067 1250 1124 dicuntur
1284 1070 1462 1140 (Joan.
1494 1087 1576 1138 in,
1614 1069 1724 1141 18).

346 1159 528 1228 (Vers.
562 1158 682 1229 49.)
721 1179 740 1204 ι
775 1157 950 1229 Igitur
996 1156 1141 1212 sicut
1188 1156 1531 1229 portavimus
1572 1158 1867 1230 imaginem

273 1248 429 1303 illius
475 1246 702 1316 terreni,
733 1254 1016 1318 portemus
1043 1253 1098 1302 et
1125 1244 1420 1319 imaginem
1471 1245 1636 1319 hujus
1665 1251 1868 1304 coeles-

274 1337 377 1403 tis;
413 1361 430 1382 ι
473 1337 577 1392 hoc
608 1344 708 1404 est,
741 1336 885 1392 sicut
915 1336 1149 1392 formam
1178 1335 1480 1393 habuimus
1509 1337 1868 1394 mortalitatis

271 1442 368 1497 per
411 1433 692 1498 peccatum
732 1425 886 1492 Adae,
937 1426 1081 1481 servi
1110 1427 1317 1498 peccati
1353 1425 1482 1482 facti
1511 1444 1522 1481 :
1569 1426 1648 1482 ita
1677 1435 1731 1483 et
1760 1427 1866 1482 for-

269 1530 411 1570 mam
438 1514 738 1570 habeamus
786 1514 914 1569 vitae
939 1530 1037 1585 per
1058 1513 1337 1586 justitiam
1379 1516 1704 1585 Salvatoris,
1734 1517 1866 1574 facti

269 1602 412 1658 servi
434 1601 689 1674 justitiaa,
716 1618 828 1658 non
856 1602 1074 1672 mundi,
1097 1604 1192 1660 sed
1219 1605 1319 1661 Dei
1338 1622 1352 1672 ;
1371 1604 1505 1663 dum
1535 1622 1598 1663 ea
1627 1607 1864 1679 agimus,

269 1706 385 1762 quae
413 1689 830 1746 immortalitate
861 1691 1029 1765 digna
1054 1699 1207 1748 sunt.

1353 315 1720 374 COMMENT.
1770 317 1847 374 IN
1888 317 2108 376 EPIST.
2148 321 2171 378 Ι
2207 319 2304 378 AD
2341 322 2499 382 COR.

1675 443 1731 499 id
1762 451 1862 515 est,
1895 445 1945 506 A
1975 445 2145 517 rupti,
2203 454 2258 502 et
2312 464 2410 504 nos
2460 450 2894 511 immutabimur.
2941 480 2960 505 ι

3479 338 3587 395 286

3017 457 3376 532 Surgentibus
3429 462 3580 520 enim

1982 536 2363 610 peccatoribus
2426 547 2480 594 et
2535 541 2737 614 impiis,
2794 547 2970 603 sancti
3022 547 3466 608 immutabuntur
3522 552 3580 610 in

1981 624 2250 693 claritate,
2299 632 2360 680 ut
2403 642 2530 682 caro
2580 629 2670 684 ﬁat
2719 633 2984 704 spiritalis
3025 653 3149 692 cum
3179 637 3374 710 gloria,
3421 641 3576 714 quasi

1983 715 2296 786 plumbum,
2340 715 2388 770 si
2433 716 2530 773 ﬁat
2557 733 2772 776 aurum.
2821 723 3006 782 Sancti
3035 725 3180 783 enim
3232 727 3292 784 in
3336 729 3578 788 adventu

1983 803 2208 858 Domini
2236 811 2459 877 surgent
2491 807 2634 863 sicut
2663 811 2912 881 superius
2944 814 3108 884 (vers.
3144 817 3237 887 23)
3271 817 3349 874 ait
3376 836 3388 875 :
3429 843 3447 866 ι
3471 819 3580 875 Ini-

1985 894 2122 950 tium
2155 894 2408 951 Christus
2433 914 2444 951 :
2471 897 2670 953 deinde
2696 899 2755 954 hi
2777 902 2870 974 qui
2891 911 3019 959 sunt
3038 905 3242 963 Christi
3259 909 3318 964 in
3333 908 3580 967 adventu

1984 985 2122 1058 ejus,
2153 1011 2172 1033 ι
2217 986 2360 1043 sicut
2390 987 2445 1042 in
2482 990 2821 1064 Apocalypsi
2865 996 3180 1052 continetur
3206 998 3392 1070 (Apoc.
3421 1019 3462 1070 ι,
3492 1002 3576 1073 5),

1979 1084 2290 1148 peccatores
2339 1079 2487 1135 enim
2539 1097 2650 1137 non
2708 1091 2838 1138 sunt
2881 1085 3114 1154 Christi,
3143 1087 3238 1160 qui
3277 1089 3508 1148 audiunt
3549 1109 3579 1149 a

1977 1165 2214 1221 Domino
2240 1185 2250 1222 :
2297 1193 2312 1214 ι
2340 1169 2460 1224 Non
2485 1171 2618 1226 novi
2650 1187 2748 1226 vos
2783 1173 2995 1243 (Matth.
3026 1191 3126 1241 vn,
3159 1174 3275 1248 23).
3300 1200 3318 1224 ι
3361 1178 3501 1246 Quia
3529 1189 3583 1236 et

1979 1255 2036 1311 in
2064 1257 2275 1328 psalmo
2317 1258 2496 1329 primo
2525 1259 2792 1332 scriptum
2824 1268 2942 1317 est:
2991 1284 3009 1307 ι
3041 1263 3170 1320 Ideo
3229 1281 3341 1324 non
3400 1285 3581 1325 resur-

1979 1355 2104 1417 gent
2133 1345 2292 1420 impii
2326 1347 2381 1402 in
2407 1347 2642 1418 judicio,
2675 1366 2851 1423 neque
2881 1361 3192 1424 peccatores
3228 1355 3286 1411 in
3337 1359 3580 1417 concilio

1972 1433 2249 1507 justorum
2276 1438 2454 1508 (Psal.
2480 1456 2517 1506 ι,
2540 1439 2620 1508 5).
2645 1464 2662 1484 ι
2697 1439 2784 1495 Ab
2805 1440 2991 1512 impiis
3015 1443 3162 1500 enim
3194 1462 3303 1501 non
3328 1454 3410 1503 est
3431 1448 3579 1521 quod

1979 1525 2326 1596 requiratur:
2360 1526 2455 1581 sed
2487 1527 2553 1582 ad
2598 1526 2704 1584 hoc
2732 1537 2978 1600 surgent,
3008 1537 3069 1585 ut
3096 1539 3339 1603 pereant,
3371 1534 3578 1591 viden-

1977 1620 2057 1668 tes
2109 1630 2302 1669 verum
2361 1630 2498 1684 esse,
2549 1616 2696 1688 quod
2753 1617 2974 1674 credere
3018 1621 3349 1677 noluerunt:
3399 1623 3578 1695 perire

1976 1710 2156 1758 autem
2213 1714 2295 1762 est
2341 1721 2373 1759 a
2409 1707 2522 1761 Deo
2567 1721 2682 1762 esse
2720 1707 2986 1776 alienum,
3032 1709 3176 1766 sicut
3227 1711 3304 1766 ait
3343 1712 3412 1768 ad
3461 1714 3583 1770 Bo-

339 1780 521 1851 (Vers.
549 1781 668 1850 50.)
716 1804 734 1828 ι
764 1781 880 1838 Hoc
927 1789 1108 1838 autem
1151 1782 1297 1851 dico,
1334 1782 1554 1850 fratres,
1585 1783 1714 1856 quia
1740 1801 1866 1842 caro
1902 1833 1948 1894 Β
1978 1808 2195 1849 manos;
2231 1818 2248 1839 ι
2270 1793 2598 1868 Quicunque
2615 1797 2763 1852 enim
2795 1807 2953 1854 extra
2983 1799 3154 1871 legem
3185 1811 3575 1872 peccaverunt,

366 1871 585 1894 --...._-:-
637 1886 862 1894 _-_..-___
912 1872 1008 1894 “-2
1067 1873 1340 1894 _-__2J-__
1394 1890 1499 1894 ..--
1550 1891 1681 1894 ..-κγν
1733 1883 1775 1894 ,A
2009 1882 2020 1892 ο
2126 1883 2140 1894 ι
2389 1883 2421 1894 η
2533 1893 2539 1894 ,
2657 1893 2663 1894 ,
2781 1887 2792 1894 .
2830 1887 2841 1894 .
2917 1889 2931 1894 -

265 1880 317 1927 et
364 1871 589 1944 sanguis
637 1886 868 1943 regnum
912 1872 1013 1928 Dei
1067 1873 1346 1945 possidere
1394 1890 1508 1930 non
1549 1883 1797 1946 possunt.
1831 1901 1848 1924 ι

263 1961 501 2020 Carnem
538 1960 828 2034 perﬁdiam
859 1961 984 2017 vult
1012 1961 1270 2035 intelligi,
1293 1963 1616 2034 sanguinem
1645 1972 1862 2038 turpem

263 2060 321 2107 et
355 2051 704 2107 luxuriosam
756 2051 947 2119 vitam,
985 2051 1117 2124 quia
1145 2051 1420 2124 cupiditas
1449 2051 1567 2109 haec
1594 2069 1625 2108 a
1648 2053 1863 2110 fervore

259 2145 550 2218 sanguinis
566 2153 858 2217 generatur
882 2163 894 2200 :
919 2154 980 2202 ut
1009 2145 1320 2202 ostenderet
1348 2163 1459 2202 non
1486 2147 1664 2203 solum
1690 2149 1862 2204 incre-

259 2235 452 2292 dulum
497 2235 720 2308 dignam
765 2236 1222 2294 resurrectionem
1268 2253 1379 2292 non
1410 2237 1629 2306 habere,
1663 2254 1855 2295 verum

259 2327 421 2383 etiam
455 2327 613 2383 illum
646 2327 742 2399 qui
771 2326 1060 2384 desideriis
1088 2335 1140 2384 et
1170 2327 1324 2384 vitiis
1353 2329 1535 2385 carnis
1562 2329 1856 2403 obtempe-

259 2425 356 2473 rat.
392 2418 725 2476 Commonet
753 2434 880 2491 ergo
903 2425 956 2473 et
985 2419 1234 2488 instruit,
1256 2435 1364 2492 qua
1393 2421 1605 2478 ratione
1625 2437 1855 2493 regnum

256 2508 518 2564 caelorum
547 2507 810 2580 consequi
847 2524 1174 2564 mereamur.

340 2623 357 2646 ι
377 2598 569 2672 Neque
588 2597 871 2670 corruptio
894 2599 1324 2671 incorruptelam
1345 2599 1666 2674 possidebit.
1691 2626 1708 2648 ›
1741 2602 1856 2659 Hoc

255 2686 414 2756 dicit,
471 2688 602 2760 quia
658 2688 970 2760 corruptela
1033 2695 1087 2744 et
1153 2687 1381 2746 lascivia
1442 2689 1571 2746 vitai
1636 2708 1854 2764 poenam

257 2793 475 2834 necesse
507 2785 588 2834 est
617 2778 874 2850 patiatur.
906 2779 1222 2835 Passionem
1254 2779 1402 2835 enim
1441 2781 1854 2854 corruptionem

256 2869 471 2938 posuit;
493 2884 620 2923 nam
647 2876 860 2924 constat
887 2869 1080 2942 utique
1111 2885 1301 2925 omnes
1329 2869 1586 2926 homines
1615 2871 1858 2925 immor-

255 2959 386 3016 tales
415 2975 718 3030 resurgere.

324 3048 511 3119 (Vers.
543 3049 664 3120 5i.)
710 3049 896 3104 «Ecce
924 3049 1256 3120 mysterium
1297 3049 1459 3105 vobis
1486 3047 1634 3116 dico,
1666 3065 1858 3105 omnes

250 3136 482 3209 quidem
532 3151 916 3206 resurgemus;
950 3160 970 3184 ι
1016 3135 1073 3190 id
1111 3144 1213 3204 est,
1242 3145 1353 3192 tam
1385 3137 1665 3196 credentes
1692 3155 1854 3212 quam

253 3241 373 3281 non
425 3223 734 3279 credentes.
782 3247 799 3269 ε
832 3223 936 3280 Sed
985 3240 1097 3280 non
1127 3242 1316 3283 omnes
1345 3227 1784 3286 immutabimur.
1827 3255 1846 3278 ι

258 3315 429 3369 Nunc
467 3312 900 3386 uniuscujusque
940 3313 1199 3371 meritum
1246 3317 1305 3372 in
1347 3317 1746 3374 resurrectione
1779 3319 1865 3374 si—

255 3401 508 3474 gnificat,
543 3402 725 3474 qualis
753 3402 813 3458 in
842 3402 1079 3476 singulis
1109 3404 1297 3461 futura
1327 3407 1419 3462 sit.

330 3501 520 3570 (Vers.
552 3500 672 3573 52.)
720 3523 738 3547 ς
764 3502 827 3556 In
856 3509 1157 3570 momento,
1191 3503 1250 3558 in
1279 3503 1395 3560 ictu
1422 3504 1590 3575 oculi,
1623 3531 1642 3554 ι
1676 3505 1734 3562 id
1759 3514 1859 3578 est,

258 3588 388 3656 cito,
443 3589 563 3644 sine
619 3587 803 3662 aliqua
861 3607 1033 3648 mora.
1084 3615 1102 3637 ι
1141 3593 1206 3648 In
1270 3593 1787 3667 novissima-tuba,
1832 3625 1850 3648 ι

261 3677 382 3734 ideo
409 3678 719 3748 novissima,
751 3679 880 3754 quia
907 3690 1246 3753 postremum
1278 3682 1486 3739 bellum
1519 3686 1728 3757 geritur
1757 3687 1866 3743 ad-

261 3784 483 3824 versum
535 3767 838 3836 daemones,
892 3787 956 3826 ac
1008 3771 1308 3844 principes,
1358 3781 1412 3830 et
1445 3783 1761 3848 potestates,
1811 3785 1865 3833 et

262 3855 442 3928 ipsum
493 3857 799 3914 diabolum.
847 3858 963 3915 Hoc
1011 3858 1160 3916 enim
1203 3859 1297 3916 ﬁet
1328 3869 1453 3934 post
1493 3879 1667 3919 annos
1688 3865 1862 3936 mille,

265 3948 470 4020 quibus
498 3948 591 4005 hic
618 3949 871 4022 regnabit
896 3949 1167 4019 Salvator,
1192 3951 1468 4010 exstincto
1494 3954 1861 4026 Antichristo,

264 4053 382 4092 cum
411 4037 650 4094 Satanas
677 4037 996 4096 dimittetur
1025 4039 1093 4096 de
1119 4057 1334 4098 carcere
1363 4059 1463 4099 suo
1491 4043 1560 4100 ad
1589 4043 1866 4101 seducen-

263 4123 356 4182 das
401 4136 598 4200 gentes
648 4128 766 4200 Gog
817 4137 871 4185 et
900 4130 1114 4202 Magog,
1157 4131 1251 4203 qui
1297 4141 1427 4189 sunt
1454 4133 1751 4204 daemones,
1804 4145 1866 4193 ut

265 4227 514 4291 pugnent
571 4219 837 4276 adversus
889 4229 1069 4278 castra
1127 4230 1480 4293 sanctorum;
1548 4243 1650 4284 nec
1714 4229 1864 4285 enim

266 4309 595 4382 temporales
646 4308 904 4365 homines
960 4317 1221 4382 poterunt
1277 4312 1568 4372 adversum
1631 4326 1867 4374 aeternos

263 4394 551 4452 dimicare.
595 4397 734 4453 Nam
792 4403 847 4453 et
907 4397 1146 4452 Joannes
1187 4401 1469 4469 apostolus
1506 4404 1621 4460 ait:
1669 4429 1687 4451 ι
1736 4404 1867 4462 Vidi

265 4485 499 4542 Michael
529 4494 582 4542 et
609 4486 830 4558 angelos
855 4483 975 4557 ejus
1005 4486 1062 4541 in
1107 4488 1247 4543 casio
1276 4499 1580 4561 pugnantes
1607 4494 1871 4552 adversus

269 4573 569 4633 draconem
609 4583 662 4631 et
690 4556 913 4648 angelos
948 4574 1066 4647 ejus
1098 4556 1295 4649 (Apoc:
1322 4556 1423 4649 xii,
1459 4581 1538 4652 7),
1571 4607 1590 4630 ι
1623 4613 1694 4625 _
1727 4609 1745 4632 ς
1775 4587 1869 4658 qui
1898 4556 1948 4615 D

265 4672 341 4720 est
394 4663 660 4722 diabolus
714 4673 768 4720 et
819 4663 1044 4722 Satanas
1076 4666 1264 4739 (Apoc.
1316 4685 1414 4738 xx,
1452 4669 1583 4742 2).»
1629 4673 1865 4748 Ideoque

265 4750 352 4809 hic
383 4753 677 4808 novissima
706 4753 830 4809 tuba
859 4754 955 4822 ait,
984 4755 1115 4827 quia
1143 4772 1254 4812 non
1282 4760 1448 4815 semel
1482 4777 1608 4817 cum
1640 4763 1739 4820 illo
1769 4781 1864 4837 pu-

267 4849 490 4910 gnatum
521 4850 602 4897 est
625 4859 636 4896 :
663 4843 793 4914 quia
819 4850 874 4899 et
901 4843 957 4898 in
977 4844 1322 4902 Antichristo
1353 4849 1863 4924 pseudoprophetae,

267 4931 357 5002 qui
408 4931 693 4988 faciebant
739 4948 922 4989 coram
956 4932 1056 4988 illo
1095 4933 1251 5006 signa
1277 4946 1328 4993 et
1356 4941 1624 5014 prodigia,
1657 4953 1710 5000 et
1749 4944 1864 5016 ipse

271 5019 474 5086 victor,
490 5028 544 5076 et
573 5021 678 5077 hoc
705 5023 828 5077 loco
859 5020 1162 5077 novissime
1181 5023 1444 5084 adversus
1468 5029 1628 5086 illum
1661 5048 1862 5105 pugna-

267 5107 442 5179 bitur,
470 5120 532 5168 ut
555 5111 669 5184 jam
709 5113 964 5169 mittatur
1007 5118 1145 5176 167
1181 5116 1240 5171 in
1270 5119 1592 5189 gehennam.
1623 5125 1694 5179 Et
1737 5126 1866 5181 Sal-

271 5215 422 5262 vator
446 5207 588 5265 inter
613 5217 807 5265 caetera
835 5209 945 5265 ait:
977 5235 994 5256 ι
1019 5211 1177 5268 Nunc
1198 5215 1450 5290 princeps
1476 5219 1642 5293 hujus
1670 5225 1862 5279 mundi

269 5296 520 5353 mittetur
550 5298 806 5354 deorsum
839 5299 1021 5371 (Joan,
1067 5315 1170 5367 xu,
1221 5303 1332 5370 3t).
1374 5331 1392 5353 ι
1435 5307 1505 5364 Et
1551 5317 1688 5366 tunc
1737 5327 1865 5383 ergo

269 5403 319 5449 et
347 5396 666 5471 frequenter
700 5397 880 5453 victus
907 5404 1010 5464 est,
1025 5395 1171 5452 sicut
1201 5397 1364 5454 Isaias
1393 5401 1660 5474 propheta
1688 5403 1824 5460 dicit
1850 5421 1862 5459 :

285 5511 301 5531 -
337 5487 628 5553 Quomodo
657 5485 856 5543 cecidit
885 5485 951 5542 de
972 5486 1111 5543 coelo
1141 5485 1382 5556 Lucifer,
1413 5491 1506 5561 qui
1541 5509 1698 5548 mane
1728 5494 1864 5551 orie-

272 5571 431 5630 batur
459 5578 597 5647 (Isa.
635 5593 756 5644 xw,
794 5576 882 5645 12)
908 5575 934 5630 ?
964 5600 979 5619 -

353 5691 373 5716 ι
404 5669 575 5728 Canet
615 5670 764 5728 enim
810 5669 962 5737 tuba,
1010 5678 1064 5728 et
1118 5672 1323 5732 mortui
1361 5687 1645 5750 resurgent
1671 5679 1864 5739 incor-

1976 1882 2095 1938 sine
2126 1883 2243 1954 lege
2286 1883 2584 1955 peribunt;
2617 1893 2671 1941 et
2699 1887 2795 1960 qui
2826 1887 2885 1942 in
2917 1889 3032 1960 lege
3058 1900 3446 1960 peccaverunt,
3479 1909 3579 1965 per

1977 1973 2151 2044 legem
2174 1972 2578 2045 judicabuntur
2601 1978 2777 2048 (Rom.
2804 1995 2865 2047 Il,
2900 1979 2989 2050 12)
3015 1997 3028 2046 ;
3060 2005 3078 2028 ι
3118 1997 3182 2036 ac
3205 1997 3302 2054 per
3326 1980 3432 2040 hoc
3456 2000 3575 2056 pec-

1975 2071 2187 2119 catores
2232 2063 2593 2135 judicabunt;
2645 2067 2862 2140 indigni
2893 2069 3095 2125 etenim
3127 2078 3259 2127 sunt
3293 2089 3575 2147 resurgere

1974 2169 2100 2208 cum
2131 2153 2355 2223 sanctis,
2386 2155 2531 2212 sicut
2574 2155 2650 2211 ait
2675 2175 2686 2213 :
2736 2183 2753 2204 ι
2786 2159 2971 2232 Neque
3001 2169 3312 2232 peccatores
3341 2162 3399 2217 in
3430 2179 3577 2220 con—

1972 2242 2104 2298 cilio
2126 2241 2425 2315 justorum.
2459 2270 2477 2293 ι

2045 2341 2226 2414 (Vers.
2243 2343 2312 2400 53
2338 2346 2358 2416 )
2387 2368 2405 2391 ‹
2423 2345 2647 2418 Oportet
2664 2347 2814 2403 enim
2835 2348 3196 2422 corruptibile
3215 2349 3321 2408 hoc
3340 2349 3580 2408 induere

1968 2429 2463 2506 incorruptionem,
2495 2445 2549 2493 et
2574 2439 2804 2495 mortale
2829 2437 2936 2497 hoc
2964 2439 3193 2498 induere
3223 2441 3571 2499 immortali-

1968 2530 2181 2580 tatem»
2198 2525 2373 2598 Supra
2390 2527 2558 2595 dixit,
2577 2537 2654 2584 tet
2675 2531 2877 2585 mortui
2900 2541 3187 2604 resurgent
3204 2531 3534 2605 incorrupti»
3560 2577 3574 2599 ,

1969 2613 2024 2668 id
2055 2623 2156 2683 est,
2187 2616 2524 2672 immortales
2553 2627 2734 2686 erunt,
2760 2628 3079 2675 nontamen
3102 2622 3488 2693 impassibiles;
3514 2623 3593 2688 hi,

1968 2705 2138 2772 enim,
2174 2722 2311 2776 quos
2341 2705 2499 2774 dicit,
2531 2724 2716 2779 poenas
2763 2708 3043 2778 patientur
3084 2726 3182 2780 pro
3213 2711 3572 2782 qualitatibus

1969 2792 2299 2849 delictorum
2329 2811 2578 2863 suorum,
2597 2796 2673 2850 ita
2692 2803 2753 2850 ut
2774 2803 2973 2851 exeant
2993 2797 3122 2852 inde
3152 2799 3335 2854 soluto
3350 2799 3566 2854 debito:

1970 2881 2131 2952 impii
2150 2889 2333 2937 autem
2350 2888 2552 2940 aeterna
2569 2901 2727 2956 paena
2743 2893 3072 2958 torquentur
3097 2905 3108 2941 :
3124 2887 3202 2942 ait
3222 2887 3370 2942 enim
3395 2904 3405 2941 :
3427 2911 3444 2932 ε
3463 2887 3569 2955 Qui

1970 2988 2081 3027 non
2110 2972 2304 3041 credit,
2328 2973 2442 3045 jam
2469 2974 2750 3046 judicatus
2776 2981 2857 3030 est
2886 2976 3067 3045 (Joan.
3104 2993 3185 3044 nr,
3215 2977 3328 3049 17).
3357 3003 3374 3023 ι
3420 2975 3572 3033 Unde

1969 3070 2020 3118 et
2074 3062 2237 3118 Isaias
2265 3063 2530 3135 propheta
2565 3065 2641 3120 ait
2670 3083 2680 3120 :
2729 3089 2747 3111 ι
2779 3065 2926 3139 Ignis
2957 3082 3149 3124 eorum
3198 3085 3310 3124 non
3341 3069 3565 3124 exstin-

1971 3163 2187 3227 guetur,
2231 3163 2285 3212 et
2325 3157 2530 3213 vermis
2563 3174 2755 3214 eorum
2786 3176 2898 3215 non
2933 3160 3202 3217 morietur
3228 3162 3369 3233 (Isa.
3413 3178 3568 3231 LXVI,

1973 3244 2089 3317 24).
2122 3269 2139 3289 ι
2185 3247 2245 3300 In
2279 3246 2519 3303 adventu
2560 3255 2744 3303 tamen
2779 3248 3003 3304 Domini
3049 3257 3103 3306 et
3148 3250 3325 3308 sancti
3375 3268 3570 3308 resur-

1974 3345 2121 3408 gent,
2152 3346 2205 3393 et
2234 3339 2328 3412 qui
2361 3339 2478 3394 vivi
2509 3339 2716 3396 fuerint
2747 3339 2984 3410 inventi,
3015 3341 3238 3398 obviam
3284 3342 3572 3415 rapientur

1972 3429 2212 3486 Domino
2237 3430 2296 3484 in
2322 3446 2465 3498 aera,
2505 3439 2739 3487 mortem
2771 3432 2924 3504 quasi
2955 3449 3207 3504 soporem
3230 3433 3488 3506 passuri;
3514 3434 3571 3488 in

1973 3520 2093 3591 ipso
2135 3520 2280 3576 enim
2325 3531 2485 3595 raptu
2531 3531 2587 3579 et
2634 3532 2866 3579 mortem
2907 3531 2961 3580 et
2989 3524 3444 3580 resurrectionem
3477 3523 3572 3580 ha-

1973 3608 2204 3677 bebunt,
2253 3611 2398 3668 sicut
2440 3613 2509 3670 ad
2553 3613 3068 3670 Thessalonicenses
3098 3614 3242 3670 idem
3275 3615 3573 3687 Apostolus

1975 3699 2166 3754 scribit
2200 3700 2257 3772 (Ι
2290 3703 2466 3758 Thess.
2500 3719 2578 3771 IV,
2613 3703 2724 3774 l6).
2761 3703 3026 3777 Tempore
3059 3705 3207 3760 enim
3236 3704 3572 3763 Antichristi

1974 3798 2068 3845 aut
2097 3798 2356 3863 apostatae
2385 3800 2569 3860 erunt,
2599 3801 2693 3848 aut
2719 3794 2818 3862 rei,
2851 3801 2951 3849 aut
3001 3793 3060 3849 in
3089 3795 3358 3865 latibulis,
3388 3804 3483 3853 aut
3513 3796 3571 3853 in

1975 3894 2136 3950 poena
2181 3879 2347 3951 positi
2403 3879 2584 3935 caeteri
2633 3881 2884 3953 gentiles,
2914 3899 3051 3956 quos
3097 3885 3368 3942 Dominus
3398 3886 3573 3956 :Jesus

1975 3983 2100 4022 cum
2149 3966 2287 4022 duce
2319 3967 2560 4040 ipsorum
2594 3970 2939 4028 Antichristo
2969 3972 3027 4027 in
3057 3973 3301 4028 adventu
3348 3989 3448 4029 suo
3490 3972 3571 4026 in-

1976 4055 2208 4112 terﬁciet
2268 4081 2285 4103 ι
2327 4055 2528 4128 spiritu
2569 4059 2680 4115 oris
2735 4060 2822 4116 sui
2874 4061 2964 4130 (II
3020 4062 3195 4117 Thess.
3247 4077 3308 4126 ιι,
3340 4060 3420 4128 8),
3453 4082 3471 4103 ι
3515 4058 3570 4114 id

1975 4154 2075 4215 est,
2102 4145 2261 4218 jussu
2307 4146 2423 4220 ejus
2459 4147 2573 4221 igni
2616 4158 2922 4207 exurentur
2948 4165 3046 4220 per
3073 4149 3296 4219 angelos
3343 4146 3571 4204 virtutis

1974 4237 2111 4310 ejus.

2051 4336 2232 4409 (Vers.
2265 4337 2354 4406 54,
2372 4337 2490 4409 55.)
2529 4363 2545 4385 ι
2566 4337 2704 4396 Cum
2735 4344 2918 4393 autem
2950 4337 3181 4394 mortale
3202 4336 3307 4396 hoc
3326 4338 3572 4398 induerit

1979 4427 2473 4493 immortalitatem,
2505 4435 2639 4484 tunc
2686 4427 2783 4486 ﬁet
2813 4444 3014 4499 sermo,
3043 4429 3138 4504 qui
3178 4430 3417 4504 scriptus
3447 4444 3529 4492 est
3554 4453 3565 4491 :

1978 4513 2250 4586 Absorpta
2287 4522 2369 4571 est
2415 4533 2563 4572 mors
2608 4517 2666 4573 in
2697 4517 2950 4577 victoria.
2981 4519 3086 4576 Ubi
3115 4526 3218 4589 est,
3271 4536 3440 4592 mors,
3489 4524 3568 4580 vi-

1979 4603 2152 4658 ctoria
2193 4606 2338 4662 tua?
2379 4605 2476 4662 ubi
2509 4615 2610 4677 est,
2662 4625 2829 4679 mors,
2886 4611 3145 4668 stimulus
3174 4611 3350 4667 tuus?
3380 4637 3397 4659 ι
3443 4612 3570 4670 Post

1975 4698 2431 4756 resurrectionem
2471 4703 2618 4758 enim
2664 4702 2959 4775 impiorum
3005 4711 3058 4758 et
3099 4711 3445 4774 peccatorum
3478 4707 3568 4763 ab-

1974 4782 2286 4839 sorbebitur
2331 4811 2347 4832 ι
2387 4803 2534 4843 mors
2582 4789 2640 4844 in
2668 4790 2902 4846 victoria
2931 4814 2948 4835 ι
2972 4831 2984 4846 .
3012 4791 3336 4849 Insultantis
3364 4793 3569 4851 etenim

1975 4873 2143 4928 verba
2176 4882 2325 4942 sunt,
2357 4874 2593 4934 dicentis
2619 4897 2630 4934 :
2659 4903 2675 4925 ι
2699 4879 2802 4937 Ubi
2832 4887 2933 4950 est,
2967 4897 3136 4950 mors,
3165 4883 3402 4940 victoria
3427 4891 3523 4939 tua
3542 4884 3570 4940 ?

1973 4961 2070 5018 ubi
2114 4971 2215 5032 est,
2267 4981 2436 5033 mors,
2468 4969 2690 5025 aculeus
2726 4977 2855 5027 tuus
2879 4971 2907 5026 ξ)
2935 4996 2952 5017 ι
2997 4971 3244 5028 Victoria
3273 4973 3422 5029 enim
3478 4974 3566 5029 de-

1974 5051 2135 5108 victae
2190 5055 2387 5112 mortis
2443 5058 2774 5116 resurrectio
2832 5069 3178 5117 mortuorum
3234 5067 3352 5117 est:
3421 5078 3569 5118 mors

1973 5150 2154 5197 autem
2185 5143 2441 5203 diabolus
2483 5157 2586 5218 est,
2622 5149 2713 5206 cui
2739 5150 3076 5217 insultatur;
3109 5160 3164 5208 et
3192 5150 3568 5207 contentiosus

1973 5231 2199 5302 dicitur,
2257 5237 2388 5308 quia
2434 5253 2530 5309 per
2577 5240 2912 5311 superbiam,
2960 5257 3087 5297 cum
3134 5240 3312 5312 impar
3354 5238 3567 5295 viribus

1974 5331 2133 5392 esset,
2180 5326 2489 5384 resistebat.
2521 5327 2658 5386 Cum
2689 5345 2819 5404 ergo
2861 5338 3154 5404 superatus
3181 5328 3472 5402 perimitur
3511 5334 3568 5382 et

1974 5413 2148 5483 spolia
2185 5414 2268 5471 illi
2299 5415 2682 5486 detrahuntur,
2723 5429 3078 5478 succensetur
3116 5419 3222 5485 illi”,
3250 5416 3345 5489 qui
3375 5423 3568 5472 contra

1974 5516 2030 5554 se
2061 5504 2350 5575 pugnavit.

2048 5599 2229 5670 (Vers.
2281 5603 2399 5674 56.)
2446 5629 2463 5650 ι
2503 5606 2741 5663 Aculeus
2788 5614 2972 5662 autem
3031 5602 3225 5657 mortis
3284 5613 3563 5672 peccatum

1973 5692 2074 5742 est.
2107 5711 2124 5735 ι
2173 5688 2441 5748 Aculeum
2495 5693 2875 5750 auctoritatem
2919 5685 3213 5763 signiﬁcat,
3245 5689 3376 5765 quia
3419 5711 3565 5754 more
