4090 6182
456 291 560 349 287

1466 282 1563 338 ΑΙ)
1605 278 1839 338 OPERA
1877 277 1931 334 S.
1973 275 2310 338 AMBROSII
2347 276 2732 334 APPENDIX.

3654 272 3761 335 288

459 435 554 491 per
580 419 863 491 peccatum
891 411 1272 470 auctoritatem
1316 409 1544 482 accepit,
1581 406 1737 480 quasi
1766 412 2052 479 peccatum
2081 407 2133 467 A
2162 411 2296 460 natu
2336 403 2573 477 proﬁcit,
2619 413 2675 460 et
2720 402 2923 478 egenis.
2972 401 3075 458 Per
3104 400 3391 475 epistolam
3437 396 3663 458 mittere
3706 416 3765 456 se

459 525 567 565 non
599 515 760 576 esset,
789 504 1043 562 diabolus
1068 501 1457 574 obtorpuisset,
1491 507 1544 554 et
1582 514 1729 552 mors
1754 513 1866 553 non
1893 502 2052 552 esset.

473 627 490 648 σ
521 600 713 658 Virtus
736 606 919 655 autem
947 595 1155 669 peccati
1184 595 1294 650 lex.
1320 618 1335 639 ι
1379 591 1507 647 Ideo
1537 589 1716 644 virtus
1736 587 1944 661 peccati
1964 588 2057 644 lex

465 699 566 760 est,
584 690 715 764 quia
729 697 1013 763 peccatum
1033 704 1147 745 non
1177 687 1563 757 imputaretur,
1585 680 1744 765 silex
1758 697 1869 736 non
1892 688 2051 737 esset.

532 779 715 849 (Vers.
784 776 902 846 57.)
975 800 993 823 ι
1050 778 1165 833 Deo
1225 780 1409 830 autem
1474 771 1698 843 gratias,
1757 770 1849 842 qui
1903 768 2056 824 dedit

459 868 619 927 nobis
685 869 973 926 victoriam
1035 882 1131 938 per
1196 862 1497 920 Dominum
1566 868 1818 917 nostrum
1870 860 2056 916 Jesum

459 959 762 1017 Christum.
796 982 814 1006 ι
860 954 1225 1028 Triumphum
1276 952 1580 1009 Salvatoris
1629 952 1687 1007 in
1732 950 1893 1007 nobis
1922 951 2060 1008 dicit

460 1048 776 1124 profuisse;
835 1062 955 1120 quae
1020 1046 1170 1102 enim
1237 1044 1401 1116 gessit
1452 1045 1722 1111 Salvator,
1779 1057 1891 1098 non
1951 1041 2059 1098 sibi

459 1138 650 1211 utique
696 1136 883 1209 gessit,
911 1134 1007 1192 sed
1046 1135 1228 1192 nobis.
1261 1133 1628 1202 Quamobrem
1658 1140 1846 1188 nostra
1879 1131 2059 1187 victo-

460 1230 543 1286 ria
606 1236 732 1294 est;
792 1226 916 1282 ideo
982 1228 1133 1282 enim
1189 1225 1357 1282 homo
1424 1224 1605 1282 factus
1672 1232 1773 1290 est,
1834 1238 2061 1277 manens

458 1320 625 1385 Deus,
670 1324 733 1374 ut
784 1317 1013 1373 vincens
1070 1314 1375 1383 diabolum,
1421 1314 1555 1371 dum
1612 1320 1894 1387 peccatum
1949 1328 2061 1367 non

462 1407 611 1476 fecit,
644 1405 805 1461 nobis
848 1404 1139 1463 victoriam
1168 1406 1499 1478 acquireret,
1535 1404 1629 1478 qui
1659 1401 1871 1478 peccati
1900 1417 2062 1458 causa

462 1496 845 1553 detinebamur
893 1496 951 1552 in
979 1504 1197 1564 morte;
1248 1506 1311 1554 ut
1340 1496 1525 1553 victus
1572 1494 1846 1563 diabolus,
1880 1493 2061 1551 occiso

461 1586 702 1655 Christo,
748 1585 844 1659 qui
898 1593 1181 1659 peccatum
1233 1603 1344 1642 non
1403 1587 1627 1655 fecerat,
1684 1599 1876 1641 omnes
1925 1600 2062 1657 quos

462 1674 669 1749 peccati
725 1692 888 1733 causa
944 1676 1247 1747 detinebat,
1310 1677 1611 1733 amitteret.
1667 1678 1811 1733 Dum
1877 1682 2061 1731 autem

462 1765 692 1823 insultat
738 1765 973 1836 homini,
1030 1784 1154 1825 reus
1209 1768 1387 1826 factus
1441 1776 1545 1836 est,
1602 1774 1655 1823 et
1692 1766 1772 1823 sic
1816 1765 2059 1822 deletum
2091 1788 2138 1848 B

471 1854 919 1928 chirographum,
953 1855 1011 1912 id
1040 1865 1140 1925 est,
1172 1857 1352 1914 deleta
1380 1855 1677 1922 sententia,
1708 1872 1818 1929 qua
1846 1853 2065 1911 teneba-

462 1946 560 2001 tur
603 1960 773 2017 genus
820 1945 1124 2003 humanum
1168 1947 1227 2003 in
1258 1954 1513 2015 mortem,
1543 1946 1698 2002 ﬁeret
1728 1953 1965 2018 ereptus,
2013 1952 2068 2001 et

472 2032 764 2092 animabus
792 2035 853 2091 in
880 2037 1079 2093 coelum
1105 2036 1349 2094 inductis
1374 2055 1387 2105 ;
1418 2044 1479 2092 ut
1507 2052 1618 2093 non
1648 2051 1744 2107 per
1764 2034 2066 2107 potentiam

476 2122 561 2180 illi
592 2124 939 2195 tollerentur,
974 2126 1070 2183 sed
1098 2143 1194 2199 per
1215 2126 1492 2199 justitiam
1523 2142 1553 2182 a
1595 2128 1710 2183 Deo
1739 2142 1835 2199 per
1880 2124 2066 2183 Domi.

466 2234 602 2273 num
637 2225 888 2274 nostrum
909 2219 1093 2275 Jesum
1122 2218 1426 2276 Christum.

540 2308 872 2381 (Vers.58.)
918 2332 935 2355 ι
968 2310 1175 2381 Itaque,
1208 2308 1403 2365 fratres
1433 2306 1541 2362 mei
1586 2306 1802 2374 dilecti,
1844 2303 2068 2362 stabiles

465 2406 638 2456 estote
683 2408 737 2458 et
786 2400 1120 2469 immobiles,
1151 2399 1500 2467 abundantes
1548 2398 1607 2454 in
1638 2414 1799 2469 opere
1829 2410 2064 2467 semper,

467 2489 702 2547 scientes
748 2491 895 2565 quod
943 2492 1097 2548 labor
1127 2500 1308 2549 vester
1352 2507 1465 2546 non
1511 2498 1594 2546 est
1629 2488 1812 2546 inanis
1842 2486 1901 2542 in
1946 2486 2068 2542 Do—

470 2580 641 2637 mino.
676 2608 693 2631 ›
736 2581 1008 2639 Omnibus
1036 2598 1156 2653 quae
1186 2582 1256 2637 ad
1285 2581 1594 2637 doctrinam
1638 2577 2066 2637 ecclesiasticam

469 2668 831 2726 ordinandam
870 2670 1177 2726 necessaria
1215 2676 1345 2724 sunt
1375 2667 1663 2741 expositis,
1710 2675 1765 2723 et
1792 2676 1887 2724 aut
1933 2665 2068 2739 quid

467 2760 779 2828 vitandum,
797 2759 1002 2833 quidve
1027 2760 1366 2832 sequendum
1388 2760 1461 2817 sit
1489 2757 1900 2826 demonstratis,
1926 2755 2069 2812 ﬁxos

461 2847 577 2921 jam
609 2849 737 2907 illos
769 2866 884 2906 esse
912 2849 1165 2907 hortatur
1204 2851 1261 2905 in
1292 2851 1457 2919 bono,
1492 2860 1545 2907 et
1572 2850 1629 2906 in
1659 2847 1920 2923 cperibus
1948 2862 2067 2920 qua:

467 2939 711 2996 fructum
756 2940 968 2995 faciunt
1002 2941 1147 3011 apud
1189 2939 1512 3009 Dominum,
1541 2957 1755 3013 semper
1784 2946 2068 3011 promptos

467 3036 522 3083 et
573 3026 851 3100 copiosos:
886 3027 1016 3099 quia
1065 3045 1163 3100 per
1214 3028 1331 3085 hac
1361 3046 1480 3101 quas
1507 3046 1575 3086 ex
1609 3030 1787 3103 posita
1814 3039 1964 3097 sunt,
1996 3026 2064 3083 de

465 3127 663 3174 caetero
719 3122 1044 3186 accepturos
1104 3133 1160 3173 se
1231 3117 1365 3174 boni
1430 3119 1610 3189 operis
1674 3119 1978 3178 mercedem
2037 3138 2068 3176 a

468 3206 726 3276 Domino,
758 3223 827 3263 ne
855 3206 1042 3280 pravis
1078 3208 1372 3283 colloquiis
1400 3218 1622 3283 possent
1650 3210 1845 3269 everti.

971 3306 1112 3366 168
1156 3302 1384 3361 CAPUT
1424 3303 1574 3362 XVI.

538 3401 720 3473 (Vers.
755 3402 806 3471 1,
839 3400 922 3473 2.)
968 3424 987 3449 ι
1014 3402 1093 3457 De
1139 3400 1387 3457 collectis
1430 3409 1635 3469 autem,
1686 3417 1808 3474 quae
1838 3400 1979 3457 ﬁunt
2008 3400 2066 3457 in

463 3501 701 3559 sanctos,
731 3491 877 3550 sicut
903 3491 1160 3549 ordinavi
1190 3490 1452 3549 Ecclesiae
1491 3490 1742 3559 Galatiae,
1775 3490 1852 3546 ita
1880 3500 1935 3546 et
1967 3507 2066 3546 vos

464 3579 647 3636 facite.
678 3580 781 3637 Per
800 3597 967 3637 unam
996 3580 1218 3637 Sabbati
1245 3579 1629 3651 unusquisque
1650 3587 1895 3635 vestrum
1921 3578 2068 3652 apud

463 3684 520 3725 se
574 3676 762 3742 ponat,
814 3667 1194 3725 thesaurizans
1251 3668 1619 3741 quodcunque
1677 3668 1954 3724 voluerit:
2005 3677 2066 3724 ut

463 3775 576 3816 non
634 3774 761 3814 cum
804 3773 1026 3826 venero,
1070 3765 1207 3814 tunc
1235 3757 1481 3816 collectae
1512 3758 1668 3815 ﬁant.
1708 3781 1727 3806 ι
1772 3757 2065 3814 Dominico

463 3847 554 3906 die
581 3847 869 3904 collectam
887 3846 1008 3903 ﬁeri
1040 3847 1309 3920 praecipit,
1332 3848 1476 3905 sicut
1492 3856 1546 3905 et
1570 3846 1784 3906 caeteris
1802 3846 2066 3906 Ecclesiis

462 3938 850 4012 disposuerat;
900 3945 963 3993 ut
1008 3952 1071 3992 eo
1117 3936 1228 4006 die,
1263 3954 1372 4009 quo
1425 3937 1729 3995 resurrexit
1771 3936 2063 4007 Dominus,

463 4028 617 4101 plebs
669 4025 788 4100 ejus
834 4025 1127 4099 colligatur
1158 4026 1238 4095 jad
1299 4025 1517 4082 laudem
1564 4036 1619 4083 et
1669 4028 1897 4100 gloriam
1942 4027 2065 4091 Dei,

463 4121 683 4179 devicta
738 4128 951 4178 morte:
1011 4126 1147 4176 tunc
1210 4128 1465 4191 sumptus
1531 4119 1942 4191 congregandos
1998 4118 2066 4173 ad

465 4211 835 4268 ministerium
865 4220 1207 4280 sanctorum,
1241 4210 1335 4285 qui
1368 4218 1589 4283 propter
1619 4226 1820 4265 nomen
1842 4208 2063 4265 Domini

463 4317 769 4375 pressuram
786 4301 1138 4374 patiebantur
1152 4301 1270 4358 zelo
1292 4299 1580 4374 gentilium
1594 4299 1711 4355 sive
1727 4297 2037 4355 Judzeorum
2048 4341 2062 4365 ,

463 4392 559 4466 qui
609 4408 722 4447 non
770 4391 1025 4447 sinebant
1070 4408 1163 4449 eos
1210 4391 1508 4464 praedicare
1539 4389 1768 4465 gratiam
1810 4388 1906 4445 Dei
1961 4387 2064 4444 sub

2162 493 2283 563 hos,
2339 510 2477 568 quos
2532 493 2763 550 idoneos
2822 492 2889 549 ad
2950 489 3415 565 dispensationem
3476 488 3763 561 elegerint,

2162 583 2336 640 dicit:
2368 600 2489 657 quae
2519 583 2763 655 epistola:
2794 580 3171 639 testimonium
3202 576 3447 652 praebent
3473 576 3680 647 missis,
3704 583 3768 634 ut

2164 692 2289 732 cum
2322 674 2494 745 gratia
2520 673 2889 746 excipiantur.

2242 764 2425 835 (Vers.
2460 762 2541 834 4.)
2588 788 2606 810 ι
2633 761 2792 830 Quod
2839 762 2886 818 si
2915 761 3144 833 dignum
3182 758 3370 827 fuerit,
3406 766 3469 815 ut
3504 773 3603 829 ego
3632 773 3768 832 quo-

2166 869 2272 929 que
2302 868 2443 921 eam,
2473 868 2689 908 mecum
2719 850 2899 907 ibunt.
2923 877 2941 900 ι
2976 852 3090 908 Hoc
3106 849 3264 919 dicit,
3288 849 3333 906 si
3356 848 3528 906 fuerit
3544 847 3770 921 copiosa

2166 943 2443 1011 collectio,
2473 958 2629 1016 posse
2656 940 2820 997 etiam
2872 957 2928 996 se
2954 939 3070 1008 ire;
3103 939 3335 1010 dignum
3367 938 3516 997 enim
3565 942 3670 1005 est,
3716 947 3771 996 et
3803 962 3821 977 -

2168 1035 2248 1093 sic
2287 1052 2445 1108 opus,
2496 1044 2559 1090 ut
2608 1034 2654 1089 si
2703 1033 2817 1107 ipse
2854 1039 2961 1101 eat,
3008 1032 3245 1088 multum
3291 1049 3476 1089 secum
3529 1031 3773 1107 perferat

2168 1127 2235 1183 ad
2282 1125 2630 1199 refrigerium
2657 1134 2994 1182 sanctorum.
3038 1123 3154 1180 Hoc
3182 1131 3285 1192 est,
3316 1122 3464 1197 quod
3493 1122 3772 1197 signiﬁcat

2169 1217 2238 1274 ad
2265 1219 2542 1274 Romanos
2572 1216 2793 1272 dicens:
2855 1240 2875 1263 ι
2924 1214 2984 1273 Si
3014 1214 3162 1271 enim
3207 1212 3545 1287 spiritalium
3574 1230 3769 1271 eorum

2170 1306 2723 1381 communicaverunt
2771 1315 2979 1379 gentes,
3025 1305 3231 1362 debent
3258 1303 3319 1361 hi
3362 1304 3423 1360 in
3456 1302 3774 1363 carnalibus

2172 1399 2485 1455 ministrare
2542 1397 2623 1453 eis
2668 1398 2846 1469 (Rom.
2895 1413 2994 1465 xv,
3028 1396 3120 1468 27)
3148 1412 3162 1463 ;
3194 1419 3213 1442 ι
3257 1411 3327 1451 ex
3374 1393 3578 1455 ludatis
3621 1396 3774 1451 enim

2170 1499 2348 1560 erant,
2402 1487 2470 1545 de
2517 1486 2717 1560 quibus
2763 1485 2901 1543 dicit
2930 1485 3221 1552 Dominus,
3253 1484 3383 1558 quia
3408 1484 3556 1541 salus
3582 1500 3653 1541 ex
3679 1483 3775 1539 Ju-

2171 1579 2303 1638 daeis
2331 1588 2433 1648 est,
2462 1578 2557 1653 qui
2589 1575 2989 1649 Hierosolymis
3035 1576 3095 1631 in
3136 1591 3333 1648 magna
3362 1573 3576 1631 invidia
3618 1582 3777 1632 erant

2170 1673 2315 1745 apud
2345 1672 2562 1728 Judzeos
2590 1686 2701 1727 non
2733 1669 3036 1728 credentes.

2244 1762 2427 1834 (Vers.
2460 1761 2513 1829 5,
2560 1760 2642 1831 6.)
2698 1783 2717 1807 ι
2748 1760 2981 1817 Veniam
3034 1769 3215 1817 autem
3258 1758 3329 1816 ad
3359 1776 3480 1829 vos,
3508 1777 3636 1818 cum
3664 1761 3777 1819 Ma-

2176 1851 2465 1911 cedoniam
2497 1850 2768 1908 transiero
2792 1869 2803 1907 :
2837 1850 2983 1924 apud
3004 1866 3104 1907 vos
3121 1860 3303 1908 autem
3336 1849 3567 1908 forsitan
3587 1867 3780 1907 rema-

2175 1942 2339 2011 nebo,
2370 1950 2465 1999 aut
2492 1941 2659 1999 etiam
2688 1941 2965 2012 hiemabo,
2995 1948 3058 1998 ut
3096 1958 3182 1998 me
3208 1941 3496 2005 deducatis
3526 1958 3775 2016 quocun-

2177 2049 2283 2107 que
2324 2032 2459 2091 iero.
2493 2056 2511 2080 ι
2554 2032 2684 2089 Post
2730 2048 2949 2089 omnem
3006 2031 3453 2100 instructionem,
3513 2040 3576 2089 ut
3622 2031 3779 2089 laetos

2177 2121 2303 2178 illos
2332 2121 2554 2190 faceret,
2585 2121 2887 2179 adventum
2917 2138 3079 2178 suum
3111 2120 3224 2176 illis
3254 2119 3529 2194 promisit,
3549 2136 3647 2194 pro
3666 2136 3778 2195 quo
3854 2106 3865 2111 ⁴

2178 2218 2233 2266 et
2277 2225 2467 2267 omnes
2509 2209 2921 2267 admonitiones
2958 2226 3104 2279 suas,
3138 2209 3340 2283 quibus
3367 2210 3495 2267 illos
3522 2209 3773 2283 corrigit,

2180 2302 2350 2374 magis
2393 2301 2595 2359 ﬁrmat.
2628 2300 2734 2370 Qui
2777 2300 2934 2357 audit
2976 2307 3272 2357 venturum
3318 2317 3468 2369 eum,
3500 2318 3532 2357 a
3564 2317 3673 2375 quo
3703 2300 3777 2356 le-

2178 2406 2297 2463 gem
2341 2393 2571 2466 accepit,
2629 2391 2924 2450 sollicitior
2980 2389 3107 2461 erit,
3162 2406 3230 2447 ne
3285 2390 3613 2449 adveniente
3669 2391 3771 2449 illo

2178 2480 2481 2538 erubescat.

2250 2580 2433 2651 (Vers.
2469 2580 2548 2652 7.)
2592 2604 2611 2627 ι
2637 2580 2778 2637 Nolo
2828 2579 2976 2637 enim
3021 2596 3121 2638 vos
3149 2580 3315 2638 modo
3341 2580 3402 2638 in
3431 2580 3667 2638 transitu
3695 2580 3778 2637 vi-

2177 2668 2324 2726 dere.
2361 2694 2379 2718 ι
2419 2669 2608 2727 Sciens
2656 2670 2832 2727 multa
2875 2686 2932 2727 se
2981 2669 3202 2739 habere,
3250 2687 3370 2744 quae
3426 2678 3609 2743 ageret
3647 2687 3778 2730 cum

2179 2759 2309 2827 illis,
2343 2775 2456 2815 non
2516 2760 2638 2818 vult
2682 2760 2807 2817 illos
2862 2775 2960 2834 per
3007 2761 3303 2819 transitum
3357 2759 3568 2830 videre,
3607 2768 3664 2819 et
3708 2775 3780 2819 ne

2178 2849 2662 2919 contristarentur,
2710 2851 2947 2908 multum
2996 2860 3212 2925 tempus
3239 2866 3296 2908 se
3321 2851 3600 2924 promittit
3629 2866 3781 2909 com-

2182 2948 2525 2996 moraturum
2570 2940 2715 3014 apud
2765 2957 2893 3007 eos;
2926 2940 3054 3014 quia
3096 2956 3216 3013 quae
3263 2940 3396 3013 agit,
3436 2957 3562 2997 cum
3590 2942 3782 3014 provi-

2183 3030 2374 3087 dentia
2400 3031 2532 3104 agit.
2563 3056 2580 3080 ι
2604 3030 2773 3104 Spero
2788 3030 2936 3088 enim
2965 3047 3050 3087 me
3079 3030 3483 3104 aliquantulum
3512 3032 3783 3105 temporis

2103 3158 2146 3217 Ο
2182 3136 2400 3176 manere
2443 3120 2588 3193 apud
2645 3138 2764 3190 vos,
2826 3121 2874 3178 si
2935 3121 3205 3178 Dominus
3258 3120 3590 3194 permiserit.
3636 3143 3657 3168 ι
3720 3122 3786 3180 Si

2132 3193 2146 3215 ⁸
2179 3211 2457 3281 Dominus,
2489 3220 2625 3269 tunc
2655 3212 2805 3268 enim
2833 3213 3104 3269 Dominus
3133 3193 3427 3285 permittit,
3454 3219 3518 3268 ut
3533 3227 3783 3268 commo-

2178 3308 2327 3357 retur
2350 3302 2494 3375 apud
2524 3318 2616 3359 eos
2638 3320 2651 3369 ;
2672 3302 2748 3359 ait
2771 3301 3094 3373 permiserit,
3123 3302 3169 3358 si
3200 3302 3395 3374 dignos
3420 3317 3477 3358 se
3506 3300 3773 3374 praebent,

2176 3390 2529 3447 emendantes
2549 3391 2689 3446 vitia
2717 3406 2836 3463 qua:
2858 3390 2917 3447 in
2946 3392 3026 3448 eis
3054 3391 3251 3463 arguit.

2248 3490 2430 3561 (Vers.
2462 3489 2517 3557 8,
2565 3488 2648 3561 9.)
2694 3513 2712 3536 ι
2738 3487 3076 3545 Permanebo
3121 3498 3305 3545 autem
3358 3488 3564 3563 Ephesi
3600 3502 3775 3562 usque

2174 3578 2241 3634 ad
2288 3579 2680 3646 Pentecosten;
2711 3578 2917 3634 ostium
2946 3577 3095 3634 enim
3144 3577 3285 3634 mihi
3318 3594 3576 3650 magnum
3622 3593 3775 3650 aper-

2175 3678 2291 3727 tum
2340 3679 2421 3727 est
2469 3679 2523 3728 et
2566 3658 2883 3743 bperosum,
2933 3679 2987 3727 et
3024 3668 3326 3726 adversarii
3357 3669 3541 3725 multi.
3573 3694 3591 3716 ι
3654 3668 3778 3737 Qua

2173 3777 2337 3817 causa
2377 3759 2731 3817 remansisset
2757 3760 2964 3833 Ephesi
2993 3758 3271 3825 ostendit;
3309 3759 3599 3815 invenerat
3622 3760 3774 3814 enim

2176 3850 2292 3907 illic
2340 3850 2585 3907 sitientia
2614 3859 2834 3923 pectora
2871 3850 2970 3906 Dei
3000 3850 3252 3922 gratiam,
3284 3848 3486 3922 quibus
3515 3848 3775 3905 infunde-

2176 3948 2257 3997 ret
2287 3941 2616 4016 mysterium
2648 3940 2879 3999 Christi.
2912 3940 3018 3997 Sed
3064 3940 3193 4014 quia
3213 3939 3465 3996 diabolus
3493 3939 3779 4013 inquietus

2174 4042 2255 4087 est
2308 4050 2541 4107 semper,
2589 4041 2645 4089 et
2691 4031 2779 4088 his
2807 4030 2902 4104 qui
2934 4032 3109 4087 Deum
3158 4028 3490 4098 desiderant,
3524 4029 3774 4087 invidus.

2176 4122 2431 4195 Adjecit:
2470 4147 2489 4171 ι
2515 4124 2587 4179 Et
2614 4120 2918 4177 adversarii
2946 4120 3163 4187 multip
3180 4128 3389 4192 quanto
3416 4118 3563 4174 enim
3586 4117 3777 4175 idonei

2174 4210 2604 4268 inveniebantur
2655 4210 2725 4267 ad
2779 4208 2966 4278 ﬁdem,
2998 4217 3153 4266 tanto
3183 4207 3358 4280 magis
3384 4222 3498 4264 non
3526 4205 3776 4274 deerant,

2174 4303 2269 4375 qui
2323 4302 2650 4372 zelarentur,
2686 4301 3127 4359 contradicentes
3180 4306 3235 4357 et
3271 4307 3636 4372 repugnantes
3663 4297 3778 4356 do-

2173 4393 2365 4449 ctrina:
2394 4392 2641 4449 Domini.

463 4489 689 4547 nomine
735 4485 977 4555 Christi;
1036 4498 1096 4545 ut
1144 4489 1407 4545 haberent
1460 4488 1807 4559 refrigerium
1854 4487 1922 4543 ab
1972 4487 2059 4555 iis,
2099 4531 2147 4589 ἶ)
2250 4493 2433 4565 (Vers.
2496 4495 2703 4567 10-12.)
2754 4520 2771 4543 ι
2811 4496 2866 4552 Si
2914 4502 3097 4550 autem
3150 4489 3366 4546 venerit
3426 4484 3778 4570 Timotheusi

464 4584 686 4652 propter
726 4593 866 4650 quos
894 4576 1252 4633 tribulantur.
1304 4577 1469 4633 Omni
1499 4593 1628 4647 ergo
1656 4575 1747 4632 die
1785 4576 2064 4635 dominico

457 4668 617 4742 jubet
671 4669 857 4741 colligi
912 4669 1147 4742 plebem,
1205 4676 1260 4725 et
1323 4668 1646 4741 congregari
1700 4668 1849 4735 illos,
1905 4676 2067 4742 prout

462 4758 765 4828 voluerint,
797 4759 853 4815 in
893 4759 1038 4816 dona
1067 4760 1188 4829 Dei,
1217 4767 1273 4816 et
1310 4758 1414 4816 hoc
1439 4758 1585 4832 apud
1608 4774 1667 4814 se
1699 4774 2065 4833 unumquem-

462 4872 570 4929 que
612 4872 874 4928 reponere
905 4856 1061 4928 quasi
1090 4855 1145 4910 in
1188 4854 1446 4912 thesauro
1472 4873 1483 4911 :
1515 4862 1576 4911 ut
1607 4854 1865 4912 veniente
1894 4854 2063 4926 Apos-

464 4944 597 5011 tolo,
647 4944 964 5000 inveniatur
1009 4943 1078 4998 ad
1122 4960 1254 4999 usus
1286 4943 1621 5001 necessarios
1660 4950 2059 5015 praeparatum;

463 5034 594 5107 quia
633 5033 780 5107 quod
828 5033 1091 5106 paulatim
1138 5032 1440 5105 colligitur,
1501 5049 1603 5090 nec
1648 5048 1812 5104 grave
1858 5037 1958 5098 est,
2010 5039 2062 5086 et

464 5126 747 5183 invenitur
777 5126 1037 5183 multum.

536 5216 719 5288 (Vers.
754 5215 835 5287 3.)
881 5240 899 5263 ‹
930 5216 1070 5274 Cum
1114 5223 1297 5271 autem
1341 5230 1567 5283 venero,
1596 5230 1735 5287 quos
1781 5210 2061 5286 probave-

463 5306 586 5362 ritis
629 5320 726 5379 per
753 5303 1031 5377 epistolas,
1065 5303 1168 5359 hos
1196 5302 1414 5360 mittam
1444 5303 1683 5375 perferre
1711 5301 1942 5374 gratiam
1972 5318 2060 5355 ve-

461 5405 633 5453 stram
661 5396 721 5452 in
743 5395 1095 5453 Jerusalem.»
1132 5392 1446 5452 Consolatio
1478 5392 1595 5451 haec
1623 5392 1834 5466 duplici
1862 5408 2058 5465 genere

464 5490 768 5562 profectum
812 5490 1065 5559 habebat,
1114 5489 1258 5546 sicut
1286 5497 1339 5545 et
1384 5504 1532 5546 nunc
1559 5488 1725 5544 habet
1762 5505 1774 5544 :
1809 5488 1887 5544 ita
1914 5497 2053 5544 utet

464 5580 668 5636 sanctis
695 5582 983 5653 proﬁceret
1010 5598 1173 5655 supra
1197 5579 1532 5648 memoratis,
1556 5585 1611 5635 et
1638 5578 1968 5653 pauperibus
1993 5578 2052 5634 in

463 5667 710 5729 Ecclesia
736 5670 1073 5740 constitutis,
1089 5687 1209 5747 qua)
1237 5679 1292 5727 et
1311 5668 1474 5729 modo
1495 5676 1551 5727 et
1565 5668 1758 5728 usibus
1777 5668 2046 5743 majorum

2178 4583 2359 4640 videte
2397 4594 2457 4641 ut
2487 4585 2606 4641 sine
2635 4586 2833 4641 timore
2865 4583 2935 4639 sit
2964 4579 3109 4655 apud
3135 4595 3234 4635 vos
3258 4596 3272 4647 ;
3305 4594 3443 4652 opus
3471 4577 3619 4633 enim
3650 4578 3778 4633 Do-

2178 4677 2337 4745 mini,
2382 4677 2524 4734 sicut
2570 4683 2625 4732 et
2669 4693 2789 4747 ego,
2838 4680 3117 4747 operatur.
3162 4671 3311 4742 Ergo
3358 4685 3428 4726 ne
3456 4668 3579 4741 quis
3607 4666 3773 4722 illum

2175 4777 2411 4841 spernat.
2446 4795 2462 4816 -
2507 4770 2772 4835 Quamvis
2791 4766 2939 4824 enim
2974 4783 3036 4822 ea
3074 4763 3397 4837 praedicaret
3425 4757 3775 4826 Timotheus,

2173 4874 2293 4930 quae
2321 4858 2389 4914 ab
2419 4858 2682 4929 Apostolo
2731 4863 3031 4928 acceperat,
3063 4862 3117 4909 et
3146 4862 3288 4910 esset
3333 4852 3565 4909 idoneus
3593 4865 3778 4905 evan-

2174 4951 2383 5021 gelista,
2426 4958 2608 5005 tamen
2638 4948 2767 5021 quia
2798 4962 2911 5002 non
2958 4953 3076 5001 erat
3120 4941 3465 5000 auctoritatis
3497 4939 3772 5013 ejusdem,

2171 5041 2519 5100 commendat
2547 5041 2707 5096 illum
2728 5059 2741 5107 ;
2765 5056 2833 5094 ne
2850 5038 2917 5094 ab
2949 5038 3036 5095 his
3066 5037 3231 5103 forte,
3254 5035 3347 5109 qui
3370 5031 3777 5091 dissentiebant

2170 5132 2227 5187 in
2272 5132 2447 5205 plebe,
2498 5147 2629 5197 non,
2687 5136 2749 5184 ut
2793 5136 2909 5184 erat
2954 5127 3178 5200 dignus,
3210 5123 3579 5197 reciperetur:
3607 5131 3661 5179 et
3691 5121 3776 5178 ni-

2171 5220 2251 5276 hil
2284 5219 2570 5292 proﬁceret
2606 5214 2877 5272 adventus
2915 5213 3036 5285 ejus
3060 5211 3227 5269 saluti
3256 5210 3506 5266 illorum.
3541 5210 3777 5267 Possent

2168 5311 2315 5367 enim
2363 5318 2417 5365 et
2463 5308 2693 5379 gentiles
2720 5305 2953 5361 excitari
2983 5304 3049 5359 ad
3104 5300 3433 5358 seditionem
3461 5307 3517 5356 et
3545 5300 3775 5357 discor-

2165 5399 2314 5455 diam
2363 5397 2557 5471 plebis,
2608 5402 2828 5468 accepta
2868 5392 3156 5451 occasione
3195 5388 3446 5447 irruendi
3478 5390 3537 5445 in
3570 5389 3775 5445 Timo-

2166 5489 2355 5545 theum
2381 5506 2395 5555 ;
2429 5488 2551 5544 ideo
2580 5504 2648 5545 ne
2675 5488 2798 5561 quis
2828 5486 2986 5542 illum
3015 5490 3257 5557 spernat,
3287 5481 3419 5556 quia
3462 5508 3479 5529 ι
3507 5497 3648 5555 opus
3661 5482 3773 5538 Do-

2163 5578 2300 5635 mini
2345 5586 2621 5650 operatur,
2672 5578 2873 5651 inquit,
2926 5576 3070 5633 sicut
3107 5581 3162 5631 et
3200 5591 3322 5646 ego,
3359 5597 3379 5621 ι
3423 5572 3529 5630 hoc
3573 5579 3678 5640 est,
3709 5584 3775 5631 ut

2159 5684 2281 5726 mea
2318 5669 2645 5728 auctoritate
2694 5670 3088 5743 susciperetur,
3137 5681 3245 5740 qua
3294 5673 3410 5723 erat
3442 5664 3765 5740 apostolusl
