4112 6178
332 358 428 415 289

1411 356 1450 413 C
1466 354 1788 425 OMMENT.
1829 353 1899 410 ΙΝ
1939 354 2156 410 EPIST.
2203 355 2224 409 Ι
2265 356 2359 410 AD
2396 356 2553 413 COB.

3480 416 3495 423 κ
3528 361 3632 420 290

325 492 431 539 erat
450 482 595 538 enim
625 482 740 555 ipse
770 481 1075 554 episcopus.
1121 503 1139 526 ‹
1168 480 1431 538 Deducite
1479 481 1638 537 illum
1666 480 1724 536 in
1755 497 1906 553 pace,
1936 482 1988 541 A
2018 487 2072 534 et
2105 496 2286 535 meum
2318 480 2570 551 spiritum
2600 490 2652 537 et
2682 493 2944 539 vestrum.
2984 483 3307 555 Cognoscite
3358 500 3487 556 ergo
3534 502 3630 541 eos

324 582 381 629 ut
407 571 590 630 veniat
643 571 711 629 ad
776 589 904 641 me;
952 579 1212 645 exspecto
1252 571 1397 628 enim
1434 572 1593 629 illum
1625 586 1751 628 cum
1811 572 1915 627 fra-

322 660 555 718 tribus»
600 659 838 717 Tantum
879 661 1134 718 meritum
1184 659 1461 717 Timothei
1509 669 1809 724 memorat;
1857 670 1921 716 ut

320 766 427 806 non
456 751 639 806 solum
671 750 813 807 inter
849 766 940 807 eos
978 749 1366 806 honorandum
1417 750 1576 805 illum
1617 748 1919 821 pracipiat,

318 838 412 896 sed
438 848 501 897 ut
525 842 830 913 apostolum
852 840 1078 898 Domini
1097 858 1226 897 cum
1250 838 1517 911 obsequio
1538 838 1919 896 deducendum

319 947 443 987 eum
473 930 708 989 ostendit
737 951 751 1001 ;
780 941 845 989 ut
872 932 1043 988 etiam
1076 932 1192 1003 ipse
1222 930 1383 986 illum
1419 938 1758 1002 exspectaret
1794 946 1918 987 cum

319 1020 579 1080 fratribus
609 1031 835 1096 propter
861 1021 1230 1093 Evangelium
1265 1018 1495 1077 Christi.

400 1162 418 1186 ε
447 1140 527 1195 De
572 1139 777 1211 Apollo
824 1145 1006 1195 autem
1050 1136 1216 1193 fratre
1246 1134 1496 1209 signiﬁco
1553 1134 1733 1204 vobis,
1792 1134 1921 1208 quia

314 1228 559 1283 multum
592 1225 754 1282 illum
784 1226 993 1300 rogavi,
1024 1236 1084 1283 ut
1114 1224 1326 1281 veniret
1353 1225 1423 1281 ad
1455 1242 1551 1283 vos
1581 1242 1704 1281 cum
1739 1225 1920 1280 fratri-

316 1324 459 1391 bus;
492 1332 545 1380 et
574 1324 765 1397 utique
795 1341 906 1381 non
934 1324 1042 1382 fuit
1074 1320 1215 1379 169
1245 1325 1501 1380 voluntas
1520 1322 1657 1395 ejus,
1690 1332 1752 1379 ut
1771 1339 1923 1380 nunc

316 1415 549 1470 veniret.
603 1413 800 1471 Veniet
842 1422 1024 1471 autem
1063 1432 1189 1471 cum
1236 1422 1610 1488 opportunum
1650 1414 1837 1471 fuerit.
1888 1440 1906 1461 ι

314 1507 430 1563 Hoc
457 1506 665 1574 dicens,
705 1514 759 1562 et
790 1507 1064 1563 voluntati
1095 1508 1320 1563 illorum
1352 1508 1439 1561 vel
1478 1506 1735 1579 petitioni
1764 1506 1920 1562 satis-

314 1594 506 1652 fecisse
542 1594 802 1665 ostendit,
836 1612 963 1652 cum
991 1605 1187 1653 votum
1235 1613 1398 1653 suum
1441 1596 1521 1652 eis
1556 1594 1837 1665 exhibuit,
1869 1603 1923 1651 et

313 1685 513 1758 Apollo
542 1685 831 1742 excusavit
853 1703 866 1741 :
901 1684 1123 1758 quando
1147 1702 1248 1743 cur
1274 1703 1389 1742 non
1419 1685 1523 1743 iret
1541 1686 1611 1742 ad
1634 1686 1783 1754 illos,
1809 1700 1922 1740 non

314 1773 705 1843 declaraverit;
742 1775 819 1831 ita
849 1784 1037 1831 tamen
1064 1784 1127 1832 ut
1149 1775 1379 1833 omnino
1410 1792 1523 1832 non
1552 1774 1919 1843 excusaverit,

2027 571 2121 644 qui
2150 569 2423 642 ejusmodi
2453 580 2601 629 sunt.
2639 596 2657 620 ι
2705 573 2873 631 Aliud
2899 574 3047 631 enim
3087 591 3202 633 esse
3246 575 3622 633 collationem.

2030 679 2194 735 quam
2226 661 2385 731 dicit,
2420 662 2538 718 ﬁeri
2572 662 2628 718 in
2655 674 2888 736 sanctos,
2918 675 2972 723 et
2990 666 3141 724 aliud
3160 668 3431 724 ministris
3448 669 3627 725 Evan-

2030 762 2158 834 gelii
2190 761 2415 817 reddere
2450 759 2593 816 1'70
2620 762 2819 833 vicem,
2848 758 2988 822 sicut
3014 766 3151 822 dicit
3172 765 3475 823 Dominus:
3498 792 3515 814 ι
3535 766 3627 823 Βία

2018 860 2171 923 'gnus
2198 852 2347 907 enim
2371 859 2451 907 est
2481 852 2763 924 operarius
2795 856 3039 911 mercede
3067 872 3164 912 sua
3192 856 3343 928 (Luc.
3380 872 3440 923 χ,
3480 856 3558 928 7).
3594 880 3612 902 ι

2027 943 2266 998 Domum
2296 941 2442 996 enim
2474 941 2764 1014 Stephana
2801 942 2859 998 in
2891 950 3121 1016 utroque
3154 945 3424 1017 signiﬁcat
3463 944 3627 1001 devo-

2027 1040 2163 1100 tam,
2207 1040 2260 1089 et
2301 1031 2359 1087 in
2402 1031 2715 1089 ministerio
2762 1043 3105 1103 sanctorum,
3136 1041 3191 1089 et
3221 1035 3277 1088 in
3304 1033 3392 1089 his
3421 1035 3513 1108 qui
3542 1034 3630 1090 de-

2028 1121 2343 1179 serviebant
2381 1122 2695 1179 Ecclesiis:
2750 1123 2829 1180 ita
2876 1132 2937 1179 ut
2988 1124 3255 1195 Apostolo
3311 1124 3637 1197 proﬁcerent

2028 1228 2153 1268 cum
2193 1213 2495 1268 Fortunato
2526 1220 2580 1268 et
2608 1211 2852 1268 Achaico
2893 1212 3177 1280 fratribus,
3212 1220 3272 1268 ut
3302 1221 3354 1269 et
3384 1212 3442 1269 hi
3478 1213 3635 1286 proﬁ-

2028 1310 2237 1371 cerent,
2269 1302 2364 1373 qui
2397 1310 2551 1357 erant
2578 1318 2645 1357 ex
2688 1301 2795 1358 his.
2842 1301 2995 1357 Unde
3026 1301 3165 1357 dicit
3199 1320 3210 1357 :
3259 1328 3276 1348 ι
3309 1303 3638 1359 Refecerunt

2031 1393 2179 1448 enim
2210 1399 2265 1447 et
2296 1407 2480 1448 meum
2512 1392 2767 1464 spiritum
2806 1400 2859 1448 et
2884 1398 3151 1446 vestrum.
3176 1416 3193 1439 ι
3238 1391 3308 1446 Ει
3337 1409 3462 1447 cum
3496 1392 3638 1464 Apo-

2030 1486 2205 1541 stolus
2263 1489 2425 1553 negat
2471 1498 2527 1538 se
2574 1481 2641 1538 ab
2688 1480 2779 1536 his
2824 1490 3201 1553 accepturum,
3251 1479 3389 1536 dicit
3435 1480 3582 1536 enim
3619 1498 3632 1537 :

2046 1598 2063 1621 ι
2091 1573 2211 1628 Non
2241 1571 2578 1643 infringetur
2607 1571 2663 1626 in
2700 1587 2785 1626 me
2808 1569 3061 1643 gloriatio
3084 1569 3201 1626 hac
3233 1569 3288 1623 in
3322 1569 3637 1641 regionibus

2032 1663 2286 1730 Achaia;
2320 1688 2338 1709 ι
2378 1660 2655 1735 quomodo
2699 1686 2716 1707 ι
2748 1662 3059 1717 refecerunt
3088 1669 3141 1716 et
3167 1675 3349 1715 meum
3381 1660 3635 1731 spiritum

2032 1762 2085 1810 et
2110 1754 2401 1810 vestrum?
2445 1777 2464 1801 ι
2524 1751 2629 1808 Sed
2666 1751 2852 1819 credo,
2887 1750 3125 1806 refectus
3152 1758 3233 1805 est
3266 1748 3494 1821 spiritus
3523 1750 3640 1821 ejus

313 1864 410 1921 sed
439 1838 738 1920 distulerit.
785 1864 969 1921 Potest
1005 1874 1060 1921 et
1086 1865 1167 1922 sic
1201 1865 1462 1938 intelligi,
1498 1874 1561 1923 ut
1590 1881 1686 1938 per
1722 1838 1924 1937 Apollo
1953 1847 1999 1907 Β
2030 1845 2090 1901 in
2129 1844 2236 1938 hiis:
2270 1842 2906 1938 qllil?“5_l?’°fe?f’mm;_
2932 1839 3039 1938 sibi
3083 1838 3230 1938 enim
3258 1839 3635 1938 dicu_dmum’

315 1959 508 2025 tangat
555 1952 703 2024 illos,
759 1952 1077 2028 signiﬁcans
1117 1954 1241 2012 ideo
1288 1954 1534 2011 noluisse
1572 1954 1651 2010 ire
1689 1952 1759 2009 ad
1797 1953 1924 2009 illos

316 2043 542 2116 Apollo,
573 2043 704 2118 quia
740 2044 1082 2101 dissidebant
1115 2063 1127 2101 :
1161 2053 1224 2103 ut
1249 2046 1441 2103 audito
1469 2044 1595 2111 hoc,
1645 2044 1766 2117 paci
1812 2052 1924 2100 stu-

314 2132 513 2189 derent
535 2149 550 2199 ;
593 2140 647 2188 et
691 2132 816 2190 ideo
856 2133 924 2191 de
964 2135 1253 2192 Timotheo
1285 2135 1538 2192 dixerit:
1584 2158 1602 2182 ‹
1637 2133 1833 2192 Videte
1863 2142 1925 2190 ut

313 2222 434 2280 sine
468 2222 666 2279 timore
693 2223 765 2280 sit
794 2223 940 2297 apud
969 2240 1086 2295 vos,
1130 2250 1151 2275 ι
1200 2224 1331 2300 quia
1373 2224 1548 2299 aliqui
1608 2223 1761 2281 missi
1810 2241 1921 2281 non

312 2313 456 2371 bene
473 2312 697 2372 fuerunt
717 2313 955 2387 suscepti
983 2332 995 2371 :
1022 2331 1085 2373 ac
1114 2330 1210 2389 per
1235 2315 1345 2375 hoc
1368 2324 1664 2374 venturum
1694 2314 1918 2387 Apollo,

314 2420 444 2460 cum
471 2402 771 2461 concordes
799 2403 1027 2461 fuerint.

386 2520 574 2594 (Vers.
617 2521 705 2590 13,
737 2518 853 2593 14.)
902 2546 921 2569 ι
945 2521 1204 2594 Vigilate,
1245 2529 1384 2579 state
1413 2523 1471 2578 in
1509 2520 1640 2591 ﬁde,
1683 2521 1923 2578 viriliter

314 2610 484 2683 agite,
523 2608 1009 2667 corroboramini:
1067 2610 1256 2667 omnia
1309 2618 1493 2667 vestra
1547 2609 1606 2665 in
1659 2609 1924 2667 charitate
1980 2656 1983 2659 .

314 2699 475 2762 ﬁant.
505 2724 524 2748 ι
578 2700 817 2772 Vigilate,
863 2700 961 2769 ait,
1008 2716 1077 2757 ne
1122 2700 1631 2759 circumveniantur
1682 2701 1739 2758 in
1792 2700 1922 2757 ﬁde.

325 2789 568 2850 Vir-{liter
593 2790 750 2863 agile,
780 2790 886 2849 hoc
903 2798 988 2848 est
1016 2807 1260 2861 monere,
1301 2801 1362 2849 ut
1403 2792 1573 2850 fortes
1619 2792 1733 2848 sint
1781 2792 1927 2849 circa

316 2896 381 2937 ea
406 2896 532 2954 qua
566 2880 672 2938 sibi
706 2880 906 2939 tradita
933 2889 1090 2939 erant
1120 2899 1132 2938 :
1167 2897 1281 2938 non
1309 2888 1372 2938 ιιι
1411 2882 1590 2954 pueri,
1641 2881 1737 2953 qui
1779 2879 1926 2952 quod

317 2980 639 3045 sequantur,
663 2972 939 3045 ignorant.
958 2972 1373 3043 Confortamini,
1389 2978 1455 3026 ut
1473 2979 1585 3026 tam
1608 2986 1742 3025 voce
1762 2985 1922 3043 quam

317 3079 485 3135 opere
514 3062 727 3120 robusti
756 3062 899 3127 sint;
931 3060 1062 3133 quia
1090 3059 1356 3132 professio
1385 3067 1440 3115 et
1468 3058 1601 3114 boni
1631 3064 1784 3115 actus
1810 3073 1926 3131 per-

318 3152 499 3208 fectos
529 3150 759 3207 faciunt.
784 3150 855 3205 Ut
884 3156 1069 3205 autem
1099 3148 1156 3203 in
1185 3148 1451 3205 charitate
1480 3148 1597 3205 hac
1625 3147 1740 3221 ipsa
1768 3148 1922 3216 ﬁant,

316 3246 541 3305 monet;
575 3238 705 3310 quia
730 3254 852 3311 qua
881 3254 1009 3293 cum
1049 3235 1318 3294 charitate
1361 3237 1524 3305 ﬁunt,
1572 3209 1671 3293 Dei
1720 3209 1924 3294 habent
1956 3209 1999 3269 Ο

320 3330 585 3387 timorem
611 3334 666 3384 et
691 3327 908 3395 zelum;
941 3326 1212 3401 quidquid
1259 3328 1407 3383 enim
1453 3344 1578 3383 cum
1625 3328 1925 3384 offensione

316 3418 514 3474 fratris
541 3417 627 3485 fit,
658 3417 902 3474 fructum
927 3433 1039 3473 non
1064 3416 1245 3475 habet.
1270 3416 1753 3474 Provocandisunt
1773 3419 1921 3475 enim

311 3508 491 3582 aliqui
518 3508 589 3565 ad
624 3507 854 3576 bonum,
887 3524 997 3564 non
1026 3507 1414 3576 contristandi,
1442 3515 1505 3564 ut
1536 3518 1665 3582 puta
1693 3509 1738 3565 si
1767 3509 1924 3565 mise-

312 3597 618 3659 ricordiam
644 3613 756 3653 non
776 3597 944 3654 facias
966 3596 1351 3654 debortatione
1376 3598 1625 3667 alterius,
1649 3606 1742 3654 aut
1763 3598 1924 3654 inhu-

312 3704 516 3746 manus
545 3687 640 3756 sls,
674 3695 768 3743 aut
797 3689 997 3743 alteros
1026 3694 1206 3755 notes,
1254 3694 1351 3743 aut
1390 3686 1603 3760 aliquid
1624 3677 1923 3757 comedas,

312 3778 595 3834 insultans
628 3775 699 3845 ei,
732 3776 828 3849 qui
856 3776 925 3833 ab
954 3775 1060 3834 hoc
1090 3775 1348 3845 abstinet,
1380 3784 1442 3832 ιιι
1472 3776 1640 3832 facias
1663 3775 1747 3831 illi
1778 3793 1925 3833 scm-

313 3870 535 3941 pulum.
564 3865 765 3923 Omnia
793 3865 870 3922 ita
895 3866 1103 3938 agenda
1147 3872 1298 3935 sunt,
1348 3872 1412 3921 ut
1458 3865 1700 3922 hortatio
1739 3865 1811 3921 sit
1858 3863 1927 3920 ad

314 3956 568 4025 meliora,
607 3972 719 4012 non
752 3956 1059 4025 insultatio,
1091 3966 1145 4014 et
1175 3965 1307 4014 tunc
1336 3964 1419 4013 est
1447 3973 1573 4030 pax.
1607 3955 1761 4013 Unde
1790 3955 1928 4012 dicit

316 4046 612 4113 Dominus,
644 4062 713 4101 ex
744 4045 849 4102 hoc
872 4046 1245 4118 cognoscitur,
1276 4046 1322 4102 si
1352 4046 1614 4119 discipuli
1644 4045 1752 4102 mei
1772 4045 1924 4115 estis,

316 4138 361 4194 si
389 4153 503 4194 vos
529 4136 777 4209 diligatis
810 4137 1051 4194 invicem
1086 4138 1266 4210 (Joan.
1291 4155 1415 4207 xm,
1447 4138 1541 4209 35)
1570 4156 1581 4195 :
1614 4137 1714 4195 ubi
1744 4146 1926 4195 autem

315 4227 605 4285 contentio
634 4234 716 4283 est
744 4235 799 4284 et
830 4226 1122 4295 dissensio,
1154 4242 1307 4282 amor
1336 4242 1449 4283 non
1482 4235 1583 4284 est.

392 4345 581 4419 (Vers.
618 4346 706 4414 15,
732 4345 845 4418 16.)
890 4370 907 4392 ι
936 4344 1175 4401 Obsecro
1205 4352 1383 4399 autem
1413 4361 1530 4412 vos,
1564 4343 1778 4411 fratres,
1806 4359 1930 4399 nos-

320 4434 392 4493 tis
445 4434 668 4491 domum
700 4434 991 4508 Stephana
1037 4441 1091 4489 et
1132 4432 1443 4500 Fortunati,
1492 4434 1751 4505 quoniam
1802 4440 1932 4488 sunt

2031 1937 2180 2013 quod
2213 1936 2430 2008 proﬁcit
2468 1935 2557 1991 his
2587 1934 2789 2008 quibus
2818 1931 3015 1989 voluit.
3081 1956 3099 1979 ι
3152 1930 3477 2003 Cognoscite
3512 1947 3639 2005 ergo

2033 2044 2147 2097 eos,
2178 2025 2274 2100 qui
2305 2022 2625 2097 hujusmodi
2656 2032 2805 2092 sunt,
2827 2048 2844 2070 ι
2882 2022 2988 2078 hoc
3004 2029 3106 2090 est,
3137 2019 3458 2078 imitamini.

2107 2136 2289 2208 (Vers.
2326 2135 2439 2207 19.)
2486 2159 2504 2184 ι
2541 2134 2791 2191 Salutant
2820 2149 2919 2189 vos
2956 2129 3216 2188 Ecclesia
3247 2130 3413 2188 Asia.
3463 2155 3483 2180 ι
3532 2128 3637 2186 Ho-

2032 2244 2153 2284 rum
2199 2225 2527 2283 salutatione
2577 2231 2891 2280 commonet
2935 2221 3064 2278 illos
3105 2228 3167 2277 ut
3214 2219 3522 2278 efﬁciantur
3566 2220 3636 2277 si-

2029 2318 2190 2375 miles
2218 2318 2465 2385 illorum,
2498 2315 2593 2390 qui
2624 2314 2790 2371 unius
2819 2320 2948 2370 sunt
2972 2311 3291 2386 provincia.
3338 2338 3356 2361 ι
3385 2312 3640 2368 Salutant

2030 2427 2128 2467 vos
2157 2408 2216 2464 in
2242 2406 2482 2464 Domino
2521 2406 2725 2480 Aquila
2771 2412 2826 2461 et
2872 2404 3124 2461 Priscilla
3166 2420 3292 2460 cum
3338 2399 3640 2460 domestica

2029 2517 2128 2557 sua
2155 2498 2423 2557 Ecclesia.
2460 2522 2480 2547 ι
2514 2497 2662 2552 Duas
2702 2495 2978 2553 Ecclesias
3024 2502 3314 2560 memorat,
3358 2492 3635 2568 publicam

2030 2599 2084 2646 et
2111 2589 2471 2645 domesticam
2508 2603 2520 2639 :
2557 2584 2837 2657 publicam
2869 2586 3026 2654 dicit,
3061 2603 3172 2657 quo
3201 2600 3394 2640 omnes
3440 2597 3638 2638 conve-

2033 2680 2195 2735 niunt
2220 2696 2232 2733 :
2265 2675 2647 2742 domesticam,
2679 2673 2737 2728 in
2758 2689 2867 2745 qua
2886 2688 2982 2744 per
3006 2672 3307 2728 amicitiam
3332 2671 3635 2742 colligitur.

2034 2767 2379 2839 Ubicumque
2410 2762 2716 2837 presbyteri
2750 2761 3018 2818 solemnia
3058 2760 3357 2827 celebrant,
3393 2757 3635 2814 Ecclesia

2035 2854 2261 2912 dicitur.

2110 2961 2291 3035 (Vers.
2326 2958 2443 3031 20.)
2492 2983 2510 3006 ε
2539 2957 2791 3015 Salutant
2815 2973 2915 3014 vos
2944 2956 3141 3014 fratres
3169 2970 3379 3013 omnes.
3426 2978 3443 3001 ι
3486 2951 3638 3011 Rele-

2035 3062 2127 3110 vat
2155 3052 2370 3109 animos
2399 3051 2650 3118 illorum,
2707 3047 2927 3121 quando
2968 3063 3165 3104 omnes
3210 3045 3313 3104 bos
3368 3059 3639 3102 memores

2034 3144 2233 3200 horum
2263 3143 2506 3215 ipsorum
2538 3139 2800 3197 ostendit.
2849 3163 2866 3186 ι
2908 3137 3154 3194 Salutate
3180 3135 3418 3194 invicem
3451 3133 3509 3189 in
3538 3150 3637 3190 os-

2032 3235 2160 3291 culo
2197 3239 2405 3289 sancto.
2438 3256 2456 3279 »
2500 3230 2764 3288 Osculum
2796 3236 3047 3285 sanctum
3086 3227 3304 3300 signum
3348 3223 3497 3298 pacis
3529 3229 3634 3289 est,

2032 3324 2092 3379 in
2113 3338 2242 3394 quo,
2272 3329 2335 3377 ut
2363 3320 2431 3377 ad
2458 3319 2698 3377 invicem
2729 3318 2837 3375 sibi
2864 3318 3180 3374 adhareant
3198 3315 3412 3373 sublata
3429 3313 3634 3371 discor-

2032 3418 2144 3488 dia,
2178 3417 2358 3474 docet.

2106 3530 2288 3602 (Vers.
2324 3526 2441 3600 21.)
2485 3551 2503 3573 ι
2530 3525 2800 3582 Salutatio
2821 3538 2943 3580 mea
2971 3538 3135 3579 manu
3166 3520 3341 3577 Pauli.
3395 3541 3415 3568 ι
3466 3518 3533 3576 Se
3578 3517 3635 3573 in

2033 3620 2263 3693 epistola
2302 3618 2405 3673 ista
2446 3614 2833 3686 subscripsisse
2885 3610 3146 3680 ostendit,
3195 3617 3250 3666 et
3300 3624 3423 3683 qua
3469 3606 3637 3663 verba

2034 3715 2146 3770 sint
2176 3709 2619 3784 subscriptionis,
2652 3707 2885 3781 subjecit
2912 3706 3101 3763 dicens
3125 3723 3138 3762 :

2110 3825 2289 3896 (Vers.
2324 3822 2443 3891 22.)
2496 3844 2515 3867 ι
2565 3820 2621 3876 Si
2659 3818 2782 3891 quis
2808 3834 2922 3874 non
2949 3826 3096 3874 amat
3123 3815 3426 3873 Dominum
3454 3812 3636 3869 Iesum

2036 3914 2343 3981 Christum,
2372 3911 2444 3967 sit
2464 3909 2754 3967 anathema
2782 3907 3122 3977 maranatha,
3145 3932 3163 3955 ι
3198 3904 3347 3979 quod
3376 3904 3640 3972 interpre-

2037 4013 2229 4061 tatur:
2264 4001 2320 4057 Si
2371 3999 2496 4073 quis
2548 3997 2849 4056 Dominum
2897 3997 3102 4064 Iesum,
3153 3993 3249 4067 qui
3301 3991 3477 4057 venit,
3530 4004 3641 4041 non

2036 4102 2201 4161 amat,
2239 4091 2570 4149 abscidatur.
2603 4091 2931 4149 Maranatha
2961 4088 3131 4153 enim,
3165 4081 3436 4139 Dominus
3464 4077 3639 4144 venit,

2037 4184 2328 4257 signiﬁcat.
2362 4183 2477 4239 Hoc
2504 4192 2725 4255 propter
2745 4177 2965 4235 Iudaeos
2993 4174 3089 4247 qui
3119 4172 3302 4226 Iesum
3320 4184 3431 4257 non
3465 4164 3642 4222 venis-

2039 4292 2094 4333 se
2124 4273 2404 4341 dicebant,
2437 4270 2496 4326 hi
2525 4286 2653 4341 ergo
2685 4267 2982 4322 anathema
3009 4268 3139 4318 sunt
3182 4274 3214 4315 a
3254 4255 3515 4327 Domino,
3547 4257 3642 4331 qui

2039 4365 2211 4421 venit.

2114 4460 2296 4529 (Vers.
2345 4456 2434 4525 23,
2498 4455 2613 4526 24.)
2689 4479 2705 4500 ι
2762 4450 2951 4509 Gratia
3001 4448 3226 4507 Domini
3288 4446 3460 4504 nostri
3518 4445 3643 4502 Iesu

320 4523 554 4584 initium
578 4523 825 4625 Αοδῆίεθ,
854 4530 909 4580 εἴ
937 4524 997 4579 in
1037 4520 1410 4629 ωίηίδίθτίξιῖξξ
1438 4529 1751 4623 ξδῖξίῆῖοτξηη
1782 4520 1926 4629 στῇ·
1956 4571 2005 4629 D
2041 4520 2244 4607 Christi
2271 4520 2866 4603 vobiscum.'Charitas
2887 4558 3008 4598 mea
3026 4557 3154 4599 cum
3180 4536 3440 4595 omnibus
3460 4534 3642 4602 vobis,

321 4623 604 4670 naverunt
633 4630 689 4669 se
719 4614 885 4687 ipsos,
918 4621 981 4669 ut
1022 4619 1076 4669 et
1117 4628 1216 4668 vos
1246 4610 1455 4667 subditi
1484 4610 1605 4667 sitis
1632 4610 1926 4682 ejusmodi,

322 4712 373 4761 et
406 4703 571 4760 omni
606 4703 920 4777 cooperanti
949 4711 1004 4760 et
1035 4700 1326 4759 laboranti.
1364 4700 1629 4758 nAchaici
1653 4700 1930 4757 Corinthii

323 4800 478 4861 sunt,
511 4792 745 4866 ideoque
771 4793 840 4850 de
869 4792 958 4849 his
987 4791 1056 4848 ad
1093 4809 1185 4849 eos
1216 4791 1479 4867 loquitur,
1513 4807 1609 4864 per
1645 4806 1781 4864 quos
1810 4807 1931 4863 pro-

324 4889 493 4940 vocat
522 4883 649 4939 illos
678 4884 747 4939 ad
777 4883 1099 4956 hujusmodi
1130 4900 1267 4957 opus
1297 4900 1308 4939 :
1345 4890 1474 4940 sunt
1519 4882 1667 4940 enim
1707 4899 1776 4938 ex
1820 4882 1928 4939 his.

327 4972 449 5027 Hoc
485 4972 633 5028 enim
662 4972 720 5028 in
749 4972 1079 5031 Christianis
1105 4989 1364 5045 magnum
1411 4979 1512 5040 est,
1555 4972 1683 5044 quia
1725 4973 1933 5029 calcata

329 5059 592 5130 avaritia,
619 5061 688 5117 de
727 5060 1010 5118 laboribus
1039 5062 1153 5119 suis
1182 5079 1294 5118 non
1326 5061 1660 5117 habentibus
1691 5062 1931 5133 largiun-

331 5157 446 5219 tur,
483 5150 790 5208 imitatores
818 5151 949 5207 facti
978 5151 1153 5207 Patris
1181 5152 1302 5221 Dei,
1331 5152 1425 5225 qui
1453 5151 1510 5207 in
1558 5150 1935 5209 misericordia

331 5238 493 5297 dives
526 5248 629 5298 est.
665 5241 803 5300 Cum
834 5248 1019 5297 autem
1053 5239 1190 5296 dicit
1223 5258 1235 5296 :
1283 5266 1302 5289 ι
1332 5241 1401 5297 Ut
1425 5239 1633 5297 subditi
1664 5240 1786 5297 sitis
1812 5241 1934 5297 tali-

332 5327 458 5398 bus,
490 5354 510 5378 ι
556 5330 728 5404 magis
758 5331 884 5386 illos
922 5329 1194 5397 hortatur,
1241 5337 1303 5385 ut
1347 5330 1534 5388 amuli
1583 5329 1713 5387 facti
1755 5331 1936 5403 operis

340 5417 530 5492 hujus,
560 5420 702 5476 alios
740 5419 975 5475 habeant
1006 5418 1111 5493 ipsi
1141 5417 1410 5475 subditos.

413 5537 597 5611 (Vers.
632 5539 718 5606 17,
749 5536 865 5609 18.)
910 5562 927 5586 ι
957 5535 1178 5593 Gaudeo
1212 5542 1394 5591 autem
1424 5536 1482 5591 in
1508 5537 1795 5610 prasentia
1822 5536 1935 5593 Ste-

343 5624 558 5699 phana,
591 5635 647 5683 et
670 5627 978 5697 Fortunati,
1010 5634 1065 5684 et
1092 5625 1359 5693 Achaici;
1391 5626 1649 5699 quoniam
1694 5626 1751 5683 id
1789 5626 1938 5700 quod

345 5716 503 5777 vobis
529 5718 737 5790 deerat,
793 5718 898 5793 ipsi
950 5719 1361 5792 suppleverunt.
1405 5716 1733 5775 Refecerunt
1787 5717 1934 5775 enim

2039 4641 2099 4696 in
2130 4638 2351 4695 Christo
2380 4637 2523 4693 Iesu.
2558 4661 2575 4684 ι
2618 4634 2745 4692 Ideo
2773 4633 2939 4690 talem
2970 4630 3431 4701 subscriptionem
3462 4625 3645 4698 posuit

2039 4735 2263 4804 propter
2292 4729 2416 4797 hos,
2449 4727 2545 4800 qui
2574 4726 2706 4781 dum
2736 4721 3068 4779 dissensioni
3097 4718 3411 4787 studebant,
3444 4716 3646 4773 Domi-

2040 4835 2175 4876 num
2210 4818 2393 4872 Iesum
2424 4831 2537 4870 non
2566 4812 2907 4884 diligebant;
2962 4809 3163 4882 quippe
3192 4824 3316 4866 cum
3348 4806 3593 4862 dicerent
3628 4822 3641 4860 :

2056 4909 2215 4980 «Ego
2244 4923 2366 4963 sum
2394 4902 2573 4973 Pauli,
2622 4919 2719 4973 ego
2753 4900 2973 4974 Apollo,
3024 4914 3121 4971 ego
3169 4913 3300 4954 vero
3349 4893 3546 4967 Cepha
3586 4892 3649 4964 (Ι

2045 4998 2171 5054 Cor.
2211 5014 2250 5065 ι,
2286 4995 2398 5067 13).
2433 5019 2450 5041 ι
2494 4992 2601 5061 Qui
2636 4989 2784 5047 enim
2815 4989 3095 5048 Christum
3138 4987 3343 5058 diligit,
3391 5000 3505 5040 non
3554 4980 3647 5036 dat

2043 5085 2364 5143 hominibus
2393 5084 2646 5158 gloriam,
2678 5081 2808 5156 quia
2836 5080 2993 5135 nulla
3020 5086 3102 5135 est
3129 5092 3253 5151 spes
3291 5074 3351 5129 in
3393 5069 3647 5128 homini-

2040 5176 2164 5233 bus.
2199 5201 2218 5224 ι
2242 5176 2431 5233 Gratia
2458 5172 2685 5232 Domini
2704 5170 2881 5228 nostri
2899 5170 3028 5227 Iesu
3043 5166 3253 5225 Christi
3268 5163 3590 5225 vobiscum;
3613 5182 3631 5204 ι

2043 5274 2098 5322 et
2153 5265 2506 5335 subauditur,
2553 5263 2649 5338 qui
2698 5261 2933 5335 diligitis
2977 5258 3278 5315 Dominum
3328 5252 3534 5338 Iesum.
3573 5248 3648 5338 Et

2044 5355 2306 5426 quoniam
2337 5371 2449 5411 non
2480 5370 2534 5410 se
2564 5334 3159 5422 invicemdiligebant,
3191 5343 3316 5399 ideo
3343 5334 3642 5426 hochdicit:

2059 5424 2368 5506 ;Charitas
2429 5461 2549 5502 mea
2613 5460 2738 5501 cum
2796 5439 3055 5498 omnibus
3106 5433 3265 5489 vobis
3318 5429 3377 5482 in
3426 5424 3647 5483 Christo

2044 5536 2192 5606 Iesu,
2221 5561 2240 5585 ι
2283 5544 2345 5592 ιιι
2372 5551 2555 5592 amare
2589 5550 2645 5590 se
2673 5534 2949 5590 discerent
2974 5521 3259 5615 eaugratia,
3305 5530 3413 5615 qua
3431 5516 3647 5615 dilige—

2044 5603 2247 5683 bantur
2269 5625 2337 5682 ab
2357 5623 2641 5698 Apostolo,
2660 5638 2773 5679 non
2789 5617 2971 5679 carnis
2988 5612 3206 5674 affectu,
3229 5603 3326 5663 sed
3345 5603 3405 5663 in
3426 5603 3648 5666 Christo

2046 5715 2192 5777 Iesu.
