4112 6178
480 277 578 337 291

1485 272 1580 328 ΑΙ)
1617 271 1854 328 OPERA
1890 269 1944 326 S.
1989 271 2323 329 AMBROSII
2359 269 2736 328 APPENDIX.

3482 399 3773 412 ———

578 560 697 645 IN
764 556 1399 645 EPISTOLAM
1471 557 1572 644 B.
1651 555 1973 641 PAULI
2068 557 2225 640 AD
2301 553 2990 642 CORlNTHIOS
3061 551 3700 642 SECUNDAM.

938 859 1079 918 169
1107 861 1470 921 PROLOGUS
1499 863 1638 936 (64).

553 954 859 1012 Secundam
886 955 1174 1027 epistolam
1205 955 1502 1027 Apostolus
1529 954 1722 1012 scribit
1747 955 2078 1018 Corinthiis,

481 1044 639 1116 cujus
668 1043 786 1100 haec
814 1044 1140 1118 principalis
1167 1055 1248 1104 est
1276 1064 1438 1104 causa
1470 1066 1480 1104 :
1520 1048 1781 1121 quoniam
1814 1050 1872 1104 in
1900 1049 2079 1120 prima

480 1149 580 1204 pro
611 1133 977 1205 quorumdam
1008 1135 1246 1206 peccatis
1279 1135 1529 1193 doctores
1573 1153 1762 1192 eorum
1810 1136 2082 1209 praecipue

479 1223 838 1294 corripuerat,
893 1231 946 1279 et
1004 1225 1241 1280 multum
1287 1226 1504 1281 fuerant
1553 1227 1886 1294 contristati,
1937 1243 2086 1283 nunc

481 1326 575 1366 eos
624 1312 959 1382 consolatur,
989 1330 1148 1369 suum
1180 1313 1258 1370 eis
1286 1331 1596 1388 proponens
1642 1317 1981 1389 exemplum,
2031 1321 2086 1370 et

482 1396 684 1454 docens
712 1416 822 1455 non
870 1400 1067 1458 debere
1111 1420 1248 1475 aegre
1297 1403 1460 1473 ferre,
1511 1404 1659 1477 quod
1701 1421 1800 1477 pro
1847 1404 2083 1460 aliorum

483 1493 612 1542 sunt
639 1489 813 1544 salute
842 1492 1081 1564 correpti
1105 1511 1118 1560 ;
1150 1510 1276 1548 cum
1311 1493 1426 1566 ipse
1458 1511 1554 1566 pro
1582 1493 1765 1550 aliena
1793 1495 1968 1551 salute
2004 1509 2088 1567 pev

484 1577 676 1636 riculis
700 1581 946 1652 quotidie
974 1589 1027 1638 et
1049 1584 1214 1639 morti
1243 1583 1361 1655 subj
1371 1593 1542 1642 aceat.

1006 1724 1236 1782 CAPUT
1269 1724 1561 1782 PRIMUM.

555 1846 736 1918 (Vers.
767 1848 844 1921 1.)
886 1873 903 1896 ι
938 1849 1140 1905 Paulus
1168 1851 1449 1923 apostolus
1478 1851 1604 1906 Jesu
1629 1847 1857 1906 Christi.
1902 1873 1919 1896 ι
1964 1847 2084 1930 1am

483 1953 708 1993 securus
761 1935 829 1992 de
883 1937 970 1994 his
1014 1939 1355 1996 confidenter
1401 1957 1456 1997 se
1505 1939 1816 2012 apostolum
1862 1936 2088 1993 Domin1

483 2026 764 2100 praedicat.
793 2029 855 2083 In
883 2029 1060 2101 prima
1089 2031 1237 2087 enim
1269 2031 1500 2103 epistola
1544 2038 1800 2088 vocatum
1847 2045 1903 2084 se
1950 2043 2090 2100 apo—

485 2115 685 2170 stolum
716 2113 873 2185 dicit,
906 2117 984 2172 eis
1011 2124 1195 2174 tamen
1238 2134 1350 2175 non
1393 2117 1707 2191 probatum,
1767 2116 1862 2190 qui
1906 2133 1938 2172 a
1986 2123 2088 2172 tra-

485 2203 698 2260 ditione
725 2204 844 2277 ejus
872 2203 1094 2263 abducti
1125 2215 1300 2264 erant.
1347 2233 1364 2254 ‹
1401 2209 1502 2264 Per
1531 2209 1872 2264 voluntatem
1903 2205 2022 2262 Dei.
2056 2229 2074 2252 ι
2120 2219 2166 2279 Β

488 2296 555 2353 Ut
582 2305 762 2353 ratum
794 2297 987 2370 probet
1013 2299 1379 2370 apostolatum
1409 2316 1591 2367 suum,
1632 2298 1857 2354 Domini
1890 2298 2084 2352 volun-

484 2395 595 2444 tate
624 2387 831 2447 Christi
873 2387 1078 2444 factum
1125 2405 1182 2444 se
1227 2389 1536 2461 apostolum
1581 2387 1758 2444 dicit:
1811 2387 1887 2443 ita
1935 2388 2081 2443 enim

483 2477 754 2534 Dominus
786 2480 864 2533 ait
891 2475 1116 2546 Iudaeis,
1151 2477 1410 2550 quoniam
1476 2503 1493 2526 ι
1540 2495 1659 2552 quae
1707 2477 1908 2550 placita
1958 2484 2087 2532 sunt

486 2566 559 2636 ei,
590 2593 607 2613 ι
653 2566 710 2623 id
739 2576 822 2624 est
854 2568 969 2624 Deo
995 2566 1166 2636 Patri,
1212 2592 1230 2616 ‹
1273 2567 1418 2626 facio
1461 2584 1676 2640 semper
1731 2567 1913 2639 (Joan.
1960 2582 2084 2635 vm,

487 2653 637 2727 29).»
669 2655 856 2712 -—Et:
901 2682 919 2704 ι
947 2656 1272 2715 Timotheus
1291 2657 1478 2714 frater.
1512 2683 1530 2705 ι
1568 2657 1707 2715 Cum
1735 2657 1842 2715 hoc
1865 2655 2082 2724 scribit,

486 2757 584 2817 per
613 2760 774 2818 quem
818 2745 1106 2820 epistolam
1140 2747 1292 2804 misit
1325 2749 1560 2820 primam
1596 2747 1664 2803 ad
1716 2764 1828 2817 eos,
1878 2747 1935 2803 id
1982 2757 2084 2818 est,

485 2851 610 2891 cum
646 2835 955 2904 Timotheo,
987 2844 1049 2892 ut
1097 2837 1348 2894 ostendat
1389 2838 1468 2893 eis
1509 2836 1577 2892 ab
1615 2837 1722 2894 hoc
1768 2854 1823 2894 se
1871 2837 2086 2894 audisse

484 2922 554 2979 de
617 2923 762 2979 bona
821 2925 1106 2978 voluntate
1158 2941 1372 2993 eorum,
1434 2943 1542 2997 qua
1596 2925 1975 2997 corripiendos
2030 2942 2087 2982 se

486 3009 872 3066 subdiderunt.
922 3034 939 3056 ι
964 3009 1223 3066 Ecclesiae
1251 3027 1371 3083 quae
1405 3021 1486 3068 est
1514 3011 1768 3070 Corinthi
1797 3031 1925 3070 cum
1957 3031 2088 3069 om-

488 3099 654 3155 nibus
681 3099 885 3156 sanctis
934 3099 1030 3172 qui
1070 3108 1198 3155 sunt
1244 3100 1304 3156 in
1355 3101 1584 3159 Achaia.
1629 3127 1648 3151 ›
1703 3103 1862 3159 Nunc
1915 3103 2086 3161 sociat

487 3190 620 3246 istos
648 3190 852 3247 sanctis
889 3197 1210 3249 caeterarum
1259 3191 1655 3264 Ecclesiarum,
1697 3201 1760 3250 ut
1808 3194 1984 3251 sciant
2030 3209 2087 3250 se

484 3279 798 3352 profecisse.

566 3376 705 3433 170
739 3379 921 3450 (Vers.
955 3378 1035 3452 2.)
1074 3405 1092 3428 ι
1111 3380 1300 3438 Gratia
1327 3379 1489 3436 vobis
1515 3387 1569 3436 et
1599 3397 1708 3453 pax
1735 3397 1765 3436 a
1792 3383 1906 3438 Deo
1926 3383 2085 3439 Patre

481 3477 692 3538 nostro,
732 3477 786 3525 et
829 3472 1068 3528 Domino
1095 3473 1222 3528 Iesu
1252 3473 1490 3530 Christo.
1531 3497 1550 3520 ι
1609 3473 1882 3540 Quoniam
1911 3490 2086 3530 unum

481 3556 689 3612 donum
734 3565 816 3614 est
843 3560 944 3614 Dei
983 3569 1037 3615 et
1076 3560 1304 3627 Christi,
1359 3560 1566 3616 idcirco
1612 3561 1908 3634 participes
1958 3563 2083 3619 illos
2115 3587 2159 3648 ρ

482 3657 632 3723 optat
660 3667 777 3707 esse
806 3653 992 3724 gratiae
1019 3654 1118 3709 Dei
1147 3670 1268 3726 quae
1297 3662 1379 3710 est
1408 3661 1463 3710 et
1496 3653 1724 3712 Christi.

555 3741 739 3814 (Vers.
787 3741 868 3813 3.)
934 3768 952 3790 ι
997 3743 1326 3800 Benedictus
1366 3745 1512 3801 Deus
1557 3755 1611 3801 et
1660 3747 1819 3802 Pater
1859 3745 2084 3804 Domini

481 3831 657 3888 nostri
709 3832 837 3888 Iesu
875 3831 1104 3889 Christi.
1155 3858 1174 3881 ι
1243 3832 1470 3908 Semper
1527 3836 1587 3891 in
1642 3836 1795 3892 omni
1854 3837 2084 3909 epistola

483 3923 733 3996 mysterii
765 3923 1015 3980 ordinem
1065 3924 1232 3981 tradit
1284 3925 1352 3981 de
1409 3924 1522 3982 Deo
1569 3927 1728 3982 Patre
1775 3927 2079 3999 locuturus,

481 4021 535 4068 et
563 4011 631 4068 de
665 4012 810 4069 dono
841 4011 976 4084 ejus.
1035 4038 1053 4061 ι
1100 4013 1258 4069 Pater
1286 4013 1793 4070 misericordiarum
1842 4023 1895 4070 et
1937 4017 2082 4071 Deus

481 4105 652 4161 totius
678 4104 1091 4162 consolationis.
1133 4130 1152 4152 ι
1205 4105 1292 4162 Ab
1323 4105 1442 4178 ipsa
1471 4105 1637 4178 coepit
1665 4105 1898 4175 ratione,
1926 4107 2082 4161 mul-

481 4203 599 4250 tum
630 4195 777 4250 enim
807 4194 1082 4269 refrigerii
1113 4195 1208 4252 dat
1236 4196 1336 4265 eis,
1381 4195 1476 4269 qui
1519 4195 1881 4268 correptionis
1917 4211 2081 4252 causa

481 4283 700 4338 fuerant
727 4285 1067 4354 contristati;
1118 4286 1406 4343 audientes
1442 4286 1590 4342 enim
1637 4285 1935 4341 Dominum
1966 4300 2078 4340 non

481 4371 656 4427 solum
687 4372 859 4428 totius
905 4373 1137 4444 originis
1180 4385 1412 4448 patrem,
1451 4374 1547 4431 sed
1580 4383 1634 4431 et
1665 4374 2079 4431 misericordia-

480 4477 625 4530 rum,
659 4461 886 4519 relevati
929 4471 1059 4518 sunt
1107 4480 1219 4535 spe,
1269 4481 1331 4523 ac
1385 4466 1520 4522 certi
1568 4466 1699 4522 facti
1747 4463 1814 4521 ad
1862 4463 1966 4522 hoc
2020 4482 2077 4523 se

479 4561 778 4626 correptos,
827 4561 890 4610 ut
933 4554 1186 4610 conversi
1233 4555 1334 4610 Dei
1376 4557 1809 4613 misericordiam
1863 4557 2076 4614 inveni-

479 4650 620 4698 rent.
652 4641 831 4710 Quare
877 4651 1061 4700 autem
1103 4641 1609 4700 misericordiarum
1651 4655 1858 4718 patrem
1905 4647 2070 4716 dixit,

479 4731 588 4788 nisi
642 4741 704 4787 ut
767 4741 1152 4805 agnosceretur
1199 4751 1295 4807 per
1353 4734 1788 4793 misericordiam
1852 4754 2072 4795 rursum

478 4836 797 4893 regenerare
843 4829 898 4877 et
952 4821 1248 4879 reformare
1303 4824 1649 4896 pmnitentes,
1700 4832 1762 4882 ut
1807 4843 1919 4884 non
1957 4828 2072 4883 sola

478 4909 551 4967 sit
579 4911 760 4980 venia,
792 4909 888 4967 sed
925 4918 1100 4968 status
1147 4912 1368 4985 pristini
1418 4915 1788 4972 restauratio?
1829 4917 1900 4971 Et
1947 4917 2070 4974 ideo
2102 4951 2150 5010 Β
2180 4935 2521 4992 speraremus
2578 4935 2678 4976 nos
2743 4920 2914 4976 etiam
2967 4920 3174 4978 vivere.
3231 4945 3251 4968 ι

552 5059 669 5133 (64)
699 5059 820 5134 Non
849 5059 1084 5134 habetur
1112 5059 1207 5117 ille
1245 5061 1504 5134 prologus
1529 5059 1587 5114 in
1617 5058 1780 5117 Corb.
1814 5059 1960 5134 cod.,
1984 5062 2072 5134 uti

474 5131 588 5205 jam
617 5131 655 5205 a'
679 5131 840 5188 nobis
877 5131 1228 5205 observatum
1246 5131 1348 5188 iest
1380 5131 1632 5205 {verum
1677 5148 1804 5188 cum
1847 5132 1903 5186 in
1950 5132 2074 5189 aliis

477 5203 755 5272 omnibus,
788 5213 843 5260 et
870 5204 1094 5275 cunctis
1119 5203 1250 5260 edit.
1285 5204 1608 5275 reperiatur,
1655 5219 1754 5275 nec
1796 5211 1979 5275 exstet
2014 5205 2073 5259 in

478 5275 1040 5359 Pseudo-iiieronymi
1069 5273 1497 5344 Commentario,
1525 5290 1649 5330 eum
1671 5273 1934 5331 duximus
1957 5292 2072 5332 esse

479 5346 851 5405 retinendum.
929 5346 939 5348 ἡ

552 5419 669 5492 (65)
703 5419 831 5476 Mss.
873 5418 1106 5491 aliquot,
1153 5419 1427 5474 consulens
1464 5416 1613 5472 nobis
1657 5433 1757 5486 per
1805 5418 2070 5473 liberatio-

474 5506 668 5634 παῖἒϐ)
696 5560 933 5634 Inhisce
960 5561 1116 5634 Pauli
1147 5559 1434 5634 versiculis
1473 5560 1686 5634 quoties
1710 5560 1788 5634 in
1835 5578 1964 5619 mss.
2017 5571 2073 5619 et

475 5631 650 5704 antiq.
694 5632 827 5690 edit.
880 5632 1079 5706 legitur
1129 5631 1505 5690 exhortatione
1537 5639 1591 5690 et
1634 5633 2068 5706 exhortationem,

2115 859 2165 916 Α
2195 854 2698 912 misericordiarum
2723 857 2800 912 ait
2828 864 3050 929 pr0pter
3078 856 3296 912 diversa
3325 865 3568 929 peccata,
3590 865 3652 914 ut
3670 875 3797 915 con-

2191 944 2459 1000 solaretur
2501 945 2854 1002 contristatos
2897 961 3060 1001 causa
3112 944 3444 1002 delictorum
3480 963 3492 1002 :
3543 945 3650 1005 hoc
3691 958 3794 1018 est,

2190 1049 2341 1106 spem
2372 1050 2483 1090 non
2513 1050 2710 1106 negare
2737 1034 3043 1093 conversis.

2267 1125 2448 1197 (Vers.
2481 1125 2563 1194 4.)
2610 1150 2628 1172 «
2659 1125 2764 1192 Qui
2795 1127 3111 1182 consolatur
3145 1141 3244 1182 nos
3274 1127 3331 1182 in
3361 1129 3516 1184 omni
3545 1145 3797 1200 pressura

2195 1225 2398 1271 nostra.
2432 1241 2451 1263 ι
2494 1215 2609 1271 Hoc
2637 1223 2738 1284 est,
2772 1215 2918 1288 quod
2953 1215 3100 1272 dixit
3131 1233 3142 1271 :
3191 1239 3208 1263 ε
3245 1217 3392 1273 Deus
3437 1217 3619 1274 omnis
3670 1236 3795 1276 con-

2194 1304 2498 1374 solationis,
2529 1305 2624 1378 qui
2658 1303 2809 1360 adest
2838 1303 2897 1358 in
2928 1304 3081 1358 omni
3111 1321 3362 1376 pressura
3389 1324 3401 1362 :
3433 1315 3494 1361 ut
3526 1307 3797 1378 possimus

2194 1404 2247 1451 et
2293 1411 2395 1450 nos
2440 1393 2712 1451 consolari
2755 1410 2867 1462 eos,
2909 1393 3004 1465 qui
3054 1400 3182 1448 sunt
3229 1393 3287 1449 in
3331 1395 3484 1450 omni
3525 1412 3796 1467 pressura,

2196 1500 2290 1556 per
2336 1483 2802 1551 exhortationem,
2837 1499 2944 1555 qua
2973 1482 3334 1539 exhortamur
3376 1501 3409 1539 a
3450 1486 3584 1541 Deo.
3617 1511 3634 1534 ι
3677 1488 3798 1543 Duo

2198 1589 2393 1646 genera
2420 1573 2859 1630 consolationum
2884 1571 3139 1629 induxit:
3173 1588 3348 1628 unum
3378 1589 3486 1646 quo
3516 1575 3799 1632 consolan-

2197 1670 2307 1730 tur,
2354 1661 2448 1734 qui
2496 1661 2699 1734 injuste
2745 1677 3052 1734 pressuram
3104 1662 3391 1735 patiuntur
3436 1674 3658 1737 propter
3706 1682 3802 1722 ιιοο

2200 1767 2324 1806 men
2369 1750 2599 1819 Christi,
2649 1759 2712 1808 ut
2761 1751 3107 1807 liberentur:
3167 1751 3402 1808 alterum
3458 1770 3646 1809 eorum
3705 1754 3801 1828 qui

2198 1856 2545 1920 peccatorum
2602 1864 2766 1905 causa
2811 1846 3124 1905 contristati
3175 1848 3607 1906 consolationem
3660 1849 3794 1906 171

2198 1936 2497 2008 accipiunt,
2530 1936 2662 1993 dum
2685 1935 2798 1992 illis
2829 1935 3174 2009 promittitur
3212 1954 3334 2010 spes
3377 1939 3797 1998 emendantibus

2199 2031 2266 2086 ab
2305 2029 2394 2086 his
2423 2027 2541 2102 qui,
2572 2029 2842 2086 consolati
2873 2045 2905 2084 a
2933 2029 3191 2098 Domino,
3216 2029 3391 2102 erepti
3417 2039 3546 2087 sunt
3573 2031 3640 2089 de
3660 2047 3801 2106 pres-

2199 2133 2343 2174 sura.

2274 2204 2456 2277 (Vers.
2490 2205 2572 2278 5.)
2615 2230 2633 2253 ι
2675 2204 2952 2274 Quoniam
3001 2205 3146 2264 sicut
3191 2205 3475 2266 abundant
3525 2209 3804 2282 passiones

2200 2292 2408 2350 Christi
2446 2293 2504 2348 in
2544 2293 2725 2363 nobis,
2761 2294 2841 2350 sic
2881 2310 2978 2366 per
3021 2293 3304 2351 Christum
3353 2295 3597 2354 abundat
3638 2299 3800 2354 etiam

2200 2383 2506 2441 consolatio
2545 2390 2751 2441 nostra.
2798 2408 2816 2431 ι
2879 2383 3232 2440 Manifestum
3277 2393 3362 2442 est
3407 2387 3537 2459 quia
3565 2403 3664 2460 pro
3693 2404 3802 2462 quo

2198 2474 2460 2546 patimur,
2493 2475 2609 2547 ipse
2639 2473 2800 2530 nobis
2828 2473 3003 2544 adest,
3047 2476 3338 2532 consolans
3381 2491 3481 2533 nos
3522 2494 3619 2550 per
3669 2478 3803 2535 libe-

2195 2565 2467 2621 rationem
2501 2564 2644 2637 (65),
2696 2563 2935 2636 eripiens
2977 2580 3079 2621 nos
3107 2565 3174 2621 de
3206 2582 3458 2638 pressura
3485 2567 3800 2624 interventu

2199 2653 2502 2727 majestatis
2529 2671 2658 2711 suae.

2270 2756 2450 2829 (Vers.
2502 2759 2555 2826 6,
2597 2757 2676 2829 7.)
2720 2779 2740 2804 ι
2799 2756 2927 2814 Sive
2981 2763 3162 2812 autem
3206 2773 3514 2828 pressuram
3563 2758 3804 2830 patimur

2195 2863 2294 2920 pro
2321 2855 2504 2903 vestra
2533 2844 2920 2902 exhortatione
2949 2854 3001 2902 et
3030 2846 3203 2902 salute
3245 2844 3362 2916 (66)
3390 2863 3403 2900 :
3453 2846 3574 2900 sive
3600 2844 3801 2900 exhor-

2195 2937 2463 2993 tationem
2493 2935 2886 3008 consequimur
2912 2952 3011 3008 pro
3039 2941 3218 2991 vestra
3244 2933 3648 3000 exhortatione,
3674 2950 3800 3006 quze

2195 3033 2454 3098 operatur
2481 3043 2578 3098 per
2606 3025 2926 3097 patientiam
2953 3023 3269 3080 earumdem
3297 3022 3636 3095 passionum,
3659 3037 3800 3094 quas

2195 3123 2249 3171 et
2296 3132 2397 3170 nos
2424 3115 2529 3187 ipsi
2563 3114 2824 3187 patimur,
2874 3122 2936 3169 ut
2982 3129 3103 3186 spes
3148 3120 3336 3170 nostra
3379 3119 3526 3169 certa
3581 3111 3655 3166 sit
3699 3126 3800 3182 pro

2193 3204 2382 3273 vobis;
2432 3204 2560 3278 quia
2601 3204 2717 3278 (67)
2759 3203 2963 3261 scimus
2991 3202 3138 3276 quod
3165 3203 3310 3260 sicut
3338 3201 3473 3258 socii
3503 3201 3636 3258 estis
3665 3216 3800 3272 pas—

2195 3295 2438 3363 sionum,
2471 3295 2550 3351 sic
2578 3304 2631 3351 et
2659 3292 3050 3351 consolationis
3079 3292 3254 3349 eritis.
3287 3316 3305 3340 ο
3350 3291 3687 3348 Generaliter
3715 3291 3792 3346 lo-

2195 3385 2479 3455 quitur,ut
2495 3383 2624 3457 quia
2651 3399 2815 3439 causa
2837 3382 3178 3440 credentium
3200 3381 3605 3454 persecutiones
3626 3379 3792 3451 patie-

2193 3472 2395 3529 bantur
2419 3489 2450 3528 a
2479 3471 2724 3544 perﬁdis,
2755 3472 2990 3543 subjecti
3030 3471 3251 3543 injuriis
3301 3478 3355 3528 et
3407 3469 3669 3536 caedibus,
3715 3468 3795 3525 sic

2194 3561 2392 3617 iterum
2421 3561 2633 3617 auxilio
2687 3563 2787 3618 Dei
2830 3561 3196 3617 liberarentur
3242 3558 3310 3616 ad
3357 3558 3789 3617 consolationem

2193 3652 2558 3721 credentium,
2587 3667 2656 3707 ne
2685 3651 3003 3709 scandalum
3050 3651 3195 3723 passi
3224 3667 3257 3707 a
3285 3650 3392 3706 ﬁde
3427 3649 3748 3706 exciderent
3776 3667 3790 3715 ;

2192 3742 2323 3816 quia
2360 3743 2578 3816 injuriae
2607 3744 2983 3816 apostolorum
3012 3741 3345 3799 tentationes
3372 3749 3527 3796 erant
3567 3739 3789 3797 creden-

2192 3833 2353 3902 tium,
2411 3836 2556 3892 sicut
2608 3833 2874 3906 scriptum
2923 3840 3005 3890 est
3055 3833 3113 3887 in
3171 3831 3436 3905 propheta
3483 3829 3789 3887 Zacharia:

2204 3945 2223 3969 ι
2252 3921 2561 3978 Percutiam
2617 3930 2914 3996 pastorem,
2943 3928 2997 3977 et
3027 3921 3409 3992 dispergentur
3454 3934 3585 3976 oves
3613 3916 3791 3990 gregis

2192 4010 2448 4083 (Zachar.
2476 4031 2601 4084 xm,
2637 4014 2714 4086 7).
2756 4037 2774 4060 ›
2817 4011 3081 4078 Quamvis
3107 4010 3294 4066 futura
3321 4008 3546 4066 credant
3582 4007 3792 4075 fideles,

2187 4118 2372 4176 tamen
2403 4102 2546 4159 inter
2575 4103 2692 4174 ipsa
2711 4101 3015 4172 primordia
3037 4117 3300 4172 pressurae
3322 4099 3558 4156 novellis
3581 4097 3792 4154 faciunt

2187 4190 2505 4248 scandalum
2541 4207 2552 4246 :
2609 4196 2803 4260 putant
2845 4189 2992 4246 enim
3036 4189 3256 4246 inanem
3307 4204 3422 4245 esse
3463 4186 3792 4260 promissio-

2187 4297 2336 4348 nem,
2367 4279 2415 4335 si
2445 4278 2501 4334 vi
2531 4293 2848 4350 oppressum
2880 4278 3125 4335 viderint
3152 4277 3564 4351 praedicantem.
3597 4275 3700 4332 Sed
3739 4276 3785 4331 si

2180 4369 2295 4441 jam
2327 4369 2519 4424 firmus
2548 4376 2630 4425 est
2668 4367 2915 4438 credens,
2947 4369 3281 4442 compatitur
3308 4383 3434 4423 cum
3465 4383 3565 4422 suo
3595 4364 3788 4437 magis-

2184 4468 2292 4530 tro,
2323 4459 2500 4517 fidens
2525 4459 2593 4517 de
2625 4476 2720 4533 spe
2747 4460 2935 4517 futura
2963 4479 2975 4518 :
3009 4467 3071 4515 ut
3100 4457 3266 4515 simul
3295 4458 3629 4527 consoletur,
3661 4472 3786 4514 cum

2185 4567 2292 4622 quo
2321 4558 2375 4606 et
2400 4549 2735 4624 compatitur
2766 4550 2907 4623 (68).

2257 4648 2439 4720 (Vers.
2472 4650 2553 4722 8.)
2596 4673 2612 4696 ι
2643 4649 2764 4706 Νοιι
2791 4648 2938 4704 enim
2968 4648 3228 4705 volumus
3256 4666 3357 4706 vos
3385 4649 3655 4722 ignorare,
3682 4646 3786 4704 fra-

2185 4748 2312 4808 tres,
2345 4739 2412 4796 de
2442 4755 2694 4812 pressura
2742 4755 2862 4811 quae
2905 4737 3066 4794 nobis
3093 4739 3236 4796 facta
3263 4749 3344 4796 est
3374 4739 3433 4794 in
3457 4737 3623 4794 Asia:
3657 4736 3788 4810 quia

2180 4844 2345 4900 supra
2373 4827 2598 4884 modum
2629 4828 2839 4900 gravati
2866 4827 3076 4884 fuimus
3104 4844 3270 4902 supra
3299 4827 3464 4896 vires,
3499 4827 3573 4882 ita
3607 4834 3671 4881 ut
3694 4825 3784 4882 de-

3322 4917 3449 4974 Ideo
3505 4915 3785 4988 passiones

2181 5064 2346 5121 toties
2371 5064 2528 5122 Rom.
2561 5063 2692 5121 edit.
2724 5063 2966 5137 reposuit
2996 5063 3349 5124 consolatione
3375 5067 3430 5119 et
3456 5060 3782 5118 consolatio-

2180 5153 2372 5282 "737)
2412 5209 2520 5264 Ρνο
2548 5207 2723 5282 υοῦἱελ
2744 5206 3028 5282 subjungit
3064 5211 3222 5282 Rom.
3263 5207 3422 5275 edit.,
3451 5208 3557 5282 sive
3585 5223 3782 5262 conso-

2183 5279 2452 5360 tationent,
2482 5277 2855 5348 consequimur
2870 5277 2973 5352 pro
3004 5280 3165 5336 vestri
3197 5280 3554 5336 consolatione
3597 5285 3644 5332 et
3681 5295 3782 5334 sa-

2183 5353 2306 5418 lute,
2374 5353 2485 5418 uia,
2515 5359 2620 5405 etc.

2255 5368 2370 5493 (68‘)
2408 5420 2569 5478 Corb.
2620 5421 2815 5490 codex,
2857 5429 2903 5477 et
2938 5422 3274 5494 compatitur.
3312 5423 3488 5478 Causa
3517 5421 3642 5494 ﬁdei
3667 5437 3780 5492 pa—

2181 5494 2466 5566 tiebantur,
2497 5499 2673 5549 utnon
2702 5495 2919 5566 gravius
2946 5493 3167 5565 ferrent,
3200 5495 3246 5549 si
3275 5494 3670 5564 corriperentu-r
3696 5509 3777 5546 er-

2179 5581 2328 5622 rores
2354 5565 2592 5622 illorum.
2625 5567 2742 5624 Non
2773 5566 2910 5623 enim
2936 5566 3199 5636 volumus,
3239 5574 3344 5623 etc.
