4112 6178
312 321 408 379 293

1367 315 1728 374 COMMENT.
1772 313 1846 372 IN
1881 313 2110 371 EPIST.
2165 314 2214 370 II
2251 314 2348 370 AD
2379 315 2536 373 COR.

3503 317 3608 376 29b

311 461 671 520 pressurarum
703 443 916 502 indicat
946 458 1113 516 prope
1145 458 1316 516 usque
1364 443 1431 499 ad
1480 450 1713 498 mortem
1753 441 1889 497 illa-
1913 443 1963 501 A
1998 439 2170 497 lucris
2211 440 2524 496 carnalibus
2553 438 2854 496 studentes.
2909 439 3064 497 Unde
3111 441 3412 514 Apostolus
3444 460 3604 501 nun-

312 546 404 606 tas,
451 544 512 592 ut
558 535 814 592 ostendat
863 552 982 608 quae
1034 535 1177 591 mala
1223 533 1417 590 salutis
1456 533 1684 589 illorum
1732 548 1896 589 causa

281 621 683 700 patiebantur;
717 633 780 681 ut
819 641 929 680 non
959 625 1179 698 gravius
1205 623 1432 692 ferrent,
1466 623 1512 679 si
1543 622 1896 694 corriperen-

305 724 388 772 tur
437 731 653 772 errores
709 715 935 772 illorum
982 714 1051 770 ab
1105 715 1174 771 iis
1221 714 1318 786 qui
1376 713 1494 768 haec
1543 720 1654 767 tam
1710 725 1898 782 aspera

302 806 606 863 tolerabant
656 825 754 880 pro
800 807 914 862 illis
969 806 1111 878 (69).
1167 804 1305 873 Quis
1353 803 1504 859 enim
1557 800 1895 858 medicorum

301 912 410 952 non
446 904 633 969 arguat
679 903 996 968 susceptum
1048 912 1209 951 suum
1255 892 1627 966 negligentius
1678 907 1733 947 se
1780 898 1897 946 tra—

301 994 566 1055 ctantem;
601 1003 668 1045 ne
696 1003 832 1044 cura
863 985 1158 1042 medicinae
1187 983 1307 1056 ejus
1337 983 1455 1040 sine
1484 983 1680 1039 eﬁ‘ectu
1708 995 1895 1036 rema-

303 1083 423 1131 neat
454 1075 482 1132 i’

369 1163 552 1235 (Vers.
585 1163 666 1235 9.)
725 1188 742 1211 ι
793 1163 938 1231 Quin
986 1170 1040 1219 et
1094 1162 1198 1234 ipsi
1250 1160 1307 1217 in
1356 1159 1518 1215 nobis
1566 1173 1890 1231 responsum

298 1252 494 1307 mortis
521 1252 856 1324 accepimus;
891 1260 950 1308 ut
997 1267 1108 1307 non
1157 1265 1399 1306 essemus
1429 1247 1662 1304 ﬁdentes
1693 1247 1749 1302 in
1780 1263 1891 1302 no-

296 1339 402 1408 bis,
446 1341 539 1396 sed
586 1341 643 1395 in
675 1341 810 1408 Deo,
862 1340 957 1412 qui
1006 1339 1232 1396 suscitat
1279 1344 1548 1393 mortuos.
1590 1361 1609 1385 ›
1659 1335 1890 1391 Tantam

297 1427 642 1484 insolentiam
667 1427 981 1500 iniquitatis
1009 1426 1282 1499 signiﬁcat
1311 1425 1679 1481 insurrexisse
1700 1431 1892 1480 contra

293 1515 420 1572 ﬁdei
472 1516 889 1589 praedicatores,
942 1525 1003 1591 ut
1056 1523 1289 1572 mortem
1321 1523 1448 1570 ante
1491 1515 1684 1570 oculos
1725 1512 1889 1569 habe-

293 1611 446 1673 rent;
491 1605 729 1678 denique
759 1605 935 1678 erepti
964 1604 1032 1661 de
1074 1605 1191 1678 ipsa
1219 1619 1492 1676 pressura,
1535 1602 1889 1658 resuscitatos

294 1709 347 1748 se
373 1693 587 1750 dicunt.
612 1694 703 1750 Sic
732 1694 918 1751 denim
951 1693 1143 1750 aﬂlicti
1174 1693 1411 1761 fuerant,
1445 1699 1507 1747 ut
1535 1691 1891 1764 desperarent

2006 545 2168 603 quam
2200 545 2231 584 a
2260 527 2565 585 Corinthiis
2594 537 2844 602 sumptus
2875 529 3058 586 voluit
3092 532 3370 606 accipere;
3413 548 3486 590 ne
3514 532 3602 589 his

2005 618 2350 675 occasionem
2382 617 2557 686 daret,
2590 634 2653 674 eo
2685 619 2828 692 quod
2863 619 3064 677 similis
3094 622 3173 678 eis
3217 630 3357 680 esset
3401 623 3459 679 in
3499 621 3601 679 hac

2006 725 2085 763 re.
2135 708 2277 765 Hinc
2325 716 2406 763 est
2456 707 2602 780 quod
2633 708 2769 764 dicit
2801 727 2812 766 :
2860 735 2878 758 ε
2909 712 3302 769 Abundantius
3329 713 3473 785 apud
3503 729 3602 770 vos

2008 803 2340 876 simpliciter
2377 807 2710 875 conversati,
2751 834 2768 856 ι
2832 805 2970 863 1⁸72
3012 810 3140 884 quia
3185 827 3312 868 cum
3361 810 3428 866 ab
3475 809 3600 865 aliis

2005 895 2298 967 acceperit,
2331 894 2398 949 ab
2428 894 2516 951 his
2547 897 2750 966 noluit,
2787 913 2855 954 ne
2884 900 3143 970 arguendi
3172 917 3264 957 eos
3290 899 3599 958 auctorita-

2004 988 2115 1038 tem
2146 983 2423 1038 amitteret
2457 984 2598 1055 (73).

2077 1072 2261 1143 (Vera.
2299 1071 2411 1142 13.)
2465 1097 2481 1119 ι
2539 1073 2661 1129 Non
2716 1076 2864 1131 enim
2918 1075 3029 1131 alia
3082 1075 3374 1132 scribimus
3419 1078 3598 1147 vobis,

2001 1175 2164 1232 quam
2197 1176 2315 1233 quae
2347 1160 2557 1232 legistis
2585 1170 2639 1218 et
2667 1165 3019 1235 cognoscitis.
3056 1189 3074 1212 ι
3113 1164 3193 1219 Ea
3221 1181 3278 1220 se
3308 1164 3444 1221 dicit
3472 1165 3600 1221 scri-

1999 1248 2166 1315 bere,
2221 1267 2340 1324 quae
2378 1267 2491 1307 non
2539 1253 2720 1309 solum
2779 1254 2981 1310 litteris
3033 1262 3359 1320 cernerent,
3413 1253 3507 1310 sed
3549 1263 3604 1311 et

2000 1339 2262 1412 operibus
2300 1339 2419 1412 ejus
2465 1342 2753 1398 manifesta
2790 1342 3054 1399 haberent
3088 1359 3100 1396 :
3142 1351 3204 1397 ut
3233 1341 3488 1413 probaret
3517 1359 3599 1412 ea,

2000 1444 2121 1501 quae
2152 1429 2422 1501 loquitur,
2457 1432 2623 1503 gestis
2653 1448 2708 1486 se
2740 1431 2988 1503 implere,
3020 1430 3221 1503 quibus
3250 1428 3603 1502 uniuscujus-

1999 1535 2106 1590 que
2137 1535 2294 1574 mens
2319 1526 2372 1574 et
2404 1520 2747 1592 propositum
2778 1519 3033 1576 discitur.

2073 1609 2256 1680 (Vers.
2295 1609 2409 1682 14.)
2459 1636 2476 1658 ι
2521 1612 2690 1684 Spero
2719 1620 2900 1668 autem
2947 1610 3095 1684 quod
3133 1625 3304 1683 usque
3337 1609 3404 1665 ad
3433 1610 3598 1668 ﬁnem

1999 1700 2359 1772 cognoscetis,
2393 1701 2538 1758 sicut
2564 1709 2618 1757 et
2649 1701 2989 1774 cognovistis
3027 1717 3137 1756 non
3167 1716 3236 1756 ex
3267 1705 3438 1772 parte,
3473 1700 3602 1773 quia

293 1782 357 1838 de
385 1784 644 1855 praesenti
673 1784 808 1839 vita.
858 1783 966 1839 Sed
1005 1783 1135 1856 quia
1162 1785 1308 1839 Deus
1337 1782 1592 1854 praesidia
1638 1798 1735 1837 sua
1780 1796 1888 1836 non
1918 1808 1964 1867 Β
1997 1789 2172 1861 gloria
2221 1798 2402 1847 vestra
2447 1807 2656 1860 sumus,
2707 1792 2851 1848 sicut
2894 1800 2949 1848 et
2998 1806 3098 1846 vos
3145 1795 3352 1856 nostra,
3406 1787 3462 1842 in
3512 1787 3625 1846 die.

293 1880 452 1944 negat
500 1872 558 1927 in
601 1871 927 1927 necessitate
963 1871 1180 1942 positis,
1228 1871 1468 1926 maxime
1503 1870 1636 1938 suis,
1686 1869 1890 1942 eripuit

294 1961 423 2016 illos
451 1961 802 2032 desperantes
839 1959 906 2016 de
955 1960 1285 2034 semetipsis,
1340 1959 1574 2017 ﬁdentes
1612 1967 1789 2014 autem
1822 1959 1889 2015 de

293 2051 429 2106 Deo.
461 2049 645 2105 Nimia
664 2051 811 2105 enim
841 2065 1098 2122 pressura
1117 2049 1350 2108 deﬁcere
1382 2065 1439 2105 se
1468 2049 1888 2122 proﬁtebantur,

291 2141 402 2196 nisi
432 2141 647 2198 adesset
679 2144 840 2198 Deus.

360 2230 545 2302 (Vera.
580 2230 666 2299 10,
705 2232 816 2303 11.)
874 2257 892 2280 ι
932 2232 1038 2299 Qui
1069 2231 1138 2288 de
1167 2231 1336 2288 tantis
1367 2231 1638 2286 mortibus
1677 2229 1887 2285 libera-

287 2319 368 2375 vit
400 2336 526 2389 nos,
575 2329 629 2376 et
673 2320 906 2387 liberat;
961 2321 1020 2376 in
1051 2337 1212 2393 quem
1261 2319 1626 2392 speravimus,
1675 2320 1803 2392 quia
1833 2327 1886 2375 et

287 2408 566 2476 liberabit,
598 2409 878 2467 accidente
907 2426 1007 2482 pro
1030 2409 1194 2466 nobis
1216 2409 1379 2465 etiam
1403 2417 1585 2466 vestra
1603 2408 1882 2478 oratione;

287 2506 347 2555 ut
375 2497 529 2573 quod
562 2499 871 2555 multorum
893 2498 1136 2555 faciebus
1165 2498 1372 2554 donum
1403 2499 1462 2554 in
1492 2515 1592 2554 nos
1621 2499 1884 2553 collatum

290 2596 388 2658 est,
420 2604 522 2661 per
548 2587 755 2643 multos
785 2587 844 2643 in
873 2589 1174 2659 gratiarum
1204 2587 1420 2642 actione
1446 2585 1756 2642 celebretur
1787 2603 1886 2658 pro

290 2676 470 2733 nobis.
501 2701 522 2725 ι
566 2677 684 2734 Hoc
715 2675 872 2746 dicit,
906 2677 1036 2750 quia
1064 2676 1237 2749 gratia
1265 2677 1363 2733 Dei
1394 2677 1695 2732 multorum
1723 2691 1886 2732 causa

289 2767 570 2824 consolata
599 2775 681 2823 est
726 2768 1002 2839 apostolos
1034 2767 1176 2840 (70),
1227 2768 1284 2824 id
1323 2775 1426 2836 est,
1475 2767 1729 2823 omnium
1757 2779 1886 2820 cre-

289 2856 564 2926 dentium,
597 2873 834 2930 quorum
865 2875 1028 2914 causa
1056 2867 1110 2915 et
1145 2874 1412 2931 pressurae
1441 2857 1520 2912 eis
1552 2854 1888 2927 ingereban-

286 2953 418 3002 tur:
480 2962 542 3002 ac
573 2963 667 3019 per
697 2947 823 3016 hoc,
877 2947 1007 3020 quia
1053 2947 1303 3002 omnium
1352 2962 1517 3002 causa
1545 2952 1647 3012 est,
1699 2941 1887 3000 cuncti

289 3035 402 3090 Deo
443 3035 644 3107 gratias
684 3035 944 3100 referant,
977 3051 1106 3090 cum
1137 3043 1310 3090 cessat
1341 3033 1608 3089 tentatio:
1643 3040 1736 3088 aut
1760 3048 1886 3088 cum

285 3125 490 3192 oritur,
531 3125 701 3180 simul
728 3123 1104 3178 obsecrentur.

363 3223 552 3293 (Vera.
598 3223 712 3293 i2.)
760 3247 777 3269 ε
826 3222 1015 3278 Gloria
1053 3220 1200 3277 enim
1241 3229 1428 3278 nostra
1457 3223 1575 3280 haec
1611 3233 1692 3280 est
1722 3223 1887 3280 testi-

285 3313 543 3370 monium
597 3313 946 3371 conscientia:
976 3324 1195 3371 nostrae.
1242 3341 1260 3364 ι
1307 3316 1421 3370 Hoc
1459 3314 1616 3383 dicit,
1665 3317 1792 3388 quia
1820 3315 1886 3372 de

281 3403 627 3459 conscientia
674 3420 772 3459 sua
816 3404 1242 3475 praesumebant,
1301 3421 1421 3476 quae
1471 3421 1608 3476 pura
1657 3414 1772 3462 erat
1817 3407 1885 3462 ab

281 3491 438 3547 omni
469 3491 854 3561 simulatione;
899 3493 1254 3566 quamobrem
1277 3494 1344 3550 de
1373 3493 1472 3549 Dei
1505 3494 1732 3550 auxiliis
1763 3495 1880 3567 (71)

283 3598 393 3638 non
424 3581 766 3640 difﬁdebant.
813 3608 831 3632 ‹
879 3585 1022 3654 Quia
1067 3585 1125 3642 in
1164 3587 1520 3660 simplicitate
1559 3595 1613 3643 et
1649 3587 1881 3643 sinceri-

283 3679 410 3738 tate,
460 3688 576 3727 non
621 3673 680 3728 in
727 3673 999 3746 sapientia
1028 3676 1254 3744 carnali,
1305 3677 1400 3732 sed
1450 3677 1507 3730 in
1555 3677 1728 3748 gratia
1759 3677 1880 3746 Dei,

283 3757 595 3812 conservati
628 3775 819 3814 sumus
863 3760 920 3814 in
951 3760 1056 3816 hoc
1085 3761 1294 3815 mundo
1330 3778 1341 3815 :
1384 3760 1760 3816 abundantius
1790 3778 1882 3817 au-

283 3853 386 3902 tem
413 3847 564 3918 apud
607 3864 722 3903 vos.
764 3873 782 3895 ι
828 3849 956 3906 Haec
995 3859 1076 3905 est
1107 3851 1280 3922 gloria
1308 3850 1684 3920 conscientiae,
1718 3868 1881 3924 quam

283 3933 444 4004 dixit,
477 3936 811 4007 simplicitas
840 3945 895 3993 et
923 3938 1229 3995 sinceritas.
1275 3940 1348 3995 Et
1378 3940 1508 4013 quia
1538 3939 1655 3996 haec
1683 3940 1752 3996 de
1780 3940 1881 3996 Dei

284 4020 540 4079 doctrina
575 4033 727 4093 sunt,
758 4024 998 4097 adjecit:
1042 4051 1060 4076 ι
1098 4029 1220 4085 Non
1260 4015 1318 4084 in
1357 4029 1624 4101 sapientia
1651 4029 1879 4097 carnali,

284 4111 372 4167 sed
416 4114 474 4170 in
530 4115 702 4185 gratia
746 4117 880 4185 Dei,
935 4142 954 4165 ι
997 4125 1060 4172 ut
1099 4117 1411 4174 ostenderet
1461 4134 1574 4174 non
1624 4117 1880 4174 humanas

283 4202 586 4272 sapientiae,
635 4203 731 4260 sed
769 4207 1102 4278 evangelicae
1134 4207 1514 4279 praedicationi
1563 4207 1794 4264 liberam
1825 4223 1881 4263 se

284 4293 678 4351 conscientiam
729 4294 1068 4353 exhibuisse.
1127 4285 1409 4354 Praeterita
1453 4298 1674 4356 refricat
1726 4297 1877 4370 (72);

285 4379 385 4440 hoc
411 4385 566 4441 enim
606 4384 920 4457 signiﬁcat,
961 4387 1109 4460 quod
1148 4387 1206 4442 in
1237 4388 1415 4458 prima
1443 4387 1673 4459 epistola
1702 4387 1884 4459 arguit

285 4470 524 4531 fucatam
579 4475 1026 4547 praedicationem
1078 4473 1242 4547 juxta
1297 4474 1601 4530 humanum
1659 4491 1881 4532 sensum

1916 3172 1965 3235 C

1999 1879 2222 1935 Domini
2270 1881 2448 1936 nostri
2494 1881 2620 1937 Iesu
2649 1879 2878 1939 Christi.
2928 1903 2948 1929 ι
2993 1879 3264 1936 Proﬁcere
3309 1877 3439 1932 illos
3482 1893 3602 1950 spe-

1998 1978 2110 2037 rat,
2171 1987 2240 2026 ex
2295 1987 2360 2026 eo
2415 1970 2562 2044 quod
2610 1970 2725 2043 jam
2783 1977 3061 2043 coeperant
3118 1967 3373 2025 meliores
3419 1966 3598 2038 eﬂici,

2002 2059 2224 2130 cognito
2255 2058 2455 2115 affectu
2483 2059 2630 2116 circa
2659 2076 2716 2115 se
2744 2059 3017 2131 Apostoli,
3050 2066 3104 2114 et
3133 2055 3510 2130 gloriabantur
3538 2057 3596 2113 in

1999 2163 2063 2202 eo
2107 2148 2261 2203 velut
2317 2147 2418 2202 ﬁlii
2470 2148 2528 2203 in
2568 2155 2720 2220 patre
2773 2148 3098 2205 charissimo
3149 2146 3287 2219 (74).
3343 2146 3498 2203 Unde
3543 2155 3598 2204 et

1998 2238 2297 2308 Apostolus
2349 2239 2579 2310 gloriam
2635 2254 2786 2294 suam
2836 2237 3015 2294 videri
3064 2244 3296 2293 testatur
3345 2237 3404 2291 in
3451 2235 3598 2292 ﬁlios

1996 2326 2389 2394 obaudientes;
2428 2335 2482 2383 et
2509 2336 2644 2385 tunc
2664 2328 2862 2385 debere
2883 2327 3082 2397 videri,
3105 2325 3324 2401 quando
3353 2326 3594 2400 prodest,

1996 2416 2053 2473 id
2081 2423 2182 2486 est,
2220 2416 2275 2472 in
2312 2416 2404 2473 die
2443 2416 2644 2489 judicii
2692 2419 2814 2476 Dei.
2849 2418 2964 2477 Hoc
2993 2416 3207 2486 dicens,
3248 2431 3595 2491 perseveran-

1995 2507 2127 2562 dum
2161 2515 2367 2564 monet.

2070 2599 2251 2670 (Vers.
2291 2601 2382 2668 l5,
2426 2602 2540 2671 16.)
2587 2624 2605 2647 ι
2644 2601 2715 2655 Et
2753 2600 2856 2655 hac
2893 2600 3098 2655 ﬁducia
3129 2602 3412 2656 volueram
3444 2600 3596 2672 prius

1997 2688 2188 2744 venire
2228 2689 2296 2743 ad
2327 2705 2446 2755 vos,
2484 2695 2546 2742 ut
2584 2688 2880 2743 secundam
2914 2689 3142 2758 gratiam
3183 2687 3457 2744 haberetis
3489 2709 3499 2744 :
3543 2697 3597 2745 et

1998 2790 2096 2844 per
2123 2791 2225 2829 vos
2254 2774 2545 2828 transirem
2576 2774 2694 2843 (75)
2728 2773 2787 2827 in
2814 2773 3216 2838 Macedoniam,
3249 2782 3304 2828 et
3338 2775 3537 2829 iterum
3567 2792 3599 2830 a

1999 2860 2323 2918 Macedonia
2359 2862 2608 2918 venirem
2657 2861 2725 2917 ad
2753 2878 2872 2931 vos,
2919 2868 2974 2917 et
3023 2877 3055 2916 a
3091 2859 3249 2916 vobis
3292 2859 3490 2918 deduci
3539 2863 3596 2918 in

2003 2949 2270 3008 Judaaam.
2329 2978 2346 3001 ι
2409 2953 2536 3009 Haec
2563 2951 2766 3009 ﬁducia
2795 2969 2864 3007 ex
2895 2950 3185 3008 emendata
3214 2959 3295 3008 est
3331 2951 3447 3023 (76)
3484 2953 3597 3009 vita

1997 3042 2254 3108 illorum;
2289 3040 2403 3113 jam
2437 3042 2585 3097 enim
2615 3049 2668 3097 et
2706 3041 3015 3098 desiderare
3045 3040 3173 3098 illos
3201 3057 3258 3097 se
3293 3041 3593 3112 signiﬁcat,

1997 3149 2132 3204 quos
2175 3141 2299 3188 ante
2329 3133 2619 3205 indignum
2652 3139 2767 3189 erat
2799 3133 3004 3189 videre.
3047 3133 3270 3188 Plenam
3300 3149 3429 3204 ergo
3462 3151 3594 3205 gra—

1995 3223 2130 3277 tiam
2180 3222 2500 3279 habuissent
2541 3223 2607 3278 de
2642 3223 2882 3279 adventu
2933 3221 3087 3293 ejus;
3121 3221 3250 3295 quia
3301 3223 3482 3294 imago
3511 3231 3594 3280 est

1997 3310 2247 3382 epistola,
2293 3311 2584 3383 praesentia
2612 3319 2795 3367 autem
2822 3311 3044 3367 veritas.
3102 3312 3224 3366 Non
3269 3319 3352 3366 est
3405 3311 3591 3384 itaque

1997 3400 2236 3456 otiosum
2267 3400 2396 3472 quia
2425 3401 2676 3456 voluerat
2699 3401 2798 3469 ire,
2822 3407 2876 3456 et
2906 3417 3018 3456 non
3047 3400 3140 3468 iit;
3174 3400 3409 3474 intelligi
3444 3403 3591 3459 enim

1995 3490 2118 3546 vult
2148 3506 2263 3546 esse
2301 3491 2517 3564 aliquos
2552 3490 2696 3547 inter
2737 3507 2850 3559 eos,
2881 3507 3116 3564 quorum
3145 3507 3308 3547 causa
3336 3493 3589 3549 volunta-

1994 3585 2105 3634 tem
2135 3595 2289 3634 suam
2320 3595 2432 3634 non
2465 3579 2737 3651 implevit,
2767 3587 2830 3635 ut
2857 3579 3106 3636 adhibita
3132 3596 3298 3654 opera
3330 3581 3585 3654 puriﬁca-

1994 3675 2206 3723 rentur.

2068 3757 2248 3827 (Vers.
2287 3758 2400 3829 17.)
2449 3782 2467 3806 ι
2518 3757 2633 3813 Hoc
2661 3773 2790 3830 ergo
2818 3757 3086 3830 cogitans,
3137 3759 3412 3832 numquid
3442 3761 3590 3816 levi—

1993 3852 2103 3899 tate
2129 3861 2261 3900 usus
2287 3861 2409 3899 sum
2432 3845 2460 3900 ?
2487 3853 2584 3900 aut
2610 3844 2883 3916 numquid
2903 3861 3025 3917 qua)
3053 3847 3257 3918 cogito,
3286 3849 3589 3904 secundum

1993 3949 2210 3990 carnem
2229 3934 2410 4005 cogito
2433 3953 2444 3991 :
2480 3943 2540 3990 ut
2569 3935 2640 3991 sit
2671 3933 2814 4007 apud
2836 3951 2941 4004 me,
2966 3936 3085 4004 Est,
3104 3945 3202 4006 est,
3227 3953 3360 4005 non,
3382 3953 3493 3991 non
3509 3937 3538 3990 ?
3560 3961 3579 3984 ι

1993 4020 2262 4089 Quoniam
2295 4021 2469 4078 dixit:
2509 4048 2525 4070 ‹
2552 4023 2849 4080 Volueram
2879 4024 3068 4080 venire
3097 4025 3166 4079 ad
3191 4040 3310 4090 vos,
3343 4048 3362 4071 ι
3394 4031 3448 4076 et
3479 4037 3590 4076 non

1991 4110 2060 4166 iit
2089 4112 2229 4183 (77);
2275 4111 2484 4169 idcirco
2530 4115 2790 4184 numquid
2831 4114 3035 4168 levitate
3058 4128 3185 4166 usus
3214 4127 3351 4176 sum,
3385 4109 3588 4181 inquit,

1992 4200 2120 4272 quia
2152 4200 2391 4270 videtur,
2428 4202 2523 4273 qui
2554 4202 2693 4258 dicit
2721 4201 2954 4273 aliquid,
2974 4207 3029 4254 et
3049 4214 3163 4253 non
3182 4197 3337 4266 facit,
3367 4198 3590 4257 levitate

1991 4289 2074 4344 uti
2103 4290 2130 4344 ‘l
2159 4290 2287 4346 Ideo
2319 4307 2388 4346 ne
2421 4291 2566 4346 forte
2594 4289 2746 4345 istud
2772 4288 2840 4344 de
2870 4287 3138 4359 Apostolo
3167 4285 3588 4360 arbitrarentur,

1993 4379 2097 4436 hoc
2125 4387 2340 4452 purgat,
2372 4379 2502 4450 quia
2531 4393 2644 4432 non
2673 4376 2824 4432 istud
2855 4376 3072 4445 leviter,
3117 4377 3213 4434 sed
3240 4394 3368 4435 cum
3397 4380 3590 4436 consi-

1996 4468 2070 4522 lio
2101 4468 2251 4537 fecit,
2286 4475 2348 4523 ut
2381 4483 2494 4522 non
2534 4466 2787 4539 impleret
2829 4466 2976 4540 quod
3021 4467 3382 4540 disposuerat.
3427 4492 3446 4516 ‹
3475 4471 3589 4526 Aut

283 4569 520 4634 aptatam
564 4538 630 4634 Ι
657 4564 780 4620 Cor.
816 4582 876 4634 ιι,
917 4564 997 4638 4),
1050 4538 1210 4636 cujus
1259 4564 1644 4637 praedicatores
1673 4562 1884 4635 duplici
1915 4538 1964 4596 D
1997 4557 2265 4629 numquid
2297 4573 2418 4630 quae
2451 4538 2653 4629 cogito,
2687 4538 2892 4632 inquit,
2922 4538 3225 4615 secundum
3251 4574 3470 4616 carnem
3499 4577 3588 4617 co-

286 4666 468 4721 genere
503 4652 569 4707 in
598 4653 864 4726 sapientia
901 4655 1110 4712 carnali
1140 4661 1401 4722 accusat;
1449 4653 1579 4727 quia
1622 4660 1675 4707 et
1718 4651 1880 4722 juxta

285 4742 470 4798 mundi
513 4757 738 4798 sensum
785 4744 1196 4816 praedicabant,
1240 4761 1308 4800 ne
1347 4743 1508 4800 facile
1539 4741 1880 4798 offenderent

285 4826 538 4890 homines
566 4841 620 4888 et
668 4841 908 4906 quaestus
955 4850 1118 4892 causa
1170 4833 1277 4890 hoc
1331 4833 1584 4906 agebant,
1642 4829 1880 4905 propriis

355 5020 467 5092 (69)
513 5019 679 5078 Corb.
732 5019 881 5088 cod.,
935 5021 1185 5090 quoniam
1236 5021 1381 5076 mala
1417 5020 1610 5076 salutis
1657 5020 1878 5076 illorum

285 5104 439 5147 causa
465 5092 537 5148 ab
563 5093 645 5146 his
673 5092 766 5163 qui
812 5093 917 5146 hac
947 5098 1054 5146 tam
1079 5110 1270 5165 aspera
1313 5093 1637 5165 ingerebant,
1671 5094 1879 5149 tolera-

287 5160 408 5217 bant
441 5179 545 5219 ωηο
575 5163 706 5219 illis.

355 5181 893 5362 2";05ﬂ11d‘dids'codex
921 5278 934 5303 ,
986 5236 1180 5291 collata
1224 5243 1298 5291 est
1352 5236 1655 5306 apostolis;
1701 5234 1875 5304 Vall.,

355 5322 434 5360 nso
457 5313 584 5361 atus
612 5313 685 5360 est
721 5307 1023 5362 Apostolus.

289 5307 584 5362 consolatus
612 5313 685 5360 est
721 5307 1023 5362 Apostolus.

357 5378 473 5452 (71)
517 5377 617 5452 Μξ·
651 5377 839 5452 (λοΐῧε,
882 5379 1236 5447 simulatione,
1261 5381 1414 5452 ﬁdem
1437 5381 1692 5452 integram
1720 5378 1880 5452 exhi-

434 5444 544 5505 Deo
574 5448 631 5502 in
663 5444 1039 5519 praedicatione
1053 5469 1074 5516 ;
1115 5444 1457 5521 quamobrem
1490 5444 1562 5507 αἱ
1578 5452 1678 5506 Dei
1705 5449 1880 5505 auxi-

313 5534 397 5578 ηε.
425 5530 532 5578 etc.

361 5561 744 5671 (7§)Viiill._in
793 5611 962 5667 marg.
1005 5602 1058 5671 et
1087 5593 1410 5671 Rom,_edit.
1461 5595 1520 5651 in
1549 5612 1699 5671 corp.
1751 5613 1879 5658 cum

293 5675 417 5720 mss.
451 5664 801 5736 quibusdam,
828 5664 1102 5739 praeterita
1130 5665 1370 5740 replicat.

1994 4645 2105 4715 gito
2131 4645 2158 4700 ‘l
2197 4669 2214 4692 ι
2259 4646 2365 4712 Qui
2409 4645 2558 4702 enim
2591 4648 2896 4704 secundum
2927 4663 3148 4703 carnem
3178 4648 3404 4719 cogitat,
3458 4658 3587 4708 tunc

1987 4749 2099 4788 non
2140 4733 2330 4805 implet
2359 4750 2479 4806 quae
2511 4735 2776 4808 disponit,
2822 4736 3043 4808 quando
3073 4745 3167 4793 aut
3197 4740 3446 4808 personis
3474 4755 3587 4795 am-

1988 4820 2258 4895 plioribus
2294 4821 2491 4890 defert,
2547 4830 2641 4878 aut
2678 4832 2825 4880 certe
2864 4823 3036 4881 lucris
3081 4831 3179 4882 aut
3233 4827 3587 4899 apparatibus

2061 5018 2178 5102 (73)
2220 5019 2356 5102 God.
2400 5019 2590 5090 Corb.,
2632 5035 2694 5074 ne
2748 5020 3021 5093 arguentis
3079 5037 3164 5078 eos
3217 5021 3586 5078 auctoritatem

1988 5099 2298 5149 omitterent.

2062 5163 2178 5239 (74)
2237 5166 2360 5220 Duo
2411 5181 2575 5233 mss.,
2631 5165 2692 5222 in
2751 5174 2905 5239 patre
2965 5165 3288 5223 clarissimo.
3355 5163 3584 5220 Minime

1989 5237 2176 5378 maiiefi)
2208 5307 2367 5364 Rom.
2399 5305 2568 5380 _edit.,
2608 5312 2670 5362 ut
2710 5309 2926 5380 plenam
2963 5309 3199 5380 gratiam
3247 5303 3503 5361 haberetis
3538 5307 3586 5357 et

1982 5395 2081 5450 per
2106 5396 2196 5433 vos
2237 5378 2486 5446 transire,
2515 5387 2619 5435 etc.

2062 5451 2178 5521 (76)
2210 5451 2477 5522 Nonnulli
2510 5467 2661 5519 mss.,
2685 5452 2806 5507 Hcec
2834 5451 3032 5522 ﬁducia
3061 5447 3331 5503 emendata
3359 5448 3580 5522 αδκεις).

2063 5516 2180 5593 (77)
2216 5522 2374 5580 Rom.
2399 5521 2564 5596 pedit,
2596 5516 2786 5596 etnon
2814 5516 2974 5584 aeni;
3010 5527 3276 5596 vet.”c_um
3303 5528 3433 5570 mss.
3466 5516 3585 5571 ali-

1989 5591 2142 5665 quOt,
2161 5591 2221 5649 et
2248 5610 2354 5650 non
2387 5593 2429 5649 ii
2447 5613 2464 5663 ;
2508 5594 2693 5652 caeteri
2723 5608 2878 5662 mss.,
2907 5598 2956 5647 et
2985 5604 3092 5645 non
3119 5591 3201 5641 iit.
