4112 6178
497 286 605 346 295

1512 280 1606 336 AD
1645 277 1881 335 OPERA
1920 275 1975 330 S.
2016 271 2352 331 AMBROSII
2387 266 2770 328 APPENDIX.

3696 262 3803 322 296

500 412 765 479 vincitur,
796 408 943 483 quod
973 407 1270 478 Apostolus
1298 419 1511 475 semper
1549 401 1776 473 sprevit.
1820 398 2099 471 Spiritalis
2130 404 2174 461 Λ
2208 395 2344 452 dicit
2374 396 2565 451 Petrus
2594 393 2906 483 apostolus:
2941 389 3082 457 Quia
3110 403 3319 483 sumus,
3353 386 3543 483 inquit
3571 388 3629 458 (Ι
3659 388 3807 445 Petr.

499 508 682 557 autem
722 508 856 555 tunc
885 496 1215 569 dispositum
1248 510 1359 551 non
1392 492 1602 563 implet,
1652 489 1870 562 quando
1901 488 2098 561 provi—

499 592 723 648 dentius
752 587 965 661 aliquid
1004 603 1103 659 pro
1141 587 1315 643 salute
1346 584 1544 639 animae
1584 581 1913 647 meditatur;
1956 579 2099 635 sicut

502 690 556 738 et
586 680 883 751 Apostolus
938 677 1064 734 ideo
1110 693 1221 732 non
1275 672 1528 744 implevit
1557 671 1706 745 quod
1734 671 2006 729 voluerat.
2038 674 2099 722 ut

502 787 600 843 per
628 770 732 825 hoc
781 768 963 841 ipsum
1004 766 1257 822 meliores
1296 762 1662 828 efﬁcerentur,
1714 759 1948 816 scientes
1976 757 2099 812 ideo

503 860 787 919 distulisse
816 876 963 926 eum,
996 858 1126 928 quia
1154 853 1374 926 quidam
1407 852 1588 910 adhuc
1620 852 1765 907 inter
1785 867 1877 906 eos
1907 866 2017 905 non
2046 865 2101 905 se

503 950 933 1023 puriﬁcaverant
963 962 994 999 a
1025 943 1278 1016 peccatis.
1321 965 1339 988 ε
1370 942 1440 997 Ut
1464 942 1556 1009 sit,
1591 940 1792 1012 inquit,
1820 938 1966 1012 apud
1993 955 2100 1005 me,

504 1042 621 1107 Est,
673 1048 791 1093 est:
846 1036 987 1103 Non,
1039 1050 1170 1088 non.
1210 1059 1226 1080 ι
1288 1032 1401 1086 lIoc
1457 1031 1755 1103 significat,
1814 1030 1945 1104 quia
1991 1046 2100 1084 non

503 1128 653 1184 aliud
686 1127 796 1199 egit
827 1142 989 1199 quam
1033 1125 1198 1180 scivit
1232 1123 1505 1196 agendum
1541 1140 1551 1177 :
1596 1122 1725 1195 quia
1752 1121 1967 1177 utilitas
1996 1137 2104 1175 an—

505 1218 811 1292 teponenda
843 1224 923 1272 est
953 1214 1251 1270 voluntati.
1304 1214 1407 1270 Hic
1455 1230 1645 1269 sensus
1673 1211 1940 1283 spiritalis
1983 1217 2099 1265 est:

503 1309 741 1368 carnalis
784 1314 965 1363 autem
1016 1322 1207 1361 sensus
1250 1305 1329 1360 sic
1384 1310 1648 1379 mutatur,
1703 1311 1766 1358 ut
1810 1304 2106 1371 anteponat

505 1398 847 1454 voluntatem
881 1395 1113 1452 utilitati
1149 1394 1288 1467 (78).

580 1485 765 1558 (Vers.
812 1484 926 1556 18.)
987 1507 1005 1530 ι
1058 1484 1266 1540 Fidelis
1311 1492 1493 1539 autem
1538 1485 1703 1549 Deus,
1755 1479 1884 1552 quia
1927 1492 2106 1533 sermo

505 1582 691 1632 noster
730 1573 876 1646 apud
918 1590 1019 1628 vos
1066 1590 1179 1628 non
1226 1579 1324 1640 est,
1380 1573 1477 1626 Est
1507 1578 1559 1626 et
1608 1586 1738 1625 non.
1796 1592 1814 1614 ι
1871 1568 1986 1622 Hoc
2025 1573 2106 1620 est

506 1664 653 1737 quod
677 1663 815 1719 dicit
859 1672 913 1718 et
954 1663 1021 1717 ad
1062 1663 1315 1716 Galatas:
1364 1683 1383 1706 ‹
1440 1659 1496 1714 Si
1527 1675 1645 1730 qua:
1675 1655 1949 1723 destruxi,
1990 1654 2107 1709 hmo

2212 503 2270 554 ιι,
2302 485 2383 555 9),
2429 501 2599 555 genus
2638 482 2814 555 regale
2854 497 2948 553 per
2978 477 3299 535 unctionem
3329 475 3661 547 spiritalem,
3703 493 3811 532 cu-

2203 572 2294 643 jus
2324 581 2488 645 typus
2514 572 2619 628 fuit
2650 574 2708 627 in
2737 570 2954 644 regibus
2983 568 3320 624 Iudaeorum.
3361 588 3378 612 ι
3410 564 3518 633 Qui
3548 571 3602 620 et
3632 565 3814 638 signa-

2210 664 2291 718 vit
2322 681 2442 732 nos,
2495 664 2678 719 dando
2717 663 2985 735 Spiritum
3037 676 3199 716 suum
3248 655 3411 713 nobis
3461 656 3699 729 pignus;
3750 666 3811 714 ut

2211 770 2323 807 non
2353 753 2698 824 ambigamus
2723 753 2790 808 de
2824 751 3111 824 promissis
3137 747 3274 820 ejus.
3308 772 3327 796 ›
3361 746 3417 803 Si
3449 746 3598 803 enim
3631 746 3813 806 adhuc

2212 842 2543 897 mortalibus
2572 841 2838 913 Spiritum
2874 857 3031 897 suum
3061 837 3322 902 credidit,
3344 836 3579 892 dubium
3600 853 3709 893 non
3731 845 3812 894 est

2212 932 2347 1004 quin
2396 931 2511 1004 jam
2566 930 2972 986 immortalibus
3010 929 3173 984 addat
3222 926 3289 982 ad
3342 926 3595 998 gloriam.
3627 928 3810 984 Unum

2212 1027 2397 1075 tamen
2429 1037 2565 1091 opus
2595 1019 2733 1076 dicit
2777 1019 2953 1074 Patris
2983 1025 3035 1072 et
3074 1015 3223 1083 Filii,
3268 1015 3397 1087 quia
3433 1022 3486 1069 et
3525 1014 3810 1072 Christum

2214 1108 2352 1165 dicit
2392 1109 2740 1177 confirmare,
2784 1116 2837 1163 et
2886 1110 3081 1163 Deum.
3129 1105 3303 1173 Quem
3334 1105 3482 1160 enim
3519 1105 3813 1161 conﬁrmat

2217 1197 2411 1264 Filius,
2453 1197 2744 1253 conﬁrmat
2791 1205 2844 1252 et
2892 1197 3051 1251 Pater
3083 1201 3173 1249 :et
3222 1210 3347 1250 cum
3390 1193 3484 1249 dat
3542 1193 3813 1266 Spiritum

2216 1287 2393 1354 Pater,
2436 1287 2529 1341 dat
2576 1294 2628 1341 et
2678 1285 2897 1341 Filius:
2946 1283 3077 1356 quia
3124 1282 3412 1355 utriusque
3446 1290 3527 1338 est
3577 1282 3814 1355 Spiritus

2216 1382 2458 1443 sanctus,
2491 1374 2635 1431 sicut
2663 1373 2801 1430 dicit
2830 1373 2898 1428 ad
2929 1374 3205 1429 Romanos
3237 1389 3248 1427 :
3302 1397 3319 1419 ι
3367 1371 3424 1427 Si
3465 1371 3589 1444 quis
3634 1379 3811 1427 autem

2218 1463 2489 1535 Spiritum
2519 1462 2726 1520 Christi
2757 1479 2868 1518 non
2894 1462 3080 1529 habet,
3113 1460 3204 1516 hic
3233 1477 3345 1516 non
3375 1467 3457 1516 est
3487 1458 3604 1531 ejus
3636 1462 3811 1529 (Rom.

2218 1571 2341 1620 vur,
2374 1554 2455 1624 9).
2489 1577 2507 1599 ι
2544 1552 2816 1619 Quoniam
2848 1569 2976 1624 ergo
3007 1552 3074 1607 de
3103 1550 3439 1622 perfectione
3472 1550 3715 1606 hominis
3741 1551 3815 1607 lo-

2217 1650 2380 1700 cutus
2403 1650 2508 1711 est,
2548 1642 2839 1699 Trinitatis
2869 1641 2976 1698 hoc
3013 1642 3131 1697 loco
3163 1641 3293 1697 fecit
3334 1639 3673 1697 mentionem
3705 1658 3817 1697 om-

505 1729 694 1812 eadem
718 1752 950 1818 aediﬁco,
978 1752 1452 1822 praevaricatorem
1482 1729 1568 1803 me
1588 1746 1867 1803 constituo
1891 1745 2103 1816 (Galal.
2137 1765 2182 1825 B
2220 1732 2308 1787 nis
2338 1731 2487 1787 enim
2519 1748 2734 1788 summa
2764 1730 3119 1803 perfectionis
3150 1730 3209 1785 in
3238 1729 3509 1786 Trinitate
3537 1730 3811 1787 consistit.

510 1861 571 1910 II,
605 1841 718 1909 18).
753 1864 771 1887 ›
816 1839 945 1894 Ideo
970 1854 1098 1909 ergo
1126 1837 1344 1892 ﬁdelem
1374 1837 1433 1891 in
1470 1852 1525 1891 se
1556 1836 1694 1892 dicit
1719 1834 1817 1891 Dei
1851 1832 2107 1905 praedica-

508 1930 718 1987 tionem
745 1946 756 1984 :
791 1943 917 1982 nam
947 1927 1087 1982 illud
1115 1925 1325 1982 faciunt
1346 1926 1655 1981 adulatores
1674 1924 1815 1996 (79).
1836 1925 2109 1995 Frequen-

508 2026 591 2075 ter
630 2018 802 2085 enim,
857 2033 925 2072 ne
973 2016 1226 2073 homines
1278 2014 1580 2084 offendant,
1636 2030 1756 2087 quae
1794 2028 1924 2069 vera
1952 2018 2105 2080 sunt,

511 2107 959 2181 praetermittunt.

582 2207 765 2279 (Vers.
799 2205 914 2276 19.)
959 2228 978 2251 ι
1009 2202 1111 2260 Dei
1142 2204 1289 2259 enim
1320 2203 1498 2260 Filius
1526 2203 1681 2260 Iesus
1709 2200 1981 2271 Christus,
2016 2200 2110 2273 qui

513 2295 574 2353 in
603 2295 764 2353 vobis
788 2302 889 2363 est,
930 2294 1026 2366 qui
1065 2309 1159 2366 per
1187 2310 1288 2350 nos
1321 2292 1651 2370 praedicatus
1676 2300 1777 2361 est,
1821 2307 1917 2365 per
1942 2308 2029 2347 me
2059 2300 2112 2347 et

515 2390 805 2447 Silvanum
837 2396 891 2445 et
920 2386 1291 2454 Timotheum,
1325 2402 1435 2441 non
1466 2386 1592 2453 fuit,
1624 2386 1725 2442 Est
1743 2393 1797 2441 et
1828 2385 1980 2440 Non:
2018 2381 2111 2438 sed

514 2481 616 2537 Est
649 2478 706 2536 in
738 2481 835 2535 illo
857 2478 983 2534 fuit.
1018 2503 1035 2525 ι
1067 2477 1347 2545 Quantum
1377 2476 1445 2532 ad
1476 2475 1702 2531 idoneos
1727 2474 2111 2547 praedicatores

517 2568 779 2643 pertinet,
829 2567 936 2623 hoc
961 2566 1123 2623 debet
1146 2582 1283 2634 esse,
1330 2572 1393 2621 ut
1430 2565 1502 2620 sit
1547 2564 1693 2637 apud
1740 2564 1887 2619 illos.
1936 2586 1954 2609 ‹
1989 2564 2111 2630 Est,

515 2668 619 2728 est,
650 2659 793 2726 Non,
825 2674 972 2725 non;
1009 2682 1028 2705 ι
1067 2665 1129 2713 ut
1157 2672 1270 2712 non
1299 2655 1453 2712 aliud
1481 2654 1705 2723 faciant,
1736 2670 1899 2727 quam
1930 2653 2113 2710 sciunt

519 2750 674 2806 utile.
725 2748 867 2816 Quia
897 2746 1046 2803 enim
1083 2745 1397 2819 frequenter
1433 2744 1586 2801 aliud
1615 2745 1873 2800 volumus
1895 2786 1909 2812 ,
1950 2759 2112 2816 quam

517 2845 599 2895 est
632 2838 806 2904 utile;
855 2852 923 2892 ne
951 2835 1211 2892 voluntas
1242 2835 1428 2892 vincat
1465 2834 1786 2903 utilitatem,
1817 2833 1943 2890 ideo
1971 2834 2112 2903 Apo-

517 2927 693 2984 stolus
714 2926 990 2981 voluntati
1015 2941 1126 2981 suae
1149 2924 1453 2980 utilitatem
1484 2925 1801 2996 praeposuit,
1823 2940 1892 2979 ne
1919 2923 2024 2978 iret
2047 2920 2116 2978 ad

524 3014 673 3069 illos.
718 3036 737 3060 ε
772 3014 835 3068 In
866 3011 1093 3069 Christo
1123 3011 1271 3068 enim
1302 3012 1430 3068 Jesu
1458 3029 1568 3069 non
1598 3012 1732 3081 fuit,
1762 3013 1863 3068 Est
1890 3022 1942 3069 et
1971 3012 2114 3078 Non,

2305 1846 2322 1869 ι
2363 1823 2480 1893 Ego
2541 1838 2671 1877 vero
2728 1828 2923 1877 testem
2969 1822 3142 1876 Deum
3201 1819 3401 1876 invoco
3462 1819 3520 1875 in
3576 1821 3816 1876 animam

2220 1927 2420 1981 meam,
2470 1911 2618 1984 quod
2668 1927 2896 1984 parcens
2942 1909 3119 1979 vobis,
3176 1910 3426 1965 nondum
3456 1910 3586 1965 veni
3627 1911 3817 1969 Corin-

2220 2001 2399 2057 thum.
2433 2026 2451 2049 ι
2493 2000 2655 2057 Nunc
2686 2001 3001 2057 manifestat
3040 2016 3148 2074 qua
3184 2017 3367 2070 causa,
3399 2017 3523 2056 cum
3554 2000 3819 2057 voluisset

2222 2091 2301 2148 ire
2321 2091 2389 2147 ad
2420 2092 2566 2161 illos,
2587 2090 2837 2148 distulit:
2873 2098 2935 2147 ut
2958 2099 3092 2149 tunc
3118 2091 3245 2157 iret,
3263 2090 3485 2164 quando
3507 2089 3623 2163 jam
3653 2107 3817 2164 prope

2222 2197 2413 2237 omnes
2441 2181 2759 2237 emendatos
2799 2180 3096 2237 inveniret.
3140 2179 3238 2237 His
3267 2180 3416 2236 enim
3449 2196 3599 2238 nunc
3630 2181 3819 2254 loqui-

2222 2279 2333 2339 tur,
2369 2270 2464 2343 qui
2494 2270 2829 2327 videbantur
2861 2286 2917 2327 se
2956 2271 3098 2326 velle
3130 2269 3433 2340 corrigere,
3476 2270 3572 2327 sed
3599 2287 3817 2345 operam

2222 2378 2335 2417 non
2363 2362 2567 2419 dabant
2595 2370 2657 2419 ut
2699 2361 2807 2419 hoc
2846 2362 3160 2434 implerent.
3205 2360 3345 2429 Quia
3381 2377 3509 2433 ergo
3548 2363 3819 2435 corripere

2225 2450 2352 2508 illos
2382 2468 2601 2527 necesse
2632 2459 2769 2521 erat,
2801 2453 2907 2508 iter
2931 2467 3093 2507 suum
3123 2450 3181 2506 in
3212 2450 3352 2506 alios
3371 2451 3647 2508 convertit
3677 2452 3817 2525 (81),

2223 2557 2291 2598 ne
2320 2541 2671 2599 contristaret
2728 2544 2952 2611 multos,
3006 2549 3060 2597 et
3099 2541 3204 2598 hoc
3253 2540 3360 2597 fuit
3414 2539 3528 2597 illis
3580 2556 3816 2613 parcere.

2222 2632 2381 2700 Quod
2410 2640 2472 2688 ut
2502 2632 2783 2689 mentibus
2811 2648 3002 2689 eorum
3024 2631 3391 2700 commendet,
3422 2632 3598 2687 Deum
3630 2638 3820 2687 testem

2158 2743 2163 2748 ·
2222 2722 2350 2790 dat;
2397 2738 2466 2779 ne
2496 2730 2752 2795 putarent
2794 2739 2850 2779 se
2890 2722 3147 2796 indignos
3180 2738 3314 2788 esse,
3344 2729 3399 2777 et
3436 2720 3716 2777 contemni
3755 2719 3822 2775 ab

2224 2812 2324 2868 illo
2357 2830 2369 2869 :
2414 2829 2523 2887 quo
2552 2821 2855 2886 comperto,
2888 2821 2950 2869 ut
2995 2812 3344 2886 praesentiam
3393 2807 3512 2881 ejus
3553 2825 3825 2867 mereren-

2225 2909 2337 2972 tur,
2369 2902 2728 2961 emendarent
2776 2920 2851 2960 se.

2309 3016 2327 3040 ι
2365 2994 2487 3050 Non
2530 2993 2677 3067 quod
2715 2994 3063 3052 dominemur
3106 2991 3228 3050 ﬁdei
3264 2997 3481 3058 vestrae,
3532 2990 3627 3047 sed
3659 2988 3824 3063 adju-

513 3103 607 3160 εθά
638 3103 737 3157 ES‘
777 3102 834 3157 ίη
869 3101 964 3196 “'9
993 3101 1137 3196 ίυίξὶ
1178 3127 1196 3150 ’
1239 3102 1368 3175 quia
1405 3119 1691 3196 Ριιηίιιξδηι
1717 3079 1881 3196 51““?
1909 3104 2107 3172 νοίιιίιί
2148 3136 2190 3196 c
2223 3084 2809 3196 ἓῗῗῗῗ.ῗ¹ῗῖ“ῗῗ,ξ³“ῗ¹ἷί
2831 3082 3199 3196 Ϊῗῗῗνίὲηίῗῗθ
3228 3079 3813 3196 ίῖῗξω-ῗῗῗῖ⁸.ίῗῗ);,ἷ

512 3208 677 3265 quam
724 3198 807 3247 est
859 3191 1015 3246 utile.
1066 3190 1291 3264 Semper
1330 3193 1477 3248 enim
1512 3194 1770 3251 voluntas
1819 3192 1936 3266 ejus
1983 3210 2109 3250 cum

512 3280 756 3338 utilitate
780 3288 862 3338 est
890 3296 902 3336 :
937 3296 1037 3338 nec
1066 3280 1394 3339 immutatus
1419 3289 1519 3350 est,
1551 3288 1614 3337 ut
1644 3282 1846 3339 faceret
1874 3281 2104 3348 invitus,

513 3371 656 3431 sicut
694 3372 891 3440 homo,
932 3373 1079 3447 quod
1117 3380 1199 3431 est
1236 3373 1375 3430 utile
1411 3391 1423 3429 :
1469 3379 1564 3429 aut
1601 3379 1663 3429 ut
1700 3371 2002 3444 ambigeret
2041 3368 2109 3425 de

513 3462 813 3535 aliquibus,
844 3470 898 3519 et
937 3471 1174 3520 mutaret
1204 3464 1572 3520 voluntatem.

587 3551 770 3621 (Vers.
811 3551 928 3622 20.)
995 3575 1012 3599 ι
1053 3552 1337 3623 Quotquot
1378 3552 1526 3607 enim
1573 3549 1963 3622 promissiones
2009 3548 2108 3605 Dei

515 3646 663 3705 sunt,
698 3648 827 3694 sunt
856 3639 915 3693 in
944 3639 1044 3694 illo
1074 3657 1085 3694 :
1129 3650 1182 3696 et
1223 3656 1319 3711 per
1348 3640 1527 3710 ipsum
1559 3655 1717 3693 amen
1748 3641 1862 3695 Deo
1890 3639 1958 3695 ad
1998 3640 2107 3711 glo-

516 3728 652 3782 riam
684 3743 780 3798 per
805 3743 925 3783 nos.
960 3752 979 3777 ι
1016 3728 1370 3785 Manifestum
1401 3736 1483 3785 est
1510 3728 1643 3802 quia
1669 3745 1883 3802 semper
1909 3729 1967 3784 in
1995 3731 2106 3785 Deo

514 3816 718 3873 veritas
746 3824 848 3886 est,
905 3817 1009 3875 hoc
1047 3826 1151 3888 est,
1194 3835 1375 3888 amen,
1419 3820 1769 3876 manifestata
1814 3835 1909 3892 per
1937 3817 2110 3876 Chri—

513 3913 683 3976 stum,
713 3913 837 3979 post
875 3923 971 3979 per
998 3909 1277 3979 apostolos
1305 3909 1599 3980 praedicata
1624 3909 1693 3965 ad
1725 3908 1952 3981 gloriam
1985 3908 2104 3977 Dei,

516 4002 657 4061 1'73
701 4005 984 4079 signorum
1017 4004 1320 4063 virtutibus
1358 4007 1738 4064 testimonium
1770 4006 2107 4079 perhibenti-

514 4096 616 4153 bus
642 4112 774 4153 vera
803 4112 938 4165 esse,
960 4112 1081 4169 qua:
1110 4096 1366 4168 promisit
1393 4099 1539 4152 Deus
1569 4113 1665 4169 per
1691 4096 1972 4154 Christum
2001 4097 2106 4151 Do-

514 4186 726 4241 minum
756 4192 1028 4242 nostrum.
1072 4185 1262 4242 Gloria
1296 4185 1444 4241 enim
1484 4185 1583 4241 Dei
1612 4192 1713 4253 est,
1744 4202 1869 4242 cum
1910 4184 1978 4239 ab
2007 4183 2107 4238 illo

512 4276 718 4343 omnia,
751 4282 806 4329 et
838 4291 935 4347 per
965 4275 1122 4332 illum
1154 4282 1208 4332 et
1237 4276 1295 4331 in
1327 4276 1427 4331 illo
1452 4291 1569 4331 esse
1597 4274 1859 4330 dicuntur
1890 4273 2030 4344 (80).

586 4362 768 4435 (Vers.
801 4363 890 4430 21,
924 4364 1041 4435 22.)
1082 4388 1105 4412 ‹
1134 4365 1239 4432 Qui
1270 4373 1453 4422 autem
1484 4363 1773 4421 conﬁrmat
1800 4378 1900 4419 nos
1925 4361 2104 4418 vobis-

510 4451 931 4521 cum,Christus
956 4454 1227 4511 Dominus
1241 4464 1351 4523 est;
1381 4464 1435 4511 et
1464 4455 1559 4528 qui
1586 4454 1749 4510 unxit
1779 4469 1899 4521 nos,
1928 4454 2099 4508 Deus:

509 4543 606 4618 qui
655 4551 711 4599 et
764 4543 1003 4616 signavit
1049 4560 1170 4613 nos,
1219 4552 1274 4600 et
1319 4545 1471 4601 dedit
1499 4547 1697 4617 pignus
1733 4544 1998 4615 Spiritum
2040 4544 2097 4599 in

510 4631 769 4690 cordibus
797 4633 1021 4690 nostris.
1051 4656 1070 4682 ι
1115 4632 1398 4691 Christum
1430 4634 1568 4691 dicit
1595 4634 1919 4690 conﬁrmare
1958 4650 2097 4706 gen-

509 4729 592 4780 tes
621 4724 679 4780 in
710 4724 875 4781 fidem
915 4722 1240 4798 promissam
1280 4724 1521 4793 Iudaeis;
1563 4726 1691 4799 quia
1728 4726 1843 4799 ipse
1871 4734 1972 4795 est,
2003 4725 2098 4798 qui

509 4812 642 4870 fecit
670 4821 899 4888 utraque
926 4832 1098 4872 unum
1127 4816 1346 4889 (Ephes.
1376 4834 1437 4886 ιι,
1482 4815 1593 4888 14),
1636 4816 1694 4873 id
1732 4826 1833 4887 est,
1866 4817 2098 4875 circum-

510 4902 774 4960 cisionem
796 4913 851 4961 et
875 4906 1226 4977 praeputium,
1244 4907 1301 4962 in
1327 4923 1439 4962 uno
1468 4923 1614 4963 novo
1640 4906 1864 4963 homine
1895 4907 2101 4963 faciens

510 5006 717 5064 pacem.
759 4992 1033 5049 Dominus
1061 5009 1190 5066 ergo
1211 4994 1521 5063 conﬁrmat,
1553 5004 1608 5051 et
1640 4998 1787 5052 Deus
1815 4996 1908 5067 qui
1938 4994 2100 5050 unxit

510 5097 629 5152 nos,
660 5082 717 5139 id
746 5090 845 5152 est,
879 5082 975 5156 qui
1004 5083 1156 5140 dedit
1190 5085 1394 5157 regiam
1426 5084 1926 5153 honoriﬁcentiam,
1959 5085 2103 5141 sicut

612 5277 700 5350 78)
742 5278 863 5334 Duo
888 5296 1042 5345 mss.,
1065 5285 1125 5333 at
1146 5284 1429 5350 anteponat
1452 5282 1764 5350 voluptatem
1788 5279 2029 5335 utilitati.

611 5350 701 5419 79)
745 5350 930 5406 Codex
960 5350 1129 5417 Val|.,
1166 5368 1225 5403 ne
1253 5350 1346 5404 hoc
1379 5350 1585 5419 faciant
1611 5352 1936 5406 adulatores.

607 5420 701 5502 80)
743 5421 1011 5477 Nonnulli
1060 5438 1189 5502 mss:
1243 5430 1403 5502 atque
1459 5422 1681 5477 Amerb.
1741 5422 1817 5493 in,
1854 5440 2003 5495 corp.
2051 5430 2105 5478 et

512 5492 736 5565 Gill_.in
767 5509 962 5565 marg.,
995 5509 1099 5548 esse
1127 5494 1421 5548 discuntur.

543 5563 705 5642 ._(8_1‘)
750 5563 1319 5642 Vet._'_edit._ac___ms_s_.
1364 5565 1595 5642 aliquot,
1629 5566 1700 5620 ad
1737 5567 1858 5621 illos
1892 5584 2102 5642 conper-

513 5633 575 5689 tit
593 5649 615 5697 ,'
643 5633 801 5691 Rom.
831 5636 995 5703 edit.,
1021 5637 1087 5692 ab
1118 5636 1230 5693 illis
1254 5633 1503 5702 diuertit;
1534 5653 1663 5693 mss.
1692 5654 1821 5694 vero
1852 5638 2099 5710 plurimi,

2135 4506 2183 4566 D

2222 3173 2492 3242 Quoniam
2526 3174 2660 3230 fides
2689 3190 2801 3230 non
2831 3171 3195 3241 necessitatis,
3243 3170 3338 3227 sed
3389 3169 3700 3225 voluntatis
3740 3185 3824 3225 res

2220 3271 2322 3332 est,
2379 3263 2503 3319 ideo
2538 3263 2674 3320 dicit
2708 3281 2719 3319 :
2766 3287 2784 3311 ι
2837 3263 2959 3319 Νοη
2998 3262 3146 3336 quod
3176 3260 3540 3317 dominemur
3568 3258 3695 3314 ﬁdei
3733 3275 3821 3314 ve-

2219 3361 2381 3420 strae;
2442 3378 2461 3400 ι
2526 3340 2843 3409 dominatus
2896 3352 3047 3408 enim
3104 3349 3451 3408 necessitatis
3502 3364 3663 3405 causa
3716 3356 3816 3404 est.

2233 3466 2251 3490 ι
2289 3441 2394 3497 Sed
2425 3440 2700 3513 adjutores
2733 3459 2941 3510 sumus,
2969 3430 3176 3515 inquit,
3215 3439 3401 3513 gaudii
3426 3438 3627 3506 vestri;
3662 3463 3679 3487 ι
3714 3436 3820 3493 hoc

2218 3539 2319 3599 est,
2351 3530 2480 3604 quia
2509 3532 2652 3588 sicut
2690 3532 2748 3587 in
2780 3534 2924 3588 malo
2955 3548 3117 3604 opere
3156 3530 3390 3586 tristitia
3418 3536 3520 3597 est,
3564 3527 3642 3583 ita
3669 3536 3722 3583 et
3758 3526 3817 3582 in

2218 3620 2601 3677 emendatione
2632 3621 2917 3693 gaudium.
2978 3620 3157 3694 Hujus
3196 3617 3379 3694 gaudii
3411 3616 3687 3689 adjutores
3730 3631 3818 3671 su-

2217 3728 2359 3781 mus,
2391 3711 2596 3784 inquit,
2632 3713 2762 3785 quia
2792 3711 3111 3768 volentibus
3138 3710 3217 3768 eis
3252 3708 3543 3767 emendare
3580 3724 3659 3776 se,
3690 3705 3816 3762 olfe-

2217 3809 2349 3857 runt
2393 3800 2877 3872 commouitiones,
2908 3810 2971 3858 ut
3001 3800 3151 3875 quod
3183 3800 3331 3858 velle
3358 3804 3655 3872 coeperant,
3696 3810 3816 3867 pos-

2217 3893 2331 3948 sint
2358 3891 2609 3964 implere.

2853 4045 3080 4105 CAPUT
3118 4042 3187 4103 ll.

2288 4187 2470 4259 (Vers.
2511 4188 2587 4261 1.)
2632 4213 2650 4236 ι
2690 4189 2920 4245 Decrevi
2954 4197 3136 4245 autem
3168 4188 3273 4243 hoc
3302 4185 3446 4259 apud
3476 4202 3583 4254 me,
3618 4201 3688 4241 ne
3717 4185 3813 4242 ite-

2215 4293 2337 4333 rum
2370 4276 2428 4332 in
2460 4278 2688 4335 tristitia
2710 4278 2957 4335 venirem
2988 4278 3056 4334 ad
3078 4293 3195 4334 vos.
3233 4301 3250 4324 ι
3286 4278 3554 4348 Apertum
3576 4281 3658 4330 est
3685 4274 3814 4346 quia

2213 4366 2338 4421 ideo
2367 4367 2547 4424 noluit
2577 4368 2676 4437 ire,
2719 4386 2787 4425 ne
2828 4369 2967 4426 forte
2995 4365 3305 4440 corripiens
3344 4380 3567 4437 paucos,
3609 4365 3812 4420 multos

2211 4457 2578 4527 contristaret,
2619 4460 2734 4532 ipse
2767 4460 2932 4516 etiam
2964 4456 3361 4524 contristatus;
3393 4455 3813 4528 compatiuntur

2211 4546 2359 4602 enim
2390 4547 2576 4604 omnia
2605 4549 2852 4605 membra
2879 4548 3048 4605 unius
3089 4544 3340 4602 mosrori.

2282 4638 2463 4708 (Vers.
2506 4639 2585 4711 2.)
2641 4662 2659 4686 ι
2717 4639 2775 4694 Si
2819 4637 2967 4695 enim
2999 4654 3100 4709 ego
3129 4634 3400 4694 contristo
3429 4650 3550 4704 vos,
3589 4640 3646 4689 et
3686 4631 3812 4704 quis

2208 4734 2289 4781 est
2318 4727 2414 4800 qui
2446 4744 2531 4783 me
2560 4727 2819 4793 lmtiﬁcet,
2854 4726 2961 4782 nisi
2997 4728 3094 4799 qui
3128 4724 3488 4783 contristatur
3514 4739 3586 4779 ex
3615 4737 3703 4778 me
3722 4720 3751 4777 7
3778 4744 3797 4767 ι

2209 4814 2323 4871 Hoc
2350 4816 2508 4883 dicit,
2541 4816 2669 4888 quia
2699 4832 2810 4871 non
2864 4816 2987 4871 vult
3020 4832 3118 4872 eos
3153 4814 3508 4872 contristare:
3543 4810 3640 4867 sed
3681 4808 3814 4881 quia

2209 4905 2449 4976 peccatis
2488 4904 2831 4974 studuerant,
2876 4921 3094 4962 necesse
3137 4912 3255 4961 erat
3302 4905 3429 4960 illos
3465 4897 3811 4981 contristari,

2210 4993 2390 5052 invito
2406 4997 2671 5070 Apostolo
2696 5015 2707 5052 :
2743 4998 3025 5054 itatamen
3045 5004 3109 5054 ut
3136 4996 3204 5053 de
3233 5003 3430 5054 caetero
3451 4992 3812 5051 obaudientes

2212 5084 2364 5153 facti,
2395 5086 2740 5145 laetificarent
2766 5103 2877 5157 eos,
2907 5088 3003 5160 qui
3032 5086 3507 5146 contristabantur
3532 5100 3662 5144 cum
3692 5081 3805 5145 eis:

2210 5282 2282 5338 ad
2311 5282 2447 5338 alios
2475 5283 2746 5339 convertit.
2780 5286 2853 5339 At
2882 5284 3047 5352 intra,
3070 5282 3165 5339 ubi
3192 5298 3383 5339 omnes
3411 5281 3546 5339 edit.
3579 5298 3643 5338 ac
3674 5294 3805 5337 mss.

2214 5372 2408 5480 maan
2439 5371 2686 5423 numero,
2720 5374 2771 5410 se
2802 5355 3042 5426 indignos
3068 5371 3194 5422 esse,
3236 5355 3412 5411 codex
3443 5354 3606 5410 Corb.
3651 5353 3806 5422 legit,

2214 5443 2262 5481 se
2328 5443 2473 5481 mnos
2500 5444 2623 5481 esse.

2212 5444 2262 5481 se
2288 5444 2473 5497 mgnas
2500 5444 2623 5482 esse.

2221 5569 2251 5571 ῃ
2286 5498 2402 5567 (82)
2441 5499 2569 5571 Mss.
2600 5499 2799 5571 Corb.,
2847 5500 2948 5571 ﬁde
2986 5498 3125 5571 enim
3158 5498 3332 5571 statis.
3392 5496 3490 5552 Sed
3519 5497 3809 5571 famulate

2210 5566 2521 5641 Deoiresistl
2552 5570 2695 5639 dicit,
2728 5566 2998 5641 non'quod
3025 5569 3493 5634 dominemur,etc.
3519 5568 3617 5623 Est
3632 5566 3803 5623 etiam

2209 5639 2301 5695 hic
2331 5640 2523 5698 lacuna
2552 5641 2609 5697 in
2643 5642 2829 5698 codice
2859 5639 3023 5701 Carn.
