4112 6178
319 270 421 327 297

1377 285 1734 347 COMMENT.
1774 293 1848 349 IN
1882 292 2098 352 EPIST.
2140 299 2187 354 ll
2226 298 2320 356 AD
2358 301 2512 361 COR.

3486 324 3590 383 298

318 402 379 449 ut
417 397 509 468 qui
539 400 883 471 corripiendo
912 405 1327 465 contristaverat
1385 427 1494 482 eos,
1529 404 1899 476 laetificaretur
1927 425 1977 482 A
2006 423 2206 493 quibus
2236 435 2490 497 gravatus
2531 430 2880 492 absorbeatur
2906 454 2939 493 a
2962 442 3201 499 secunda
3232 456 3422 505 morte.
3455 451 3587 511 Haec

318 499 380 511 ην
416 485 495 511 1..;,.
553 487 673 511 J--_,_
720 491 853 511 ,Αμαε
902 510 926 511 η
954 501 990 511 ν.
2084 510 2088 511 ,

314 499 384 538 ex
414 485 518 553 his,
549 487 678 543 dum
711 491 1081 564 corriguntur.

386 574 562 644 (Vers.
596 577 678 648 3.)
725 603 742 624 ι
774 580 900 636 Ideo
929 591 982 638 et
1020 586 1211 658 scripsi
1260 588 1365 646 hoc
1397 592 1597 664 ipsum,
1637 612 1740 653 nec
1767 616 1892 655 cum

306 652 604 734 venirisem,
638 668 917 726 tristitiam
971 672 1251 745 haberem,
1280 696 1310 733 a
1340 682 1542 753 quibus
1580 694 1896 756 oportuerat

238 746 253 757 “
306 768 395 808 me
429 756 698 826 gaudere:
751 769 953 817 certum
994 762 1220 833 habens,
1255 769 1385 839 quia
1424 787 1603 827 meum
1637 775 1893 845 gaudium

304 842 556 899 omnium
605 855 839 903 vestrum
891 859 992 906 est.
1025 877 1044 898 ι
1088 853 1300 910 Idcirco
1349 856 1484 913 dicit
1513 859 1630 916 haec
1665 878 1721 917 se
1750 864 1895 919 scri-

302 932 478 1002 psisse
500 944 558 991 ut
584 946 762 1008 postea
779 941 1029 1009 veniens,
1054 959 1167 998 non
1197 955 1334 1002 esset
1362 948 1507 1004 unde
1534 952 1892 1010 contristare-

301 1031 415 1094 tur,
454 1028 682 1086 sublatis
714 1034 871 1089 vitiis
897 1053 909 1089 :
935 1037 1029 1091 sed
1051 1039 1307 1109 gauderet
1322 1059 1443 1097 cum
1467 1043 1563 1112 eis,
1593 1047 1743 1116 quasi
1764 1064 1888 1104 cum

299 1115 643 1175 cbarissimis
672 1121 839 1187 ﬁliis;
875 1133 935 1180 ut
964 1127 1090 1197 quia
1114 1129 1184 1183 ab
1223 1129 1538 1187 inﬁdelibus
1566 1115 1891 1192 tribulatio-

297 1203 468 1259 nibus
499 1207 854 1277 aﬂiciebatur,
884 1212 950 1267 ab
980 1213 1067 1269 bis
1107 1216 1295 1287 utique
1326 1220 1602 1289 gauderet.
1638 1224 1731 1294 qui
1760 1242 1889 1280 cre—

295 1289 574 1351 diderant.
634 1297 904 1354 Gaudium
948 1301 1091 1356 enim
1138 1304 1387 1374 Apostoli
1448 1289 1757 1378 puriﬁcatio
1807 1323 1888 1370 est

294 1383 526 1450 populi:
560 1384 681 1439 ideo
711 1387 857 1442 enim
892 1389 1110 1459 gaudet,
1143 1394 1271 1462 quia
1304 1394 1639 1466 vituperatio
1666 1415 1778 1456 non
1808 1409 1890 1458 est

293 1466 354 1522 in
383 1469 480 1537 eis,
512 1488 646 1543 quos
675 1474 839 1529 simul
869 1485 1081 1547 oportet
1112 1479 1366 1550 gaudere.

367 1557 545 1627 (Vers.
580 1559 657 1631 4.)
711 1585 729 1607 ι
757 1563 893 1618 Nam
933 1581 1001 1620 ex
1037 1569 1211 1623 multa
1244 1585 1498 1641 pressura
1537 1583 1591 1631 et
1636 1577 1889 1649 angustia

292 1646 471 1702 cordis
501 1649 692 1719 scripsi
729 1650 888 1707 vobis
931 1670 1026 1724 per
1076 1656 1275 1712 multas
1325 1660 1615 1733 lacrymas,
1675 1646 1785 1721 non
1826 1674 1889 1722 ut

2004 510 2148 565 enim
2207 530 2337 568 vera
2385 516 2705 587 pmnitentia
2746 534 2823 580 est
2868 525 2980 597 jam
3019 546 3227 587 cessare
3266 551 3294 588 a
3323 549 3579 608 peccato:

2004 601 2082 656 sic
2119 601 2263 657 enim
2290 604 2479 675 probat
2512 606 2696 664 dolere
2725 627 2779 666 se
2816 615 2943 684 sibi,
2965 619 3009 673 si
3041 618 3108 675 de
3136 601 3579 686 caetero'desinat.

2079 692 2451 785 (Vers.g8,79.)
2498 721 2516 743 ι
2546 698 2771 771 Propter
2800 707 2943 776 quod
2971 711 3195 772 obsecro
3229 734 3349 785 vos,
3379 729 3439 774 ut
3459 736 3585 775 con-

2004 778 2234 837 ﬁrmetis
2262 782 2319 837 in
2346 784 2507 842 illum
2536 787 2857 848 charitatem
2885 813 2896 849 :
2921 812 3044 854 nam
3069 802 3135 856 ad
3155 804 3260 863 hoc
3286 778 3499 880 scripsi,
3524 818 3586 866 ut

2003 869 2286 940 probarem
2334 889 2401 928 an
2434 876 2489 930 in
2529 878 2790 937 omnibus
2812 882 3124 945 obedientes
3162 892 3300 948 sitis.
3329 921 3347 942 ι
3389 869 3585 964 ῥυείη-

2000 964 2118 1012 tum
2149 960 2310 1017 datur
2338 962 2593 1036 intelligi,
2618 968 2936 1029 obedientes
2967 974 3068 1031 hos
3090 977 3259 1035 factos
3280 982 3336 1036 in
3354 960 3582 1055 caeteris,

2000 1047 2230 1117 probat;
2264 1050 2685 1109 emendaverant
2716 1059 2861 1113 enim
2884 1076 3005 1131 qua:
3037 1064 3101 1119 ad
3126 1064 3372 1122 ordinem
3403 1072 3587 1126 eccle-

2000 1134 2276 1190 siasticum
2326 1139 2618 1209 pertinent.
2664 1144 2815 1200 Unde
2861 1149 3025 1203 etiam
3060 1150 3116 1204 in
3152 1152 3257 1209 hoc
3291 1158 3413 1211 vult
3466 1158 3589 1215 illos

1999 1237 2111 1277 esse
2141 1223 2476 1296 obedientes,
2508 1238 2571 1286 ut
2596 1231 2921 1290 conﬁrment
2950 1235 3173 1294 fratrem
3197 1239 3256 1295 in
3294 1242 3583 1315 charitate,

1998 1311 2355 1382 suscipientes
2383 1330 2507 1371 eum
2537 1317 2595 1371 in
2624 1323 3088 1382 communionem.

2072 1400 2252 1470 (Vers.
2290 1403 2401 1473 10.)
2437 1428 2455 1450 ι
2486 1404 2541 1460 Si
2568 1407 2655 1461 cui
2687 1416 2865 1465 autem
2898 1413 3031 1483 quid
3053 1415 3312 1486 donastis,
3335 1427 3389 1476 et
3407 1438 3522 1495 ego.
3548 1449 3568 1473 ι

1997 1485 2345 1545 Manifestum
2395 1500 2475 1547 est
2515 1495 2645 1566 quia
2692 1498 2836 1569 quod
2880 1498 3037 1570 jubet
3090 1503 3228 1573 ﬁeri,
3271 1485 3382 1577 ipse
3412 1485 3575 1568 facit:

1998 1590 2098 1630 nec
2139 1585 2314 1647 potest
2361 1578 2466 1636 hoc
2509 1582 2766 1653 abnuere,
2816 1588 2962 1659 quod
3012 1591 3173 1647 etiam
3206 1593 3493 1654 obsecrans
3520 1609 3581 1656 ut

1998 1664 2113 1731 ﬁat,
2152 1666 2361 1734 scribit,
2404 1684 2527 1724 cum
2586 1670 2808 1729 haberet
2846 1685 3165 1746 potestatem
3191 1680 3445 1751 jubendi.
3476 1685 3581 1743 Sed

292 1737 717 1806 contristemini,
752 1741 847 1796 sed
892 1749 952 1797 ut
997 1748 1337 1816 cognoscatis
1368 1766 1527 1822 quam
1560 1752 1884 1811 cbaritatem
1913 1771 1959 1831 Β
1996 1748 2054 1805 in
2083 1752 2257 1823 prima
2278 1755 2504 1826 epistola
2535 1774 2696 1829 grave
2717 1759 2833 1832 ejus
2861 1762 3060 1821 detulit
3087 1768 3316 1839 crimen,
3348 1781 3410 1829 ut
3441 1772 3581 1829 hor-

286 1822 521 1882 habeam
580 1828 951 1886 abundantius
1006 1832 1065 1887 in
1119 1835 1300 1893 vobis.
1331 1862 1351 1885 xv
1405 1839 1752 1897 Manifestum
1803 1851 1886 1899 est

295 1916 453 1986 quia,
485 1917 703 1987 quando
740 1917 844 1975 hoc
878 1920 1073 1976 aﬂ‘ectu
1121 1925 1243 1996 quis
1271 1927 1508 1999 aliquem
1538 1930 1783 2001 corripit,
1821 1937 1884 1985 ut

282 2004 417 2074 plus
455 2003 554 2059 illo
582 2005 761 2063 doleat
799 2011 1037 2079 peccatis
1067 2011 1220 2083 ejus:
1277 2032 1388 2071 non
1418 2018 1606 2090 utique
1635 2028 1695 2076 ut
1723 2020 1880 2074 illum

283 2092 599 2161 contristet,
631 2096 876 2167 corripit,
922 2099 1015 2153 sed
1045 2107 1108 2155 ut
1138 2103 1388 2158 ostendat
1418 2104 1525 2172 illi,
1565 2122 1673 2178 quo
1696 2124 1880 2163 amore

285 2178 480 2252 diligat
509 2198 633 2237 eum
660 2183 798 2255 (83).
832 2185 1101 2251 Quienim
1137 2207 1249 2246 non
1280 2192 1386 2248 hoc
1400 2193 1597 2250 affectu
1628 2196 1872 2267 corripit,

284 2268 510 2325 fratrem
538 2272 857 2341 contristat;
906 2275 1135 2334 insultat
1159 2280 1328 2350 enim,
1360 2282 1456 2355 qui
1480 2298 1593 2339 non
1619 2284 1876 2342 condolet

284 2357 439 2414 fratri
449 2403 461 2415 .

369 2454 510 2510 174
539 2458 719 2529 (Vers.
748 2461 832 2532 5.)
878 2486 897 2510 ι
927 2464 983 2520 Si
1012 2465 1136 2538 quis
1179 2475 1360 2524 autem
1391 2471 1742 2528 contristavit
1762 2491 1869 2545 me,

283 2558 397 2599 non
432 2562 515 2600 me
546 2549 915 2619 contristavit,
946 2552 1039 2608 sed
1077 2570 1147 2609 ex
1176 2563 1361 2626 parte;
1408 2565 1471 2612 ut
1509 2575 1619 2615 non
1649 2577 1869 2619 onerem

284 2649 385 2688 vos
427 2650 631 2691 omnes.
665 2660 685 2685 ›
741 2637 942 2694 Omnes
997 2639 1097 2695 hos
1143 2658 1278 2713 quos
1316 2642 1407 2699 hic
1436 2644 1572 2702 dicit
1601 2644 1666 2702 ἔα.-
1694 2656 1867 2719 parte,

282 2721 456 2777 sancti
482 2732 644 2790 sunt;
678 2723 799 2780 dum
832 2726 977 2782 enim
1008 2737 1187 2798 partes
1228 2731 1286 2785 in
1315 2735 1518 2804 pOpulo
1549 2744 1697 2803 sunt,
1729 2737 1871 2792 sicut

283 2809 343 2865 in
374 2811 548 2882 prima
581 2813 811 2884 epistola
840 2817 1164 2873 memoravi.
1199 2818 1267 2873 Hi
1298 2836 1425 2893 ergo
1455 2838 1525 2877 ex
1554 2830 1705 2893 parte
1736 2840 1873 2879 san-

280 2907 494 2955 ctorum
555 2909 705 2970 sunt,
762 2919 898 2975 quos
953 2906 1306 2962 contristatos
1359 2909 1417 2962 in
1467 2924 1649 2964 errore
1689 2911 1872 2967 fratris

278 2986 573 3058 signiﬁcat,
604 2989 749 3045 sicut
777 2999 831 3045 et
859 2994 1232 3063 semetipsum.
1284 2994 1399 3051 Hoc
1442 3003 1623 3051 autem
1661 2997 1869 3064 dicens,

276 3081 529 3135 oneravit
560 3090 897 3152 peccantem,
938 3084 1026 3137 vel
1053 3100 1178 3138 eum
1210 3085 1303 3156 qui
1353 3098 1688 3157 peccaverat.
1742 3093 1870 3149 Plus

274 3168 425 3222 enim
455 3168 519 3223 ﬁt
546 3184 692 3235 reus,
726 3170 785 3225 in
809 3169 967 3240 cujus
994 3170 1197 3229 delicto
1227 3175 1387 3231 multi
1414 3176 1746 3236 tribulantur
1768 3199 1781 3239 :
1803 3196 1867 3238 ac

267 3271 374 3327 per
404 3254 509 3310 hoc
542 3255 725 3327 inquit
756 3274 769 3312 :

350 3344 531 3414 (Vers.
564 3345 619 3412 6,
649 3345 726 3416 7.)
772 3369 790 3392 σ
820 3346 962 3404 Satis
989 3356 1072 3405 est
1101 3349 1150 3405 ei
1173 3350 1265 3423 qui
1286 3352 1412 3408 talis
1431 3361 1530 3423 est,
1555 3355 1861 3429 objurgatio

267 3432 410 3500 haec,
446 3448 567 3503 quae
596 3433 659 3489 ﬁt
686 3449 718 3488 a
746 3435 1017 3505 pluribus.
1053 3461 1072 3485 ι
1111 3438 1364 3510 Magnum
1395 3441 1637 3499 dolorem
1668 3447 1858 3519 utique

266 3520 527 3592 patietur,
546 3522 642 3594 qui
670 3521 931 3579 delictum
962 3541 1121 3581 suum
1154 3527 1305 3584 videt
1334 3529 1586 3600 pluribus
1612 3532 1852 3592 horrere.

281 3632 303 3657 ι
336 3609 417 3664 Ita
467 3617 529 3664 ut
571 3625 600 3664 e
646 3618 836 3667 contra
882 3613 1054 3685 magis
1102 3613 1337 3684 donetis,
1383 3626 1437 3674 et
1470 3621 1851 3693 consolemini,

265 3713 337 3753 ne
359 3698 635 3769 quomodo
665 3700 1052 3756 abundantiori
1102 3703 1329 3760 tristitia
1357 3705 1727 3778 absorbeatur,
1758 3710 1854 3783 qui

264 3788 533 3860 ejusmodi
566 3797 667 3847 est.
697 3815 716 3839 ›
758 3792 979 3847 Aﬂlicto
1010 3792 1225 3849 homini
1254 3799 1457 3868 peccati
1488 3800 1693 3871 proprii
1714 3816 1854 3856 cau-

264 3894 327 3933 sa
357 3878 475 3951 (84)
510 3879 801 3936 subvenire
848 3882 1119 3955 praecipit,
1159 3885 1288 3957 quia
1316 3889 1656 3959 paenitentia,
1694 3891 1740 3945 si
1783 3889 1851 3948 de

261 3982 397 4021 vero
422 3968 605 4023 animo
634 3978 739 4037 est,
771 3968 875 4026 hoc
901 3980 1003 4039 est,
1033 3972 1079 4027 si
1107 3984 1389 4046 correptus
1418 3978 1603 4033 statim
1632 3977 1691 4033 in
1719 3979 1851 4034 ani-

262 4072 357 4109 mo
419 4056 620 4124 doleat,
680 4059 930 4128 protinus
982 4058 1147 4117 habet
1192 4061 1453 4121 fructum.
1502 4065 1748 4138 Denique
1787 4067 1848 4123 in

259 4144 569 4213 Regnorum
596 4143 738 4199 libro
767 4145 1020 4215 habetur,
1045 4147 1171 4219 quia
1194 4148 1405 4218 Achab,
1427 4168 1554 4208 cum
1584 4151 1849 4223 arguisset

257 4249 385 4287 eum
421 4233 700 4304 propheta,
743 4243 1052 4291 commotus
1081 4237 1267 4293 animo
1297 4241 1480 4295 statim
1513 4242 1714 4297 meruit
1742 4257 1849 4297 ve-

254 4321 415 4376 niam
448 4322 563 4391 (ΙΙΙ
614 4325 738 4394 Reg.
800 4339 920 4390 xxx,
972 4323 1199 4395 27—29).
1249 4326 1322 4380 Et
1355 4327 1531 4382 David
1575 4328 1635 4384 in
1687 4346 1849 4387 causa

255 4408 406 4464 Uriae
447 4409 655 4466 Hetbzei
702 4418 987 4481 correptus
1032 4411 1161 4482 quia
1206 4413 1463 4483 cognovit
1492 4430 1548 4470 se
1577 4432 1845 4490 peccasse,

254 4497 523 4553 delictum
567 4497 683 4569 ejus
728 4498 969 4554 deletum
1012 4506 1094 4555 est
1122 4500 1210 4571 (II
1231 4502 1357 4572 Reg.
1403 4518 1507 4570 xu,
1541 4503 1653 4574 13).
1683 4507 1765 4561 Ita
1792 4517 1846 4564 et

250 4588 552 4657 Apostolus
584 4588 761 4655 illum,
793 4588 886 4660 qui
918 4588 1189 4645 incestum
1237 4590 1606 4662 commiserat,
1639 4592 1846 4651 habens

252 4692 483 4731 uxorem
534 4676 723 4748 patris,
772 4675 1116 4748 objurgatum
1157 4688 1210 4735 et
1238 4679 1536 4751 abjectum,
1568 4680 1842 4739 dolentem

249 4765 497 4819 revocari
549 4764 751 4835 jubet;
812 4781 879 4820 ne
937 4766 1034 4821 diu
1091 4766 1285 4824 videns
1341 4786 1398 4826 se
1454 4771 1838 4830 contristatum

246 4855 456 4924 sperni,
489 4854 777 4926 desperans
802 4855 868 4911 de
898 4872 972 4924 se,
1007 4855 1160 4912 daret
1191 4858 1438 4915 animum
1469 4860 1537 4916 ad
1568 4863 1839 4921 mundum

244 4941 570 5011 fruendum,
615 4943 768 5015 quasi
818 4942 913 5014 qui
944 4943 1122 4999 locum
1169 4945 1312 5017 apud
1357 4948 1531 5004 Deum
1572 4949 1687 5022 jam
1727 4969 1839 5011 non

244 5030 493 5086 haberet.
553 5033 668 5087 Hoc
720 5040 803 5088 est
847 5031 995 5087 enim
1048 5032 1240 5104 majori
1272 5034 1497 5092 tristitia
1536 5037 1834 5111 absorberi,

240 5117 626 5192 desperantem
665 5120 732 5177 de
770 5136 827 5177 se
856 5119 1104 5176 converti
1132 5120 1200 5176 ad
1227 5122 1565 5182 admittenda
1595 5135 1836 5201 peccata,

315 5308 437 5391 (.83)
472 5308 605 5367 Cod.
642 5309 1103 5391 Corb.,.corripit,
1142 5311 1362 5365 ostendit
1404 5313 1491 5369 illi
1526 5331 1629 5386 quo
1658 5330 1837 5372 amore

238 5381 435 5451 diligat
463 5400 595 5435 eum.
634 5382 735 5448 Qui
765 5381 919 5448 enim,
952 5390 1055 5437 etc.
1322 5452 1334 5465 .
1532 5381 1573 5469 ἰ
1824 5459 1835 5472 ⁸

318 5452 434 5472 [ιιιΧ
494 5454 596 5472 ιι-.
674 5454 811 5472 .Ιῗ..Δ
857 5460 873 5472 Α
967 5454 1137 5472 ,m',1_
1200 5467 1325 5472 ---‘_-,
1584 5459 1595 5471 ο
1800 5464 1812 5472 ι

313 5452 437 5523 (84)
493 5454 623 5510 Mss.
667 5454 898 5524 aliquot,
953 5454 1142 5525 afﬂicto
1188 5452 1334 5508 omni
1383 5457 1595 5528 proprii
1634 5459 1835 5530 peccati

236 5539 435 5667 missi)
468 5592 654 5650 Codex
681 5593 876 5660 Laud.,
907 5599 965 5649 ut
990 5593 1267 5653 horrerent
1282 5595 1438 5654 illud.

496 5690 737 5748 Pauor“
776 5691 931 5748 XVII

1994 1848 2174 1895 rerent
2219 1842 2377 1898 illum
2422 1861 2612 1902 omnes
2643 1848 2790 1919 (85):
2840 1868 2986 1910 nunc
3031 1871 3155 1912 cum
3208 1858 3376 1930 recipi
3416 1861 3577 1918 illum

1992 1929 2134 1995 vult,
2150 1938 2267 1985 orat
2290 1948 2358 1987 ne
2375 1933 2554 1991 adhuc
2575 1938 2887 1996 exulcerato
2909 1944 3094 2000 animo
3117 1929 3378 2003 adversus
3395 1947 3572 2019 illum,

1992 2013 2190 2071 durum
2248 2018 2361 2074 illis
2417 2032 2556 2079 esset
2604 2024 2801 2082 habere
2844 2045 2967 2085 cum
3001 2031 3098 2087 illo
3127 2035 3574 2093 communionem

1988 2104 2265 2164 Ecclesiae.
2318 2110 2502 2183 Neque
2550 2114 2695 2170 enim
2744 2123 2895 2173 tanta
2931 2118 2986 2174 in
3018 2121 3097 2176 eis
3123 2131 3257 2191 erat,
3284 2135 3485 2197 quanta
3513 2127 3572 2184 in

1985 2197 2252 2266 Apostolo
2281 2200 2663 2271 providentia;
2707 2212 2767 2261 ut
2795 2207 2976 2263 statim
3011 2209 3379 2284 intelligerent
3428 2216 3574 2273 faci-

1985 2284 2186 2340 endum
2218 2304 2352 2355 esse,
2386 2291 2531 2362 quod
2562 2291 2776 2350 dicebat
2803 2298 3097 2369 Apostolus
3127 2301 3183 2356 in
3214 2319 3375 2360 causa
3406 2305 3572 2378 hujus

1984 2370 2282 2432 duntaxat:
2333 2376 2457 2435 ideo
2505 2379 2750 2439 obsecrat
2799 2392 2860 2440 ut
2891 2386 3175 2446 dimittant
3203 2390 3307 2461 illi,
3346 2370 3572 2465 signifi-

1980 2479 2112 2520 cans
2139 2468 2311 2525 Deum
2345 2471 2426 2525 illi
2452 2472 2761 2543 ignovisse;
2786 2479 2913 2548 quia
2934 2480 3074 2536 nihil
3092 2483 3211 2538 sine
3236 2484 3332 2540 Dei
3359 2486 3571 2558 Spiritu

1981 2551 2171 2622 agebat
2217 2557 2535 2628 Apostolus.
2583 2586 2601 2607 ε
2630 2562 2850 2617 Etenim
2898 2582 2996 2636 ego
3054 2569 3199 2639 quod
3254 2551 3476 2641 dona-vi,
3520 2576 3570 2632 si

1981 2638 2114 2709 quid
2152 2640 2379 2709 donavi,
2421 2655 2642 2717 propter
2670 2664 2769 2704 vos
2798 2649 2998 2706 donavi
3054 2653 3111 2707 in
3143 2671 3373 2725 persona
3398 2661 3570 2717 Chri-

1980 2725 2074 2780 sti.
2107 2750 2126 2774 ν
2168 2728 2282 2783 Hoc
2324 2729 2474 2784 dicto
2522 2742 2710 2803 gravat
2742 2735 2892 2801 illos;
2927 2738 3058 2809 quia
3103 2740 3148 2793 si
3181 2743 3439 2813 magister
3467 2764 3570 2818 pe-

1979 2814 2226 2871 tentibus
2241 2816 2530 2889 discipulis
2547 2820 2795 2893 donavit,
2813 2825 2900 2880 cui
2932 2828 3249 2899 voluerunt,
3265 2843 3566 2907 peccatum,

1981 2913 2186 2975 quanto
2210 2908 2383 2978 magis
2412 2910 2675 2968 obaudire
2722 2913 2920 2971 debent
2969 2916 3226 2991 discipuli
3259 2922 3568 2994 magistro?

1979 2990 2051 3049 Et
2080 3003 2141 3050 ut
2174 3003 2349 3052 ratum
2380 2999 2450 3068 ei,
2479 3001 2566 3057 oui
2589 3001 2836 3073 donavit,
2867 2990 3175 3066 ostenderet
3203 2990 3562 3084 apud'Deum,

1976 3081 2054 3136 ait
2094 3081 2151 3137 in
2197 3101 2425 3156 persona
2472 3088 2675 3147 Christi
2715 3108 2772 3148 se
2822 3092 3071 3164 donasse,
3116 3081 3262 3170 quod
3293 3099 3556 3159 donavit:

1976 3167 2083 3225 hoc
2124 3180 2224 3238 est,
2275 3183 2493 3246 accepto
2539 3179 2731 3235 tulisse
2768 3180 3072 3252 Christum,
3105 3167 3261 3257 cujus
3292 3188 3560 3260 legatione

1975 3258 2337 3331 fungebatur;
2367 3274 2429 3320 ut
2456 3266 2659 3324 factum
2691 3271 2963 3342 Apostoli,
3000 3274 3202 3331 factum
3230 3277 3303 3333 sit
3323 3258 3556 3349 Christi,

1973 3345 2117 3403 sicut
2159 3349 2342 3407 dixit:
2391 3376 2411 3399 ε
2436 3355 2786 3429 Quaecunque
2834 3360 3112 3416 solveritis
3142 3380 3304 3435 super
3334 3373 3555 3438 terram,

1972 3446 2134 3493 erunt
2162 3441 2340 3496 soluta
2363 3450 2417 3498 et
2445 3442 2501 3497 in
2524 3446 2663 3500 coelo
2695 3448 2907 3516 (Matth.
2940 3465 3103 3517 xvur,
3146 3451 3256 3523 18).
3286 3478 3306 3502 ι
3345 3452 3400 3509 Si
3429 3471 3555 3528 ergo

1972 3524 2103 3583 huic
2152 3545 2248 3600 pro
2304 3547 2412 3601 quo
2464 3534 2740 3605 petierunt
2777 3551 2874 3607 per
2927 3538 3252 3610 Apostolum
3304 3524 3554 3602 Christus

1968 3612 2201 3685 ignovit,
2236 3628 2439 3690 quanto
2494 3623 2667 3694 magis
2697 3622 2828 3680 huic
2851 3622 2966 3695 jam
3020 3625 3266 3699 ignotum
3296 3638 3429 3699 erat,
3459 3633 3552 3690 cui

1966 3707 2029 3757 ut
2056 3701 2261 3760 donent
2288 3708 2404 3779 (86)
2439 3709 2553 3780 ipse
2572 3711 2735 3766 etiam
2766 3711 3018 3769 hortatur
3037 3715 3065 3770 ?

2038 3791 2219 3860 (Vers.
2255 3795 2367 3866 11.)
2413 3820 2431 3842 ε
2454 3799 2530 3852 Ne
2546 3800 2923 3870 possideamur
2951 3818 2982 3857 a
3006 3803 3199 3861 Satana
3216 3823 3230 3874 ;
3259 3822 3371 3863 non
3400 3810 3548 3866 enim

1964 3877 2279 3950 ignoramus
2335 3886 2563 3942 astutias
2618 3887 2753 3961 ejus.
2785 3913 2804 3937 ι
2849 3891 2964 3948 Hoc
3010 3892 3146 3949 dicit
3188 3896 3332 3967 quod
3385 3913 3550 3967 supra

1964 3969 2287 4039 memoravi,
2332 3974 2461 4044 quia
2510 3977 2810 4034 consolatio
2848 3977 3009 4035 debet
3036 3981 3293 4053 subsequi
3325 3982 3546 4038 fratrem

1963 4055 2224 4114 delictum
2266 4060 2516 4132 ﬂentem;
2551 4083 2619 4123 ne
2652 4068 2750 4124 diu
2799 4071 3176 4135 contristatus,
3209 4078 3263 4124 et
3290 4076 3546 4123 contem-

1961 4153 2087 4216 ptus
2118 4164 2148 4202 a
2174 4148 2437 4207 charitate
2480 4154 2759 4224 Ecclesiae,
2794 4157 3022 4227 incipiat
3049 4156 3333 4226 desperare
3369 4156 3436 4211 de
3464 4173 3545 4225 se,

1960 4236 2220 4294 etvidens
2236 4241 2328 4312 qui
2357 4258 2568 4314 semper
2588 4245 2645 4298 in
2672 4242 2892 4298 insidiis
2918 4249 3000 4298 est
3028 4242 3248 4299 subtilis
3268 4242 3540 4315 diabolus,

1959 4332 2197 4381 mentem
2222 4327 2338 4399 ejus
2369 4329 2485 4400 (87)
2519 4330 2684 4384 vilem
2712 4330 2981 4399 effectam,
3013 4331 3233 4388 accedat
3261 4341 3314 4389 et
3340 4350 3544 4407 sugge-

1959 4421 2043 4468 rat
2069 4416 2118 4470 ei
2136 4436 2149 4483 ;
2183 4425 2245 4472 ut
2275 4420 2361 4473 vel
2394 4419 2753 4490 praesentibus
2782 4421 3015 4492 fruatur,
3033 4422 3127 4495 qui
3157 4423 3223 4481 de
3253 4440 3347 4497 spe
3368 4425 3539 4483 futuri

1956 4503 2164 4572 praemii
2220 4505 2463 4577 dejectus
2517 4517 2617 4577 est,
2649 4516 2703 4566 et
2749 4519 2930 4583 pereat
2978 4511 3143 4567 frater
3188 4528 3465 4585 possessus
3509 4529 3541 4570 a

1953 4588 2194 4655 diabolo,
2224 4594 2310 4648 cui
2331 4595 2399 4650 ad
2429 4596 2534 4653 hoc
2558 4598 2882 4669 poenitentia.
2907 4599 3033 4655 data
3056 4609 3192 4668 erat,
3217 4610 3278 4656 ut
3298 4617 3549 4665 convert

1951 4693 2044 4733 sus
2093 4679 2413 4737 reformaret
2459 4701 2536 4748 se,
2572 4687 2714 4742 sicut
2758 4687 2896 4743 dicit
2925 4685 3179 4743 Ezechiel
3231 4690 3531 4761 propheta:

1964 4788 1984 4812 ι
2010 4765 2151 4821 Nolo
2180 4776 2407 4824 mortem
2436 4772 2741 4840 morientis,
2771 4780 3033 4845 quantum
3066 4782 3125 4830 ut
3154 4784 3458 4833 revertatur
3481 4786 3536 4835 et

1950 4857 2102 4914 vivat
2138 4859 2352 4932 (Ezech.
2386 4877 2546 4931 xvur,
2580 4862 2696 4933 23).
2728 4888 2747 4912 ι
2789 4865 2862 4921 Et
2891 4864 3125 4922 iterum:
3171 4889 3191 4913 ι
3225 4866 3536 4924 Converta—

1948 4954 2060 5017 tur,
2100 4949 2301 5023 inquit,
2333 4958 2385 5007 et
2414 4952 2731 5024 replantabo
2762 4953 2888 5010 illos
2920 4954 3082 5025 (Ibid.
3115 4954 3231 5025 27).
3262 4979 3281 5002 ι

2020 5036 2201 5108 (Vers.
2252 5039 2483 5112 12,13.)
2535 5041 2672 5099 Cum
2722 5049 2904 5098 autem
2958 5042 3228 5099 venissem
3267 5042 3531 5102 Troadem

1946 5132 2167 5197 propter
2208 5126 2573 5201 Evangelium
2627 5129 2854 5199 Christi,
2882 5137 2937 5186 et
2963 5131 3167 5187 ostium
3197 5131 3335 5187 mihi
3364 5147 3531 5204 aper-

2018 5313 2134 5386 (86)
2157 5315 2298 5390 Mss.
2341 5315 2539 5390 Corb.,
2568 5325 2765 5389 quanto
2800 5318 2968 5390 magis
3003 5318 3143 5385 huic,
3169 5333 3273 5388 pro
3300 5334 3402 5388 quo
3425 5332 3528 5387 pe-

1945 5385 2101 5458 tierat
2127 5387 2432 5458 Apostolus,
2458 5389 2542 5443 cui
2568 5385 2625 5444 ut
2652 5392 2858 5458 donent,
2889 5385 2999 5446 etc.

2017 5456 2132 5527 (87)
2166 5457 2311 5514 Idem
2360 5476 2489 5518 mss.
2543 5460 2729 5532 Corb.,
2761 5456 2861 5519 vili
2903 5462 3090 5533 olfactu
3136 5459 3449 5526 ascenderet,
3478 5460 3529 5513 et

1942 5535 2250 5599 suggereret,
2280 5537 2385 5588 etc.

3150 5695 3218 5754 10
