4112 6178
514 282 622 340 299

1522 276 1616 329 AD
1656 271 1889 328 OPERA
1930 270 1985 327 S.
2029 268 2359 327 AMBROSII
2390 266 2774 326 APPENDIX.

3689 268 3793 327 300

509 415 628 463 tum
660 408 797 458 esset
843 400 901 457 in
945 397 1202 466 Domino,
1232 412 1348 456 non
1382 396 1553 453 habui
1598 399 1839 470 requiem
1872 397 2095 469 spiritui
2123 400 2174 459 Α
2206 404 2311 452 stat
2340 396 2667 467 fragrantem
2688 397 2819 451 Deo.
2847 391 3021 461 Quam
3060 390 3131 448 ob
3176 408 3392 450 causam
3423 393 3655 450 auxiliis
3680 398 3798 454 suis

513 509 658 558 meo,
675 508 740 548 eo
765 489 911 565 quod
938 506 1047 547 non
1078 489 1385 546 invenerim
1417 488 1602 543 Titum
1633 486 1856 543 fratrem
1890 503 2101 543 meum:

513 583 606 639 sed
637 582 757 637 vale
786 579 898 636 illis
927 579 1090 648 facto,
1114 578 1390 652 profectus
1421 594 1539 633 sum
1574 575 1629 631 in
1661 574 2089 631 Macedoniam:

512 670 779 728 Troadem
826 685 883 726 se
929 667 1231 741 perrexisse
1269 666 1541 740 signiﬁcat
1584 664 1651 722 ad
1693 663 2101 737 praedicandum

511 761 592 819 eis
618 759 980 832 Evangelium
1014 764 1154 821 175
1184 756 1413 821 Christi,
1434 763 1489 812 et
1516 771 1640 813 cum
1674 753 1924 826 coepisset
1956 769 2104 824 prae-

512 857 716 923 dicare,
748 853 933 912 'fuisse
967 854 1063 929 qui
1093 860 1347 928 caperent
1376 852 1605 909 verbum
1653 850 1781 906 ﬁdei
1809 868 1820 906 :
1858 848 1952 905 sed
1978 847 2107 921 quia

512 945 769 1001 solatium
817 943 928 1000 Titi
979 943 1178 1012 defuit,
1227 940 1595 1000 intolerabilis
1633 946 1749 995 erat
1791 936 1945 993 labor
1974 952 2105 1008 per-

434 1034 435 1037 “
510 1031 875 1105 strepentium
920 1046 1100 1086 causa.
1145 1029 1411 1096 Quamvis
1464 1027 1611 1084 enim
1662 1025 1885 1098 quidam
1915 1040 2103 1079 eorum

508 1127 835 1191 aperuerant
884 1117 1051 1174 corda
1096 1132 1195 1171 sua
1248 1114 1317 1170 ad
1374 1113 1752 1186 recipiendum
1794 1127 2102 1169 sermonem

510 1211 649 1274 Dei;
681 1216 865 1263 tamen
894 1206 1237 1278 impudentia
1257 1205 1565 1261 inﬁdelium
1592 1205 1710 1276 (88)
1734 1220 1843 1259 non
1876 1203 2105 1258 minima

512 1298 833 1365 exsistebat,
853 1297 1140 1369 insurgens
1167 1297 1224 1351 in
1246 1297 1571 1367 Apostolum
1592 1297 1708 1351 zelo
1728 1294 2099 1361 credentium;

512 1396 567 1444 et
597 1388 714 1443 haec
740 1386 849 1442 duo
872 1384 940 1440 ab
969 1401 1081 1441 uno
1112 1384 1332 1458 impleri
1362 1400 1473 1440 non
1504 1392 1791 1457 poterant;
1824 1400 2017 1454 nempe
2048 1389 2104 1438 et

510 1476 700 1532 ﬁdeles
732 1474 1023 1541 instruere,
1055 1482 1111 1530 et
1158 1472 1459 1529 incredulis
1489 1488 1810 1545 repugnare.
1842 1472 2099 1544 Ideoque,

516 1565 641 1619 vale
670 1562 783 1619 illis
812 1562 977 1632 facto,
1017 1562 1115 1637 qui
1159 1569 1508 1635 susceperant
1535 1578 1682 1632 eum,
1715 1561 1991 1639 profectus
2023 1565 2104 1616 est

507 1652 566 1708 in
597 1651 993 1709 Macedoniam.

2213 495 2358 542 tutos
2384 486 2671 559 praestabat
2716 488 2861 541 Deus
2917 484 3211 556 apostolos,
3252 492 3313 539 ut
3342 484 3509 540 verba
3543 487 3662 558 (70)
3696 505 3801 545 co-

2215 574 2475 645 gnitionis
2521 575 2638 646 ejus
2680 573 2996 631 infuderent
3043 572 3355 646 patentibus
3381 574 3628 644 auribus,
3683 577 3800 636 sive

2214 663 2435 730 Iudaeis,
2465 665 2581 720 sive
2613 665 2930 736 gentilibus,
2973 663 3159 721 addito
3199 663 3287 720 his
3327 673 3668 723 sacramento
3706 651 3797 725 ha-

2214 753 2447 810 tivitatis
2475 754 2698 810 Domini
2727 755 2853 811 Jesu
2891 754 3189 811 secundum
3229 755 3571 812 voluntatem
3622 757 3719 814 Dei
3744 764 3798 813 et

2214 843 2389 899 Patris
2415 841 2533 916 ejus
2560 843 2618 898 in
2645 843 2854 899 unitate
2884 842 3014 898 ﬁdei
3044 842 3296 899 salutaris
3324 843 3394 901 ad
3420 846 3652 903 salutem
3669 862 3797 904 cre-

2213 934 2481 1002 dentium,
2521 942 2576 990 et
2605 933 2968 1006 perditionem
2998 932 3386 991 difﬁdentium.

2287 1021 2467 1093 (Vers.
2502 1021 2615 1093 i6.)
2665 1046 2683 1069 ι
2702 1022 2846 1078 Aliis
2873 1020 3096 1094 quidem
3126 1037 3314 1078 sumus
3343 1020 3479 1079 odor
3513 1024 3708 1082 mortis
3738 1025 3797 1083 in

2213 1120 2464 1169 mortem.
2498 1136 2519 1161 ι
2561 1111 2675 1169 Hoc
2728 1111 2884 1179 dicit,
2935 1112 3064 1186 quia
3121 1111 3424 1171 incredulis
3480 1113 3798 1185 pradicatio

2212 1202 2391 1259 crucis
2420 1201 2625 1260 Christi
2655 1201 2791 1258 odor
2812 1202 3007 1258 mortis
3035 1209 3152 1270 est;
3186 1202 3473 1259 audientes
3497 1203 3647 1259 enim
3679 1220 3797 1261 ver-

2212 1293 2343 1350 bum
2364 1293 2485 1361 Dei,
2516 1293 2596 1349 sic
2625 1293 2903 1366 accipiunt
2933 1294 3087 1367 quasi
3117 1302 3342 1367 pestem,
3373 1309 3444 1350 ex
3484 1311 3592 1368 qua
3621 1295 3802 1353 oritur

2213 1399 2399 1440 mors:
2453 1392 2506 1439 et
2535 1400 2751 1440 necesse
2793 1393 2873 1440 est
2910 1391 2972 1439 ut
3013 1383 3173 1455 juxta
3215 1383 3377 1440 ﬁdem
3434 1384 3656 1441 illorum
3705 1386 3799 1445 ﬁat

2212 1471 2311 1527 eis.
2356 1495 2374 1517 ι
2404 1471 2545 1528 Aliis
2587 1479 2768 1527 autem
2818 1471 2952 1527 odor
2993 1472 3121 1528 vita:
3165 1473 3233 1527 ad
3287 1474 3479 1529 vitam.
3512 1499 3533 1523 ι
3593 1474 3796 1532 Verum

2212 1565 2313 1625 est,
2368 1558 2496 1630 quia
2536 1557 2660 1614 ﬁdis
2692 1560 2809 1630 (91)
2837 1575 3016 1615 sermo
3063 1557 3283 1615 auditus
3312 1559 3410 1615 Dei
3440 1560 3672 1616 nuntius
3718 1569 3799 1618 est

2212 1647 2404 1702 salutis
2442 1654 2676 1716 aeternae,
2720 1655 2773 1705 et
2803 1647 3105 1705 secundum
3137 1647 3299 1704 ﬁdem
3332 1648 3556 1705 illorum
3586 1650 3795 1706 contin-

580 1742 767 1813 (Vers.
805 1740 919 1813 14.)
965 1764 985 1789 ι
1013 1741 1128 1799 Deo
1154 1748 1335 1798 autem
1366 1740 1583 1817 gratias,
1623 1738 1717 1815 qui
1748 1754 1959 1811 semper
1988 1736 2101 1793 tri-
2133 1753 2181 1817 Β
2216 1745 2301 1808 get
2349 1737 2447 1792 eis.
2480 1737 2607 1793 Sive
2653 1753 2780 1809 ergo
2826 1736 2885 1792 in
2914 1737 3002 1793 his
3038 1736 3133 1810 qui
3163 1744 3411 1809 pereunt,
3462 1738 3575 1794 sive
3603 1739 3661 1794 in
3708 1739 3797 1797 his

505 1829 741 1903 umphat
790 1845 886 1902 per
932 1845 1031 1886 nos
1078 1831 1137 1885 in
1184 1830 1405 1888 Christo
1433 1830 1578 1884 Jesu.
1611 1854 1630 1878 ι
1674 1829 1791 1884 Hoc
1818 1835 1899 1883 est
1927 1831 2099 1884 Deum

505 1935 602 1992 per
647 1919 925 1993 apostolos
953 1917 1299 1990 triumphare
1328 1918 1387 1974 in
1417 1917 1659 1986 Christo,
1690 1918 1926 1973 victores
1975 1917 2103 1974 illos

506 2008 685 2065 facere
740 2007 797 2062 in
827 2006 934 2063 ﬁde
964 2008 1202 2066 Christi:
1238 2015 1299 2064 ut
1328 2009 1532 2065 calcata
1560 2006 1809 2079 perﬁdia,
1840 2014 2103 2081 tropmum

506 2093 706 2159 habeat
738 2094 893 2163 ﬁdes,
935 2095 1067 2153 dum
1099 2111 1168 2151 ex
1202 2095 1426 2168 perﬁdis
1454 2094 1597 2150 ﬁunt
1626 2094 1834 2163 ﬁdeles,
1867 2102 1921 2151 et
1940 2096 2103 2151 male-

508 2181 626 2237 voli
660 2198 770 2238 non
793 2182 1092 2254 proﬁciunt
1122 2184 1180 2239 in
1211 2184 1588 2256 prosequendo
1617 2183 1921 2259 credentes.

582 2270 765 2344 (Vers.
800 2271 916 2343 15.)
961 2294 981 2318 ι
1009 2272 1080 2326 Et
1109 2270 1332 2326 odorem
1362 2271 1575 2327 notitiae
1613 2288 1724 2327 suae
1754 2270 2103 2328 manifestare

508 2374 609 2432 per
638 2374 740 2415 nos
770 2358 828 2415 in
857 2358 1009 2414 omni
1040 2360 1160 2417 loco
1178 2377 1193 2427 ;
1228 2358 1355 2433 quia
1400 2359 1604 2416 Christi
1630 2361 1808 2419 bonus
1837 2360 1974 2417 odor
2005 2377 2103 2416 su-

504 2463 629 2504 mus
673 2448 787 2504 Deo
831 2446 891 2505 in
942 2447 1028 2503 his
1078 2448 1172 2520 qui
1202 2447 1341 2504 salvi
1370 2448 1531 2516 ﬁunt,
1559 2449 1699 2504 etin
1728 2448 1816 2505 his
1861 2449 1954 2523 qui
1998 2464 2103 2520 pe-

504 2547 689 2595 reunt.
717 2563 736 2586 ι
780 2537 931 2596 Odor
966 2537 1178 2595 notitiae
1208 2538 1309 2595 Dei
1351 2538 1409 2595 in
1437 2537 1677 2607 Christo,
1709 2545 1764 2594 et
1789 2552 1884 2611 per
1927 2536 2101 2595 Chri-

510 2618 656 2685 stum
713 2634 817 2685 est.
864 2626 1101 2684 Odorem
1149 2627 1564 2687 autemidcirco
1594 2627 1753 2695 dicit,
1798 2625 1929 2700 quia
1958 2626 2103 2683 sicut

509 2717 757 2790 qumdam
792 2733 896 2786 res,
930 2731 1203 2791 quaecum
1245 2735 1357 2774 non
1386 2717 1698 2786 videantur,
1731 2731 1827 2790 per
1875 2716 2099 2771 odorem

508 2812 696 2861 tamen
717 2814 1139 2876 cognoscuntur,
1161 2814 1215 2863 et
1245 2806 1508 2878 intelligis
1528 2807 1587 2862 in
1617 2808 1738 2862 loco
1758 2805 1944 2878 aliquo
1962 2818 2098 2874 esse,

514 2894 661 2967 quod
709 2909 820 2949 non
864 2893 1054 2949 vides:
1099 2894 1176 2950 ita
1204 2904 1257 2950 et
1286 2898 1452 2964 Deus,
1499 2897 1629 2967 quia
1657 2896 1959 2951 invisibilis
1995 2903 2101 2963 est,

513 2998 610 3054 per
667 2982 948 3040 Christum
1019 2998 1076 3038 se
1124 2984 1302 3039 voluit
1368 2984 1627 3058 intelligi,
1669 2991 1731 3039 ut
1783 2983 2100 3056 praedicatio

511 3069 720 3127 Christi
776 3070 921 3142 (quas
975 3071 1167 3144 utique
1215 3071 1591 3140 invisibiliter,
1632 3072 1774 3128 sicut
1829 3072 1897 3128 ad
1944 3087 2100 3127 nares
2129 3110 2176 3171 α

507 3161 665 3229 odor,
688 3159 764 3217 ita
800 3159 868 3216 ad
899 3177 1056 3218 aures
1086 3162 1358 3236 pervenit)
1390 3164 1565 3219 Deum
1596 3163 1807 3219 Patrem
1838 3163 2099 3218 insinua-

505 3257 589 3306 ret
643 3258 939 3306 creatorem
982 3251 1123 3323 (89),
1181 3259 1235 3308 et
1289 3252 1491 3308 Filium
1546 3251 1663 3324 ejus
1726 3252 2099 3323 unigenitum.

505 3338 677 3412 Cujus
718 3340 798 3397 rei
840 3340 1108 3413 legatione
1155 3341 1442 3414 fungentes
1485 3342 1717 3414 apostoli
1768 3339 1935 3415 [sicut
1964 3340 2102 3396 dicit

505 3429 777 3484 Dominus
819 3428 889 3484 ad
930 3424 1336 3499 Deuin,Filius
1372 3430 1440 3487 ad
1470 3432 1685 3486 Patrem
1715 3448 1727 3486 :
1775 3453 1796 3476 ι
1827 3429 1980 3485 Sicut
2014 3444 2100 3484 me

503 3516 709 3573 misisti
756 3515 815 3572 in
863 3516 1013 3575 hunc
1058 3517 1350 3586 mundum,
1382 3518 1461 3574 ita
1497 3526 1551 3573 et
1588 3533 1688 3589 ego
1717 3532 1808 3572 eos
1837 3516 1997 3573 mitto
2039 3517 2099 3574 in

502 3604 655 3661 hunc
682 3604 977 3679 mundum]
1013 3607 1192 3679 (Joan.
1227 3622 1372 3675 xvn,
1405 3607 1519 3678 18),
1549 3631 1569 3655 ι
1610 3606 1833 3663 odorem
1884 3606 2099 3667 notitia

502 3693 604 3750 Dei
636 3700 690 3750 et
720 3693 927 3752 Christi
955 3711 1052 3768 per
1108 3697 1264 3769 signa
1290 3705 1344 3754 et
1384 3696 1636 3770 prodigia
1664 3696 2095 3754 manifestarent.

502 3783 648 3841 Vera
678 3782 796 3841 haec
832 3800 946 3842 esse
974 3785 1043 3843 de
1071 3787 1185 3844 Deo
1212 3795 1268 3844 et
1300 3786 1522 3845 Christo
1572 3786 1888 3861 praedicatio
1910 3786 2101 3842 virtu-

491 3872 567 3930 tis
610 3873 927 3931 testimonio
976 3874 1240 3947 probatur
1270 3893 1282 3932 :
1317 3892 1436 3949 quae
1466 3876 1591 3933 ideo
1627 3877 1686 3932 in
1715 3875 1882 3932 odore
1916 3874 2099 3948 signi—
2204 3892 2211 3903 '

495 3964 657 4022 ﬁcata
683 3972 799 4035 est,
825 3965 954 4040 quia
983 3980 1110 4021 cum
1156 3967 1302 4023 Deus
1344 3982 1455 4021 non
1504 3965 1777 4034 videatur,
1830 3980 1927 4036 per
1955 3964 2101 4022 hanc

502 4068 621 4122 quae
652 4053 1012 4113 invisibiliter
1041 4060 1318 4127 operatur,
1364 4054 1424 4111 in
1452 4055 1717 4125 apostolis
1747 4069 1859 4108 esse
1892 4052 2094 4106 intelli-

498 4141 664 4209 gitur,
702 4151 765 4199 ut
806 4145 1012 4203 veritas
1061 4143 1326 4203 doctrinae
1369 4142 1770 4200 manifestetur.
1819 4140 1924 4208 Qui
1966 4156 2095 4213 ergo

496 4234 643 4282 recte
690 4232 884 4287 asserit
930 4232 1235 4301 Christum,
1284 4232 1462 4288 bonus
1492 4230 1628 4286 odor
1660 4237 1739 4287 est
1769 4230 1902 4297 Deo,
1935 4228 2093 4284 laude

493 4316 696 4388 dignus
740 4318 799 4377 in
844 4334 909 4374 eo
956 4320 1052 4393 qui
1091 4322 1293 4390 credit,
1339 4336 1441 4379 nec
1479 4316 1863 4390 vituperabilis
1894 4317 1950 4371 in
1992 4317 2091 4377 illo

496 4404 593 4475 qui
637 4420 748 4459 non
801 4403 1013 4461 credit:
1058 4408 1153 4479 qui
1184 4423 1313 4462 vero
1360 4424 1474 4465 non
1503 4414 1648 4462 recte
1678 4405 1869 4461 asserit
1919 4404 2089 4463 Chri-

492 4500 665 4562 stum,
695 4495 870 4551 malus
899 4493 1035 4551 odor
1064 4502 1151 4551 est
1176 4496 1309 4562 Deo,
1342 4504 1453 4553 tam
1480 4497 1539 4551 in
1567 4496 1655 4553 his
1683 4496 1778 4570 qui
1806 4495 1902 4553 ﬁdi
1935 4503 2085 4567 sunt,

494 4599 659 4656 quam
714 4583 774 4641 in
829 4584 943 4642 illis
995 4584 1090 4659 qui
1142 4583 1434 4652 diﬁidunt;
1494 4602 1593 4659 pro
1641 4585 1888 4659 utrisque
1936 4586 2084 4642 enim

492 4688 622 4729 reus
668 4674 791 4732 erit.
843 4675 950 4744 Qui
1005 4675 1154 4733 enim
1201 4674 1425 4746 difﬁdit,
1457 4675 1663 4734 idcirco
1701 4676 1920 4733 videtur
1972 4690 2082 4732 non

420 4816 429 4823 .
485 4763 743 4831 credere;
788 4765 918 4839 quia
969 4782 1285 4837 perversum
1325 4776 1429 4833 est,
1482 4767 1629 4840 quod
1661 4766 1817 4823 audit
1849 4785 1862 4822 :
1894 4773 1948 4822 et
1986 4765 2081 4839 qui

486 4853 682 4922 credit,
734 4856 877 4912 male
931 4855 1122 4913 credit.
1156 4857 1456 4929 Apostolus
1483 4872 1609 4929 ergo
1634 4856 1904 4911 rationem
1936 4853 2070 4925 legis

483 4946 704 5003 locutus
744 4955 847 5017 est,
876 4955 939 5005 ut
986 4948 1127 5006 sicut
1163 4950 1222 5006 in
1252 4950 1369 5022 lege
1416 4950 1512 5023 qui
1543 4949 1749 5007 hostias
1778 4949 1921 5006 bono
1949 4957 2079 5009 voto

485 5034 768 5105 offerebat,
812 5036 990 5094 bonus
1028 5037 1164 5095 odor
1215 5045 1331 5094 erat
1358 5039 1471 5095 Deo
1502 5047 1554 5095 et
1584 5037 1965 5111 acceptabilis:
2002 5037 2079 5097 ita

482 5133 539 5182 et
567 5141 717 5184 nunc
745 5126 1149 5198 praedicationis
1178 5128 1357 5185 virtus
1394 5127 1659 5185 doctrinae
1692 5127 1913 5185 odorem
1943 5144 2077 5201 pree-

583 5326 678 5399 88)
699 5328 829 5384 Mss.
858 5326 1137 5397 nonnulli,
1165 5334 1336 5385 tam
1361 5328 1720 5399 imprudentia
1755 5327 2071 5399 inﬁdelium.

554 5327 678 5538 388g
699 5328 829 5384 Mss.
858 5327 1137 5409 nonnulli,
1165 5334 1336 5385 tam
1361 5328 1720 5410 imprudentia
1755 5327 2067 5399 inﬁdelium.

582 5399 651 5454 89
710 5400 832 5455 Vet.
874 5399 1005 5455 edit.
1030 5406 1084 5454 et
1110 5400 1233 5457 eod.
1267 5399 1455 5467 Corb.,
1477 5407 1776 5455 msmuaret
1793 5406 2067 5456 creatum.

580 5468 673 5537 90)
708 5470 893 5527 Codex
920 5470 1116 5538 Laud.,
1153 5478 1287 5527 totus
1312 5473 1600 5538 prcestabat
1630 5472 1773 5527 Deus
1797 5472 2067 5538 apostolis,

480 5468 893 5598 ωςείῆορεέξὲχ
920 5470 1116 5540 Laud.,
1153 5478 1287 5554 totus
1310 5473 1600 5543 prwstabat
1630 5472 1773 5527 Deus
1797 5472 2073 5543 apostolis,

630 5557 742 5609 ruo,
769 5557 874 5599 etc.

2215 1825 2308 1897 qui
2334 1825 2473 1880 salvi
2504 1824 2664 1893 ﬁunt,
2708 1824 2916 1882 Christi
2953 1826 3131 1882 bonus
3175 1826 3313 1883 odor
3340 1828 3453 1883 Deo
3482 1836 3633 1883 erant
3671 1844 3796 1900 apo-

2213 1914 2377 1970 stoli:
2433 1914 2562 1989 quia
2601 1914 2888 1971 sinceriter
2930 1922 2985 1970 et
3029 1914 3149 1971 sine
3200 1914 3515 1971 adulatione
3543 1918 3797 1988 pradica-

2212 2001 2363 2058 bant.
2414 2003 2519 2070 Qui
2565 2003 2712 2058 enim
2744 2020 2855 2059 non
2884 2002 3198 2072 credebant,
3238 2002 3343 2075 ipsi
3377 2003 3485 2060 sibi
3541 2006 3794 2078 laqueum

2210 2090 2625 2148 circumdabant
2677 2091 2764 2148 his
2806 2091 3014 2161 liberis,
3046 2093 3190 2148 sicut
3236 2091 3373 2148 dicit
3418 2093 3683 2149 Dominus
3728 2095 3796 2152 ad

2211 2180 2555 2237 Ezechielem
2587 2181 2943 2253 prophetam:
2995 2205 3014 2229 ε
3041 2183 3124 2238 Tu
3153 2182 3390 2255 praedica
3421 2200 3434 2238 :
3459 2184 3505 2239 si
3535 2193 3587 2240 te
3613 2185 3794 2242 audie-

2211 2270 2346 2337 rint,
2382 2269 2679 2326 lucraberis
2707 2271 2917 2327 animas
2945 2286 3136 2327 eorum
3163 2289 3178 2339 ;
3212 2272 3297 2327 sin
3327 2289 3437 2345 quo
3469 2273 3671 2341 minus,
3692 2274 3796 2345 ipsi

2211 2358 2315 2415 sibi
2362 2358 2637 2414 viderint:
2688 2367 2751 2415 tu
2779 2367 2962 2416 tamen
2991 2360 3132 2417 liber
3158 2361 3267 2417 eris
3299 2377 3332 2417 a
3358 2361 3669 2433 perditione
3694 2378 3796 2418 eo-

2210 2464 2331 2504 rum
2355 2449 2571 2521 (E'zech.
2605 2466 2690 2518 nr,
2723 2451 2836 2522 19).
2877 2473 2897 2499 ι

2283 2536 2463 2607 (Vers.
2499 2537 2613 2608 17.)
2658 2562 2677 2585 σ
2704 2538 2775 2593 Et
2803 2538 2869 2594 ad
2899 2537 3017 2594 haec
3042 2539 3166 2611 quis
3199 2538 3477 2598 idoneus?
3502 2542 3621 2598 Non
3647 2541 3791 2597 enim

2209 2640 2397 2681 sumus
2419 2626 2563 2682 sicut
2592 2627 2815 2697 plurimi
2844 2626 3210 2685 adulterantes
3240 2630 3467 2686 verbum
3522 2631 3619 2687 Dei
3648 2651 3659 2686 :
3702 2629 3793 2686 sed

2210 2730 2279 2771 ex
2307 2714 2638 2783 sinceritate,
2691 2716 2833 2771 sicut
2879 2732 2947 2770 ex
2973 2718 3086 2772 Deo
3114 2733 3292 2773 coram
3341 2719 3454 2773 Deo
3483 2719 3542 2773 in
3573 2718 3796 2777 Christo

2209 2802 2508 2875 loquimur.
2540 2826 2559 2851 ι
2603 2803 3086 2875 Pseudoapostolos
3117 2805 3291 2875 tangit
3336 2805 3429 2861 hic
3456 2823 3666 2874 versus,
3699 2808 3796 2881 qui

2209 2903 2462 2966 corrupta
2492 2893 2761 2962 doctrina,
2796 2894 2957 2950 verba
2985 2893 3083 2949 Dei
3107 2909 3205 2964 per
3228 2895 3427 2949 malam
3454 2898 3759 2968 interpreta
3776 2925 3800 2939 -

2213 2982 2414 3038 tionem
2447 2982 2847 3051 adulterabant,
2894 2992 2946 3038 et
2972 2983 3224 3038 tollentes
3253 2982 3502 3039 divinum
3543 3001 3794 3056 sensum,

2211 3070 2488 3141 ponebant
2522 3071 2846 3127 humanum.
2882 3072 2966 3126 Ex
3002 3071 3202 3144 quibus
3229 3071 3449 3143 quidam
3479 3075 3654 3129 zelum
3686 3077 3796 3131 ha-

2209 3158 2398 3215 bentes
2452 3159 2763 3216 traditionis
2810 3158 3069 3227 Judaicaa,
3125 3176 3228 3215 nec
3281 3161 3349 3216 de
3390 3161 3612 3218 Christo
3656 3163 3794 3219 bene

2211 3243 2495 3314 docebant,
2528 3248 2651 3303 ideo
2683 3249 2863 3304 minus
2908 3248 3134 3304 idoneos
3173 3248 3273 3305 hos
3303 3248 3469 3306 dicit:
3519 3254 3793 3323 apostolos

2209 3344 2388 3392 autem
2439 3337 2725 3393 sinceriter
2780 3338 3123 3410 praedicasse,
3159 3340 3303 3396 sicut
3345 3356 3414 3395 ex
3462 3343 3573 3396 Deo
3602 3341 3790 3397 datum

2209 3432 2310 3494 est,
2361 3433 2487 3481 ante
2527 3427 2725 3493 Deum,
2759 3427 2814 3483 id
2841 3436 2941 3495 est,
2987 3429 3267 3500 quomodo
3290 3431 3435 3485 Dens
3463 3429 3636 3497 dedit,
3673 3432 3796 3502 ipso

2206 3522 2366 3581 teste,
2399 3516 2455 3570 in
2497 3516 2719 3573 Christo
2748 3518 3131 3590 loquebantur,
3166 3535 3275 3574 non
3306 3534 3460 3574 suam
3490 3529 3791 3591 quaerentes

2208 3607 2460 3679 gloriam,
2501 3607 2593 3663 sed
2624 3609 2741 3664 Dei.
2777 3608 2890 3665 Hoc
2910 3617 2992 3665 est
3020 3609 3081 3664 in
3108 3609 3329 3668 Christo
3355 3610 3508 3684 loqui
3543 3610 3660 3683 ejus
3688 3612 3785 3668 ho-

2207 3712 2397 3754 norem
2434 3704 2489 3753 et
2516 3698 2814 3771 potentiam
2842 3699 3155 3770 praedicare.

2729 3849 2871 3908 176
2907 3850 3133 3910 CAPUT
3175 3852 3272 3910 III.

2279 3969 2461 4045 (νει-ε.
2487 3969 2566 4043 1.)
2611 3993 2631 4018 ι
2659 3971 2958 4043 Incipimus
3002 3971 3201 4027 iterum
3252 3970 3614 4043 nosmetipsos
3638 3986 3788 4028 com-

2204 4059 2480 4116 mendare.
2516 4085 2535 4108 ι
2577 4060 2846 4126 Quoniam
2887 4059 3367 4132 pseudoapostolos
3412 4066 3584 4126 notat,
3622 4075 3789 4130 prava

2202 4166 2391 4207 eorum
2422 4158 2728 4207 commenta
2774 4150 3062 4224 designans
3086 4150 3227 4221 (92),
3258 4165 3314 4205 se
3357 4157 3537 4205 autem
3588 4167 3780 4206 verum

2202 4239 2613 4311 praedicatorem
2641 4246 2899 4306 testatur;
2934 4240 3154 4295 videtur
3182 4238 3378 4294 iterum
3401 4241 3786 4297 commendare

2201 4343 2278 4397 se,
2317 4328 2459 4383 sicut
2489 4327 2547 4383 in
2595 4328 2771 4400 prima
2799 4329 3045 4401 epistola.
3078 4328 3148 4382 Et
3176 4343 3246 4382 ne
3278 4326 3383 4383 hoc
3421 4329 3665 4383 versutia
3687 4328 3783 4384 ali-

2115 4468 2164 4529 D
2198 4433 2305 4491 qua
2352 4417 2621 4475 terrestris
2663 4419 2803 4475 lucri
2859 4417 3027 4489 gratia
3070 4416 3246 4472 facere
3303 4416 3600 4483 videretur,
3639 4417 3783 4489 adje-

2201 4508 2268 4529 -14
2298 4526 2307 4529 _
2400 4507 2676 4529 IY______2.‘I
2708 4506 3016 4529 I--J:..-..-.._
3062 4504 3202 4529 ..2....ι
3241 4505 3453 4529 ..2,1-..
3510 4522 3753 4529 ,Α-ημ-..

2195 4508 2271 4565 cit
2297 4526 2308 4564 :
2351 4531 2370 4555 α
2398 4507 2679 4580 Numquid
2707 4506 3038 4576 indigemus,
3061 4504 3204 4560 sicut
3237 4505 3479 4578 quidam,
3505 4522 3784 4562 commen-

2193 4596 2405 4653 datitiis
2434 4596 2679 4668 epistolis
2709 4593 2777 4650 ad
2808 4609 2925 4661 vos,
2947 4601 3139 4649 autex
3168 4594 3396 4650 vobis‘in
3427 4595 3540 4650 Hoc
3569 4595 3780 4663 dicens,

2192 4701 2353 4741 suum
2384 4699 2603 4738 sensum
2636 4688 2850 4753 purgat,
2880 4689 2933 4739 et
2962 4681 3143 4739 adhuc
3174 4671 3656 4755 pseudoapostolos
3686 4700 3782 4739 no-

2189 4779 2288 4841 tat,
2326 4787 2463 4845 quos
2492 4770 2697 4843 proprii
2748 4770 2975 4827 honoris
3003 4779 3056 4827 et
3085 4780 3323 4845 quaestus
3351 4788 3517 4829 causa
3544 4771 3785 4829 circuire

2189 4861 2463 4917 Ecclesias
2512 4858 2725 4931 probat,
2755 4860 2822 4917 ad
2852 4860 3223 4930 auferendam,
3266 4878 3377 4917 non
3418 4862 3486 4917 ad
3514 4860 3785 4918 tribuen-

2189 4951 2313 5009 dam
2344 4951 2598 5008 salutem.
2637 4951 2723 5007 Ex
2754 4950 2841 5007 his
2866 4959 3021 5007 erant
3059 4951 3258 5027 quibus
3302 4951 3439 5008 dicit
3461 4954 3775 5010 Dominus:

2162 5037 2169 5043 “
2202 5063 2222 5088 ε
2249 5038 2551 5097 Comeditis
2591 5038 2784 5095 domos
2828 5039 3119 5097 viduarum
3159 5049 3215 5096 et
3257 5040 3596 5112 pupillorum
3638 5055 3780 5095 ora—

2185 5129 2335 5185 tione
2374 5129 2533 5200 Ionga
2561 5135 2798 5196 orantes,
2830 5138 3115 5202 propterea
3164 5128 3444 5200 accipietis
3483 5129 3663 5201 majus
3683 5128 3779 5201 ju-

2182 5344 2335 5396 mss.,
2375 5325 2723 5399 quiaﬂﬁdelis
2770 5344 2974 5394 sermo;
3173 5326 3449 5394 nonnulli,
3482 5327 3612 5399 quia
3640 5325 3776 5399 ﬁdes

2183 5415 2351 5455 sermo
2375 5397 2395 5455 ἱ
2446 5397 2647 5473 reliqui
2700 5416 2829 5458 mss.
2881 5407 2937 5456 et
2981 5397 3113 5455 edit.
3169 5399 3387 5467 melius,
3438 5397 3568 5470 quia
3612 5397 3769 5470 ﬁdes,

2181 5479 2369 5617 medi?)
2402 5541 2573 5617 Corb.
2622 5542 2771 5615 cod.,
2813 5543 2995 5617 Praua
3038 5559 3219 5599 eorum
3262 5541 3541 5614 mandata,
3571 5540 3773 5617 quibus

554 5606 853 5677 (91)Edit.
910 5614 1156 5687 quaedam
1210 5614 1381 5673 Paris.
1427 5631 1553 5675 cum
1597 5631 1710 5672 uno
1745 5621 1841 5672 aut
1891 5614 2064 5673 altero
2170 5606 2632 5686 pséudbapostotos
2662 5606 2827 5684 notat,
2861 5615 3164 5687 designans.
