4112 6178
468 271 572 330 303

1455 266 1550 324 AD
1589 267 1822 325 OPERA
1859 264 1914 323 s.
1957 256 2289 324 AMBROSII
2327 258 2703 325 APPENDIX.

3643 258 3757 327 30E

463 409 710 466 semper;
736 400 796 446 ut
824 398 1092 462 quantum
1124 390 1351 447 interest
1384 390 1527 446 inter
1555 391 1848 462 imaginem
1880 398 1934 445 et
1953 405 2044 445 vc-
2082 394 2133 452 A
2161 400 2241 448 est
2269 408 2363 464 per
2392 393 2553 449 ﬁdem
2581 392 2785 451 Christi
2814 390 3062 449 aufertur
3078 390 3365 459 velamen;
3397 400 3583 449 amoto
3602 396 3749 452 enim

465 486 707 550 ritatem,
739 488 954 535 tantum
985 479 1202 536 intersit
1229 481 1373 536 inter
1403 479 1631 551 gloriam
1663 479 1850 537 vultus
1874 479 2048 552 Moysi

466 584 520 631 et
575 570 800 644 gloriam
851 567 1077 623 Christi.
1138 568 1264 625 Ideo
1323 584 1486 639 supra
1538 567 1725 624 dixit:
1773 592 1793 616 ι
1822 568 2050 639 Propter

468 662 826 720 excellentem
857 657 1104 729 gloriam.
1133 682 1152 706 ι
1203 659 1304 713 Illa
1343 658 1491 714 enim
1520 666 1670 715 tanta
1698 665 1812 714 erat
1858 656 2051 730 gloria,

468 760 672 826 quanta
700 749 889 805 debuit
919 748 1065 805 credi
1085 762 1243 803 servo
1273 766 1285 803 :
1334 747 1452 805 haec
1493 765 1624 804 vero
1649 754 1819 815 tanta,
1851 755 2056 819 quanta

468 847 549 897 est
604 837 862 912 genitoris
891 835 1006 906 ejus
1034 853 1047 901 ;
1100 833 1227 906 quia
1258 857 1276 880 ι
1307 834 1574 890 Dominus
1622 834 1776 890 Jesus
1804 832 2055 890 Christus

468 927 526 982 in
568 926 739 998 gloria
792 931 871 977 est
922 922 1018 977 Dei
1076 921 1251 977 Patris
1282 921 1542 992 (Philipp.
1570 940 1629 989 Il,
1670 921 1783 993 11).
1812 945 1831 969 ι
1899 919 2055 976 Sicut

468 1015 615 1072 enim
659 1026 878 1082 vespere
928 1010 1096 1065 stellae
1127 1009 1373 1080 gloriosas
1429 1016 1578 1077 sunt,
1633 1007 1844 1064 oriente
1872 1014 2053 1062 autem

469 1104 583 1160 sole
640 1106 936 1155 evacuatur
966 1113 1151 1152 earum
1180 1098 1397 1153 claritas
1433 1116 1446 1165 ;
1496 1098 1574 1153 ita
1602 1103 1655 1152 et
1686 1095 1864 1168 Moysi
1884 1093 2054 1167 gloria
2087 1108 2092 1113 '

468 1199 781 1258 evacuatur,
804 1196 1095 1261 apparente
1124 1189 1296 1259 gloria
1324 1186 1529 1244 Christi
1564 1187 1701 1258 (96).

542 1300 723 1371 (Vers.
758 1295 872 1365 l2.)
917 1318 936 1342 ι
967 1294 1238 1349 Habentes
1276 1293 1446 1363 igitur
1473 1294 1636 1348 talem
1679 1307 1851 1363 spem,
1884 1291 2057 1344 multa

470 1385 673 1442 ﬁducia
713 1391 948 1438 utamur.
977 1405 996 1429 ιι
1050 1382 1210 1452 Spem
1262 1381 1460 1436 habere
1508 1396 1607 1435 nos
1658 1378 1794 1434 dicit
1831 1376 2054 1433 videndi

467 1475 715 1548 gloriam,
747 1487 857 1528 non
886 1471 1050 1526 talem
1086 1467 1263 1541 qualis
1294 1468 1398 1522 fuit
1419 1468 1476 1522 in
1509 1468 1670 1523 vultu
1700 1466 1878 1538 Moysi
1912 1484 1923 1521 :
1955 1466 2054 1523 sed

467 1584 584 1622 eam
613 1581 774 1638 quam
803 1561 1063 1617 viderunt
1109 1567 1219 1613 tres
1261 1556 1497 1630 apostoli
1537 1557 1595 1611 in
1626 1565 1833 1625 monte,
1892 1572 2056 1614 reve-

468 1656 614 1711 lante
641 1669 697 1708 se
728 1648 963 1705 Domino
995 1647 1207 1717 (Matth.
1258 1661 1397 1712 xvn,
1430 1644 1508 1715 2).
1561 1644 1703 1701 Hinc
1732 1645 1901 1716 igitur
1928 1661 2056 1702 con-

2159 480 2385 548 delicto,
2423 481 2691 552 incipient
2745 480 2933 538 videre
2987 480 3160 554 quod,
3218 478 3473 537 obstante
3510 490 3748 554 peccato,

2161 567 2346 623 videre
2376 584 2485 623 non
2516 564 2786 639 poterant.

2246 661 2388 719 178
2419 656 2599 728 (Vers.
2632 658 2744 729 15.)
2776 681 2794 705 ι
2814 657 2921 714 Sed
2940 673 3111 731 usque
3136 657 3196 713 in
3220 655 3552 715 hodiernum
3581 659 3748 729 diem,

2163 769 2290 810 cum
2328 753 2528 825 legitur
2559 754 2792 825 Moyses,
2823 755 3073 810 velamen
3099 760 3181 809 est
3204 754 3447 824 positum
3477 771 3640 827 supra
3657 772 3751 811 cor

2165 857 2353 897 eorum
2401 841 2606 912 (Exod.
2636 857 2837 909 xxxiv,
2876 840 2989 913 33).
3023 866 3043 890 ι
3098 841 3447 898 Manifestum
3477 851 3579 911 est,
3623 842 3753 916 quia

2165 945 2292 985 cum
2322 929 2520 1001 legitur
2544 928 2661 986 haec
2691 946 2815 1001 pars
2864 930 3018 1002 legis,
3048 930 3317 988 sententia
3340 930 3566 988 illorum
3597 931 3752 989 reci-

2164 1024 2329 1084 tatur,
2357 1018 2453 1089 qui
2475 1024 2604 1073 sunt
2632 1017 2733 1072 sub
2762 1018 2896 1089 lege.

2237 1105 2566 1177 (Vers.16.)
2638 1128 2657 1151 ι
2697 1103 2833 1161 Cum
2885 1113 3066 1161 autem
3121 1120 3421 1164 conversus
3475 1107 3644 1165 fuerit
3679 1108 3750 1165 ad

2164 1194 2483 1262 Dominum,
2511 1194 2791 1250 auferetur
2821 1194 3090 1250 velamen.
3124 1219 3142 1243 ι
3187 1195 3447 1252 Converti
3473 1195 3542 1252 ad
3568 1197 3749 1253 Domi-

2165 1299 2318 1351 num,
2352 1282 2457 1338 hoc
2484 1290 2586 1348 est,
2639 1282 2858 1339 credere
2896 1283 2954 1337 in
3003 1282 3318 1350 Christum;
3365 1293 3427 1339 ut
3456 1300 3750 1356 agnoscens

2165 1370 2488 1440 Dominum,
2525 1371 2744 1428 veniam
2777 1379 3050 1427 mereatur
3078 1371 3342 1443 accipere.
3387 1372 3503 1429 Hoc
3533 1381 3616 1428 est
3642 1390 3752 1430 au-

2165 1458 2295 1514 ferri
2327 1460 2596 1530 velamen,
2635 1461 2965 1518 sententiam
2994 1462 3270 1530 evacuari,
3316 1478 3424 1536 qua
3465 1464 3750 1522 tenebatur

2164 1563 2288 1604 reus
2310 1548 2413 1605 sub
2441 1549 2576 1621 lege.

2236 1637 2417 1708 (Vers.
2456 1637 2569 1708 I7.)
2625 1660 2645 1685 ‹
2678 1637 2950 1695 Dominus
2997 1647 3177 1697 autem
3225 1639 3453 1713 spiritus
3494 1648 3594 1699 est.
3644 1640 3749 1699 Ubi

461 1744 632 1816 jicere
684 1739 963 1803 debemus,
1007 1743 1271 1807 quantum
1330 1734 1493 1789 nobis
1542 1735 1837 1792 contulerit
1867 1735 2052 1791 divina

2164 1731 2341 1780 autem
2399 1724 2634 1795 Spiritus
2685 1727 2931 1795 Domini,
2990 1726 3067 1783 ibi
3120 1726 3358 1785 libertas.
3399 1754 3420 1779 ι
3477 1729 3748 1797 Quoniam

469 1829 780 1893 clementia,
804 1833 1177 1897 quantumque
1207 1840 1306 1880 nos
1352 1825 1649 1896 superioris
1688 1826 1875 1897 gratiae
1901 1825 2047 1882 dono

470 1920 648 1975 ditare
703 1915 927 1986 dignata
971 1922 1072 1981 est,
1122 1930 1284 1985 quam
1332 1912 1552 1968 dederat
1601 1912 1821 1969 Iudaeis.
1882 1914 2054 1971 Judaei

471 2006 643 2074 enim,
697 2019 823 2061 cum
878 2002 1058 2057 minor
1082 2009 1221 2057 esset
1267 2000 1441 2073 gloria
1472 2002 1660 2059 vultus
1706 2001 1905 2074 Moysi,
1935 2019 2054 2060 eam

467 2094 733 2169 speculari
762 2108 871 2149 non
903 2098 1188 2163 poterant:
1247 2107 1348 2146 nos
1377 2106 1508 2145 vero
1552 2107 1664 2146 non
1720 2091 1896 2163 Moysi
1929 2091 2056 2163 glo-

467 2184 626 2252 riam,
659 2199 777 2255 quze
813 2180 1043 2237 inferior
1068 2188 1168 2247 est,
1199 2179 1294 2235 sed
1340 2180 1700 2236 excellentem
1750 2180 2051 2237 Salvatoris

468 2275 695 2346 gloriam
752 2273 966 2328 visuros
996 2288 1096 2327 nos
1151 2270 1441 2327 credimus.
1497 2268 1671 2325 Judaei
1727 2286 1851 2342 ergo
1906 2269 2052 2326 servi

467 2364 694 2435 gloriam
724 2379 834 2417 non
863 2366 1179 2416 meruerunt
1207 2359 1395 2416 videre
1427 2377 1439 2415 :
1473 2375 1573 2416 nos
1604 2365 1782 2414 autem
1817 2358 2045 2415 Domini

467 2451 779 2509 communis
828 2451 1058 2522 gloriam
1116 2465 1303 2505 sumus
1357 2448 1552 2505 visuri.
1610 2448 1844 2522 Ideoque
1873 2456 1926 2503 et
1953 2463 2053 2505 nos

469 2540 647 2599 vicem
713 2540 958 2609 reddere,
1004 2556 1065 2595 1n
1117 2546 1381 2612 quantum
1427 2554 1735 2610 possumus,
1794 2537 2054 2594 debemus

469 2632 867 2689 benevolentiae
896 2630 1035 2697 Dei;
1095 2636 1158 2684 ut
1204 2627 1578 2700 propensiores
1628 2627 1796 2683 simus
1827 2625 1883 2682 in
1938 2624 2055 2696 ejus

460 2738 684 2791 amore,
728 2721 822 2794 qui
881 2718 1039 2793 nobis
1086 2717 1345 2774 ﬁduciam
1392 2715 1566 2781 dedit,
1618 2714 1847 2771 abluens
1888 2730 1988 2769 nos
2024 2730 2057 2769 a

467 2810 729 2882 peccatis,
783 2806 1010 2861 videndi
1055 2807 1282 2874 gloriam
1329 2803 1448 2858 Dei.
1507 2804 1664 2859 Nunc
1709 2802 1890 2874 itaque
1919 2817 2056 2874 opus

473 2904 578 2963 est,
611 2902 673 2948 ut
701 2900 904 2948 crescat
926 2892 982 2944 in
1012 2889 1170 2943 nobis
1189 2889 1391 2943 ﬁducia
1409 2888 1568 2943 bonis
1597 2888 1812 2944 actibus
1840 2897 2053 2960 parata;

479 2990 696 3038 tantum
728 2978 875 3034 enim
904 2975 1236 3044 videbimus,
1267 2981 1533 3047 quantum
1561 2974 1855 3030 credimus.

2164 1815 2308 1870 Deus
2342 1814 2577 1886 Spiritus
2624 1822 2726 1883 est,
2780 1831 2877 1889 per
2913 1814 3192 1873 Christum
3224 1818 3396 1891 legem
3440 1817 3590 1876 dedit
3616 1818 3749 1891 Spi-

2165 1903 2305 1959 ritus
2337 1921 2349 1959 :
2401 1920 2511 1960 non
2557 1904 2753 1960 litteris
2782 1904 2971 1977 utique
3002 1906 3284 1976 scriptam,
3331 1908 3425 1965 sed
3461 1924 3558 1982 per
3585 1910 3748 1968 ﬁdem

2166 1991 2365 2048 animis
2417 1992 2764 2060 intimatam;
2817 2010 2928 2049 non
2972 2010 3092 2066 qua;
3126 1995 3372 2053 visibilia
3416 1996 3626 2068 doceat,
3656 1999 3749 2057 sed

2164 2078 2469 2137 invisibilia
2497 2080 2645 2138 credi
2683 2082 2941 2152 suadeat;
2993 2098 3112 2157 quae
3160 2084 3376 2142 animus
3419 2087 3746 2159 spiritaliter

2164 2172 2403 2246 colligat,
2434 2191 2546 2231 non
2576 2191 2695 2247 quas
2723 2176 2915 2233 oculus
2944 2187 3150 2236 cernat.
3185 2179 3311 2236 Haec
3339 2180 3431 2236 lex
3458 2178 3552 2234 dat
3575 2177 3749 2234 liber-

2163 2270 2351 2331 tatem,
2383 2264 2553 2319 solam
2582 2263 2744 2320 ﬁdem
2777 2280 3023 2336 poscens,
3054 2277 3115 2324 ut
3141 2269 3271 2340 quia
3294 2285 3413 2343 quas
3437 2283 3550 2325 non
3576 2266 3744 2335 videt,

2163 2351 2357 2419 credit,
2387 2353 2454 2408 de
2483 2353 2796 2410 conditione
2826 2355 2946 2411 erui
2970 2365 3263 2414 mereatur.

2236 2442 2416 2508 (Vers.
2453 2443 2566 2512 18.)
2633 2466 2652 2490 ι
2681 2444 2790 2500 Nos
2841 2445 3026 2518 itaque
3071 2463 3282 2516 omnes,
3336 2448 3572 2505 revelata
3614 2446 3749 2506 facie

2164 2528 2391 2600 gloriam
2421 2530 2645 2587 Domini
2676 2534 3038 2603 speculantes,
3068 2536 3136 2593 ad
3169 2537 3415 2594 eamdem
3458 2536 3746 2609 imaginem

2163 2617 2465 2674 formamur
2496 2619 2613 2691 (98)
2654 2636 2686 2675 a
2715 2621 2888 2692 gloria
2917 2622 2975 2678 in
3006 2624 3253 2696 gloriam,
3299 2626 3443 2681 sicut
3469 2641 3501 2681 a
3527 2624 3749 2683 Domini

2164 2706 2394 2777 Spiritu.
2429 2731 2449 2756 ι
2503 2708 2614 2765 Nos
2659 2708 2797 2765 dicit
2842 2726 3050 2779 omnes,
3091 2714 3184 2784 qui
3223 2712 3531 2769 libertatem
3560 2729 3750 2769 sumus

2164 2797 2441 2853 consecuti
2496 2797 2641 2854 dono
2688 2799 2873 2871 gratiae
2913 2800 3034 2867 Dei,
3090 2801 3317 2870 gloriam
3370 2801 3596 2858 Domini
3655 2816 3750 2873 per

2164 2882 2327 2940 ﬁdem
2358 2887 2720 2958 speculantes,
2761 2887 2829 2944 ad
2874 2886 3116 2943 eamdem
3148 2888 3441 2960 imaginem
3469 2889 3751 2945 transfor-

2165 2975 2323 3043 mari,
2356 2991 2519 3048 quam
2548 2993 2827 3050 speramus
2860 2995 2871 3034 :
2922 2976 2979 3033 id
3006 2984 3106 3045 est,
3150 2986 3211 3034 ut
3238 2977 3446 3034 similes
3483 2975 3751 3032 invenia-

540 3088 727 3159 (Vers.
753 3086 865 3157 13.)
900 3109 919 3131 ι
952 3085 1026 3141 Et
1052 3099 1164 3139 non
1217 3082 1359 3140 sicut
1386 3082 1601 3154 Moyses
1628 3083 1862 3153 ponebat
1890 3083 2052 3138 vela-
2077 3094 2120 3154 c
2164 3078 2307 3158 “'1‘”:
2362 3072 2635 3159 939339“
2681 3065 2784 3122 hac
2835 3066 2970 3134 Vita:
3024 3064 3248 3159 imagini
3272 3064 3477 3159 Simia
3515 3062 3749 3159 (ξῗπίδξίι

467 3193 594 3234 men
624 3193 786 3249 super
838 3174 1033 3233 faciem
1079 3191 1256 3241 suam,
1285 3189 1353 3229 ne
1382 3172 1725 3230 intuerentur
1754 3172 1854 3228 ﬁlii
1885 3174 2049 3230 Israel

467 3267 529 3323 in
558 3266 753 3323 faciem
802 3264 940 3337 ejus,
990 3264 1136 3338 quod
1167 3272 1481 3320 evacuatur.
1517 3289 1535 3313 ι
1574 3263 1843 3331 Quoniam
1890 3263 2049 3335 digni

464 3356 599 3411 facti
633 3370 823 3412 sumus
842 3371 938 3427 per
966 3354 1194 3427 gratiam
1218 3352 1317 3410 Dei
1332 3352 1530 3410 .videre
1566 3351 1794 3422 gloriam
1822 3352 2047 3422 Christi,

463 3444 672 3501 idcirco
700 3445 809 3501 ait:
855 3467 873 3490 ι
902 3445 974 3499 Et
992 3459 1104 3499 non
1124 3443 1266 3500 sicut
1293 3443 1508 3513 Moyses
1537 3439 1772 3511 ponebat
1802 3440 2049 3495 velamen

463 3546 626 3602 super
678 3530 875 3585 faciem
941 3545 1117 3594 suam,
1194 3544 1263 3583 ne
1328 3529 1674 3583 intuerentur
1728 3526 1831 3581 ﬁlii
1885 3527 2049 3582 Israel

465 3617 671 3688 (Exod.
703 3634 903 3685 XXXIV,
934 3617 1048 3688 33).
1081 3642 1100 3666 ι
1142 3616 1269 3672 Ideo
1324 3615 1558 3688 ponebat
1588 3614 1860 3683 velamen,
1904 3630 2050 3686 quo—

464 3705 618 3762 niam
673 3706 1019 3778 splendorem
1065 3706 1257 3762 vultus
1303 3704 1419 3776 ejus
1454 3702 1594 3760 ferre
1640 3720 1749 3760 non
1776 3711 2047 3777 poterant,

462 3810 627 3851 causa
656 3792 883 3865 peccati,
930 3809 1039 3865 quo
1066 3793 1303 3861 sublato,
1335 3799 1571 3865 potestas
1618 3791 1778 3848 datur
1822 3789 2047 3848 videndi

460 3884 692 3957 gloriam
719 3883 819 3939 Dei
848 3898 1019 3955 usque
1047 3881 1115 3937 ad
1146 3880 1311 3936 ﬁnem
1362 3878 1511 3951 ejus;
1544 3880 1673 3952 quia
1720 3879 1914 3936 tandiu
1936 3896 2048 3940 non

461 3975 756 4044 reveletur,
802 3972 1048 4047 quandiu
1100 3971 1295 4026 relicta
1351 3970 1486 4042 lege,
1543 3979 1938 4029 convertantur
1978 3972 2046 4029 ad

460 4065 687 4134 gratiam
717 4063 866 4133 ﬁdei,
891 4071 945 4120 et
972 4062 1051 4119 sic
1081 4067 1376 4117 evacuatur
1405 4058 1722 4131 indignitas.

534 4170 714 4239 (Vers.
749 4169 862 4240 14.)
907 4191 926 4215 ι
956 4166 1060 4223 Sed
1107 4163 1290 4222 obtusi
1336 4171 1465 4220 sunt
1506 4180 1696 4221 sensus
1725 4181 1914 4221 eorum
1943 4182 2046 4222 us—

471 4272 575 4327 que
605 4258 662 4311 in
713 4256 1039 4311 hodiernum
1095 4254 1261 4311 diem.
1295 4279 1314 4302 »
1377 4252 1591 4309 Tandiu
1637 4253 1858 4311 obtusos
1886 4254 2042 4324 dicit,

461 4342 707 4416 quandiu
773 4358 884 4397 non
937 4341 1186 4398 credunt.
1247 4341 1378 4409 Quae
1434 4341 1652 4398 obtusio
1702 4341 2043 4399 inﬁdelitatis

456 4446 621 4488 causa
675 4428 936 4487 obvenit:
995 4428 1120 4483 ideo
1166 4429 1444 4485 conversis
1487 4430 1556 4485 ad
1612 4428 1775 4486 ﬁdem
1831 4431 2045 4488 acuitur
2073 4435 2123 4495 D

456 4519 603 4577 acies
646 4518 866 4589 mentis,
916 4525 979 4574 ut
1024 4514 1248 4573 videant
1290 4514 1470 4572 divini
1513 4517 1742 4574 luminis
1773 4518 2041 4591 splendo-

455 4623 573 4665 rem
584 4653 596 4666 .

542 4740 562 4765 ι
592 4717 708 4775 Hoc
736 4718 915 4791 ipsum
972 4718 1220 4774 velamen
1275 4715 1334 4771 in
1384 4714 1618 4773 lectione
1665 4715 1783 4788 (97)
1844 4715 2044 4773 veteris

461 4806 796 4865 Testamenti
850 4815 1051 4874 manet,
1110 4806 1241 4862 dum
1296 4821 1407 4861 non
1453 4804 1764 4873 revelatur;
1819 4805 1949 4877 quia
1982 4805 2042 4861 in

455 4897 676 4955 Christo
724 4904 1037 4955 evacuatur.
1063 4921 1081 4944 ›
1164 4895 1414 4962 Obtusio,
1447 4894 1543 4962 ait,
1576 4895 1695 4951 haec
1723 4894 1781 4949 in
1811 4894 2043 4950 lectione

455 4984 641 5041 Exodi
686 4993 889 5053 manet,
938 4982 1182 5056 quandiu
1214 4981 1458 5039 credant.
1489 4980 1612 5037 Non
1640 4978 1788 5035 enim
1821 4980 2043 5035 revela-

454 5080 569 5142 tur,
598 5071 707 5130 nisi
743 5072 970 5130 credant
1005 5091 1019 5140 ;
1052 5071 1111 5126 in
1164 5068 1384 5129 Christo
1419 5068 1569 5127 enim
1618 5075 1916 5127 evacuatur
1934 5067 2043 5125 hoc

525 5270 643 5343 (96)
696 5267 828 5343 Cod.
883 5267 1068 5343 Corb.,
1114 5268 1260 5343 Sicut
1300 5268 1437 5324 enim
1488 5282 1588 5340 per
1629 5270 1893 5322 noctem...
1933 5281 2042 5338 ap-

448 5339 666 5413 parente
694 5340 901 5397 Christo
926 5340 989 5413 in
1011 5339 1205 5413 gloria.

514 5415 641 5493 (97)
688 5413 847 5493 Itom.
907 5407 1038 5467 edit.
1101 5410 1235 5477 sola,
1293 5408 1417 5465 ch
1476 5407 1595 5481 ipsa
1650 5408 1853 5465 obtusio
1881 5410 1940 5464 in
1974 5410 2038 5466 le-

425 5488 646 5623 dﬂigi
671 5491 901 5611 eEadem
953 5552 1110 5611 Rom.
1143 5550 1298 5644 edit.,
1361 5537 1433 5608 a'd
1482 5548 1716 5621 eamdem
1760 5551 2039 5624 imaginem

2158 3148 2301 3207 sicut
2355 3151 2494 3209 dicit
2544 3154 2782 3210 Joannes
2834 3155 3156 3226 apostolus:
3211 3176 3231 3201 ι
3269 3152 3487 3221 Scinus,
3544 3150 3746 3224 inquit,

2157 3238 2285 3310 quia
2342 3257 2467 3296 cum
2526 3243 2859 3314 apparuerit,
2915 3243 3126 3300 similes
3170 3242 3221 3299 ei
3257 3241 3463 3299 erimus
3508 3240 3565 3311 (Ι
3587 3242 3742 3297 Joan.

2157 3342 2242 3395 III,
2269 3328 2347 3400 2).
2390 3354 2408 3377 ι

2242 3438 2261 3463 ι
2298 3418 2347 3471 Α
2376 3417 2551 3488 gloria
2579 3417 2637 3473 in
2668 3418 2920 3490 gloriam,
2950 3419 3093 3475 sicut
3122 3436 3153 3476 a
3178 3418 3403 3475 Domini
3436 3415 3678 3490 Spiritu;
3711 3441 3731 3466 ι

2157 3501 2215 3557 id
2238 3510 2339 3572 est,
2382 3504 2583 3560 sublati
2626 3505 2893 3563 beneﬁcio
2919 3506 3018 3563 Dei
3045 3524 3077 3561 a
3105 3505 3279 3578 gloria
3318 3504 3551 3577 Moyssis
3594 3503 3742 3575 (99),

2158 3607 2320 3663 quam
2351 3602 2531 3650 reatus
2564 3611 2727 3652 causa
2782 3612 3002 3654 cernere
3053 3595 3437 3668 nequibamus,
3474 3593 3745 3650 transfor-

2157 3694 2374 3737 mamur
2418 3682 2488 3739 ad
2533 3684 2785 3756 gloriam,
2836 3700 2997 3758 quam
3046 3683 3319 3740 credimus
3366 3682 3485 3738 dari
3516 3680 3677 3738 nobis
3713 3699 3746 3736 a

2154 3769 2379 3828 Domini
2435 3773 2664 3846 Spiritu.
2745 3775 2982 3832 Tantum
3038 3773 3183 3831 enim
3248 3772 3468 3829 dabitur
3521 3770 3741 3844 gloriae,

2155 3870 2420 3929 quantum
2477 3863 2706 3936 dignum
2762 3873 2844 3922 est
2907 3863 3034 3922 dare
3088 3866 3261 3920 Deum
3326 3880 3424 3936 per
3477 3861 3741 3933 Spiritum

2156 3968 2319 4011 suum
2342 3970 2358 4021 ;
2390 3952 2517 4009 ideo
2546 3952 2691 4010 enim
2718 3954 2895 4011 dixit:
2933 3980 2953 4003 ι
2977 3954 3132 4011 Sicut
3151 3971 3181 4010 a
3198 3952 3423 4009 Domini
3455 3950 3727 4023 Spiritup

2152 4050 2217 4100 ut
2245 4040 2553 4099 ostenderet
2598 4043 2763 4098 talem
2810 4042 3040 4115 gloriam
3068 4041 3207 4110 dari,
3259 4057 3378 4114 quae
3417 4037 3743 4096 sublimitati

2154 4138 2420 4203 congruat
2447 4129 2652 4186 dantis.
2683 4131 2890 4202 Moysis
2927 4130 3076 4186 enim
3112 4129 3285 4202 gloria
3312 4145 3413 4186 nec
3438 4135 3589 4186 tanta
3614 4126 3740 4196 fuit,

2152 4234 2253 4276 nec
2297 4218 2582 4291 perennis;
2632 4235 2731 4292 pro
2762 4219 2925 4277 modo
2953 4220 3103 4277 enim
3132 4219 3269 4292 legis
3298 4225 3351 4275 et
3378 4218 3613 4290 gloriam
3642 4233 3742 4273 ac—

2151 4307 2324 4379 cepit;
2377 4307 2454 4364 ita
2481 4317 2535 4365 et
2578 4323 2677 4381 pro
2708 4308 2870 4365 modo
2901 4309 3035 4381 legis
3073 4307 3225 4375 ﬁdei,
3274 4306 3334 4362 in
3373 4320 3480 4378 qua
3508 4304 3743 4377 Spiritus

2155 4395 2255 4450 Dei
2285 4402 2385 4464 est,
2435 4394 2660 4452 dabitur
2687 4397 2860 4469 gloria
2905 4393 3275 4452 credentibus.
3330 4392 3567 4450 Tantum
3596 4393 3741 4449 enim

2154 4485 2423 4541 concessit
2452 4488 2598 4542 Deus
2627 4485 2900 4555 ﬁdelibus,
2948 4493 3010 4541 ut
3036 4482 3305 4555 Spiritum
3335 4497 3500 4541 suum
3526 4482 3617 4541 det
3642 4482 3740 4552 eis,

2153 4576 2353 4648 pignus
2381 4577 2536 4639 illius
2564 4580 2750 4652 gloriae
2783 4579 2887 4652 (1),
2923 4592 3086 4650 quam
3113 4573 3388 4649 promisit.

2736 4683 2963 4743 CAPUT
3002 4682 3099 4742 IV.

2225 4786 2408 4857 (Vers.
2439 4789 2519 4861 1.)
2563 4811 2582 4836 ι
2621 4788 2798 4857 Quare
2836 4788 3101 4847 habentes
3130 4788 3274 4847 hanc
3298 4785 3745 4846 administratio-
3794 4778 3805 4837 ‘.

2152 4887 2301 4943 nem,
2352 4883 2515 4947 prout
2556 4876 2988 4934 misericordiam
3038 4877 3320 4936 consecuti
3373 4891 3581 4945 sumus,
3630 4892 3740 4934 non

2152 4959 2489 5022 deﬁciamus.
2534 4991 2553 5015 ι
2616 4966 2845 5022 Tantam
2878 4981 3028 5037 spem
3079 4967 3217 5027 dicit
3261 4964 3463 5022 habere
3492 4964 3745 5023 admini-

2151 5051 2437 5110 strationis
2463 5052 2650 5126 hujus,
2696 5060 2760 5110 ut
2790 5069 2903 5111 non
2931 5053 3154 5114 deﬁciat
3180 5054 3240 5114 in
3269 5052 3561 5129 pressaris,
3600 5067 3743 5110 con-

2151 5250 2620 5320 transformamur.

2224 5322 2340 5421 (99.)
2386 5323 2653 5380 Nonnulli
2686 5339 2841 5393 mss.,
2870 5324 3093 5381 "sublato
3139 5322 3380 5397 beneﬁcio
3422 5321 3522 5380 Dei
3558 5321 3745 5394 gloria

2150 5410 2472 5553 Μιῗίῗᾞεε.
2501 5482 2732 5555 aliquot,
2756 5485 2949 5557 pignus
2979 5482 3131 5541 illius
3149 5484 3359 5556 gratiae.
