4090 6182
330 287 442 347 308

1405 288 1766 350 COMMENT.
1808 296 1881 352 IN
1916 296 2131 355 EPIST.
2173 299 2222 355 II
2258 299 2356 354 AD
2394 299 2552 358 COR.

3516 315 3622 375 306

336 416 568 471 fortatus
620 409 732 468 ﬁde
781 411 1233 503 promissionum.
1266 413 1418 470 Unde
1448 418 1700 488 superius
1729 419 1874 476 dixit
1903 441 1915 479 :
1949 428 2000 484 A
2024 438 2149 478 cum
2196 424 2266 479 sit
2309 425 2489 497 imago
2544 429 2661 496 Dei,
2694 447 3013 503 corporeum
3069 442 3285 491 tantum
3314 446 3567 494 asserunt
3600 457 3614 495 :

346 528 365 551 σ
390 505 563 562 Multa
590 501 801 558 ﬁducia
826 509 1048 558 utantur
1085 502 1175 570 (II
1205 502 1330 559 Cor.
1366 521 1447 573 III,
1478 506 1568 574 i2)
1593 526 1607 575 ;
1637 533 1656 557 ι
1696 508 1925 567 ﬁdentes

333 594 481 652 enim
514 593 578 649 in
609 592 722 660 his,
755 592 1148 663 quaapromissa
1175 602 1322 661 sunt,
1351 594 1919 665 quidquidadversnm

329 682 625 746 acciderit,
654 681 904 736 tolerant.
937 679 1094 746 Quod
1126 698 1236 737 non
1265 682 1523 741 humanis
1573 688 1783 745 meritis
1836 689 1925 745 de-

331 779 512 844 putat,
546 769 641 826 sed
672 769 1059 825 misericordiae
1087 770 1204 838 Dei,
1239 787 1358 843 quae
1402 772 1683 831 hominem
1746 778 1922 847 primo

332 860 534 928 abluit,
596 856 793 914 deinde
845 856 1132 929 justiﬁcat,
1183 858 1446 930 adoptans
1506 863 1707 921 Filium
1764 868 1918 935 Deo,

332 960 395 1009 ut
448 949 612 1006 donet
657 962 786 1005 eum
840 946 1015 1019 gloria
1067 948 1236 1004 simili
1277 949 1464 1021 gloriae
1505 952 1635 1009 Filii
1709 957 1918 1029 proprii

327 1039 446 1098 Dei.

404 1136 591 1207 (Vers.
625 1134 707 1205 2.)
751 1133 888 1190 «Sed
920 1136 1302 1193 renuntiamus
1330 1138 1562 1195 occultis
1588 1138 1912 1198 dedecoris»

331 1227 404 1283 Ut
434 1224 584 1279 illius
613 1222 799 1295 gloria
839 1222 1040 1293 dignus
1094 1224 1166 1279 sit
1210 1223 1399 1293 homo,
1442 1227 1628 1283 omnia
1657 1229 1841 1300 turpia
1869 1238 1927 1288 et

332 1313 560 1386 polluta,
601 1327 722 1383 qua;
773 1308 895 1365 ﬁeri
944 1318 999 1365 et
1049 1313 1277 1382 cogitari
1323 1324 1568 1385 possunt,
1624 1318 1927 1375 amovenda

330 1401 525 1466 docet;
568 1407 630 1456 ut
679 1414 792 1455 non
836 1399 1017 1454 solum
1064 1399 1132 1455 de
1182 1417 1363 1474 opere,
1396 1403 1490 1459 sed
1544 1412 1600 1461 et
1632 1406 1698 1461 de
1727 1407 1923 1479 cogita-

328 1491 477 1546 tione
542 1488 839 1561 pellantur.
913 1488 1207 1545 Invitantis
1253 1491 1419 1547 verba
1460 1501 1631 1560 sunt;
1676 1495 1778 1551 sub
1827 1512 1925 1552 sua

321 1580 466 1637 enim
494 1585 548 1634 et
577 1593 809 1634 suorum
851 1592 1083 1648 persona
1108 1578 1177 1634 ad
1207 1580 1492 1638 meliorem
1526 1584 1701 1640 vitam
1732 1584 1916 1641 horta-

320 1680 432 1736 tur,
458 1676 682 1741 propter
723 1666 1038 1738 supradicta
1084 1668 1240 1736 vitia,
1275 1686 1394 1743 quae
1442 1671 1501 1727 in
1530 1672 1618 1729 his
1650 1673 1732 1744 (2)
1774 1690 1917 1745 saepe

2031 518 2087 567 et
2153 513 2523 585 relinquentes
2567 526 2713 587 gesta
2768 519 2906 590 ejus,
2955 522 3124 578 solius
3165 525 3346 581 carnis
3405 525 3620 582 faciunt

2032 601 2386 670 mentionem,
2435 604 2502 658 de
2548 605 2747 677 quibus
2793 608 2937 666 dixit
2975 611 3182 671 Isaias:
3247 639 3264 662 ι
3300 613 3617 685 Οιιοωοιινὶι

2033 688 2222 744 oculos
2267 705 2477 757 eorum,
2526 706 2593 746 ne
2630 693 2889 752 videant:
2931 707 2985 755 et
3030 716 3206 770 aures,
3249 719 3315 758 ne
3358 701 3615 771 audiant,

2032 792 2204 849 usque
2234 780 2290 834 in
2324 779 2651 837 hodiernum
2676 783 2820 839 diem
2855 787 2971 857 (Isa
2989 806 3066 857 vr,
3099 790 3237 861 10).-

2106 867 2304 937 (Vers.
2337 870 2417 940 5.)
2463 894 2481 917 α
2503 872 2612 928 Nec
2639 874 2785 928 enim
2816 890 2915 930 nos
2937 876 3082 947 ipsos
3111 881 3491 951 praedicamus,
3521 883 3617 940 sed

2032 953 2310 1012 Christum
2337 958 2519 1013 Jesum
2542 960 2837 1017 Dominum
2869 974 3136 1021 nostrum.
3170 992 3188 1015 ι
3233 969 3346 1024 Hoc
3373 978 3474 1038 est,
3505 988 3615 1026 non

2037 1049 2273 1126 nostram
2320 1047 2548 1118 gloriam
2595 1051 3005 1121 annuntiamus,
3045 1070 3112 1109 ne
3156 1056 3278 1126 quis
3319 1072 3418 1111 nos
3468 1057 3615 1113 dicat

2034 1117 2253 1205 propter
2280 1150 2380 1190 nos
2426 1136 2572 1206 ipsos
2626 1117 3013 1209 evangelizare,
3058 1149 3120 1195 ut
3160 1117 3317 1198 nobis
3365 1145 3614 1215 proﬁciat

2035 1220 2175 1277 forte
2202 1222 2270 1276 ad
2300 1230 2511 1296 tempus
2535 1242 2547 1279 :
2580 1225 2674 1281 sed
2703 1227 2885 1283 Jesum
2912 1229 3210 1286 Dominum
3239 1240 3486 1287 nostrum
3519 1249 3612 1288 an-

2033 1309 2374 1374 nuntiamus,
2428 1311 2784 1382 subjicientes
2832 1331 2932 1371 nos
2987 1316 3181 1372 virtuti
3234 1318 3613 1392 majestatique

2034 1395 2171 1467 ejus.
2203 1397 2432 1464 Quando
2462 1415 2587 1471 ergo
2617 1402 2833 1457 nullum
2859 1419 3167 1473 gravamus,
3213 1406 3427 1462 nullum
3487 1424 3614 1463 con-

2033 1486 2291 1554 cntimns,
2322 1494 2377 1543 et
2405 1486 2685 1545 Christum
2725 1491 3018 1547 Dominum
3041 1500 3289 1549 nostrum
3338 1496 3609 1564 fatemur;

2033 1576 2167 1649 quid
2211 1585 2384 1633 estut
2425 1580 2553 1635 elati
2585 1580 2897 1650 jndicemnr
2931 1585 3082 1655 quasi
3120 1601 3217 1655 pro
3259 1594 3443 1640 nostra
3495 1603 3615 1657 pro-

2032 1666 2150 1737 pria
2178 1666 2414 1723 utilitate
2443 1668 2758 1739 prmdicare,
2803 1680 2864 1725 ut
2922 1672 3143 1741 gloriosi
3196 1690 3549 1744 appareamus
3583 1677 3612 1731 ?

325 1756 704 1830 reprehendit.
747 1754 983 1811 Possunt
1013 1764 1066 1811 et
1094 1755 1211 1813 haec
1239 1761 1455 1816 occulta
1483 1760 1765 1818 dedecoris
1821 1778 1916 1820 es-
1951 1772 1998 1833 B
2041 1777 2060 1801 ι
2088 1755 2199 1811 N08
2235 1764 2414 1812 autem
2468 1773 2655 1814 servos
2695 1766 2903 1814 vestros
2950 1771 3168 1831 propter
3209 1762 3412 1817 Iesum.
3456 1789 3474 1811 ι
3549 1766 3611 1820 In

326 1864 407 1915 se,
438 1863 561 1919 quae
602 1860 769 1917 pravo
807 1859 970 1900 sensu
1013 1843 1081 1900 ad
1124 1845 1535 1915 praedicandum
1580 1850 1918 1908 meditantur

331 1943 395 1992 ιιι
437 1934 677 1990 fallant:
738 1932 880 1988 unde
927 1932 1204 2004 subjecit:
1262 1959 1281 1982 ι
1309 1936 1429 1992 Non
1458 1937 1804 1996 ambulantes
1855 1941 1914 1997 in

328 2022 546 2090 astutia,
578 2037 753 2095 neque
779 2020 1151 2079 adulterantes
1184 2023 1412 2081 verbum
1442 2025 1560 2082 Dei.
1612 2045 1641 2080 »
1689 2026 1776 2083 Ad
1825 2028 1915 2085 de-

324 2110 491 2169 decus
549 2110 696 2166 enim
752 2116 805 2167 et
852 2108 1301 2167 deformationem
1355 2111 1474 2184 ejus
1538 2114 1773 2186 proﬁcit,
1821 2116 1916 2188 qui

320 2201 557 2259 subdola
582 2206 768 2256 mente
795 2199 1062 2272 conﬁngit
1094 2199 1399 2258 doctrinam
1424 2202 1492 2259 ad
1530 2204 1913 2276 decipiendum

318 2290 490 2349 corda
539 2289 917 2361 simplicium;
967 2290 1144 2360 turpis
1172 2291 1317 2346 enim
1367 2292 1685 2349 invenietur
1720 2294 1777 2348 in
1822 2293 1913 2350 die

320 2378 525 2451 judicii
555 2377 677 2435 Dei.
719 2378 856 2434 Nam
898 2377 1100 2434 astutia
1133 2379 1289 2433 malae
1320 2380 1539 2446 mentis,
1568 2390 1631 2436 ut
1670 2380 1726 2436 id
1765 2382 1912 2454 quod

322 2465 435 2521 sibi
469 2465 690 2522 libitum
722 2473 822 2534 est,
871 2466 1108 2537 expleat,
1158 2465 1326 2521 verba
1366 2466 1470 2521 Dei
1510 2466 1801 2537 adulterat,
1849 2476 1912 2525 ut

321 2569 550 2610 sensum
578 2552 827 2609 invertat.
862 2552 1186 2609 Adnlterare
1216 2560 1297 2609 est
1316 2562 1497 2609 autem
1545 2572 1735 2611 verum
1792 2573 1910 2613 sen-

321 2658 447 2700 sum
477 2658 576 2715 per
629 2642 825 2697 falsum
879 2641 1020 2697 velle
1057 2640 1368 2697 excludere.
1411 2664 1430 2688 ι
1458 2641 1561 2697 Sed
1591 2643 1649 2697 in
1686 2644 1910 2701 manife-

316 2733 559 2789 statione
616 2730 865 2788 veritatis
926 2731 1372 2789 commendantes
1426 2733 1787 2805 nosmetipsos
1839 2734 1911 2791 ad

311 2839 538 2880 omnem
569 2822 962 2881 conscientiam
991 2822 1277 2879 hominum
1308 2839 1488 2880 coram
1520 2825 1809 2882 Deo.iHoc
1828 2824 1908 2881 di-

311 2912 414 2978 cit,
437 2911 572 2983 quia
593 2911 651 2967 in
676 2910 1062 2983 praedicatione
1082 2910 1395 2982 evangelica
1411 2911 1551 2967 nulli
1582 2929 1637 2967 se
1659 2912 1791 2969 fecit
1820 2929 1906 2969 su-

310 3009 564 3071 spectum
617 2998 725 3070 (3),
773 2997 978 3054 addens
1006 2997 1262 3069 amplius,
1293 3014 1418 3054 cum
1451 2998 1622 3055 dicit:
1670 3022 1688 3045 ι
1711 2998 1905 3056 Coram

2025 1849 2239 1900 tantum
2279 1862 2335 1901 se
2379 1862 2598 1902 servum
2654 1847 2860 1905 Christi
2901 1865 3015 1905 esse
3064 1850 3273 1921 probat,
3304 1851 3610 1921 utjubcnte

2027 1930 2165 2003 ipso,
2200 1933 2511 1989 ministrum
2534 1950 2590 1990 se
2622 1935 2817 1991 horum
2849 1936 2906 1992 in
2947 1938 3330 2009 prmdicatione
3360 1948 3607 2010 testetur,

2026 2026 2089 2075 ut
2117 2036 2217 2091 pro
2242 2022 2481 2079 utilitate
2527 2023 2724 2079 horum
2778 2024 3010 2096 subjecti
3058 2027 3169 2083 sint
3214 2028 3271 2083 in
3302 2029 3611 2086 ministerio

2025 2108 2332 2181 Evangelii.
2367 2111 2564 2167 Servos
2592 2127 2719 2184 ergo
2756 2112 2963 2180 dicens,
2998 2116 3280 2172 ministros
3307 2116 3601 2188 signiﬁcat:

2025 2197 2119 2252 sed
2166 2206 2227 2253 ut
2284 2198 2568 2255 humiliter
2610 2201 2940 2274 loqueretur,
2981 2202 3059 2258 sic
3124 2204 3305 2271 dixit;
3363 2214 3425 2261 ut
3486 2224 3611 2262 vere

2026 2287 2336 2342 ostenderet
2384 2303 2494 2343 non
2550 2288 2618 2344 ad
2691 2306 2842 2345 suam
2900 2292 3130 2362 gloriam
3192 2309 3249 2348 se
3317 2295 3610 2365 praedicare

2024 2370 2408 2445 Evangelium,
2442 2375 2536 2431 sed
2564 2376 2633 2432 ad
2673 2378 2973 2434 claritatem
3027 2380 3249 2435 Domini
3296 2383 3467 2437 nostri
3503 2384 3608 2454 (7),

2023 2459 2113 2515 cui
2136 2460 2347 2530 ,obedit,
2374 2463 2461 2519 cui
2494 2464 2685 2531 servit,
2749 2466 2893 2521 sicut
2929 2474 2983 2520 et
3018 2467 3132 2538 ipse
3181 2470 3449 2526 Dominus
3493 2472 3605 2527 ait:

2034 2572 2054 2595 ι
2084 2549 2198 2621 Ego
2222 2567 2343 2605 sum
2372 2551 2431 2605 in
2454 2551 2634 2605 medio
2663 2560 2908 2607 vestrum
2942 2569 3053 2608 non
3084 2562 3144 2609 ut
3175 2557 3473 2626 ministrer,
3514 2560 3608 2615 sed

2022 2645 2083 2691 ut
2104 2637 2411 2693 ministram
2448 2639 2597 2709 (Luc.
2630 2656 2773 2706 xxn,
2813 2640 2903 2710 27)
2932 2658 2945 2707 ;
2974 2667 2993 2688 ι
3032 2658 3143 2697 non
3174 2646 3367 2700 merito
3409 2648 3605 2703 horum

2020 2726 2218 2798 quibus
2234 2726 2531 2794 ministrat,
2564 2728 2658 2784 sed
2682 2736 2902 2801 propter
2931 2730 3220 2800 imperium
3238 2735 3481 2791 Domini.

2026 2864 2031 2869 ι
2092 2824 2272 2895 (Vers.
2304 2824 2393 2895 6.)
2435 2850 2453 2873 ι
2486 2826 2626 2892 Quia
2654 2827 2798 2881 Dens
2838 2828 2930 2898 qui
2953 2827 3096 2884 dixit
3124 2830 3189 2884 de
3236 2833 3475 2887 tenebris
3527 2834 3606 2889 lu.

2018 2927 2142 2968 men
2188 2912 2417 2985 fulgere,
2451 2914 2636 2969 illuxit
2664 2915 2719 2969 in
2746 2914 3004 2971 cordibus
3038 2917 3238 2972 nostris
3263 2918 3330 2973 ad
3402 2921 3607 2977 illumi-

2017 3000 2293 3058 nationem
2328 3002 2661 3073 cognitionis
2705 3003 2890 3074 gloriae
2938 3004 3034 3059 Dei
3091 3005 3147 3059 in
3188 3006 3325 3061 facie
3400 3008 3607 3066 Christi

308 3088 467 3153 Deo;
501 3111 520 3134 ι
561 3094 625 3142 ιιι
658 3086 765 3143 hoc
790 3086 968 3159 ipsum
1000 3102 1111 3140 non
1139 3087 1316 3140 solum
1366 3086 1684 3143 hominibus
1738 3088 1906 3144 mani-
1936 3121 1980 3181 α
2015 3089 2159 3145 Iesu.
2192 3114 2211 3138 ι
2261 3090 2377 3146 Hoc
2418 3090 2574 3156 dicit,
2633 3092 2761 3163 quia
2808 3092 3196 3148 misericordia
3244 3096 3342 3150 Dei
3403 3097 3605 3153 factum

308 3176 522 3233 festum
555 3177 770 3249 probet,
814 3176 909 3233 sed
946 3176 1110 3232 etiam
1158 3176 1290 3243 Deo,
1335 3176 1424 3231 cui
1466 3175 1606 3231 nihil
1626 3178 1904 3234 occultum

303 3272 418 3321 est.
470 3264 874 3321 Testimonium
928 3279 1055 3335 ergo
1112 3261 1209 3318 Dei
1255 3261 1532 3332 implorat,
1578 3272 1639 3318 ut
1672 3265 1757 3319 vel
1798 3264 1905 3320 sibi

302 3352 574 3409 credatur
605 3352 712 3424 (4),
744 3352 873 3425 quia
901 3351 983 3407 ita
1008 3349 1289 3423 praedicat,
1311 3349 1454 3405 sicut
1482 3349 1672 3406 datum
1719 3358 1800 3407 est
1836 3349 1904 3406 ab

296 3442 586 3499 Auctore:
622 3449 677 3497 et
698 3442 844 3496 Deus
874 3440 981 3495 hoc
1011 3438 1175 3494 modo
1222 3438 1379 3494 testis
1408 3446 1507 3506 est,
1547 3438 1678 3495 dum
1714 3438 1809 3495 dat
1834 3439 1905 3496 si-

298 3548 414 3607 gna
441 3539 500 3586 et
531 3528 780 3601 prodigia
808 3528 926 3585 ﬁeri
957 3543 1053 3600 per
1086 3543 1282 3583 manus
1312 3526 1450 3598 ejus.

378 3628 575 3702 (Vera.
604 3626 685 3698 3.)
734 3625 878 3682 «Sed
925 3633 979 3682 et
1034 3625 1081 3681 si
1121 3624 1302 3681 adhuc
1341 3632 1591 3697 opertum
1624 3633 1702 3681 est
1732 3627 1907 3681 Evan-

301 3718 521 3791 gelium
552 3722 826 3783 nostrum,
858 3714 916 3770 in
947 3713 1035 3771 his
1078 3715 1173 3786 qui
1208 3722 1457 3785 pereunt.
1491 3737 1509 3760 ι
1560 3712 1765 3769 Verum
1806 3722 1907 3781 est,

299 3807 440 3880 quia
496 3802 773 3860 increduli
868 3817 980 3859 non
1040 3801 1254 3869 vident,
1303 3800 1533 3873 perﬁdia
1581 3800 1906 3868 obcaecante,

297 3891 669 3968 splendorem
711 3890 937 3948 virtutis
990 3890 1123 3957 Dei;
1171 3889 1421 3945 velamen
1463 3889 1610 3945 enim
1642 3896 1722 3945 est
1748 3906 1911 3961 supra

294 4000 403 4041 cor
470 3994 686 4047 eorum,
744 3986 801 4035 et
862 3976 1080 4033 obtusio
1144 3975 1507 4045 inﬁdelitatis,
1566 3976 1625 4031 in
1688 3977 1907 4046 Iudaeis,

296 4068 583 4127 maxime.

392 4159 582 4233 (Vers.
614 4157 701 4227 lt.)
746 4182 765 4206 ι
791 4160 856 4215 Ῑῐὶ
893 4160 1094 4232 quibus
1118 4162 1262 4217 Deus
1290 4163 1473 4219 saeculi
1521 4162 1685 4237 hujus
1739 4165 1911 4223 obcae-

296 4246 470 4310 cavit
513 4260 709 4301 sensus
752 4244 1093 4301 inﬁdelium:
1147 4251 1285 4307 179
1333 4257 1396 4303 ut
1443 4265 1552 4306 non
1594 4253 1914 4324 pervideant

300 4350 514 4406 lumen
568 4342 858 4413 Evangelii
919 4340 1225 4413 majestatis
1253 4341 1457 4398 Christi
1507 4346 1610 4415 (5),
1674 4348 1768 4420 qui
1833 4342 1950 4407 est’

2017 3187 2117 3246 est,
2147 3184 2209 3233 ut
2238 3193 2355 3246 nos,
2391 3179 2593 3252 inquit,
2625 3180 2717 3251 qui
2753 3180 2960 3236 fuimus
2994 3181 3343 3239 incredibiles
3374 3185 3427 3239 in
3457 3188 3607 3253 igno-

2017 3265 2193 3320 rantia
2220 3266 2324 3335 (8),
2371 3265 2477 3322 hoc
2519 3273 2600 3321 est
2633 3266 2691 3321 in
2723 3268 2978 3335 tenebris,
3014 3284 3108 3339 per
3143 3276 3243 3325 nos
3281 3271 3431 3328 daret
3462 3275 3605 3330 Dens

2018 3353 2200 3408 lumen
2221 3354 2429 3410 caeteris
2460 3354 2730 3426 gentibus.
2772 3356 3047 3422 Quantum
3078 3374 3134 3412 se
3174 3358 3354 3414 adhuc
3412 3361 3606 3417 humi-

2016 3440 2135 3509 liat,
2168 3450 2231 3497 ut
2260 3443 2357 3498 Dei
2406 3443 2575 3498 solius
2618 3452 2671 3499 et
2714 3442 2917 3499 Christi
2952 3445 3177 3514 gloriam
3211 3448 3508 3516 praeferat?
3538 3451 3603 3505 ll-

2016 3529 2320 3586 lnminatur
2346 3532 2514 3596 enim,
2546 3539 2607 3586 ut
2635 3532 3003 3603 cognitionem
3042 3534 3273 3589 habeant
3294 3536 3480 3604 gloria:
3504 3537 3605 3593 Dei

2017 3634 2113 3691 per
2141 3619 2442 3676 Christum.
2477 3620 2604 3675 Ideo
2634 3622 2819 3690 gloria:
2851 3621 2949 3676 Dei
2991 3622 3067 3676 ait
3098 3624 3490 3693 cognitionem,
3548 3626 3604 3681 id

2018 3716 2118 3774 est,
2150 3724 2261 3763 non
2300 3709 2398 3764 Dei
2441 3709 2629 3775 solius,
2663 3709 2757 3765 sed
2809 3717 2863 3765 et
2916 3710 3144 3778 Chris‘i,
3178 3713 3273 3782 qui
3305 3720 3386 3768 est
3433 3714 3606 3784 gloria

2019 3796 2162 3868 ejus;
2196 3805 2256 3853 ut
2311 3796 2643 3869 signiﬁcaret
2691 3812 2800 3853 non
2854 3799 3031 3854 solum
3097 3801 3267 3854 Deum
3327 3802 3598 3872 cognosci,

2021 3887 2114 3943 sed
2138 3894 2192 3943 et
2219 3902 2380 3958 opera
2405 3887 2523 3958 ejus
2552 3895 2606 3943 et
2632 3888 3060 3945 misericordiam
3095 3897 3148 3944 et
3174 3890 3596 3960 providentiam,

2022 3992 2127 4048 qua
2154 3975 2401 4032 condidit
2428 3983 2482 4032 et
2522 3977 2756 4033 salvavit
2787 3995 2955 4047 genus
3004 3978 3329 4047 humanum,
3362 3980 3512 4035 visus
3539 3979 3599 4035 in

2023 4064 2241 4123 Christo
2267 4082 2361 4137 per
2381 4066 2607 4137 gloriam
2630 4067 2851 4123 virtutis
2881 4085 3010 4124 sum.

2096 4165 2274 4237 (Vers.
2304 4166 2382 4238 7.)
2431 4190 2449 4213 ι
2473 4166 2741 4222 Habentes
2780 4175 2959 4221 autem
2990 4166 3305 4223 thesaurum
3337 4170 3357 4239 (
3366 4170 3417 4237 1)
3451 4169 3600 4226 hunc

2024 4255 2082 4311 in
2110 4255 2256 4311 vasis
2282 4254 2561 4322 ﬁctilibus,
2621 4262 2681 4309 ut
2726 4255 3049 4311 excellentia
3104 4256 3175 4311 sit
3206 4257 3428 4313 virtutis
3475 4259 3595 4326 Dei,

2024 4352 2076 4400 et
2103 4359 2212 4399 non
2240 4358 2309 4399 ex
2338 4342 2513 4398 nobis.
2549 4367 2567 4389 ι
2606 4342 2940 4399 Thesaurum
2985 4352 3380 4399 sacramentum
3433 4346 3598 4415 signi-

300 4437 498 4505 imago
527 4431 646 4487 Dei.
671 4456 690 4479 ι
731 4432 905 4488 Deum
938 4429 1078 4487 dicit
1106 4430 1452 4486 sazcularium
1475 4430 1913 4511 hominum,quia
1944 4474 1993 4531 Β
2025 4431 2209 4488 ﬁcavit
2230 4432 2327 4487 Dei
2358 4432 2416 4486 in
2436 4430 2675 4498 Christo,
2711 4432 2854 4504 quod
2892 4432 3241 4489 credentibus
3292 4434 3598 4531 manifesta-

302 4521 580 4581 malevoli
612 4530 740 4578 sunt
772 4538 897 4594 erga
928 4521 1094 4577 ﬁdem
1135 4519 1347 4577 Christi
1391 4535 1588 4575 sensus
1616 4523 1908 4596 obcancare,

308 4627 385 4668 ne
416 4610 647 4667 videant
694 4610 980 4666 veritatem
1035 4609 1321 4682 Evangilii
1361 4608 1662 4680 majestatis
1685 4611 1903 4671 Christi.

307 4700 434 4755 Hoc
484 4714 613 4770 ergo
665 4696 777 4753 illis
818 4706 1056 4770 praestat,
1105 4698 1250 4772 quod
1293 4699 1508 4755 volunt.
1562 4697 1700 4767 Quia
1762 4702 1904 4757 enim

308 4786 579 4843 malevoli
609 4794 740 4842 sunt
767 4786 1040 4856 homines,
1069 4795 1122 4843 et
1150 4789 1519 4860 intelligentes
1570 4806 1783 4859 verum,
1809 4790 1907 4847 di-

306 4884 453 4932 cunt
475 4890 591 4931 esse
622 4874 845 4944 falsum,
889 4875 947 4930 in
984 4891 1047 4930 eo
1078 4875 1196 4948 ipso
1233 4876 1604 4950 adjuvantur;
1651 4894 1720 4933 ne
1771 4896 1907 4951 pos-

306 4963 431 5021 sint
461 4962 700 5032 credere,
766 4962 915 5037 quod
960 4964 1156 5021 nolunt
1223 4964 1326 5037 (6).
1376 4964 1660 5023 Christum
1701 4974 1903 5037 autem,

404 5181 491 5253 (2)
523 5181 693 5253 (Rom.
719 5181 876 5250 edit.,
905 5196 1022 5252 quae
1048 5179 1104 5234 in
1124 5180 1203 5235 his
1230 5182 1478 5253 epistolis.

419 5253 477 5323 3)
507 5252 641 5309 Cod.
668 5252 851 5315 Corb.,
883 5254 1091 5307 nullum
1120 5252 1265 5323 efﬁcit
1297 5259 1608 5323 suspectum.

420 5322 478 5392 4)
510 5324 637 5379 Mss.
670 5324 894 5392 aliquot,
928 5329 987 5376 ut
1016 5323 1095 5376 vel
1120 5322 1224 5391 ipsi
1251 5322 1515 5381 credatur.

422 5394 481 5462 5)
520 5394 653 5451 Cod.
680 5394 824 5450 Vall.
854 5394 1017 5460 solus,
1050 5394 1321 5448 obcmcavit
1369 5411 1492 5464 erga
1521 5396 1674 5464 ﬁdem
1706 5396 1908 5453 Christi

319 5481 510 5520 scmus
539 5466 792 5535 ﬁdelium.
848 5465 1084 5519 Etcum
1138 5480 1266 5520 mss.
1328 5464 1675 5536 quibusdam,
1735 5469 1909 5523 lumen

326 5535 764 5608 glorimChristi.

403 5607 491 5679 (ὃ)
521 5605 646 5662 Mss.
678 5605 1125 5683 frequentissimi,
1156 5606 1297 5679 quod
1324 5605 1550 5664 volunt:
1581 5609 1784 5666 rectius
1828 5616 1905 5669 ta-

2014 5554 2203 5595 rum...

2023 4528 2131 4587 tur,
2160 4520 2457 4577 incredulis
2488 4536 2617 4576 vero
2647 4520 2879 4593 quodam
2914 4531 3114 4577 tectum
3169 4530 3249 4577 est
3287 4522 3593 4588 velamine;

2015 4607 2143 4681 quia
2172 4608 2314 4666 sicut
2355 4609 2643 4666 thesaurus
2681 4609 2738 4664 in
2780 4611 2996 4666 occulto
3040 4610 3283 4681 ponitur,
3310 4611 3464 4667 itaet
3517 4627 3597 4666 sa-

2013 4703 2351 4753 cramentum
2393 4696 2491 4752 Dei
2548 4697 2690 4753 intra
2724 4696 3026 4766 hominem,
3075 4697 3129 4752 id
3172 4705 3274 4765 est,
3323 4699 3381 4754 in
3435 4695 3597 4754 corde

2016 4784 2257 4841 humano
2284 4783 2653 4841 absconditur.
2688 4786 2845 4842 Hunc
2869 4802 2996 4858 ergo
3028 4786 3345 4844 thesaurum
3378 4788 3433 4844 in
3482 4790 3598 4845 ani'

2017 4889 2107 4929 nio
2152 4884 2205 4930 et
2250 4890 2473 4947 corpore
2515 4874 2651 4931 dicit
2709 4891 2823 4931 esse
2871 4893 2902 4931 a
2955 4878 3069 4933 Deo
3112 4877 3323 4946 datum,
3374 4884 3436 4932 ut
3466 4876 3595 4934 emi-

2017 4962 2203 5020 nentia
2222 4962 2445 5020 virtutis
2484 4964 2600 5035 ejus
2639 4973 2891 5036 appareat
2920 4983 3014 5037 per
3043 4966 3296 5022 homines
3341 4966 3594 5038 praedica-

2016 5182 2273 5261 menalii,
2303 5182 2533 5261 eteditz,
2562 5180 2933 5261 φησει-ποιηταί
3019 5251 3048 5261 η
3095 5256 3105 5261 Α
3214 5253 3262 5261 Α.

2117 5257 2170 5324 7)
2203 5253 2379 5327 Cori).
2402 5252 2608 5327 Codex,
2639 5252 2854 5327 semper
2879 5251 3416 5327 churitatentphristi.

2117 5257 2170 5324 7)
2203 5256 2379 5317 Corb.
2402 5256 2608 5319 Codex,
2639 5256 2726 5305 sed
2758 5269 2854 5322 per
2879 5256 3183 5306 charitatem
3205 5256 3416 5307 Christi.
3478 5316 3487 5326 Ι
3522 5314 3533 5327 .

2088 5256 2171 5395 $8)
2204 5326 2358 5381 Rom.
2390 5324 2546 5390 edit.,
2589 5323 2682 5393 qui
2716 5321 2915 5395 [nimus
2946 5322 3266 5376 increduli...
3327 5316 3590 5373 Hamilto-

2018 5394 2106 5452 tur
2132 5397 2265 5450 enim
2286 5402 2343 5449 ut
2370 5395 2723 5465 cogitationem
2750 5394 2987 5465 Imbvant,
3019 5402 3121 5447 etc.

2089 5468 2170 5538 (9)
2216 5458 2604 5538 Eademvedit.
2655 5465 2836 5538 Rom,
2874 5464 3141 5538 yabrmus
3178 5464 3349 5527 autem
3391 5458 3592 5517 thesau-

2251 5544 2310 5593 ut
2362 5536 2639 5593 eminentia
2682 5535 2815 5591 sit...
2868 5535 3127 5589 Thesauro
3181 5538 3593 5604 sacramentum,

2016 5615 2120 5671 etc.
