4112 6178
481 325 588 385 307

1514 307 1611 365 AD
1650 303 1884 361 OPERA
1915 300 1969 357 S.
2012 298 2345 360 AMBROSII
2382 297 2758 356 APPENDIX.

3656 288 3762 347 808

479 459 631 509 tores
683 443 1000 501 duntaxat:
1058 445 1123 495 ut
1185 430 1572 493 reconcilietur
1626 427 1810 485 omnis
1888 426 2073 497 lingua
2100 438 2151 496 Α
2180 426 2557 499 praedicantes,
2592 418 2917 479 inimicitias
2974 416 3081 476 sibi
3137 397 3450 473 excitabant
3481 422 3591 472 tam
3620 430 3652 470 a
3679 415 3771 472 Ju-

482 535 728 598 Creatori
782 547 903 597 suo,
955 541 1065 585 non
1107 526 1176 582 ad
1219 516 1710 580 honoriﬁcentiam
1758 515 2095 583 hominum,

483 625 576 684 sed
605 622 727 690 Dei,
749 619 845 692 qui
888 633 944 674 se
988 614 1299 673 manifestat
1338 624 1434 682 per
1476 606 1742 662 homines
1777 623 1789 662 :
1820 605 1916 678 qui
1950 620 2076 662 cum

483 712 725 772 humiles
769 716 824 765 et
856 703 1097 777 imperiti
1126 707 1324 766 essent,
1373 701 1704 767 acceperunt
1755 701 2077 765 potestatem

484 820 517 861 a
543 806 656 860 Deo
684 806 738 855 et
768 793 1026 868 loquendi
1049 788 1341 860 magnalia,
1377 793 1429 843 et
1446 783 1666 857 agendi.
1700 782 1920 843 Fictilia
1958 782 2075 853 (10)

484 906 615 962 ergo
634 902 764 944 vasa
790 877 1386 948 dicens,iniirmitatem
1407 881 1618 931 naturas
1640 871 1893 929 humanae
1913 869 2076 940 signi-

484 958 635 1046 ﬁcat,
676 990 798 1049 quae
830 971 973 1028 nihil
1004 973 1203 1040 potest,
1235 964 1342 1025 nisi
1364 976 1397 1018 a
1441 962 1566 1049 Deo,
1591 958 1861 1031 acciperet
1889 958 2080 1049 virtu-

483 1045 625 1134 tem,
650 1045 709 1120 et
734 1061 801 1118 ad
827 1058 1043 1116 laudem
1071 1070 1228 1113 suam
1258 1054 1403 1109 Deus
1430 1064 1526 1122 per
1554 1048 1671 1107 haec
1699 1061 1755 1105 se
1796 1045 2076 1134 praedicet,

485 1132 609 1229 quas
640 1150 861 1208 inﬁrma
878 1153 1011 1202 sunt
1035 1162 1050 1210 ;
1075 1149 1138 1198 ut
1167 1138 1343 1214 gloria
1363 1137 1457 1197 illi
1488 1136 1668 1205 detur,
1704 1150 1815 1194 non
1840 1132 2076 1201 homini,

488 1244 586 1321 qui
622 1256 694 1296 ex
720 1238 839 1293 luto
868 1233 1030 1291 ﬁctus
1055 1237 1159 1287 est.

564 1329 749 1402 (Vere.
782 1326 841 1395 8)
913 1346 932 1375 ι
987 1324 1050 1378 In
1094 1316 1354 1375 omnibus
1411 1329 1722 1389 pressuram
1753 1313 1918 1387 passi,
1985 1311 2081 1402 sed

489 1398 605 1478 non
651 1410 1012 1485 coangustati.
1049 1432 1069 1459 ι
1139 1408 1298 1464 Nunc
1355 1403 1596 1462 ostendit
1651 1409 1872 1474 propter
1935 1398 2084 1473 quod

492 1505 680 1566 idonei
712 1508 861 1557 erant
896 1496 1276 1570 praedicatores
1309 1512 1322 1561 ;
1359 1492 1488 1566 quia
1506 1507 1721 1564 semper
1746 1491 1859 1548 illis
1890 1490 1948 1549 in
1977 1504 2086 1545 ne-

491 1597 743 1656 cessitate
762 1591 939 1648 adfuit
968 1591 1131 1647 Deus.
1175 1611 1194 1637 α
1223 1586 1352 1643 Ideo
1383 1599 1718 1658 pressuram,
1749 1609 1769 1633 ι
1811 1583 1907 1649 ait,
1928 1605 1946 1631 ε
1968 1596 2084 1652 pas-

492 1686 562 1753 si,
592 1683 686 1743 sed
714 1697 826 1738 non
854 1676 1233 1749 coangustati:
1286 1700 1305 1723 ι
1379 1673 1487 1731 hoc
1527 1679 1629 1741 est,
1688 1686 1801 1729 non
1832 1668 2087 1743 permisit

2181 515 2316 575 diois
2343 530 2508 587 quam
2536 528 2569 571 a
2597 510 2914 584 gentilibus,
2953 522 3126 580 usque
3143 505 3213 565 ad
3233 514 3484 563 mortem.

2258 624 2440 695 (Vere.
2478 622 2593 692 13.)
2648 645 2668 668 ι
2709 618 2980 676 Habentes
3011 623 3193 671 autem
3234 613 3489 671 eumdem
3514 614 3770 686 spiritum

2186 706 2338 779 ﬁdei,
2366 733 2385 758 ι
2447 709 2554 765 hoc
2602 715 2704 774 est,
2764 720 3111 763 communem
3153 702 3434 775 spiritum,
3475 717 3574 774 per
3613 719 3773 776 quem

2187 800 2436 857 ﬁrmatur
2456 797 2614 865 ﬁdes,
2643 795 2911 851 habemus
2928 792 3215 849 vobiscum
3248 791 3391 863 (ili).
3439 789 3567 847 [deo
3626 791 3771 847 enim

2187 902 2286 960 pro
2313 887 2447 959 ipsis
2515 891 2667 942 tanta
2709 882 3018 956 patiebatur
3062 882 3222 948 mala,
3280 887 3343 935 ut
3383 879 3620 936 invicem
3669 880 3773 936 sibi

2186 978 2578 1051 copularentur
2615 977 2673 1031 in
2721 973 2846 1029 ﬁde.
2896 994 2915 1019 ι
2958 970 3268 1027 Secundum
3323 969 3469 1042 quod
3510 970 3775 1041 scriptum

2189 1075 2320 1123 est:
2374 1064 2614 1133 Credidi,
2685 1069 2904 1135 propter
2967 1059 3113 1133 quod
3170 1059 3385 1114 locutus
3440 1075 3557 1114 sum
3600 1059 3773 1131 (Psal.

2188 1170 2316 1223 σιν,
2339 1153 2466 1225 10);
2499 1158 2553 1209 et
2582 1166 2681 1207 nos
2717 1150 3014 1216 credimus,
3044 1154 3268 1219 propter
3302 1147 3450 1219 quod
3505 1155 3562 1203 et
3602 1148 3776 1221 loqui-

2097 1260 2157 1325 .
2187 1261 2334 1303 mur.
2369 1269 2388 1294 ι
2420 1244 2752 1314 Exemplum
2785 1240 2907 1296 ideo
2936 1237 3089 1294 dedit
3115 1237 3182 1294 de
3236 1239 3446 1310 psalmo
3481 1241 3777 1296 centesimo

2191 1335 2406 1393 decimo
2450 1332 2665 1406 quinto,
2727 1339 2789 1387 ut
2842 1328 3152 1386 ostenderet
3199 1327 3322 1384 ideo
3357 1345 3414 1385 se
3464 1338 3775 1402 promptum

2191 1437 2307 1480 esse
2334 1422 2403 1478 ad
2430 1420 2616 1478 omnia
2668 1418 2972 1486 toleranda,
3002 1418 3132 1490 quia
3167 1416 3343 1474 credit
3388 1417 3632 1476 futuram
3687 1437 3780 1476 re-

2192 1512 2606 1569 surrectionem.
2650 1509 2886 1566 Securus
2927 1523 3055 1580 ergo
3108 1505 3175 1562 de
3224 1508 3411 1563 futura
3456 1509 3590 1576 vita,
3634 1526 3779 1582 prae—

2193 1598 2361 1659 sentis
2411 1601 2538 1657 vitae
2592 1614 2703 1655 non
2760 1597 2924 1654 habet
2979 1612 3202 1663 curam;
3245 1597 3446 1669 quippe
3490 1614 3613 1654 cum
3678 1600 3781 1656 hoc

2191 1690 2465 1757 credatur,
2498 1695 2560 1745 ut
2587 1696 2722 1745 tunc
2772 1688 2868 1744 illa
2911 1687 3068 1743 beata
3106 1685 3223 1742 vita
3269 1694 3515 1756 speretur
3566 1688 3707 1757 (15),
3733 1690 3779 1745 si

493 1774 641 1831 Deus
668 1779 881 1827 tantum
931 1784 1030 1824 n03
1060 1763 1317 1856 ορῐξτίπξί,
1369 1769 1434 1856 ξπ
1489 1760 1857 1856 crederem»
1900 1760 2089 1856 (“mf
2117 1795 2164 1856 Β
2197 1782 2316 1839 haec
2357 1786 2763 1838 contemnatur.
2810 1778 3045 1834 Securus
3082 1791 3210 1849 ergo
3257 1778 3387 1851 quia
3420 1777 3566 1850 quod
3592 1778 3781 1834 credi-

492 1865 642 1937 piam
676 1858 842 1933 passi,
874 1857 969 1914 sed
993 1872 1105 1913 non
1136 1850 1422 1919 destituti;
1469 1872 1490 1900 ι
1544 1848 1603 1909 id
1657 1856 1760 1919 est,
1790 1850 1851 1908 in
1904 1846 2090 1921 inopia

494 1951 696 2027 positis
723 1947 902 2004 adfuit
926 1953 1112 2019 pastor
1139 1945 1303 2001 Deus.

574 2049 756 2121 (Vera.
788 2046 872 2115 9.)
928 2067 947 2091 ι
974 2040 1413 2098 Persecutionem
1442 2039 1607 2111 passi,
1639 2034 1733 2095 sed
1759 2050 1873 2092 non
1926 2034 2092 2093 dere-

498 2135 640 2194 licti.
672 2159 692 2183 ι
733 2132 937 2190 Verum
967 2139 1069 2198 est,
1105 2130 1236 2200 quia
1260 2128 1582 2185 consulebat
1608 2126 1688 2182 eis
1740 2124 1885 2181 Deus
1944 2121 2088 2195 (11),

496 2241 570 2283 ne
625 2223 757 2281 satis
811 2221 917 2277 sibi
971 2220 1216 2278 facerent
1270 2218 1338 2275 de
1367 2216 1456 2275 his
1507 2215 1743 2272 inimici.
1799 2237 1820 2263 α
1862 2212 2088 2284 Dejecti,

498 2315 595 2375 sed
624 2327 734 2369 non
765 2311 1026 2384 perimus,
1058 2334 1078 2358 ι
1148 2309 1206 2367 id
1253 2316 1355 2375 est,
1422 2304 1744 2361 verberibus
1800 2300 2085 2375 prostrati,

496 2404 595 2463 sed
624 2402 871 2458 obstante
898 2400 1011 2453 Deo
1036 2412 1147 2452 non
1187 2393 1546 2461 mortificati;
1580 2393 1698 2449 sive
1723 2391 1873 2447 enim
1931 2392 2093 2447 clau-

499 2495 572 2563 si,
627 2494 744 2550 sive
793 2486 1085 2552 vincnlati,
1135 2485 1411 2557 adjutorio
1470 2483 1571 2541 Dei
1624 2497 1819 2539 manus
1848 2480 2090 2538 hostium

509 2580 833 2640 evadebant.
893 2579 1141 2648 Denique
1180 2575 1383 2630 Paulus
1451 2579 1532 2652 et,
1559 2571 1698 2627 Silas
1728 2584 1855 2625 cum
1914 2576 2092 2626 essent

505 2670 702 2736 clausi,
729 2667 843 2741 jam
873 2666 1019 2733 caesi,
1042 2671 1097 2721 et
1127 2664 1289 2736 pedes
1316 2676 1503 2719 eorum
1529 2660 1643 2732 jam
1664 2665 1844 2716 essent
1873 2659 1931 2713 in
1960 2672 2090 2713 ner-

502 2778 577 2819 vo
615 2758 886 2825 conclusi,
914 2756 1120 2812 alacres
1150 2754 1420 2825 hymnum
1450 2750 1721 2809 canebant
1748 2746 2093 2816 Deo,fortio-

503 2866 593 2909 res
620 2850 689 2904 iis
718 2846 871 2911 facti,
901 2845 996 2914 qui
1026 2858 1138 2897 non
1168 2852 1323 2898 erant
1348 2842 1495 2898 caesi.

580 2945 764 3016 (Vere.
798 2939 911 3009 10.)
983 2960 1003 2984 ι
1040 2938 1262 3007 Semper
1319 2944 1551 2992 mortem
1580 2935 1804 2992 Domini
1861 2934 1988 2992 Iesu
2034 2934 2092 2990 in

514 3047 746 3106 corpore
807 3034 994 3084 nostro
1053 3024 1539 3082 circumferentes:
1590 3029 1731 3089 180
1781 3031 1847 3080 ut
1897 3031 1953 3080 et
1980 3024 2095 3079 vita

512 3130 642 3188 Iesu
672 3128 731 3183 in
756 3140 982 3197 corpore
1012 3131 1198 3180 nostro
1228 3122 1623 3179 manifestatur.
1653 3146 1673 3172 ι
1714 3118 1954 3177 Dubium
1983 3133 2171 3211 nonC

512 3230 616 3290 est,
650 3217 779 3292 quia
802 3217 859 3272 in
888 3214 1225 3288 martyribus
1251 3212 1503 3271 Christus
1527 3211 1819 3281 occiditur,
1859 3220 1913 3268 et
1942 3212 1999 3266 in
2029 3208 2098 3265 iis

510 3308 606 3383 qui
638 3323 736 3382 pro
765 3303 880 3361 ﬁde
910 3304 1196 3377 patiuntur
1225 3311 1318 3359 aut
1346 3303 1528 3360 exitus
1558 3302 1699 3376 (12),
1732 3307 1826 3358 aut
1851 3298 2096 3365 vincula,

511 3407 608 3457 aut
663 3395 891 3452 verbera
919 3392 1126 3451 Christi
1174 3392 1453 3465 passiones
1475 3398 1604 3447 sunt
1638 3410 1653 3459 ;
1683 3397 1745 3445 ut
1766 3398 1818 3445 et
1841 3388 1957 3443 vita
1984 3383 2101 3457 ejus

510 3502 571 3561 in
607 3502 831 3560 corpore
860 3501 1049 3542 eorum
1080 3484 1257 3556 palam
1289 3482 1403 3537 ﬁat.
1438 3482 1723 3537 Passiones
1772 3477 1917 3535 enim
1949 3484 2098 3542 sunt,

510 3590 632 3651 quae
679 3573 978 3649 ostendunt
1031 3572 1289 3629 meritum
1341 3568 1408 3625 ad
1440 3568 1683 3622 futuram
1709 3566 1906 3634 vitam,
1938 3579 2099 3637 quam

509 3664 766 3740 promisit
823 3662 1092 3721 Christus.
1137 3657 1291 3716 Unde
1347 3658 1456 3714 alio
1510 3657 1638 3713 loco
1684 3654 1867 3711 dicit:
1914 3675 1934 3700 ι
1962 3651 2100 3709 Cum

511 3755 785 3823 inﬁrmor,
811 3761 945 3809 tunc
981 3758 1176 3824 potens
1203 3764 1325 3806 sum
1385 3746 1475 3821 (II
1528 3747 1654 3805 Cor.
1680 3760 1784 3814 χιι,
1824 3742 1979 3816 10).»
2030 3742 2103 3797 Ει

512 3844 751 3902 iterum:
798 3865 816 3889 ι
840 3842 942 3897 Per
989 3839 1376 3896 tribulationes
1421 3843 1638 3913 oportet
1682 3850 1783 3892 nos
1810 3832 2015 3891 intrare
2043 3832 2100 3886 in

513 3948 744 4007 regnum
774 3931 874 3988 Dei
906 3931 1047 4003 (Act.
1084 3944 1203 3996 xxv,
1235 3927 1350 4000 21).
1384 3950 1403 3975 ι

587 4022 771 4095 (Vere.
808 4019 923 4091 11.)
969 4040 987 4065 ‹
1016 4014 1073 4074 Si
1122 4032 1249 4088 ergo
1298 4028 1400 4071 nos
1444 4015 1540 4087 qui
1580 4014 1825 4071 vivimus
1857 4011 1998 4086 (13),
2042 4010 2101 4066 in

524 4120 762 4169 mortem
812 4108 1083 4181 tradimur
1137 4112 1357 4179 propter
1395 4105 1579 4161 Iesum
1609 4123 1624 4171 ;
1652 4112 1715 4160 ut
1739 4110 1792 4159 et
1819 4101 1935 4158 vita
1977 4101 2104 4156 Iesu

528 4199 709 4269 palam
742 4198 835 4252 ﬂat
856 4198 911 4251 in
942 4197 1044 4252 hac
1079 4193 1303 4251 mortali
1331 4207 1492 4249 carne
1528 4198 1736 4247 nostra.
1769 4213 1790 4239 ι
1832 4189 2101 4261 Apertum

517 4292 603 4339 est
640 4283 786 4354 quod
817 4283 973 4351 dicit,
1014 4284 1143 4354 quia
1173 4282 1297 4337 ideo
1330 4281 1388 4336 in
1416 4288 1649 4336 mortem
1691 4278 1834 4334 tradi
1887 4282 2104 4349 propter

522 4371 731 4436 Iesum,
763 4370 966 4442 inquit,
998 4386 1109 4425 non
1151 4386 1485 4438 recusamus,
1530 4385 1655 4426 cum
1705 4366 1977 4440 possimus
2023 4347 2148 4419 vi-'

516 4476 686 4527 vere;
724 4466 787 4514 ut
818 4459 933 4514 vita
976 4473 1084 4529 qua
1128 4459 1432 4514 resurrexit
1477 4473 1510 4513 a
1562 4456 1798 4512 mortuis
1828 4454 2103 4522 Christus,
2138 4498 2187 4557 Β

516 4551 654 4609 huic
684 4549 904 4607 mortali
954 4547 1108 4606 carni
1152 4555 1353 4603 nostrae
1394 4556 1699 4619 praestetur,
1729 4546 1834 4603 hoc
1866 4555 1968 4616 est,
1996 4563 2108 4603 non

517 4641 717 4698 timere
746 4640 885 4698 mori
916 4646 1139 4714 propter
1159 4637 1608 4695 resurrectionem
1638 4636 1980 4712 promissam.

591 4744 774 4817 (Vere.
814 4744 926 4815 12.)
974 4768 993 4792 ι
1023 4744 1212 4818 Itaque
1240 4759 1388 4800 mors
1415 4741 1637 4818 quidem
1667 4741 1725 4797 in
1778 4740 1939 4798 nobis
1966 4752 2104 4811 ope—

520 4841 696 4903 ratur,
728 4833 845 4888 vita
882 4847 1014 4889 vero
1044 4833 1102 4888 in
1132 4833 1311 4890 vobis.
1341 4858 1360 4882 ›
1404 4833 1519 4893 Hoc
1555 4831 1710 4902 dicit,
1736 4832 1866 4904 quia
1893 4845 1993 4902 pro
2022 4844 2101 4884 sa-

520 4920 639 4980 lute
692 4936 882 4991 eorum
947 4920 1115 4976 morti
1159 4920 1595 4992 subjiciebantur
1625 4937 1641 4987 ;
1677 4917 1930 4990 gentibus
1957 4916 2103 4972 enim

596 5126 710 5198 (10)
742 5124 876 5181 Cod.
911 5122 1103 5198 σοι-0.,
1136 5121 1350 5198 Fictilia
1412 5137 1531 5198 ergo
1569 5138 1701 5198 casa
1746 5121 2105 5198 inﬁrmitatem

523 5192 738 5256 natura:
758 5199 1001 5251 humana;
1021 5194 1336 5265 significant,
1368 5192 1495 5263 quia
1522 5192 1657 5248 nihil
1673 5198 1843 5264 potest
1885 5193 2104 5263 aliquis,

522 5281 715 5405 etc('11)
750 5341 899 5398 Idem
924 5338 1045 5396 cod.
1071 5336 1257 5405 Corb.,
1278 5336 1665 5393 Consolabatur
1693 5352 1776 5392 eos
1804 5338 1964 5393 Deus.

628 5344 686 5399 11
750 5344 899 5398 Idem
924 5344 1045 5396 cod.
1071 5344 1257 5405 Corb.,
1278 5344 1665 5393 Consotabatur
1693 5352 1776 5392 eos
1804 5344 1964 5393 Deus.

597 5344 717 5485 (12)
751 5415 906 5485 Rom.
939 5409 1096 5478 edit.,
1143 5408 1433 5485 Patiuntur
1468 5413 1584 5485 aut
1627 5408 1818 5485 exsilia
1838 5426 1861 5474 ;
1886 5407 2107 5485 reliquae

526 5476 1063 5557 ac‘ms's.,pati-untur
1082 5476 1185 5536 aut
1225 5479 1417 5546 exitus,
1467 5476 1526 5533 id
1553 5486 1653 5546 est,
1681 5478 1868 5548 obitus,
1927 5476 2106 5547 caedes,

528 5563 635 5695 et?
653 5623 741 5696 13)
768 5626 973 5682 Eadem
1003 5626 1161 5681 Rom.
1188 5622 1347 5692 edit.,
1380 5624 1588 5695 Semper
1618 5623 1754 5678 enim
1772 5639 1866 5677 nos
1890 5624 1983 5694 qui
2034 5624 2108 5677 ei-

2198 1870 2302 1939 dit,
2360 1883 2553 1926 verum
2599 1875 2700 1935 est,
2748 1866 2912 1923 audet
2962 1866 3068 1922 hoc
3117 1866 3431 1938 praedicare,
3474 1874 3537 1922 ut
3559 1875 3782 1926 caeteros

2199 1960 2315 2033 spei
2334 1970 2455 2016 sum
2488 1957 2780 2030 participes
2804 1954 2988 2012 faciat.
3044 1976 3066 2002 ι
3086 1954 3330 2011 Scientes
3358 1954 3503 2027 quod
3532 1956 3624 2029 qui
3654 1973 3781 2014 sus-

2198 2049 2394 2107 citavit
2444 2048 2741 2105 Dominum
2772 2046 2976 2112 Iesum,
3005 2050 3060 2099 et
3093 2059 3192 2099 nos
3237 2059 3364 2100 cum
3390 2044 3517 2103 Iesu
3545 2046 3782 2102 suscita-

2200 2139 2282 2197 bit
2312 2135 2429 2211 (16)
2463 2145 2518 2193 et
2545 2136 2847 2194 constituet
2880 2133 3188 2189 vobiscum.
3224 2156 3243 2180 ι
3287 2134 3400 2190 Hac
3425 2149 3519 2206 spe
3547 2135 3682 2192 dicit
3708 2137 3780 2193 la-

2201 2226 2382 2283 borari
2411 2233 2633 2298 propter
2663 2224 2849 2289 ﬁdem,
2881 2221 3011 2294 quia
3033 2223 3345 2294 exemplum
3394 2223 3649 2294 praecedit
3703 2242 3781 2283 re-

2201 2317 2556 2377 surrectionis
2600 2313 2822 2372 Domini
2866 2314 3014 2381 Iesu,
3067 2312 3201 2385 quid
3252 2313 3427 2370 futuri
3465 2322 3627 2371 erunt
3688 2319 3779 2389 qui

2200 2407 2431 2465 credunt
2460 2424 2473 2473 ;
2502 2404 2632 2477 quia
2673 2426 2692 2451 ι
2716 2402 2857 2459 sicut
2915 2401 2974 2456 in
3012 2400 3187 2456 Adam
3224 2416 3413 2459 omnes
3450 2405 3779 2473 moriuntur,

2201 2495 2279 2553 ita
2298 2503 2353 2552 et
2381 2495 2440 2550 in
2471 2492 2695 2552 Christo
2733 2504 2924 2546 omnes
2955 2489 3388 2548 viviﬁcabuntur
3418 2492 3476 2563 (Ι
3504 2494 3629 2550 Cor.
3685 2509 3777 2563 xv,

2200 2585 2317 2655 22).
2350 2608 2369 2633 ι
2402 2582 2579 2638 Adam
2611 2580 2758 2636 enim
2789 2578 2969 2633 forma
2996 2579 3191 2634 mortis
3218 2586 3320 2647 est,
3350 2596 3512 2637 causa
3541 2584 3775 2655 peccati:

2200 2670 2453 2731 Christus
2499 2684 2628 2725 vero
2678 2668 2855 2723 forma
2890 2667 3018 2722 vitae
3066 2674 3286 2739 propter
3325 2667 3624 2740 justitiam,
3659 2673 3782 2745 quia

2200 2766 2482 2839 peccatum
2523 2773 2633 2815 non
2691 2756 2841 2825 fecit,
2880 2770 2981 2811 nec
3025 2754 3188 2809 dolus
3214 2755 3473 2813 inventus
3504 2767 3585 2815 est
3613 2758 3672 2816 in
3692 2777 3783 2817 ore

2202 2852 2339 2925 ejus.
2394 2852 2465 2909 Et
2518 2848 2781 2926 quoniam
2829 2845 3117 2919 participes
3163 2843 3262 2899 hos
3288 2849 3601 2905 communis
3656 2850 3785 2908 ﬁdei

2202 2942 2368 3015 dixit,
2409 2967 2430 2991 ι
2460 2942 2853 3005 resuscitatos,»
2870 2937 3069 3010 inquit,
3112 2936 3431 2993 «constituet
3456 2938 3771 2997 vobiscum-

2201 3042 2265 3093 ut
2291 3034 2457 3089 unius
2485 3031 2613 3087 ﬁdei
2652 3029 2709 3085 in
2758 3044 2869 3084 una
2896 3027 3007 3082 sint
3084 3024 3246 3081 domo
3282 3025 3448 3098 pacis.
3466 3027 3604 3085 Cum
3634 3030 3785 3087 enim

2203 3121 2524 3194 intelligunt
2576 3119 2704 3193 quia
2752 3132 2848 3189 pro
2876 3114 3008 3188 ipsis
3055 3114 3339 3193 patiuntur
3378 3115 3569 3185 exitia,
3601 3125 3657 3173 et
3692 3103 3784 3175 isti

2205 3210 2431 3269 solliciti
2463 3217 2591 3267 sunt
2625 3207 2692 3264 de
2731 3203 3076 3280 passionibus
3118 3203 3315 3259 horum
3363 3205 3516 3261 velut
3558 3222 3785 3279 compa-

2207 3301 2425 3368 tientes,
2457 3298 2623 3355 simul
2653 3304 2706 3353 et
2734 3293 3025 3368 participes
3051 3301 3212 3350 erunt
3236 3294 3292 3349 in
3323 3294 3439 3351 vita
3474 3298 3737 3368 promissa
3765 3315 3778 3364 ;

2208 3398 2270 3445 ut
2298 3390 2461 3445 simul
2493 3387 2821 3453 contristati,
2872 3384 3037 3441 simul
3089 3382 3374 3454 gaudeant.
3412 3385 3636 3459 Propter
3660 3387 3784 3444 illos

2208 3478 2288 3535 sic
2316 3477 2578 3550 loquitur,
2616 3476 2713 3548 qui
2751 3471 3208 3530 resurrectionem
3256 3472 3541 3546 negabant,
3572 3491 3705 3549 quos
3731 3484 3784 3533 et

2209 3566 2268 3622 in
2287 3566 2463 3641 prima
2490 3564 2719 3637 epistola
2736 3562 3053 3636 exprobrat.

2316 3672 2497 3748 (Vere.
2522 3671 2607 3741 14,
2637 3671 2752 3744 ili.)
2827 3695 2845 3720 ι
2874 3668 3070 3730 Omnia
3088 3670 3235 3729 enim
3291 3676 3510 3744 propter
3557 3687 3675 3741 vos,
3724 3681 3787 3730 ut

2210 3764 2380 3841 gratia
2425 3761 2707 3818 abundans
2778 3760 2919 3834 (17),
2985 3775 3081 3834 per
3125 3758 3423 3815 multorum
3493 3759 3782 3832 gratiarum

2209 3853 2476 3910 actionem
2507 3849 2750 3907 abundet
2786 3849 2853 3905 ad
2874 3849 3101 3923 gloriam
3129 3848 3247 3905 Dei.
3280 3872 3299 3896 ι
3341 3849 3386 3904 A
3423 3863 3646 3905 munere
3686 3866 3786 3906 suo

2208 3940 2353 4000 Deus
2397 3940 2612 3996 nullum
2655 3938 2834 3994 voluit
2878 3954 2993 3995 esse
3050 3938 3290 3995 alienum
3332 3952 3345 3991 :
3405 3944 3459 3993 et
3503 3937 3631 4011 quia
3673 3954 3788 3994 non

2211 4043 2399 4085 omnes
2426 4027 2649 4099 capiunt
2676 4024 2905 4081 verbum
2935 4024 3086 4093 ﬁdei,
3115 4024 3411 4096 Apostolus
3451 4024 3547 4080 Dei
3592 4023 3791 4080 volun-

2210 4125 2377 4175 tatem
2406 4116 2603 4182 sciens,
2633 4113 3034 4188 persecutiones
3069 4122 3123 4168 et
3168 4113 3411 4184 pericula
3435 4112 3546 4185 pati
3584 4128 3693 4169 non
3724 4114 3789 4169 ti-

2212 4202 2374 4270 muit,
2417 4202 2716 4261 dummodo
2764 4200 3020 4257 omnibus
3064 4198 3301 4256 ﬁdeliter
3344 4200 3680 4273 praedicaret,
3727 4210 3790 4257 ut

2214 4294 2397 4367 plures
2437 4300 2656 4366 possent
2704 4288 2959 4359 credere;
3010 4296 3073 4347 ut
3114 4289 3399 4346 abundans
3435 4289 3641 4346 donum
3690 4291 3789 4347 Dei

2213 4396 2323 4439 non
2360 4399 2457 4455 per
2483 4396 2779 4454 paucorum
2810 4379 3103 4453 gratiarum
3132 4380 3403 4435 actionem
3454 4380 3791 4435 minueretur

2212 4470 2280 4528 ad
2304 4469 2690 4528 contumeliam
2723 4470 2846 4536 Dei,
2874 4468 2968 4524 sed
2998 4466 3187 4521 multis
3224 4466 3517 4538 proﬁciens
3547 4467 3793 4526 afﬂueret

2216 4577 2313 4634 per
2340 4561 2641 4617 multorum
2673 4557 2968 4631 gratiarum
2999 4554 3272 4611 actionem
3306 4555 3374 4611 ad
3407 4558 3632 4630 gloriam
3670 4559 3788 4616 Dei.

2212 4647 2425 4718 Quanto
2471 4664 2598 4720 ergo
2653 4646 2746 4704 hic
2792 4646 2990 4719 dignus
3036 4645 3245 4700 honore
3286 4651 3385 4714 est,
3434 4647 3528 4720 qui
3553 4646 3793 4704 animam

2212 4754 2364 4795 suam
2410 4752 2622 4809 semper
2668 4736 2831 4791 morti
2863 4733 3135 4806 subjecit:
3166 4748 3236 4790 ne
3264 4733 3468 4790 donum
3498 4736 3595 4791 Dei
3638 4736 3796 4808 longe

2213 4827 2370 4882 aliter
2395 4825 2701 4898 proﬁceret,
2738 4838 2902 4897 quam
2948 4821 3139 4878 datum
3180 4828 3262 4879 est
3292 4822 3321 4879 ?
3364 4822 3644 4896 Numquid
3683 4840 3795 4880 non

2214 4929 2409 4987 magna
2467 4912 2801 4971 contumelia
2859 4911 2978 4983 ejus
3039 4919 3139 4980 est,
3175 4910 3270 4985 qui
3333 4925 3543 4967 orenam
3590 4911 3798 4970 faciens

2213 5128 2383 5183 vimus
2409 5127 2481 5182 Et
2502 5124 2663 5191 infra,
2696 5122 2802 5178 hoc
2830 5129 2929 5190 est,
2961 5138 3067 5177 non
3113 5122 3350 5176 timemus
3378 5122 3535 5178 mori.

2288 5198 2404 5269 (14)
2435 5196 2549 5254 Cod
2589 5194 2786 5262 Laud.,
2832 5194 3093 5266 Spiritum
3119 5210 3270 5265 quem
3319 5193 3477 5265 ﬁrma
3504 5193 3608 5265 ﬁde
3652 5192 3803 5250 habe-

2217 5268 2332 5324 mus
2352 5268 2632 5323 vobiscum.

2289 5339 2563 5412 (15)7Vet.
2592 5337 2725 5395 edit.
2764 5354 2828 5395 ac
2858 5354 2988 5394 mss.
3026 5336 3260 5409 aliquot,
3291 5341 3596 5410 prasente":
3638 5337 3808 5393 oihrm

2216 5411 2323 5467 non
2341 5411 2491 5465 habet
2516 5426 2716 5466 earum.
3334 5460 3339 5467 .

2438 5482 2595 5607 gem.
2629 5481 2789 5546 edit.,
2817 5488 2866 5536 et
2885 5496 2977 5562 nos
2991 5495 3094 5551 per
3118 5481 3295 5536 Iesum
3320 5479 3607 5536 meitabit.

2460 5552 2637 5609 .adem
2670 5553 2827 5609 Rom.
2860 5550 3015 5615 edit.,
3038 5558 3098 5608 ut
3129 5552 3327 5608 donum
3351 5551 3607 5608 abundare

2320 5546 2406 5617 17)
2438 5552 2637 5609 Eadem
2670 5553 2827 5609 Rom.
2860 5546 3015 5620 edit.,
3038 5558 3098 5608 ut
3129 5552 3327 5608 donum
3351 5551 3647 5608 abundans.
