4090 6182
842 196 873 203 Α..

257 225 362 283 309

1328 221 1683 279 COMMENT.
1727 221 1797 277 IN
1835 221 2049 279 EPIST.
2091 223 2137 277 II
2176 223 2272 277 AD
2312 220 2467 279 COR.

2552 176 2589 180 ’H
2610 176 2764 205 ’.τῖἷεὶν

3436 230 3541 289 310

259 353 595 424 epulentam,
649 363 713 405 ac
768 347 978 404 multos
1016 346 1277 415 invitans,
1332 365 1531 420 paucos
1573 348 1737 404 habet
1785 348 2052 411 inAlnti
2117 350 2401 417 fuerimus,
2467 350 2786 406 mdiﬁcalanr
2847 352 3189 410 inveniemus
3252 355 3311 409 in
3382 358 3536 412 coelis

264 456 471 497 summa
492 434 521 495 2

334 526 513 600 (Vera.
551 524 670 596 16.)
733 548 753 571 ι
784 522 1119 596 Quapropter
1144 540 1254 580 non
1289 524 1592 583 deﬁcimus.
1622 551 1642 576 ι
1685 522 1855 583 Mani-

264 616 454 676 festum
489 623 576 671 est
620 612 745 669 haec
790 610 856 668 ad
907 612 1238 684 superiorem
1287 629 1504 670 sensum
1542 615 1851 685 pertinere;

263 717 323 765 ut
358 706 513 764 enim
550 699 898 761 devotionem
941 718 1094 758 suam
1136 702 1316 759 adhuc
1346 704 1754 776 propensiorem
1796 703 1856 757 in

262 792 360 852 Dei
399 792 573 849 rebus
617 789 880 857 ostendat,
923 786 1043 846 haec
1073 788 1323 862 subjecit,
1355 789 1555 863 quibus
1583 789 1738 845 nullo
1772 806 1857 861 ge-

269 898 401 938 nere
437 880 664 937 deﬁcere
692 895 747 933 se
785 875 980 950 probat
1022 877 1315 950 quominus
1344 876 1400 933 id
1430 876 1578 951 quod
1604 879 1717 933 Deo
1746 876 1857 948 pla-

266 969 440 1027 citum
482 976 581 1034 est,
632 960 970 1040 impleatur;
1018 982 1240 1023 securus
1284 975 1467 1023 tamen
1519 966 1586 1022 de
1623 981 1856 1021 resurre-

267 1060 446 1117 ctione
477 1056 770 1131 promissa.
815 1079 835 1102 ι
863 1056 933 1112 Et
960 1054 1092 1111 licet
1121 1057 1165 1111 si
1196 1056 1435 1112 exterior
1463 1055 1632 1110 homo
1672 1061 1860 1109 noster

267 1147 687 1218 corrumpitur;
720 1141 809 1199 sed
852 1143 1080 1199 interior
1111 1142 1226 1213 (18)
1260 1151 1555 1199 renovatur
1584 1141 1651 1196 de
1679 1141 1766 1197 die
1801 1141 1860 1195 in

272 1236 443 1293 diem.
473 1260 493 1283 ι
556 1232 846 1300 Pressuris,
892 1232 1087 1304 plagis,
1123 1231 1286 1300 fame,
1328 1232 1442 1300 siti,
1491 1231 1714 1302 frigore,
1764 1245 1861 1284 nu-

273 1323 441 1380 ditate
487 1339 610 1379 caro
639 1320 1027 1391 corrumpitur,
1062 1320 1157 1377 sed
1187 1320 1370 1376 anima
1399 1336 1491 1391 spe
1522 1317 1693 1374 futuri
1726 1332 1859 1390 prae-

275 1414 366 1470 mii
416 1418 734 1475 renovatur,
782 1408 914 1481 quia
960 1408 1196 1466 assiduis
1242 1407 1695 1465 tribulationibus
1737 1422 1862 1478 pur-

278 1511 441 1578 gatur.
476 1499 707 1557 Proﬁcit
736 1498 886 1554 enim
918 1496 976 1553 in
1006 1515 1275 1570 pressura,
1318 1514 1429 1554 non
1460 1496 1668 1564 interit,
1701 1495 1776 1550 ita
1802 1502 1865 1550 ut

279 1590 651 1650 Iccedentibus
718 1586 1119 1643 tentationibus
1186 1585 1432 1660 quotidie
1490 1584 1740 1658 acquirat
1798 1580 1866 1636 ad

1965 438 2187 495 domum
2247 451 2522 496 atternam.
2584 442 2707 496 Haec
2752 442 2947 498 domus
2992 461 3187 517 corpus
3236 444 3543 503 immortale

1965 530 2254 602 signiﬁcat,
2288 531 2344 585 in
2376 547 2483 602 quo
2513 540 2870 603 resurgentes,
2908 548 3117 605 semper
3144 534 3367 603 erimus,
3387 533 3547 607 cujus

1966 617 2277 778 formziggm
2328 617 2385 672 in
2432 617 2583 675 coelis
2627 626 2708 675 est
2746 620 2803 675 in
2845 622 3068 677 Domini
3119 638 3341 696 corpore
3370 622 3547 681 decla-

1967 715 2081 762 rata
2240 750 2251 761 .

1967 715 2081 762 rata
2113 715 2251 762 (20).

2042 814 2221 886 (Vers.
2278 813 2333 879 2,
2391 814 2470 886 3.)
2541 839 2559 862 ι
2605 814 2823 870 Etenim
2870 815 2929 871 in
2972 810 3085 879 hoc
3139 819 3547 892 ingemiscimus

1968 903 2283 960 habitaculo
2339 912 2545 972 nostro,
2594 906 2741 977 quod
2787 905 2853 961 de
2895 908 3031 960 uelo
3074 916 3173 975 est,
3223 912 3547 982 superindui

1969 996 2279 1066 cupientes;
2302 994 2573 1065 siquidem
2605 995 2805 1062 induti,
2837 1013 2947 1052 non
2977 996 3112 1052 nudi
3141 998 3533 1058 inveniamur»

1969 1082 2258 1155 Propterea
2313 1083 2449 1137 dicit
2503 1083 2560 1137 in
2608 1084 2860 1154 precibus
2910 1084 3218 1155 ingemisci,
3272 1096 3331 1144 ut
3376 1089 3549 1162 gloria

1971 1172 2237 1243 promissa
2264 1170 2331 1226 de
2360 1170 2512 1228 caelis
2556 1171 2725 1243 possit
2757 1179 3095 1241 resurgentes
3144 1173 3385 1230 induere.
3435 1178 3548 1233 [Ioc

1944 1277 2099 1333 _:ergo
2153 1258 2519 1316 desiderantes
2592 1260 2854 1314 insistunt
2919 1260 3195 1330 precibus;
3255 1278 3323 1316 ne
3378 1280 3547 1318 resur-

1974 1357 2179 1423 gentes,
2212 1356 2425 1420 recepto
2454 1349 2642 1421 utique
2685 1364 2929 1418 corpore,
2962 1348 3120 1413 nudi,
3171 1348 3227 1404 id
3266 1358 3348 1405 est
3386 1352 3551 1407 alieni

1973 1455 2006 1495 a
2032 1438 2296 1510 promissa
2336 1437 2507 1507 gloria
2554 1436 2925 1491 inveniantur.
2962 1436 3075 1491 Hoc
3120 1438 3265 1492 enim
3309 1455 3446 1509 opus
3473 1448 3553 1495 est

1973 1536 2036 1585 ut
2064 1528 2257 1582 induta
2282 1525 2464 1580 anima
2490 1540 2733 1595 corpore,
2767 1523 2863 1579 Dei
2890 1523 3101 1594 judicio
3130 1526 3554 1596 superinduatur

1973 1627 2028 1676 et
2075 1618 2265 1690 gloria,
2300 1631 2419 1687 quae
2474 1620 2555 1668 est
2592 1612 2905 1668 immutatio
2949 1614 3008 1667 in
3055 1615 3376 1670 claritatem.
3408 1616 3553 1673 Mors

278 1686 569 1777 memmi
601 1691 735 1751 quia
848 1692 1065 1748 carpo“
1095 1683 1375 1777 (“irruptio
1417 1678 1552 1736 181
1595 1672 1711 1728 haec
1744 1687 1863 1745 pro"
1892 1697 1942 1759 Β
1977 1672 2121 1766 enim
2160 1672 2277 1777 (21)
2315 1672 2392 1759 Ide
2437 1712 2582 1758 terra
2611 1711 2705 1763 est,
2748 1702 3070 1757 resurrectio
3100 1719 3230 1758 vero
3258 1703 3325 1759 de
3360 1706 3547 1773 caelis;

281 1774 394 1835 ﬁcit
424 1775 493 1832 ad
521 1773 998 1830 immortalitatem
1024 1774 1219 1829 merito
1245 1774 1462 1829 animae.

354 1867 540 1939 (Vere.
576 1864 688 1937 17.)
747 1887 767 1911 ‹
803 1862 865 1919 Id
907 1864 1054 1919 enim
1080 1862 1227 1937 quod
1255 1864 1313 1918 in
1351 1859 1605 1935 praesenti
1634 1867 1716 1915 est
1751 1874 1863 1914 mo-

280 1962 642 2014 mentaneum
673 1961 726 2010 et
755 1953 870 2008 leve
901 1967 1165 2025 pressura:
1196 1959 1418 2020 nostrae,
1449 1965 1614 2022 supra
1641 1946 1866 2003 modum

277 2044 336 2102 in
386 2040 724 2099 sublimitate
770 2048 1035 2096 asternum
1100 2039 1286 2112 gloriae
1340 2037 1556 2111 pondus
1613 2043 1866 2109 operatur

275 2133 331 2192 in
368 2130 547 2190 nobis.
578 2157 599 2181 ι
666 2128 956 2186 Praesentis
997 2127 1256 2200 temporis
1306 2124 1713 2192 tribulationes,
1746 2139 1866 2195 quae

274 2239 433 2280 causa
464 2216 591 2277 ﬁdei
623 2220 974 2292 ingeruntur,
1005 2224 1411 2274 momentaneas
1439 2224 1493 2272 et
1532 2216 1678 2271 leves
1702 2212 1863 2281 dicit,

277 2312 402 2387 quia
431 2317 561 2367 sunt
603 2308 972 2381 temporales;
1022 2322 1185 2379 supra
1228 2304 1449 2361 modum
1481 2312 1663 2360 tamen
1695 2303 1751 2357 in
1780 2318 1868 2357 su-

273 2399 556 2459 blimitate
585 2409 847 2456 arternum
888 2396 1071 2470 gloriae
1104 2395 1318 2467 pondus
1352 2394 1561 2466 operari
1605 2391 1870 2465 patienti-

275 2487 402 2547 bus.
458 2487 655 2545 Parvis
698 2486 841 2542 enim
884 2484 1164 2541 laboribus
1213 2499 1410 2555 magna
1446 2476 1694 2537 redditur
1734 2495 1868 2533 mer-

278 2596 386 2647 ces,
416 2588 474 2636 et
501 2595 603 2650 pro
630 2576 737 2633 levi
762 2574 1113 2632 tribulatione
1135 2588 1297 2646 supra
1317 2569 1541 2628 modum
1564 2567 1870 2626 sublimitas

276 2667 472 2742 gloriae
500 2664 818 2740 pensabitur
842 2674 1131 2737 perpetuaa.

344 2759 538 2832 (Vers.
574 2756 688 2830 18.)
735 2780 753 2803 ι
779 2756 902 2813 Non
930 2749 1429 2826 contemplantibus
1455 2766 1574 2823 qua;
1590 2746 1870 2815 videntur,

277 2847 364 2905 sed
393 2864 525 2921 quas
558 2863 668 2902 non
722 2843 1020 2911 videntur;
1075 2859 1194 2916 quae
1240 2840 1387 2896 enim
1431 2838 1709 2903 videntur,
1741 2844 1872 2891 tem-

279 2938 496 3013 poralia
547 2942 716 2991 sunt:
773 2951 894 3007 quae
952 2948 1083 2988 vero
1137 2947 1250 2987 non
1300 2935 1619 2995 cernuntur,
1674 2932 1876 2981 aeterna

278 3011 423 3086 sunt.
464 3052 483 3074 ι
539 3022 888 3083 Desiderium
935 3021 1240 3079 ccelestium
1286 3026 1342 3074 et
1365 3014 1738 3089 spiritualium
1782 3011 1873 3067 ha-

280 3117 499 3185 bentes,
558 3112 675 3171 haec
727 3111 1014 3186 praesentia
1061 3118 1118 3165 et
1173 3117 1388 3164 terrena
1446 3118 1698 3178 spernere
1753 3117 1873 3174 pro-

280 3207 515 3272 ﬁtetur;
564 3204 694 3275 quia
726 3201 797 3257 ad
844 3198 1304 3273 comparationem
1351 3190 1725 3267 spiritualium
1759 3188 1877 3245 haec

278 3299 433 3354 nulla
513 3300 664 3349 sunt.
733 3289 823 3348 Sic
893 3289 1040 3346 enim
1110 3294 1240 3343 sunt
1302 3284 1420 3340 haec
1484 3281 1551 3338 ad
1623 3294 1873 3353 superna,

276 3383 564 3460 quomodo
594 3381 771 3454 ﬁgura
795 3379 863 3436 ad
907 3378 1193 3435 veritatem
1231 3393 1243 3431 :
1277 3374 1451 3446 ﬁgura
1478 3366 1707 3443 deperit,
1737 3366 1877 3423 veri-

272 3457 348 3534 tas
396 3479 634 3539 manet;
683 3487 747 3527 ac
801 3484 897 3541 per
941 3467 1047 3522 hoc
1093 3463 1246 3521 exire
1293 3460 1363 3519 de
1391 3462 1497 3518 isto
1537 3457 1736 3516 saeculo
1765 3470 1877 3512 non

273 3567 543 3622 metuunt
565 3557 727 3633 justi,
758 3554 851 3614 sed
880 3553 1134 3630 gaudent.

915 3694 1142 3760 CAPUT
1180 3694 1251 3756 ν.

344 3832 552 3910 (Vera.
605 3832 686 3905 1.)
752 3853 773 3878 ι
818 3828 1035 3887 Scimus
1084 3830 1265 3882 autem
1323 3818 1454 3896 quia
1508 3816 1556 3876 si
1606 3814 1881 3873 terrestris

269 3904 492 3984 domus
525 3904 711 3979 nostra
754 3916 920 3988 hujus
949 3911 1306 3971 habitationis
1352 3908 1703 3974 dissolvatur,
1754 3904 1882 3978 quia

266 4011 715 4072 aediﬁcationem
750 4021 820 4060 ex
844 4006 956 4060 Deo
984 4001 1266 4068 habemus,
1287 3997 1515 4056 domum
1548 4012 1656 4051 non
1694 4009 1880 4049 manu-

266 4097 524 4161 factam,
551 4102 804 4149 aeternam
853 4091 911 4145 in
940 4090 1110 4147 coelis.
1142 4115 1161 4137 ι
1210 4090 1333 4145 Haec
1362 4084 1569 4142 ﬁducia
1596 4078 1734 4138 dicit
1772 4096 1882 4136 non

268 4177 618 4243 timendum
649 4178 876 4233 dissolvi
901 4177 968 4232 de
1002 4191 1225 4248 corpore
1261 4173 1524 4231 violentia
1550 4168 1882 4236 inﬁdelium,

267 4281 381 4333 aut
452 4275 604 4326 sorte
660 4266 839 4330 vitae;
903 4263 1030 4333 quia
1094 4271 1389 4332 praeparata
1443 4269 1522 4316 est
1563 4256 1883 4331 hujusmodi

269 4358 625 4421 hominibus
655 4349 933 4410 habitatio
962 4349 1021 4404 in
1054 4348 1207 4403 coelis
1252 4355 1468 4414 aeterna,
1497 4356 1557 4403 ut
1587 4349 1651 4403 de
1678 4357 1884 4421 tempo-

1979 1800 2024 1855 si
2073 1805 2254 1852 tamen
2294 1795 2611 1850 immutetur
2658 1792 2716 1846 in
2761 1791 3011 1861 gloriam.
3059 1792 3171 1847 Alii
3213 1793 3427 1848 codices
3475 1795 3553 1849 sic

1978 1889 2214 1947 habent:
2258 1909 2276 1935 α
2306 1886 2586 1958 Siquidem
2634 1882 2945 1954 exspoliati,
2992 1898 3104 1938 non
3130 1881 3265 1938 nudi
3313 1883 3554 1938 invenia-

1980 1998 2139 2039 mur:
2171 2003 2192 2030 ι
2252 1978 2308 2034 id
2353 1985 2454 2045 est,
2498 1976 2544 2033 si
2591 1982 2851 2031 exeuntes
2891 1973 2959 2029 de
3004 1988 3230 2045 corpore
3275 1960 3593 2031 Christum\

1980 2069 2165 2127 vestiti
2194 2066 2459 2124 fuerimus
2486 2084 2500 2132 ;
2535 2064 2663 2137 quia
2695 2064 3011 2135 quicunque
3039 2063 3098 2117 in
3127 2060 3346 2118 Christo
3383 2050 3556 2133 bapti-

1978 2168 2190 2228 zantur,
2249 2157 2528 2216 Christum
2579 2152 2817 2210 induunt
2860 2151 2974 2223 (22)
3034 2150 3238 2222 (Galat.
3300 2166 3382 2219 ιιι,
3439 2152 3553 2223 27).

1981 2252 2167 2323 Itaque
2196 2248 2242 2305 si
2272 2249 2329 2303 in
2366 2247 2540 2301 forma
2566 2241 2823 2316 baptismi
2852 2249 2906 2297 et
2944 2239 3260 2296 traditionis
3301 2239 3556 2295 manseri-

1981 2356 2124 2407 mus,
2155 2336 2446 2412 exspoliati
2475 2346 2723 2404 corpore,
2751 2346 2863 2386 non
2892 2329 3029 2385 nudi
3058 2328 3407 2396 invenimur;
3430 2328 3559 2401 quia

1982 2429 2041 2485 in
2088 2427 2347 2483 interiore
2394 2423 2618 2479 homine
2652 2420 2862 2476 habitat
2914 2417 3184 2485 Christus,
3234 2433 3394 2488 quem
3430 2433 3556 2472 cum

1983 2516 2186 2581 induti,
2216 2515 2332 2570 sive
2382 2512 2591 2583 Spiritu
2626 2516 2817 2564 sancto
2859 2506 2987 2563 dato
3023 2505 3182 2560 nobis
3224 2505 3556 2573 videbimur,

1984 2605 2188 2662 erimus
2215 2600 2367 2672 digni
2396 2595 2715 2670 superindui
2748 2594 3015 2666 promissa
3040 2591 3247 2647 caelesti
3277 2593 3466 2662 gloria.
3496 2594 3560 2647 In

1979 2696 2143 2752 illum
2172 2693 2318 2749 enim
2349 2688 2564 2745 decidet
2594 2685 2862 2757 promissa
2887 2682 3127 2749 claritas,
3162 2697 3324 2753 quem
3357 2682 3559 2738 viderit

1984 2785 2200 2856 signum
2232 2777 2542 2852 adoptionis
2568 2774 2787 2832 habere.

2060 2900 2239 2973 (Vers.
2286 2896 2367 2968 4.)
2411 2918 2431 2941 ι
2458 2894 2593 2950 Nam
2635 2904 2760 2947 cum
2789 2900 2979 2946 sumus
3018 2888 3078 2944 in
3116 2885 3223 2943 hoc
3248 2898 3497 2959 corpore,
3522 2914 3545 2938 ι

1984 2985 2043 3049 id
2098 2996 2199 3056 est,
2246 2986 2487 3053 mortali,
2556 3008 2574 3031 ι
2604 2980 3011 3054 ingemiscimus
3069 2978 3182 3051 (23)
3216 2980 3464 3050 gravati:
3497 2994 3561 3037 eo

1987 3077 2134 3152 quod
2161 3077 2419 3132 nolumus
2434 3072 2587 3140 exui,
2618 3070 2715 3127 sed
2733 3067 3053 3141 superindui
3081 3084 3095 3134 ;
3125 3076 3187 3122 ut
3209 3067 3563 3123 absorbeatur

1987 3166 2214 3224 mortale
2240 3163 2348 3220 hoc
2385 3176 2416 3218 a
2464 3161 2598 3216 vita.
2632 3180 2651 3208 ι
2695 3156 2843 3213 Idem
2884 3170 3076 3211 sensus
3119 3162 3231 3222 est;
3263 3154 3386 3211 ideo
3415 3158 3562 3211 enim

1988 3255 2124 3313 dicit
2172 3259 2419 3324 gravatos
2458 3264 2567 3304 non
2605 3244 2949 3319 passionibus
2980 3243 3246 3314 corporis,
3295 3251 3348 3298 et
3394 3243 3564 3314 ipsius

1987 3341 2179 3402 mundi
2218 3337 2651 3413 tempestatibus,
2684 3332 3079 3407 postulationes
3120 3330 3189 3385 ad
3230 3332 3402 3386 Deum
3433 3330 3563 3385 diri-

1988 3447 2132 3508 gere,
2159 3444 2227 3487 ne
2273 3428 2629 3483 immutemur
2678 3421 2833 3489 victi,
2865 3429 2920 3476 et
2960 3417 3170 3489 indigni
3214 3417 3561 3473 efﬁciamur:

1986 3506 2082 3581 sed
2133 3529 2197 3577 ut
2254 3514 2547 3588 contigerit
2605 3512 2808 3577 exitus,
2865 3515 3270 3581 perseverantes
3322 3506 3380 3561 in
3437 3506 3563 3575 ﬁde,

1986 3610 2170 3670 induti
2196 3606 2545 3665 inveniamur
2571 3607 2757 3659 sancto
2787 3597 3019 3671 Spiritu,
3050 3594 3147 3670 qui
3176 3595 3235 3650 in
3264 3594 3568 3651 substantia

1989 3698 2239 3760 Christus
2268 3703 2368 3753 est.
2401 3693 2555 3750 Tunc
2583 3692 2731 3747 enim
2758 3684 3081 3759 superindui
3106 3682 3370 3757 promissa
3397 3682 3570 3755 gloria

1989 3788 2312 3865 poterimus,
2356 3783 2402 3840 si
2433 3782 2586 3837 exuti
2619 3792 2867 3850 corpore,
2900 3788 3011 3833 non
3042 3772 3330 3846 despoliati
3360 3788 3391 3828 a
3418 3790 3566 3829 sanc-

1989 3861 2047 3937 to
2075 3877 2282 3950 Spiritu
2318 3871 2602 3927 fuerimus.
2636 3867 2726 3924 Sic
2776 3865 3005 3921 mortale
3030 3863 3351 3919 absorbetur
3374 3877 3402 3915 a
3429 3861 3565 3926 vita,

1991 3968 2048 4025 id
2076 3948 2179 4034 est,
2210 3970 2273 4020 ut
2299 3965 2638 4031 resurgentes
2674 3952 3134 4027 superinduamur
3162 3948 3567 4005 immortalitate

1990 4072 2116 4115 cum
2149 4052 2356 4127 gloria;
2391 4066 2458 4106 ne
2495 4048 2641 4104 ultra
2679 4044 2818 4100 mori
2856 4041 3045 4114 possit,
3093 4044 3186 4094 aut
3227 4035 3569 4107 passionibus

1993 4121 2263 4217 implicari
2296 4159 2306 4197 :
2348 4146 2402 4195 et
2447 4138 2554 4193 hoc
2592 4140 2675 4190 est
2723 4128 3001 4188 absorberi
3030 4143 3062 4180 a
3109 4125 3223 4179 vita
3261 4121 3372 4217 (2(a)
3409 4139 3422 4189 ;
3458 4136 3569 4176 non

1993 4210 2141 4293 enim
2170 4229 2433 4287 dicendus
2462 4231 2543 4281 est
2571 4218 2849 4279 absorberi
2875 4232 2906 4271 a
2940 4215 3074 4281 vita,
3104 4212 3198 4285 qui
3226 4210 3294 4266 ad
3322 4210 3428 4266 hoc
3455 4220 3569 4266 sur-

1996 4324 2094 4397 git,
2121 4327 2182 4376 ut
2202 4318 2377 4391 prenis
2405 4320 2611 4385 agatur.

273 4453 383 4510 rali
452 4454 511 4503 et
566 4453 781 4501 terrena
860 4436 1099 4511 expulsi,
1177 4434 1237 4491 in
1302 4440 1610 4505 perpetuam
1663 4436 1869 4492 domun

2072 4428 2251 4501 (Vers.
2285 4422 2365 4495 5.)
2413 4443 2430 4467 ι
2453 4417 2559 4485 Qui
2589 4422 2768 4471 autem
2789 4408 3003 4484 perﬁcit
3030 4424 3130 4464 nos
3154 4404 3211 4462 in
3239 4403 3347 4461 hoc
3371 4405 3573 4477 ipsum,

277 4492 655 4610 recipiantur.
705 4529 862 4588 Unde
914 4492 969 4584 et
1018 4492 1127 4582 hoc
1175 4492 1480 4597 optandtim
1539 4529 1634 4591 est,
1677 4523 1723 4578 si
1773 4524 1891 4581 ﬁeri
1998 4492 2144 4577 Deus
2173 4522 2284 4610 est:
2313 4492 2407 4609 qui
2436 4507 2600 4606 etiam
2631 4502 2786 4559 dedit
2816 4498 2975 4598 nobis
3004 4498 3203 4610 pignu‘s
3240 4492 3561 4610 Spiritum.

277 4582 479 4705 pote‘st
512 4644 527 4695 ;
561 4621 654 4679 sed
687 4620 814 4694 quia
841 4617 947 4675 hoc
988 4614 1292 4689 optandum
1328 4628 1441 4668 non
1492 4619 1592 4679 est,
1622 4625 1693 4666 ne
1719 4611 1777 4666 in
1804 4619 1894 4669 tua
2000 4608 2117 4664 Hoc
2145 4600 2291 4677 quod
2336 4594 2752 4705 ingemisc‘entes
2795 4587 3090 4682 Ροεοίωιξε»,
3132 4582 3191 4705 id
3228 4590 3329 4651 θεῖ,
3517 4593 3579 4639 ιιι

1310 4703 1317 4705 1
1341 4702 1356 4705 _
1432 4701 1443 4705 _
1510 4701 1603 4705 --ᾼ.
1667 4700 1723 4705 ---
2114 4694 2125 4704 α
2239 4689 2256 4705 1
2319 4695 2332 4705 ι
2384 4704 2389 4705 ,
2438 4681 2993 4705 ,_..!.__..:_.--nnm-1h
3033 4686 3125 4705 ‘II'
3161 4684 3362 4705 ηιιιηιεη
3410 4686 3455 4705 II.
3486 4685 3575 4705 nm

316 4668 479 4687 νιν-ν’
512 4669 527 4695 9
561 4668 654 4679 ννν·
690 4668 814 4694 1-"—
842 4668 942 4675 --νν
996 4668 1289 4689 -τ-ᾐ--κπη
1576 4668 1591 4679 ,
2160 4668 2179 4677 ⁸
2404 4668 2419 4671 _

281 4668 474 4794 gloria
504 4713 650 4771 alius
680 4716 893 4785 pereat;
927 4708 973 4763 si
992 4714 1176 4763 tamen
1205 4701 1471 4763 acciderit
1498 4701 1638 4773 (19),
1665 4700 1894 4758 libenter
2002 4694 2151 4762 exui,
2169 4689 2262 4749 sed
2276 4695 2339 4745 ut
2353 4681 3013 4794 superinduim'e‘reamur,
3028 4672 3189 4794 jpxta
3204 4668 3578 4794 supradictnm

1408 4793 1419 4794 ί
2292 4778 2305 4792 ο
2391 4776 2459 4794 ν-
2516 4772 2569 4794 :__
2617 4768 2704 4794 :-::
2789 4780 2907 4794 ...η-η
2959 4777 3053 4794 ηηιι
3072 4774 3216 4794 πέδοι-Δ
3288 4759 3381 4794 mit
3406 4774 3417 4788 ο
3452 4756 3576 4794 (mia

300 4756 474 4777 νιυιις.
504 4756 650 4771 ..η-μυ
718 4756 893 4777 νην,
927 4756 973 4763 --
1000 4756 1176 4763 ηπ---
1207 4756 1413 4763 “nm-
1458 4756 1515 4773 η
1724 4756 1733 4757 κ
2136 4756 2147 4762 ,
2420 4756 2436 4759 _

282 4756 594 4867 ierendum
652 4756 752 4859 est.
809 4800 1135 4857 Terrestrem
1193 4795 1341 4853 enim
1392 4793 1618 4850 domum
1674 4808 1892 4849 carnem
2001 4799 2239 4850 sensum,
2290 4778 2349 4835 in
2377 4776 2466 4832 die
2510 4768 2708 4867 judicii
2738 4769 2910 4867 Deum
2959 4759 3217 4867 perﬁcere
3248 4756 3422 4867 dicit;
3452 4756 3583 4867 qqia

284 4844 439 4957 libari;
453 4844 655 4964 udixit,
688 4892 818 4967 quia
860 4886 1103 4945 mortalis
1143 4892 1254 4943 est:
1296 4892 1361 4940 ut
1388 4882 1435 4939 si
1480 4880 1548 4938 de
1593 4879 1696 4937 hac
1723 4844 1892 4937 diss;
2000 4844 2258 4949 promisit
2281 4869 2423 4942 (25),
2443 4873 2497 4921 et
2516 4860 2694 4917 ﬁdelis
2710 4865 2813 4924 est,
2841 4853 2979 4911 dans
2999 4849 3165 4922 huius
3187 4848 3268 4905 rei
3290 4844 3581 4921 implenda

2077 5051 2195 5125 (23)
2222 5052 2381 5125 Rom.
2414 5043 2573 5110 edit.,
2604 5040 2743 5096 Nam
2783 5034 2875 5107 qui
2914 5047 3092 5089 sumus
3122 5030 3179 5085 in
3216 5029 3310 5084 hoc
3346 5039 3578 5096 corpore,

2004 5123 2431 5195 ingeniisqimtts.“
2500 5184 2515 5195 .
2634 5177 2755 5195 ᾗ..
3016 5176 3037 5195 Δ
3105 5186 3137 5195 _
3179 5168 3357 5195 -..μυ

2079 5161 2580 5266 (ἷῖίῖξξᾷξίυὶὶοτὺη
2625 5180 2698 5265 Et
2736 5177 2854 5250 ipsa
2898 5176 3062 5230 morte
3103 5168 3478 5266 postu'lqtip'rief
3493 5161 3584 5266 “and

2007 5241 2192 5324 Deli—nt,
2225 5241 2470 5331 diriget},
2517 5241 2579 5310 ut
2622 5241 2794 5331 ipsum
2832 5263 3021 5328 corpus
3060 5241 3583 5331 naulual'ienelun'ao-

2168 5304 2255 5389 sed
2287 5304 2564 5399 uthenipcr
2594 5304 2879 5399 inlduamin‘
2904 5304 3317 5399 immortalitate,
3350 5324 3410 5399 ’ξε
3428 5304 3585 5399 Aulim.

2008 5388 2146 5464 mori
2204 5378 2532 5476 possit,gaitt
2577 5394 2907 5476 passionibus
2969 5381 3229 5476 i‘ntp‘licqr-i
3281 5395 3298 5431 :
3356 5378 3450 5429 hoc
3513 5378 3590 5428 est

2010 5456 2279 5536 absorberi
2301 5494 2333 5529 α
2367 5456 2490 5527 uita.
2527 5456 2654 5537 Qitis
2684 5472 2855 5537 animi}
2884 5458 3105 5537 Ρθνβοίβ
3135 5456 3354 5537 θῩῨξψη,
3412 5516 3428 5537 _.

2086 5513 2908 5620 “Hoc
2935 5513 3073 5597 qz'iod
3091 5513 3376 5592 poscimus,
3408 5513 3468 5573 id
3494 5522 3583 5585 est,

372 5078 505 5151 (18)
536 5077 694 5132 Rom.
726 5068 1133 5151 edit.,'Et_licet
1155 5066 1254 5151 qui.
1273 5064 1412 5135 foris
1440 5067 1513 5118 est
1542 5062 1692 5118 homo
1720 5066 1895 5117 noster

296 5141 715 5217 corrumpatur,
747 5141 972 5217 interior
1003 5146 1190 5217 tamen,
1210 5143 1314 5216 etc.

369 5222 497 5293 (19)
532 5207 881 5293 ἰξοιειίειὶξμ,
905 5211 1024 5293 jam
1052 5207 1382 5293 σιειεδῑὶςςξει.

377 5277 508 5365 (21))
544 5285 678 5365 ng.
713 5277 877 5363 V'all.,
906 5277 955 5335 si
974 5288 1146 5365 tamen
1176 5277 1434 5365 occiderit.

379 5342 511 5431 (2i)
548 5342 696 5413 Mors
724 5342 912 5431 manu}.
938 5354 1006 5431 ab
1037 5350 1185 5428 hisce
1228 5347 1407 5428 verbis
1437 5362 1604 5431 usque
1634 5344 1721 5431 ad,
1761 5342 1899 5400 Nam

307 5414 440 5490 cunt—
454 5414 672 5494 sumus,
702 5433 807 5481 etc.
840 5414 977 5478 nihil
1007 5422 1295 5494 reperitur_
1318 5419 1372 5472 in
1400 5414 1532 5494 mss:
1558 5414 1719 5494 Cori).

410 5502 513 5574 22)
549 5486 672 5557 Mss:
704 5497 933 5570 aliquot,
962 5486 1255 5567 quiéunque
1280 5489 1600 5562 baptizatur,
1633 5486 1902 5547 Christum

316 5574 527 5632 induit.
