4090 6182
534 250 655 310 ’311

1560 251 1656 307 AD
1696 251 1927 307 OPERA
1963 250 2017 307 S.
2060 251 2390 310 AMBROSII
2428 251 2802 311 APPENDIX.

3719 261 3827 316 3l2

536 374 752 448 -pignus
793 371 1093 443 Spiritum;
1147 372 1263 448 ipse
1309 379 1393 432 est
1445 372 1591 431 enim
1621 373 1960 447 signaculum
1991 374 2134 433 ado-
2159 380 2207 439 A
2236 376 2453 449 quando
2493 378 2812 447 poenitentia
2858 376 3097 435 fructum
3146 376 3451 434 non'habet
3480 378 3623 450 (29).
3662 406 3681 429 ‹
3708 386 3824 442 Deo

553 460 761 537 ptionis
780 468 996 517 nostrae.

626 551 807 622 (Vers.
845 550 899 613 6.
931 550 1009 615 7.)
1046 576 1065 600 ι
1092 551 1350 609 Fidentes
1379 550 1548 622 igitur
1575 566 1806 625 semper,
1828 563 1882 610 et
1901 557 2132 614 scientes

532 646 681 720 .quia
730 645 1098 705 inhabitantes
1129 648 1185 704 in
1223 645 1361 702 182
1392 647 1497 704 hoc
1526 665 1769 718 corpore,
1813 654 2132 722 peregrina—

550 751 677 792 mur
703 752 735 791 a
762 736 1032 804 Domino;
1082 753 1178 809 per
1220 736 1383 793 ﬁdem
1430 738 1575 792 enim
1616 739 1980 807 ambulamus,
2022 758 2132 798 non

531 840 649 897 iper
676 826 930 895 speciem.
961 849 980 872 ι
1029 824 1378 881 Manifestum
1407 834 1487 881 est
1520 825 1649 897 quia
1676 844 1769 899 per
1812 828 1975 885 ﬁdem
2005 847 2130 888 cum

531 908 788 975 :Domino
830 929 1039 980 sumus,
1083 928 1194 969 non
1241 931 1335 986 per
1365 917 1747 986 praesentiam:
1779 935 1842 974 ac
1888 936 1978 986 per
2027 920 2132 977 hoc

528 1001 961 1077 ;peregrinamur
1004 1018 1115 1057 non
1147 1002 1274 1066 ﬁde,
1305 1004 1399 1059 sed
1429 1005 1629 1075 specie.
1668 1007 1738 1061 Et
1776 1024 1961 1078 quare,
2004 1025 2128 1065 cum

527 1087 690 1144 iidem
728 1088 874 1143 dicat
903 1088 960 1142 in
990 1089 1219 1145 Actibus
1247 1093 1621 1162 apostolorum
1645 1112 1658 1149 :
1706 1117 1725 1140 ι
1756 1096 1817 1150 In
1846 1095 1962 1167 ipso
1982 1096 2126 1151 enim

526 1175 811 1243 vivimus,
839 1184 892 1230 et
941 1193 1247 1246 movemur,
1281 1188 1335 1236 et
1362 1197 1552 1235 sumus
1584 1182 1724 1248 (Act.
1761 1199 1902 1251 xvu,
1932 1184 2024 1251 28)
2050 1203 2063 1247 ;
2094 1209 2113 1231 ιι

545 1263 652 1320 hoc
680 1264 800 1319 loco
832 1266 1161 1335 peregrinari
1194 1282 1293 1322 nos
1323 1284 1353 1322 a
1382 1270 1618 1325 Domino
1649 1270 1895 1326 dicit?Si
1926 1272 2129 1345 ubique

524 1358 644 1438 δεδι,
682 1352 957 1423 quomodo
995 1353 1087 1408 hic
1118 1354 1301 1425 positi,
1334 1357 1744 1431 peregrinamur
1770 1376 1801 1414 a
1838 1361 2073 1417 Domino
2099 1363 2127 1418 ?

542 1440 673 1496 Sine
723 1440 892 1495 dubio
933 1440 1155 1513 ubique,
1207 1443 1320 1498 imo
1365 1446 1551 1500 omnia
1592 1445 1649 1500 in
1697 1448 1810 1502 Deo
1838 1449 2123 1506 suntzsed

543 1529 671 1601 quia
698 1529 851 1584 sedes
879 1528 975 1584 Dei
1010 1530 1065 1584 in
1092 1532 1245 1587 oculis
1272 1541 1372 1600 est,
1409 1542 1463 1589 et
1492 1535 1607 1590 illic
1630 1551 1841 1607 semper
1871 1538 2123 1595 videtur:

523 1615 670 1670 'ideo
711 1615 801 1672 hic
844 1617 1030 1687 positi,
1063 1618 1157 1673 ubi
1194 1635 1303 1675 non
1334 1620 1573 1690 videtur,
1608 1624 1939 1695 peregrinari
1965 1627 2032 1682 ab
2061 1643 2125 1682 eo

2239 476 2417 524 autem
2472 468 2742 522 manifesti
2796 485 3020 533 sumus;
3056 494 3073 516 ι
3116 467 3220 523 hoc
3267 469 3413 523 enim
3473 470 3826 544 praedicabat,

2241 554 2387 624 quod
2441 556 2584 610 Deus
2624 555 2897 626 jusserat:
2958 562 3011 611 et
3067 556 3170 611 hoc
3219 556 3356 613 scire
3404 556 3609 614 dicitur
3658 563 3826 634 Deus,

2241 642 2385 706 quod
2433 643 2636 699 bonum
2683 655 2786 700 est.
2838 647 3085 713 Denique
3141 648 3281 702 male
3328 648 3616 717 agentibus
3646 651 3823 709 dicit:

2254 753 2272 776 ε
2305 732 2498 787 Nescio
2546 750 2642 788 vos
2675 736 2884 801 (Matth.
2918 752 3053 802 xxv,
3088 736 3199 801 i2).
3230 761 3248 783 ι
3284 769 3352 777 -
3388 761 3405 783 ι
3446 739 3613 809 Spero
3643 750 3827 799 autem

2241 827 2295 875 et
2350 820 2408 875 in
2464 821 2817 878 conscientiis
2870 826 3069 880 vestris
3120 825 3440 882 manifestos
3489 845 3589 885 nos
3625 848 3761 888 esse.
3796 858 3815 880 ι

2238 912 2527 969 Manifesta
2582 922 2695 969 erat
2748 915 2956 985 puritas
3025 933 3212 972 eorum
3270 917 3624 987 Corinthiis;
3701 926 3829 989 quia

2239 1015 2415 1071 neque
2444 1001 2737 1074 aliquando
2767 1003 2824 1057 in
2872 1003 3185 1061 adulatione
3235 1007 3449 1063 fuerant
3478 1010 3825 1080 deprehensi,

2239 1104 2414 1160 neque
2444 1090 2757 1159 praedicatio
2788 1092 3010 1148 illorum
3067 1094 3420 1165 displicuerat
3449 1101 3669 1164 sanctis,
3727 1119 3829 1160 nec

2238 1177 2305 1232 ab
2360 1178 2544 1250 aliquo
2591 1180 2811 1235 illorum
2871 1182 3190 1254 quidquam,
3241 1193 3301 1240 ut
3327 1186 3554 1254 adsolet,
3613 1192 3827 1246 occulte

2238 1266 2432 1337 ejicere
2457 1276 2802 1325 tentaverant
2827 1289 2840 1331 ;
2871 1280 2932 1327 ut
2961 1272 3095 1327 foris
3131 1273 3406 1346 simplices
3436 1277 3583 1348 apud
3616 1278 3822 1347 turbas,

2237 1353 2384 1410 intus
2440 1372 2569 1412 vero
2626 1357 2948 1430 impostores
3001 1370 3198 1417 essent.
3250 1363 3373 1418 Ideo
3431 1368 3823 1424 conscientiam

2188 1480 2193 1483 ς
2237 1442 2457 1498 illorum
2516 1446 2715 1517 pulsat,
2780 1455 2842 1504 ut
2898 1449 3002 1521 ipsi
3046 1450 3266 1507 sibimet
3311 1459 3474 1509 testes
3521 1464 3701 1512 essent
3752 1458 3821 1515 de

2235 1530 2465 1586 veritate
2495 1548 2704 1590 eorum.

2308 1618 2487 1690 (Vers.
2554 1621 2664 1691 12.)
2730 1646 2751 1671 ι
2791 1623 2911 1679 Non
2965 1626 3163 1682 iterum
3219 1644 3319 1685 nos
3377 1633 3826 1691 commendamus

522 1703 799 1760 'diciinur.
848 1705 1078 1771 Quando
1129 1708 1274 1762 enim
1338 1724 1449 1764 non
1495 1727 1619 1766 eum
1672 1712 1942 1782 videmus,
1998 1715 2110 1773 licet

2233 1705 2408 1763 vobis.
2443 1732 2462 1755 ι
2503 1709 2773 1775 Quoniam
2830 1715 3080 1785 superius
3137 1733 3320 1772 veram
3377 1721 3825 1790 praedicationem

519 1800 779 1863 :przesens
816 1791 906 1858 sit,
939 1794 1190 1850 absentes
1217 1796 1285 1851 ab
1316 1813 1380 1852 eo
1408 1814 1616 1855 sumus.

611 1878 794 1948 (Vers.
826 1880 907 1949 8.)
964 1905 982 1927 ι
1008 1882 1290 1940 Audemus
1317 1901 1443 1956 ergo
1469 1895 1524 1942 et
1551 1888 1926 1946 consentimus
1956 1892 2127 1964 magis

537 1967 871 2039 peregrinari
901 1984 933 2023 a
966 1986 1211 2041 corpore,
1258 1979 1312 2028 et
1358 1983 1650 2044 praesentes
1687 1993 1801 2033 esse
1831 1979 1899 2034 ad
1927 1981 2122 2038 Deum.

538 2054 702 2109 Recte
750 2055 847 2122 ait,
913 2077 933 2101 ι
977 2057 1275 2127 audemus;
1308 2084 1327 2109 ι
1371 2059 1633 2118 habentes
1670 2065 1819 2119 enim
1868 2065 2124 2124 ﬁduciam

538 2142 922 2214 promissionis
952 2145 1072 2213 Dei,
1100 2156 1155 2202 et
1185 2149 1417 2205 scientes
1446 2152 1681 2207 multum
1712 2154 1969 2225 expedire
2008 2157 2124 2214 illic

538 2245 677 2297 esse,
709 2247 873 2302 quam
904 2231 963 2287 in
994 2236 1217 2304 saeculo,
1251 2239 1604 2294 consentiunt
1633 2247 1686 2296 et
1736 2250 1928 2312 optant
1955 2260 2126 2301 exce-

539 2318 668 2375 dere
705 2320 771 2375 de
799 2338 1027 2394 corpore
1058 2324 1174 2395 (26)
1201 2344 1214 2392 ;
1253 2336 1315 2382 ut
1343 2330 1684 2400 requiescant
1711 2347 1883 2404 usque
1898 2333 1956 2388 in
1977 2334 2123 2391 diem

537 2411 960 2467 resurrectionis
990 2413 1092 2469 sub
1121 2416 1289 2471 altare
1318 2417 1438 2473 Dei.

608 2498 792 2569 (Vers.
819 2500 901 2571 9.)
948 2525 966 2547 ι
994 2502 1065 2556 Et
1094 2502 1216 2558 ideo
1246 2506 1633 2564 contendimus
1660 2507 1777 2565 sive
1808 2519 2119 2581 praesentes,

536 2585 656 2642 sive
683 2588 1090 2660 peregrinantes
1130 2592 1339 2662 placere
1368 2594 1473 2651 illi.
1507 2621 1526 2645 ι
1585 2596 1645 2652 Id
1675 2598 1943 2669 agendum
1965 2600 2120 2669 dicit,

534 2684 590 2732 et
615 2676 776 2732 bonis
795 2678 1053 2749 operibus
1073 2679 1437 2736 insistendum
1461 2701 1475 2748 ;
1499 2691 1561 2738 ut
1584 2684 1701 2739 sive
1730 2685 1786 2740 in
1817 2686 1919 2743 hac
1943 2688 2124 2745 adhuc

533 2764 651 2819 vita
707 2766 894 2837 positi,
935 2766 1051 2822 sive
1088 2777 1213 2823 ante
1254 2770 1499 2827 tribunal
1548 2772 1755 2830 Christi
1806 2786 2117 2847 praesentes,

519 2853 847 2924 ,placeamus
889 2854 959 2908 ei.
1007 2855 1160 2910 Unde
1205 2857 1253 2911 si
1300 2857 1592 2929 disciplina
1638 2873 1906 2931 servetur,
1935 2874 1989 2920 et
2030 2865 2120 2923 hic

536 2947 592 2995 et
621 2940 738 2997 illic
769 2943 818 2996 ei
842 2942 1198 3013 placebimus,
1232 2946 1362 3017 quia
1388 2948 1484 3020 qui
1513 2948 1606 3005 hic
1634 2952 1833 3022 placet,
1863 2952 1980 3010 illic
2007 2971 2118 3012 non

533 3026 869 3101 displicebit.

2236 1811 2389 1851 suam
2418 1797 2715 1868 obtestans,
2764 1802 2984 1860 laudare
3018 1823 3074 1861 se
3104 1808 3255 1862 visus
3284 1815 3400 1874 est;
3435 1808 3637 1866 idcirco
3670 1828 3827 1868 nunc

2236 1884 2422 1940 eadem
2481 1886 2770 1959 signiﬁcat,
2802 1908 2913 1946 non
2955 1894 3022 1949 ad
3072 1895 3289 1950 laudem
3321 1913 3475 1951 suam
3507 1898 3611 1954 hoc
3642 1899 3823 1957 dicere

2235 1987 2312 2039 se,
2342 1974 2436 2029 sed
2482 1975 2549 2030 ad
2601 1994 2790 2034 eorum
2840 1981 3108 2052 gloriam;
3148 1992 3207 2038 ut
3239 1985 3507 2055 gaudeant
3555 1988 3820 2059 integram

2236 2064 2676 2134 praedicationem
2730 2086 2787 2125 se
2819 2070 3167 2139 addidicisse,
3206 2072 3292 2129 his
3338 2076 3816 2135 annuntiantibus.

2248 2174 2267 2197 ε
2297 2152 2401 2207 Sed
2426 2157 2769 2213 occasionem
2802 2159 2994 2215 damus
3028 2162 3183 2217 vobis
3214 2162 3484 2235 gloriandi
3516 2167 3584 2222 de
3613 2168 3772 2222 nobis
3799 2185 3815 2234 ;

2234 2248 2296 2296 ut
2347 2243 2557 2316 aliquid
2621 2246 2869 2304 habeatis
2927 2251 3187 2308 adversus
3245 2269 3336 2309 eos
3402 2257 3496 2328 qui
3563 2257 3621 2311 in
3681 2256 3819 2311 facie

2234 2330 2557 2402 gloriantur,
2588 2343 2641 2389 et
2689 2352 2799 2392 non
2849 2338 2906 2393 in
2948 2341 3130 2397 corde.
3164 2367 3182 2391 ι
3228 2343 3343 2400 Hoc
3370 2344 3526 2414 dicit,
3558 2348 3817 2418 quoniam

2234 2420 2392 2474 multi
2423 2438 2516 2492 per
2545 2424 2834 2480 elationem
2869 2428 3241 2497 gloriabantur
3273 2432 3328 2487 in
3351 2450 3406 2488 se
3437 2435 3502 2490 de
3529 2439 3808 2508 apostolis,

2232 2508 2548 2579 proﬁtentes
2577 2528 2632 2567 se
2653 2514 2720 2569 ab
2750 2515 2819 2570 iis
2849 2515 3059 2587 doctos,
3083 2521 3175 2592 qui
3201 2536 3415 2593 semper
3438 2539 3561 2578 cum
3581 2526 3818 2581 Domino

2230 2593 2488 2661 fuerunt;
2522 2598 2752 2673 ideoque
2801 2603 2893 2660 hic
2944 2605 3080 2661 dicit
3117 2608 3244 2664 dare
3293 2627 3349 2666 se
3397 2612 3485 2667 his
3520 2616 3815 2683 rationem,

2220 2700 2326 2755 per
2365 2702 2527 2757 quam
2576 2695 2629 2742 et
2676 2689 2779 2761 ipsi
2831 2694 3193 2763 gloriarentur
3235 2701 3498 2757 adversus
3528 2704 3823 2775 eos;quia

2229 2771 2524 2842 Apostolus
2574 2784 2706 2844 erat,
2736 2795 2767 2833 a
2796 2796 2903 2851 quo
2943 2791 2995 2837 et
3044 2783 3132 2837 isti
3182 2784 3508 2843 didicerant.
3560 2771 3713 2847 Unde
3754 2795 3821 2848 in

2228 2861 2336 2916 alio
2367 2863 2485 2920 loco
2515 2863 2681 2921 dicit:
2726 2890 2745 2912 ι
2772 2867 2921 2922 Nihil
2972 2871 3151 2926 minus
3202 2875 3301 2928 ieci
3336 2877 3469 2947 (fui)
3502 2880 3571 2933 ab
3601 2881 3689 2935 his
3717 2881 3823 2953 qui

2228 2950 2387 3006 valde
2431 2961 2560 3008 sunt
2598 2956 2826 3026 apostoli
2876 2958 2961 3028 (ΙΙ
2990 2959 3113 3014 Cor.
3146 2976 3248 3026 xn,
3280 2962 3389 3034 11).
3423 2989 3442 3011 ι
3485 2966 3640 3032 Quod
3672 2950 3826 3039 qui-

2227 3038 2352 3094 dem
2400 3051 2620 3098 coactus
2667 3042 2821 3111 dicit,
2854 3061 2921 3099 ne
2968 3046 3247 3103 silentium
3278 3040 3395 3120 ejus
3425 3051 3548 3106 istis
3572 3055 3814 3112 obesset.

606 3117 790 3188 (vers,
826 3118 938 3191 10,)
974 3121 1208 3178 .Omnes
1236 3124 1383 3181 enim
1413 3142 1513 3183 nos
1542 3129 1882 3188 manifestari
1905 3142 2117 3204 oportet
2147 3102 2196 3165 Ο
2228 3126 2334 3193 Qui
2381 3144 2507 3200 ergo
2552 3131 2611 3184 in
2657 3134 2818 3187 corde
2868 3135 3147 3205 gloriatur,
3181 3102 3489 3209 superbiam
3537 3144 3813 3213 reprimit,

527 3211 655 3260 ante
675 3207 914 3264 tribunal
932 3207 1158 3280 Christi,
1173 3221 1235 3269 ut
1253 3215 1482 3289 recipiat
1502 3221 1878 3295 unusquisque
1900 3226 2117 3296 propria

526 3295 795 3367 corporis,
823 3305 986 3370 prout
1015 3301 1198 3371 gessit,
1231 3303 1347 3359 sive
1377 3305 1541 3375 bona,
1584 3309 1700 3364 sive
1732 3311 1872 3366 mala
1910 3295 2050 3383 (27).
2085 3338 2104 3361 ι

505 3382 700 3453 ,Igitur
745 3384 792 3439 si
843 3384 1127 3455 judicante
1171 3390 1411 3460 Christo,
1444 3397 1819 3470 unusquisque
1867 3382 2115 3456 nostrum

525 3466 672 3523 facta
715 3474 959 3543 corporis
1004 3478 1266 3548 recipiet;
1324 3496 1435 3535 non
1488 3466 1679 3554 utique
1716 3466 1833 3540 sine
1890 3503 2115 3559 corpore

522 3551 933 3624 adjudicabitur
979 3560 1125 3617 bono
1153 3573 1249 3620 aut
1302 3567 1465 3623 malo.
1498 3569 1571 3623 Et
1589 3551 1707 3625 tuon
1747 3572 1911 3643 dixit,
1972 3551 2114 3635 facta

522 3644 726 3711 carnis,
781 3646 910 3718 quia
960 3649 1142 3704 carnis
1203 3652 1340 3708 vitia
1372 3654 1488 3726 (28)
1520 3659 1799 3728 punienda
1860 3680 2108 3738 semper:

524 3730 621 3787 sed
648 3732 793 3789 facta
823 3736 1102 3806 corporis;
1128 3738 1469 3812 spiritaliter,
1492 3745 1788 3819 aliquando
1819 3730 2111 3812 carnaliter

517 3828 792 3893 operatur.

591 3915 778 3987 (Vers.
834 3917 947 3990 11.)
991 3920 1283 3981 «Scientes
1336 3927 1525 4000 igitur,
1574 3933 1830 3992 timorem
1883 3939 2106 3996 Domini

515 4003 840 4064 hominibus
862 4007 1155 4067 suademus
1177 4030 1189 4067 :
1218 4015 1330 4069 Deo
1351 4025 1532 4073 autem
1554 4023 1830 4079 manifesti
1847 4042 2053 4084 sumus.
2073 4054 2092 4078 ι

498 4093 790 4162 Quoniam
857 4112 983 4171 ergo
1056 4099 1331 4171 judicium
1384 4106 1483 4162 Dei
1551 4108 1798 4168 futurum
1863 4124 1943 4171 est
2010 4132 2105 4187 per

513 4180 796 4242 Christum
867 4186 938 4243 ad
1013 4188 1353 4262 singulorum
1422 4195 1854 4257 discriminanda
1918 4180 2097 4275 ope-ra,

514 4271 726 4329 idcirco
753 4275 1049 4345 Apostolus
1069 4282 1292 4341 suadere
1313 4301 1369 4341 se
1393 4285 1527 4343 dicit
1556 4288 1623 4344 ad
1653 4289 1856 4347 bonum
1880 4271 2097 4354 sensum

495 4370 565 4419 .et
618 4364 824 4433 vitam;
874 4376 935 4423 ut
980 4371 1258 4430 auditores
1299 4376 1416 4448 ejus
1462 4383 1637 4438 securi
1680 4384 1791 4439 sint
1818 4385 1885 4440 de
1938 4403 2097 4457 paena

2226 3217 2405 3273 sciens
2446 3220 2576 3291 quia
2623 3219 2925 3276 humilibus
2973 3224 3120 3279 Deus
3161 3230 3253 3281 dat
3280 3232 3530 3297 gratiam,
3562 3232 3815 3301 superbis

2226 3314 2407 3360 autem
2462 3307 2667 3361 resistit
2722 3310 2924 3379 (Jacob.
2986 3329 3064 3380 ιν,
3095 3313 3186 3385 6);
3244 3317 3601 3386 superborum
3656 3321 3806 3375 enim

2226 3408 2377 3448 mens
2411 3394 2650 3450 fructum
2684 3412 2792 3452 non
2824 3399 2955 3454 facit
2983 3402 3094 3456 Deo
3133 3402 3382 3475 dignum.

2323 3482 2503 3553 (Vers.
2544 3483 2655 3555 13.)
2701 3510 2720 3532 ι
2750 3486 2876 3541 Sive
2896 3488 3044 3543 enim
3077 3500 3256 3547 mente
3286 3495 3618 3565 excedimus,
3650 3499 3761 3555 Deo
3788 3519 3804 3557 :

2222 3572 2338 3627 sive
2384 3590 2576 3630 sanum
2628 3578 2889 3648 sapimus,
2941 3581 3117 3636 vobis.
3149 3606 3166 3627 ιι
3216 3584 3327 3641 Ηοο
3376 3587 3527 3655 dicit,
3582 3589 3708 3661 quia
3752 3592 3807 3647 si

2221 3660 2359 3718 elate
2386 3664 2473 3718 vel
2521 3665 2750 3737 superbe
2779 3675 3002 3738 putatur
3050 3669 3298 3740 locutus;
3342 3676 3468 3746 quia
3501 3660 3716 3734 laudare
3744 3696 3807 3735 se

2220 3749 2372 3805 visus
2401 3760 2500 3819 est,
2534 3770 2724 3809 verum
2778 3755 2984 3825 dicens,
3020 3760 3129 3814 Deo
3162 3763 3263 3816 hoc
3296 3764 3681 3823 remittendum
3709 3786 3720 3823 :
3754 3770 3807 3825 si

2218 3846 2398 3893 autem
2433 3857 2544 3896 non
2574 3844 2803 3915 superbe
2838 3846 3164 3917 intelligitur
3194 3851 3334 3920 (30),
3360 3852 3453 3907 sed
3473 3853 3540 3907 ad
3571 3855 3803 3924 gloriam

2216 3926 2556 3984 audientium
2587 3948 2698 3987 esse
2731 3935 2963 4003 locutus,
2998 3936 3302 3994 Corinthiis
3341 3942 3597 4012 proﬁcere
3617 3944 3797 4012 dicit;

2215 4031 2278 4080 ut
2306 4034 2437 4082 tunc
2470 4044 2662 4083 sanum
2697 4027 2833 4083 183
2866 4031 2937 4087 sit
2987 4032 3189 4088 dictum
3238 4035 3606 4108 audientibus,
3637 4042 3684 4096 si
3719 4043 3800 4100 ita

2212 4113 2571 4187 intelligatur,
2628 4126 2688 4173 ut
2751 4119 2957 4175 dictum
3010 4130 3133 4176 est:
3197 4124 3240 4178 si
3299 4135 3477 4182 autem
3528 4129 3802 4201 iactanter

2211 4210 2432 4272 putetur
2460 4203 2691 4273 dictum,
2722 4207 2876 4262 velut
2922 4207 3173 4263 insanum
3216 4213 3326 4267 Deo
3360 4215 3797 4306 dimittendum;

2208 4291 2388 4348 omnis
2416 4294 2559 4348 enim
2593 4294 2845 4366 superbia
2872 4298 3023 4351 velut
3056 4302 3260 4355 insania
3294 4302 3543 4361 habetur.

2280 4380 2458 4451 (Vers.
2513 4382 2626 4453 14.)
2671 4406 2689 4430 ι
2737 4384 2983 4440 Charitas
3046 4389 3186 4442 enim
3228 4388 3433 4447 Christi
3484 4403 3635 4466 urget
3666 4412 3791 4463 nos,

494 4451 717 4520 ’futura,
759 4461 814 4509 et
862 4455 978 4526 ipse
1023 4460 1307 4528 glorietur,
1365 4467 1422 4521 in
1464 4468 1549 4525 his
1601 4471 1806 4528 habens
1850 4451 2091 4533 fructum
2122 4456 2170 4514 D
2201 4466 2307 4525 hoc
2331 4468 2664 4541 indicantes:
2698 4473 2841 4544 (ΙΠοά
2865 4474 2910 4527 εί
2943 4489 3085 4529 unus
3124 4492 3221 4547 Σ)Γο
3251 4481 3508 4537 omnibus
3540 4492 3793 4541 mortuus

505 4537 757 4596 laborum
779 4557 1034 4608 suorum;
1059 4547 1188 4617 quia
1215 4554 1575 4621 quorumdam
1608 4559 1951 4634 praviloquio
1976 4563 2091 4620 dies

499 4625 701 4699 jndicii
746 4631 845 4686 Dei
891 4632 951 4689 in
1001 4634 1231 4693 dubium
1280 4639 1568 4700 deducitur
1593 4625 1625 4703 ε-
1655 4671 1674 4695 ε
1722 4625 2091 4725 Corrumpunt

503 4717 652 4773 enim
684 4735 862 4813 mores
896 4721 1070 4782 bonos
1095 4728 1373 4802 colloquia
1402 4736 1541 4791 mala
1574 4738 1632 4810 (Ι
1658 4739 1783 4797 Cor.
1807 4758 1903 4811 xv,
1936 4717 2074 4813 (i3).-

499 4834 573 4849 —
613 4831 632 4856 ι
663 4809 994 4871 Hominibus
1049 4818 1357 4890 suademus,
1388 4848 1407 4870 »
1450 4809 1590 4892 ait;
1625 4835 1688 4882 ut
1742 4809 2089 4899 credant,'et

496 4897 826 4968 provideant
895 4918 966 4958 ne
1038 4905 1339 4977 incurrant,
1417 4920 1470 4968 et
1546 4920 1676 4969 tunc
1762 4897 2081 4987 poeniteant,

492 5069 601 5111 non
648 5063 1314 5142 utOCOr‘porenearugntur
1367 5069 1424 5122 in
1453 5080 1827 5142 perpetuum:
1888 5078 1976 5131 sed
2026 5085 2084 5133 ut

484 5133 695 5198 ncepta
719 5128 779 5184 in
807 5128 889 5185 die
907 5132 1104 5201 judicii
1142 5136 1239 5191 Dei
1282 5154 1343 5191 su
1382 5128 1729 5198 erinduamur
1753 5128 2082 5204 iinmortali:

484 5202 743 5282 latagum
768 5201 960 5272 gloria.
1011 5205 1181 5263 Deum
1227 5155 1462 5282 con/seri
1514 5212 1726 5282 dicitur,
1779 5218 1906 5282 quia
1943 5236 2080 5282 pro-

484 5215 743 5291 miscum
768 5215 960 5272 gtorta.
1011 5215 1181 5263 Deum
1227 5215 1462 5282 conﬁteri
1514 5215 1726 5283 dicitur,
1779 5218 1906 5287 quia
1938 5236 2080 5291 pro-

491 5276 659 5327 misit.
688 5280 791 5327 etc.

501 5287 868 5433 rﬁgﬁgm
901 5344 1059 5426 edit,
1091 5349 1166 5404 Et
1192 5350 1401 5407 scientes
1426 5356 1588 5411 multo
1622 5359 1787 5430 magis
1836 5362 2078 5433 expedire

482 5409 757 5491 'illiqfssg
773 5432 931 5491 quam
958 5409 1279 5491 incorpore.

949 5488 1106 5558 edit.,
1130 5480 1523 5575 ‘lfnusquisque
1556 5496 1714 5569 factis
1763 5504 2070 5575 mrporis...

488 5547 886 5627 adjudicabitur
908 5547 1071 5621 bonus
1087 5547 1194 5623 aut
1220 5547 1413 5627 maius;

2204 4569 2304 4619 est.
2337 4588 2356 4612 ι
2400 4564 2668 4632 Quoniam
2706 4566 2954 4623 Christus
3006 4567 3238 4641 diligens
3265 4588 3435 4643 genus
3464 4573 3791 4647 humanum,

2203 4662 2265 4709 ut
2292 4671 2382 4709 eos
2411 4656 2722 4723 redimeret,
2765 4657 2930 4711 morti
2962 4673 3017 4711 se
3050 4657 3235 4727 dedit;
3291 4661 3415 4717 ideo
3443 4666 3697 4735 apostoli,
3729 4675 3794 4722 ut

2203 4742 2377 4796 vicem
2407 4742 2454 4797 ei
2505 4744 2755 4812 reddant,
2788 4744 3034 4801 homines
3063 4763 3132 4803 ex
3155 4748 3337 4822 aliqua
3385 4760 3537 4823 parte
3569 4753 3787 4810 exhor—

2202 4838 2387 4887 tantur
2438 4832 2505 4888 ad
2551 4833 2669 4904 ejus
2725 4835 3084 4909 obsequium;
3145 4847 3198 4895 et
3239 4847 3298 4894 ut
3346 4856 3439 4896 eos
3488 4842 3788 4912 attrahant,

2199 4935 2416 4975 necesse
2462 4928 2544 4976 est
2588 4930 2650 4977 ut
2695 4939 2886 4979 verum
2914 4941 2971 4979 se
3013 4925 3308 4997 praedicare
3339 4935 3630 4997 testentur,
3662 4932 3791 4987 aliis

2270 5079 2386 5158 (28)
2425 5080 2689 5158 Nonnulli
2746 5097 2896 5148 mss.,
2955 5084 3094 5150 Quia
3141 5086 3318 5141 carnis
3383 5088 3534 5155 vita;
3585 5088 3778 5158 Corb.,

2199 5151 2334 5218 Quia
2361 5152 2595 5206 carnalis
2622 5152 2749 5205 vita.

2269 5222 2384 5300 (29)
2419 5221 2606 5279 Codex
2635 5221 2830 5291 Laud.,
2857 5226 3068 5296 quando
3090 5227 3406 5297 paenitentia:
3421 5229 3658 5300 fructum
3676 5248 3790 5288 non

2194 5293 2564 5443 Rom.
2597 5366 2927 5443 e_dit.,_Qaia
2956 5369 3004 5443 si
3036 5369 3185 5443 elate,
3215 5371 3294 5443 vel
3320 5371 3505 5425 insane
3546 5378 3780 5443 putatur

2193 5436 2457 5513 locutus...
2502 5438 2887 5513 remittendum.
2951 5439 3129 5494 Omnis
3175 5440 3310 5513 enim
3363 5436 3609 5513 superbia
3644 5446 3789 5499 velut

2188 5506 2399 5584 insania
2427 5508 2663 5584 habetur.
2698 5510 2756 5563 Si
2784 5515 2959 5584 auum
2986 5526 3093 5567 non
3120 5506 3557 5584 superba..._Deo
3584 5515 3785 5577 diruit-

2189 5579 2416 5637 tend-um.
2454 5581 2702 5637 Charitas
2723 5580 2880 5651 enim,
2912 5588 3018 5644 etc.
