4112 6178
340 299 438 358 313
1393 301 1751 361 COMMENT.
1792 306 1863 362 IN
1900 306 1919 361 Ι

2027 306 2121 363 ΞΤ.
2168 307 2217 363 Ιῐ
2254 308 2348 362 ΑΙ)
2386 306 2541 365 COB.

3044 271 3097 285 id"?

3495 324 3600 382 3M

342 442 499 498 prava
538 423 899 494 docentibus;
954 442 1056 485 nec
1086 443 1245 486 suum
1293 432 1550 488 meritum
1582 440 1815 500 taceant,
1852 440 1915 487 ut
1946 437 1994 495 A
2032 441 2291 488 renovata
2335 441 2463 490 sunt
2510 436 2713 505 omnia,
2744 436 2790 494 si
2818 438 3256 499 animadvertant
3284 442 3608 516 dignitatem

340 518 598 573 malorum
652 517 942 573 doctorum
1001 534 1210 589 poenam
1265 520 1568 593 designent.
1623 522 1743 577 Non
1790 538 1916 592 ergo

336 607 570 662 elatione
596 606 800 661 mentis
831 606 943 662 haec
969 608 1219 677 agebant,
1260 610 1350 665 sed
1385 619 1444 665 ut
1475 611 1681 665 donum
1712 610 1919 668 Christi

335 694 732 765 intelligeretur
784 693 851 748 ab
898 695 1169 763 omnibus,
1220 704 1274 752 et
1327 697 1567 752 ﬁdeliter
1611 697 1822 763 devoti,
1869 696 1919 752 ei

332 784 631 855 gratiarum
675 782 912 838 actiones
944 783 1232 840 referrent.
1291 787 1517 855 Propter
1546 784 1752 841 Christi
1796 801 1919 856 ergo

332 871 652 926 charitatem
714 869 852 941 (31),
899 887 1018 942 quae
1067 878 1122 925 et
1170 880 1376 942 quanta
1426 872 1568 926 dona
1611 871 1729 942 ejus
1776 871 1920 927 circa

332 960 619 1031 diligentes
666 976 792 1015 eum
836 960 949 1013 sint
980 1001 994 1025 ,
1040 974 1153 1013 non
1203 965 1414 1013 tacent:
1477 975 1584 1013 non
1640 957 1918 1028 jactantize

330 1066 510 1117 causa,
541 1049 635 1105 sed
684 1056 748 1102 ut
779 1048 1019 1101 invitent
1064 1045 1345 1101 audientes
1375 1046 1441 1100 ad
1498 1044 1614 1115 ejus
1658 1045 1918 1101 devotio-

327 1156 482 1195 nem:
518 1155 588 1193 ne
618 1153 765 1192 mors
790 1134 996 1192 Christi
1027 1135 1362 1190 infructuosa
1390 1134 1691 1201 videretur,
1727 1150 1836 1189 non
1855 1140 1917 1188 ut

328 1229 453 1282 laus
497 1227 864 1297 apostolorum
896 1232 1294 1292 agnosceretur.
1350 1224 1451 1278 Per
1480 1224 1735 1279 meritum
1767 1222 1915 1277 enim

329 1326 387 1372 et
420 1316 645 1387 gloriam
676 1314 1044 1385 apostolorum
1073 1313 1387 1383 agnoscitur
1411 1311 1618 1371 Christi
1662 1311 1835 1384 gratia
1862 1318 1918 1366 et

325 1404 655 1462 beneﬁcium
687 1403 804 1458 Dei.

400 1494 581 1565 (Vers.
625 1491 731 1552 15.)
774 1515 792 1537 ι
820 1492 965 1562 Ergo
1013 1506 1202 1547 omnes
1259 1491 1466 1546 mortui
1514 1497 1662 1558 sunt,
1710 1498 1764 1546 et
1819 1505 1919 1561 pro

324 1583 584 1640 omnibus
626 1588 874 1636 mortuus
910 1588 992 1635 est
1035 1580 1309 1648 Christus,
1357 1588 1420 1636 ut
1454 1587 1508 1635 et
1554 1578 1649 1651 qui
1696 1578 1916 1645 vivunt,

317 1671 434 1744 jam
481 1688 591 1727 non
622 1670 727 1725 sibi
757 1671 970 1736 vivant,
1021 1668 1116 1724 sed
1144 1669 1192 1724 ei
1227 1669 1319 1741 qui
1361 1684 1461 1740 pro
1489 1668 1622 1740 ipsis
1669 1675 1921 1723 mortuus

2028 521 2164 593 ejus.
2198 524 2388 578 Novus
2434 525 2578 579 enim
2611 524 2672 581 ﬁt
2703 526 2789 582 his
2816 528 3018 601 quibus
3072 532 3221 603 prius
3267 533 3431 590 homo
3474 543 3610 592 tan-

2028 619 2146 666 tum
2194 611 2523 679 videbatur,
2589 629 2712 669 cum
2762 616 3088 691 intelligitur
3150 636 3264 676 esse
3309 621 3482 678 Deus:
3546 630 3609 679 ut

2030 700 2314 755 recedente
2344 699 2684 769 infirmitate,
2734 714 3050 774 agnoscatur
3086 708 3370 775 divinitas,
3402 717 3457 764 et
3484 725 3610 766 ces-

2030 797 2184 845 sante
2229 807 2409 847 errore
2441 790 2634 859 veteri,
2685 792 2780 864 qui
2810 792 3120 852 introducta
3156 799 3453 854 multorum
3485 798 3609 855 deo-

2030 896 2152 935 rum
2183 881 2462 951 opinione,
2512 882 2580 937 ab
2611 882 2778 938 unius
2808 884 2925 938 veri
2953 886 3049 939 Dei
3096 886 3200 943 ﬁde
3226 890 3610 945 transduxerat

2030 984 2198 1039 genus
2225 968 2546 1036 humanum,
2569 978 2914 1025 revertantur
2942 973 3129 1028 omnia
3157 977 3221 1029 ad
3244 978 3611 1048 simplicitatis

2028 1058 2439 1129 professionem,
2489 1074 2660 1114 unum
2694 1061 2865 1114 Deum
2898 1062 3184 1117 adorantia
3222 1062 3279 1117 in
3327 1064 3611 1133 Trinitate,

2099 1145 2278 1216 (Vers.
2335 1145 2418 1200 18.
2443 1145 2501 1216 )«
2533 1145 2731 1201 Omnia
2770 1154 2952 1202 autem
3000 1164 3069 1203 ex
3116 1150 3247 1205 Deo.
3279 1175 3298 1197 ι
3339 1138 3616 1219 ’ρυειιηνὶε

2029 1235 2279 1294 Christus
2306 1252 2405 1292 nos
2433 1237 2744 1305 redemerit,
2783 1237 2969 1293 omnia
2998 1247 3183 1296 tamen
3212 1257 3283 1297 ex
3312 1244 3452 1310 Deo;
3486 1242 3617 1315 quia

2029 1325 2095 1380 ab
2126 1325 2242 1398 ipso
2270 1334 2351 1382 est
2387 1326 2565 1382 omnis
2594 1326 2890 1399 paternitas
2920 1328 3134 1399 (Ephes.
3168 1346 3251 1397 ιη,
3303 1331 3392 1401 15)
3421 1349 3433 1387 :
3466 1331 3611 1385 ideo-

2030 1428 2134 1485 que
2164 1430 2379 1470 necesse
2406 1423 2488 1471 est
2516 1415 2760 1487 praeferri
2793 1432 3075 1487 personam
3106 1417 3300 1473 Patris.

2102 1502 2283 1571 (Vers.
2319 1502 2403 1569 19,
2422 1502 2512 1569 20,
2545 1503 2819 1573 21.)«ριιὶ
2844 1504 2960 1573 (33)
2980 1506 3357 1562 reconciliavit
3385 1522 3485 1562 nos
3506 1507 3611 1563 sibi

2028 1605 2125 1661 per
2154 1588 2455 1657 Christum,
2487 1598 2540 1645 et
2571 1590 2725 1646 dedit
2774 1590 2932 1646 nobis
2964 1592 3329 1648 ministerium
3379 1596 3612 1651 reconci-

2031 1678 2311 1745 liationis;
2360 1679 2617 1752 quoniam
2668 1680 2890 1751 quidem
2935 1681 3080 1737 Deus
3125 1690 3239 1737 erat
3276 1683 3335 1738 in
3373 1682 3611 1752 Christo,

322 1769 406 1817 est
449 1770 504 1816 et
546 1758 916 1815 resurrexit.»
978 1757 1119 1824 Quia
1156 1773 1346 1811 omnes
1397 1771 1613 1811 necesse
1663 1762 1744 1810 est
1780 1753 1919 1809 mori

2028 1771 2294 1826 mundum
2325 1770 2685 1826 reconcilians
2714 1770 2956 1837 sibi,non
2988 1781 3246 1844 reputans
3274 1773 3387 1829 illis
3414 1774 3616 1831 delicta

324 1866 494 1907 causa
523 1847 676 1913 Adae,
708 1862 806 1917 pro
845 1844 1101 1901 omnibus
1132 1852 1380 1900 mortuus
1424 1850 1504 1899 est
1546 1843 1817 1909 Christus,
1859 1848 1922 1897 ut

326 1954 426 1994 eos
451 1953 483 1991 a
509 1934 747 1991 secunda
783 1942 955 1989 morte
988 1933 1275 2000 liberaret;
1329 1931 1555 2007 ideoque
1585 1932 1678 2003 qui
1725 1930 1923 1984 vivunt

326 2025 390 2081 in
439 2041 697 2095 corpore,
747 2024 983 2079 scientes
1041 2021 1319 2078 Christum
1352 2028 1631 2075 mortuum
1662 2034 1775 2074 esse
1823 2034 1919 2089 pro

323 2130 403 2181 se,
441 2114 555 2169 sint
578 2113 623 2168 ei
647 2112 875 2180 subditi,
908 2111 1226 2182 proﬁtentes
1255 2110 1405 2165 hunc
1435 2108 1750 2165 Dominum.
1784 2106 1922 2172 Quia

322 2203 475 2259 enim
507 2201 728 2274 prodest
767 2202 846 2256 eis
877 2216 1023 2255 mors
1062 2199 1197 2269 ejus,
1254 2198 1632 2254 testimonium
1664 2195 1920 2268 perhibet

322 2292 652 2350 resurrectio
683 2289 821 2361 ejus.
872 2289 1045 2359 Igitur
1089 2286 1181 2341 hic
1207 2287 1313 2342 sibi
1367 2302 1476 2341 non
1515 2285 1666 2354 visit,
1701 2282 1794 2356 qui
1822 2299 1917 2355 pa-

321 2390 481 2438 ratus
507 2386 587 2434 est
614 2375 828 2433 domini
858 2376 945 2431 sui
978 2374 1156 2431 facere
1183 2376 1546 2430 voluntatem.

397 2478 583 2551 (Vers.
606 2475 719 2544 16.)
769 2499 788 2521 ι
817 2475 1003 2546 Itaque
1021 2490 1124 2528 nos
1148 2473 1421 2528 neminem
1452 2489 1522 2527 ex
1548 2472 1653 2528 hoc
1676 2480 1919 2542 tempore

322 2568 587 2624 novimus
646 2562 946 2619 secundum
1005 2577 1246 2617 carnem.
1311 2561 1384 2615 Et
1443 2561 1489 2615 si
1561 2559 1919 2631 cognovimus

322 2654 628 2712 secundum
660 2667 879 2710 carnem
910 2650 1212 2718 Christum,
1264 2665 1408 2705 nunc
1431 2647 1544 2719 jam
1586 2665 1694 2704 non
1746 2646 1918 2703 novi-

323 2762 472 2800 mus.
527 2767 547 2791 ι
617 2743 824 2799 Verum
880 2747 987 2807 est,
1046 2739 1175 2811 quia
1235 2737 1453 2795 Christo
1510 2742 1826 2806 resurgente
1887 2750 1920 2788 a

324 2834 585 2898 mortuis,
623 2829 735 2903 jam
763 2837 935 2886 cessat
980 2829 1039 2883 in
1070 2845 1134 2884 eo
1164 2829 1399 2884 carnalis
1432 2826 1716 2890 nativitas,
1748 2830 1921 2878 cessat

324 2920 625 2977 inﬁrmitas
666 2919 931 2990 corporis,
978 2924 1151 2973 cessat
1210 2924 1264 2970 et
1309 2914 1488 2985 passio
1538 2910 1732 2966 mortis
1779 2908 1918 2979 (32).

324 3011 512 3081 Usque
542 3008 611 3063 ad
639 3021 858 3062 crucem
903 3005 1052 3058 enim
1079 3002 1321 3071 suspicio
1350 3000 1457 3054 fuit
1497 2997 1833 3052 inﬁrmitatis
1864 2996 1922 3051 in

322 3098 589 3171 Christo;
637 3103 824 3165 postea
881 3100 1062 3145 autem
1106 3087 1355 3184 apparuit
1423 3103 1575 3154 esse,
1619 3087 1763 3158 quod
1810 3103 1919 3142 non
1950 3124 1994 3185 α

319 3185 679 3247 credebatur,
719 3180 863 3234 sicut
900 3184 953 3231 et
992 3177 1107 3248 ipse
1149 3174 1251 3229 ait:
1315 3197 1333 3221 ι
1363 3175 1501 3233 Cum
1549 3177 1919 3232 exaltaveritis

323 3273 539 3330 Filium
570 3266 829 3333 hominis,
860 3274 992 3321 tunc
1016 3264 1352 3335 cognoscetis
1383 3264 1640 3336 quoniam
1670 3281 1768 3335 ego
1797 3280 1917 3320 sum

318 3364 520 3436 (Joan.
552 3375 674 3424 vm,
706 3356 820 3426 28).
852 3379 871 3401 ι
916 3355 1031 3411 Hoc
1077 3369 1203 3424 ergo
1238 3353 1443 3409 idcirco
1472 3356 1763 3424 Apostolus
1794 3370 1918 3409 me-

318 3456 523 3515 morat,
556 3454 617 3502 ut
646 3443 895 3500 ostendat
926 3458 1033 3514 qua
1074 3441 1368 3497 devotione
1394 3442 1806 3514 obsequendum
1836 3451 1917 3499 est

317 3539 567 3600 Christo.
613 3534 718 3589 Pro
751 3532 926 3587 salute
956 3530 1104 3585 enim
1134 3529 1423 3584 hominum
1453 3545 1563 3584 non
1612 3532 1789 3586 solum
1819 3532 1915 3587 ho-

318 3632 532 3689 minem
565 3640 623 3681 se
652 3622 802 3679 nasci
833 3637 943 3676 non
992 3620 1317 3691 dedignatus
1346 3627 1447 3687 est,
1480 3619 1574 3675 sed
1616 3628 1669 3677 et
1697 3620 1916 3692 injuriis

244 3790 251 3799 '
316 3721 426 3794 agi,
464 3727 517 3774 et
548 3716 686 3772 mori
719 3714 935 3780 voluit;
967 3720 1029 3767 ut
1068 3712 1438 3782 intelligentes
1486 3727 1649 3783 quam
1679 3712 1916 3783 pretiosa

318 3809 390 3867 sit
421 3823 574 3862 mors
611 3804 747 3875 ejus,
799 3801 1122 3875 propensius
1155 3798 1239 3853 illi
1289 3798 1550 3866 serviant,
1603 3815 1712 3854 non
1759 3799 1913 3871 quasi

319 3895 541 3954 homini
586 3892 764 3948 vicem
813 3890 1122 3956 reddentes,
1172 3888 1264 3943 sed
1313 3889 1461 3954 Deo;
1525 3888 1654 3960 quia
1698 3888 1912 3943 unicui-

321 4001 422 4057 que
461 3998 557 4055 pro
588 3992 817 4053 persona
834 3975 952 4048 ejus
979 3984 1034 4030 et
1055 3975 1268 4030 meritis
1288 3975 1630 4031 refundenda
1656 3976 1914 4047 obsequia

322 4080 477 4129 sunt.

393 4168 581 4241 (Vers.
616 4167 700 4223 17.
736 4168 757 4237 )
821 4188 839 4212 ι
868 4164 1044 4232 Quare
1074 4164 1120 4219 si
1165 4179 1271 4237 qua
1298 4162 1466 4218 estin
1513 4160 1731 4219 Christo
1773 4178 1916 4217 nova

321 4265 597 4323 creatura,
645 4262 831 4329 vetera
877 4253 1234 4318 transierunt,
1284 4259 1338 4305 et
1376 4267 1497 4306 ecce
1545 4250 1729 4306 omnia
1773 4250 1916 4306 facta

323 4356 463 4405 sunt
508 4365 668 4404 nova.
719 4372 737 4395 ι
791 4346 1142 4401 Manifestum
1192 4352 1273 4399 est
1322 4345 1450 4415 quia
1493 4360 1588 4416 per
1633 4345 1911 4402 Christum

2030 1859 2293 1930 ipsorum,
2325 1867 2378 1914 et
2408 1874 2613 1932 ponens
2633 1858 2691 1914 in
2712 1858 2871 1915 nobis
2899 1859 3126 1915 verbum
3148 1862 3613 1918 reconciliationis

2029 1962 2128 2018 pro
2157 1946 2394 2014 Christo,
2428 1964 2525 2018 pro
2572 1963 2680 2019 quo
2718 1948 2983 2020 legatione
3012 1947 3320 2020 fungimur,
3351 1957 3611 2023 tanquam

2032 2035 2144 2089 Deo
2174 2034 2495 2091 exhortante
2516 2052 2610 2107 per
2648 2052 2783 2092 nos:
2808 2044 3025 2091 orantes
3045 2054 3141 2109 pro
3178 2037 3397 2094 Christo
3426 2054 3610 2097 recon-

2032 2122 2209 2178 ciliari
2238 2124 2364 2178 Deo.
2415 2125 2556 2178 Eum
2588 2124 2733 2179 enim
2767 2126 2863 2198 qui
2894 2142 3003 2180 non
3051 2134 3277 2181 noverat
3306 2135 3609 2199 peccatum,

2031 2227 2128 2283 pro
2157 2210 2315 2266 nobis
2360 2219 2639 2283 peccatum
2684 2212 2834 2281 fecit,
2888 2220 2951 2268 ut
2979 2230 3078 2270 nos
3122 2230 3361 2270 essemus
3394 2214 3612 2286 justitia

2029 2300 2125 2354 Dei
2157 2299 2213 2354 in
2246 2299 2381 2372 ipso.
2406 2325 2425 2349 ι
2453 2302 2598 2356 Deus
2621 2302 2968 2373 omnipotens
2998 2302 3208 2374 genitor
3233 2302 3437 2360 Christi
3459 2305 3609 2376 (cum

2028 2388 2230 2457 omnia,
2282 2406 2401 2461 quae
2448 2406 2544 2462 per
2591 2390 2870 2447 Christum
2920 2391 3143 2460 fecerat,
3182 2409 3363 2449 errore
3408 2392 3612 2449 caduca

2028 2475 2257 2532 fuissent
2285 2478 2496 2545 effecta,
2537 2478 2811 2537 Creatoris
2840 2480 2925 2535 sui
2957 2480 3151 2551 oblita)
3184 2480 3464 2536 Christum
3508 2482 3609 2536 Do-

2029 2565 2239 2621 minum
2291 2568 2397 2637 (31s)
2429 2574 2678 2621 nostrum
2726 2568 2793 2621 de
2829 2566 2996 2621 sacris
3042 2568 3260 2623 sedibus
3286 2569 3354 2623 ad
3398 2577 3611 2624 terrena

2029 2655 2216 2708 venire
2243 2654 2499 2723 dignatus
2527 2660 2628 2720 est,
2665 2658 2809 2715 184
2834 2662 2888 2708 et
2918 2653 3122 2707 factum
3160 2670 3321 2710 carne
3351 2655 3407 2709 in
3435 2657 3611 2726 specie

2032 2746 2309 2811 hominis;
2342 2754 2403 2799 ut
2434 2746 2608 2799 forma
2635 2754 2775 2800 esset
2813 2745 3130 2800 hominibus
3157 2746 3613 2815 quemadmodum

2033 2832 2135 2886 sibi
2157 2834 2328 2886 Deum
2358 2838 2654 2886 creatorem
2675 2848 2835 2887 suum
2865 2831 3153 2903 paciﬁcum
3185 2830 3443 2886 facerent.
3473 2834 3616 2887 Deus

2035 2936 2160 2991 ergo
2188 2928 2302 2975 erat
2350 2919 2407 2975 in
2438 2919 2674 2976 Christo.
2724 2920 3059 2988 Quomodo?
3088 2919 3251 2987 Quasi
3300 2920 3359 2975 in
3408 2920 3613 2975 vicario

2030 3016 2123 3064 aut
2153 3011 2343 3080 legato,
2374 3008 2517 3065 sicut
2555 3008 2661 3064 fuit
2689 3009 2748 3065 in
2778 3008 3077 3082 prophetis,
3118 3015 3212 3064 aut
3257 3009 3464 3064 aliter?
3490 3009 3611 3065 Non

2028 3099 2170 3155 sicut
2199 3098 2305 3153 fuit
2347 3099 2404 3154 in
2437 3098 2718 3171 prophetis
2748 3098 2827 3155 sic
2878 3098 3114 3170 intelligi
3155 3105 3334 3171 potest
3360 3098 3528 3155 fuisse
3555 3108 3610 3156 et

2028 3188 2087 3243 in
2116 3187 2257 3242 Filio
2283 3187 2311 3243 7
2341 3187 2514 3242 Filius
2545 3186 2691 3242 enim
2723 3186 3047 3241 naturaliter
3092 3187 3299 3258 legatus
3324 3195 3407 3243 est
3435 3188 3610 3244 Patris

2027 3276 2125 3331 Dei
2158 3276 2296 3347 (35).
2331 3276 2483 3330 Unde
2528 3275 2694 3329 dicit:
2744 3299 2762 3321 ι
2791 3274 2931 3341 Quia
2971 3274 3128 3328 Pater
3174 3274 3233 3329 in
3279 3290 3367 3330 me
3407 3285 3506 3345 est,
3554 3285 3608 3333 et

2028 3380 2125 3435 ego
2156 3363 2212 3417 in
2242 3365 2397 3418 Patre
2437 3362 2616 3433 (Joan.
2652 3377 2770 3429 xw,
2812 3361 2937 3431 11);
2971 3384 2990 3407 ι
3034 3360 3193 3415 Pater
3238 3362 3385 3416 enim
3430 3378 3525 3434 per
3551 3363 3607 3419 id

2026 3450 2356 3523 intelligitur
2383 3466 2498 3506 esse
2546 3450 2603 3505 in
2632 3450 2796 3516 Filio,
2828 3448 2975 3522 quod
3022 3463 3130 3503 una
3158 3463 3345 3505 eorum
3374 3449 3445 3505 sit
3484 3452 3607 3509 sub-

2024 3539 2241 3595 stantia.
2276 3539 2356 3594 Ibi
2386 3538 2532 3594 enim
2581 3545 2662 3594 est
2692 3537 2875 3593 unitas
2906 3536 3044 3610 (36),
3078 3535 3172 3591 ubi
3201 3537 3354 3592 nulla
3381 3546 3460 3594 est
3487 3539 3609 3595 dif—

2023 3630 2288 3686 ferentia:
2320 3644 2385 3685 ac
2414 3645 2509 3701 per
2555 3626 2660 3683 hoc
2691 3627 2927 3684 invicem
2975 3633 3141 3682 sunt:
3174 3626 3302 3700 quia
3335 3635 3391 3684 et
3429 3628 3607 3702 imago

2023 3726 2077 3774 et
2118 3718 2423 3774 similitudo
2468 3733 2654 3773 eorum
2698 3732 2809 3772 una
2856 3724 2957 3785 est,
3010 3723 3073 3772 ut
3118 3716 3312 3773 videns
3354 3717 3557 3774 Filium
3584 3760 3601 3786 ,

2022 3808 2224 3863 Vidisse
2252 3807 2469 3862 dicatur
2514 3806 2751 3873 Patrem,
2784 3806 2926 3861 sicut
2954 3813 3007 3860 et
3038 3806 3151 3878 ipse
3194 3807 3462 3862 Dominus
3488 3807 3600 3863 ait:

2037 3918 2055 3942 ε
2084 3896 2189 3963 Qui
2220 3911 2306 3949 me
2333 3894 2506 3961 videt,
2558 3894 2708 3949 videt
2737 3901 2790 3949 et
2819 3894 3029 3950 Patrem
3074 3894 3236 3965 (Ibid.
3269 3895 3349 3965 9).
3383 3919 3401 3940 ι
3444 3895 3604 3948 Recte

2023 4000 2148 4055 ergo
2194 3983 2433 4038 dicitur:
2498 4003 2518 4027 ι
2545 3982 2691 4037 Deus
2735 3989 2850 4037 erat
2898 3983 2955 4035 in
3004 3980 3260 4037 Christo:
3296 4003 3314 4024 ι
3375 3978 3477 4030 hoc
3521 3984 3603 4031 est

2021 4074 2180 4129 Pater
2207 4072 2265 4127 in
2296 4073 2455 4139 Filio,
2503 4095 2522 4118 ι
2550 4071 2817 4126 mundum
2868 4067 3227 4124 reconcilians
3272 4062 3396 4127 sibi,
3431 4086 3448 4108 -
3491 4077 3603 4120 non

2022 4168 2278 4234 reputans
2327 4159 2437 4214 illis
2492 4160 2693 4214 delicta
2746 4171 2986 4217 eorum;
3047 4149 3304 4220 quoniam
3358 4155 3603 4204 creatura

2022 4249 2267 4322 peccavit
2312 4249 2370 4304 in
2417 4250 2611 4313 Deum,
2660 4259 2763 4299 nec
2799 4237 3079 4312 paenituit,
3110 4244 3170 4291 ut
3200 4243 3409 4292 reverte
3451 4245 3601 4293 retur

2022 4340 2091 4396 ad
2117 4355 2240 4394 eum
2267 4356 2279 4393 :
2312 4338 2454 4392 Deus
2481 4349 2618 4406 Opus
2655 4345 2816 4386 suum
2846 4328 3038 4383 nolens
3084 4325 3281 4399 perire,
3323 4325 3472 4383 misit
3498 4326 3601 4382 Fi—

393 4490 520 4563 (31)
553 4491 780 4560 Propter
808 4487 1009 4563 Christi
1043 4503 1184 4557 ergo,
1207 4485 1273 4563 ab
1308 4484 1393 4539 his
1422 4485 1602 4540 verbis
1630 4502 1799 4563 usque
1827 4485 1915 4563 ad,
1948 4468 1997 4526 D
2030 4478 2525 4563 Christoobediunt,
2548 4471 3144 4563 no‘sceretarrguaresi
3168 4477 3429 4563 quate'tp.

322 4556 694 4633 Ergo'omnes
738 4560 934 4633 mortui
990 4556 1149 4625 sunt,
1217 4557 1401 4633 hiatus
1448 4564 1625 4633 exstat
1688 4556 1745 4609 in
1791 4556 1915 4623 cod,

325 4626 519 4690 Corb..
548 4651 562 4697 ;
597 4631 777 4687 caeteri
800 4638 1000 4695 autem,
1023 4637 1185 4701 atque
1205 4628 1340 4701 edit.
1371 4626 1503 4701 satis
1533 4626 1676 4680 inter
1700 4642 1759 4701 se
1778 4642 1919 4701 con-

324 4695 619 4781 sentiunt,
636 4701 681 4756 si
710 4695 1184 4781 transpositionem
1219 4697 1484 4781 excipias,
1518 4714 1637 4769 quae
1669 4695 1919 4781 sic‘facta

326 4783 405 4829 est
468 4774 525 4828 in
580 4774 738 4829 Rom.
790 4768 1016 4827 edit.....
1067 4776 1250 4837 tacent,
1298 4768 1366 4824 uti
1402 4768 1918 4839 laus’apostolorum

323 4850 652 4911 nosceretur,
702 4859 805 4897 non
825 4841 1099 4910 jactantia:
1128 4857 1352 4896 causa...
1385 4839 1718 4911 infructuosa
1765 4839 1920 4894 vide—

326 4922 500 4971 retur.
537 4917 642 4970 Per
667 4914 911 4968 meritum
930 4913 1087 4978 enim,
1118 4919 1221 4967 etc.

406 4985 528 5057 (32)
571 4984 732 5043 Corb.
786 4982 930 5048 cod.,
966 4982 1144 5053 passio
1186 4981 1389 5036 mortis.
1441 4982 1548 5057 Hoc
1593 4998 1697 5057 non
1741 4981 1919 5051 utique

324 5053 552 5128 propter
593 5056 884 5128 Christum,
913 5069 1061 5122 quem
1085 5070 1196 5106 sors
1222 5070 1326 5128 non
1369 5053 1623 5128 tangebat,
1673 5053 1914 5128 humana:

329 5124 675 5203 fragilitatis,
704 5126 1033 5203 sedpropter
1056 5139 1184 5203 nos,
1206 5125 1391 5203 quibus
1418 5126 1709 5203 exemplum
1738 5124 1918 5203 datum

331 5192 451 5265 est;
470 5205 528 5251 ut
558 5199 606 5252 si
631 5192 845 5267 vestigia
886 5192 997 5267 ejus
1030 5195 1184 5267 secuti
1212 5192 1487 5267 fuerimus,
1519 5192 1611 5265 qui
1643 5211 1742 5264 pro
1770 5192 1917 5267 uobis

333 5275 582 5324 mortuus
619 5275 713 5323 est.
760 5264 942 5324 Simili
986 5264 1136 5338 modo
1188 5270 1235 5317 et
1272 5265 1328 5338 in
1372 5264 1679 5338 nobis’post
1721 5265 1918 5338 exitum

336 5340 461 5393 vita:
506 5339 666 5407 huius
709 5336 1092 5409 resurgentibus
1134 5336 1391 5409 promisso
1443 5334 1664 5409 tempore
1702 5334 1919 5409 cessabit

336 5411 509 5482 omnis
538 5405 824 5482 inﬁrmitas
866 5405 916 5462 et
953 5405 1241 5477 corruptio.
1272 5407 1409 5482 _Ideo
1434 5405 1616 5462 etenim
1656 5407 1915 5482 novimus,

341 5479 537 5550 inquit,
588 5476 653 5535 ea:
705 5482 799 5535 hoc
842 5486 1061 5550 tempore
1098 5476 1374 5550 secundum
1426 5494 1667 5550 carnem;
1702 5480 1829 5548 quia
1862 5476 1917 5530 in

345 5549 549 5606 Christi
578 5549 952 5607 resurrectione
986 5549 1240 5621 generalis
1276 5549 1403 5621 data,
1433 5555 1505 5602 est
1541 5549 1717 5621 forma
1745 5550 1916 5621 incert

327 5623 612 5704 'rttptiouis
639 5629 687 5680 et
720 5618 999 5692 claritatis,
1052 5628 1110 5678 ut
1136 5621 1211 5679 ita
1244 5620 1480 5678 omnibus
1501 5620 1797 5695 provenire,
1826 5618 1918 5692 qui

2101 4552 2213 4632 <33)
2247 4552 2372 4632 Mss-
2420 4549 2628 4621 aliqnot
2653 4566 2675 4632 =.
2710 4547 2811 4632 Qui
2830 4541 3600 4632 νείδξεηαυὲἐ,τίτίεξίιίὶίξςὲὲ

2026 4613 2121 4696 qui
2150 4613 2206 4677 et
2230 4623 2361 4676 edit.
2395 4613 2582 4696 partim
2612 4613 2902 4696 admodum
2934 4613 3598 4696 discrepant‘abinvicem

2026 4682 2426 4763 exceptogquod
2459 4694 2610 4763 item.
2633 4690 2765 4744 edit.
2789 4686 3040 4742 ultimam
3070 4682 3234 4754 hujus
3254 4682 3360 4738 loci
3389 4689 3597 4755 partem

2028 4765 2085 4819 in
2114 4760 2374 4818 interiere
2411 4760 2683 4829 rejecerat.

2100 4833 2217 4905 (34)
2263 4833 2343 4905 [ta
2378 4823 2489 4885 vet'.
2523 4830 2654 4905 edit.
2684 4844 2747 4883 ac
2787 4843 2914 4905 mss.
2946 4842 2979 4882 a
3022 4824 3219 4905 quibus
3254 4823 3596 4905 hoc_mntum

2026 4895 2229 4962 differt.
2274 4903 2429 4959 Rom.
2480 4901 2612 4956 edit.
2661 4898 2806 4974 quod
2854 4899 2971 4954 haec
3029 4895 3223 4952 maluit
3256 4936 3271 4962 ,
3323 4895 3591 4974 Christum

2024 4977 2398 5034 Dominum...
2430 4979 2629 5028 mittere
2664 4972 2911 5043 dignatus
2932 4975 3040 5043 est,_
3065 4974 3353 5043 et_carnem
3392 4972 3446 5043 in
3468 4980 3599 5043 spe-

2025 5050 2099 5103 cie
2120 5047 2345 5103 hominis
2382 5045 2498 5117 ﬁeri
2519 5063 2539 5109 ;
2575 5050 2630 5098 at
2658 5033 2758 5098 ms.
2792 5041 2953 5117 Corb.
3000 5033 3098 5117 sic_
3127 5039 3304 5117 locum
3352 5033 3595 5113 exhibet,

2030 5120 2266 5175 Christus
2325 5106 2581 5173 Dominus
2631 5121 2805 5168 uoster
2848 5113 2912 5167 de
2958 5109 3123 5165 sacris
3158 5106 3368 5182 sedibus
3421 5106 3596 5182 venire

2025 5191 2270 5262 dignatus
2302 5188 2479 5262 estad
2518 5193 2748 5262 terrena,
2786 5183 2957 5254 factus
2984 5178 3264 5236 secundum
3296 5190 3506 5230 carnem
3540 5178 3600 5224 in

2024 5257 2185 5333 spEcie
2212 5259 2461 5333 hominis,
2474 5264 2536 5333 ut
2560 5257 2758 5326 forma,
2787 5262 2892 5311 etc.

2098 5333 2214 5403 (35)
2246 5332 2369 5386 νεῖ.
2401 5316 2688 5403 θᾶἱῑλέιιῐη
2718 5316 2841 5403 ligo
2859 5331 2966 5403 aut
2980 5324 3151 5377 altero
3179 5316 3597 5403 mss.,_uatura:

2027 5384 2365 5460 ιξιέτῗῖιαέαέ
2387 5384 2462 5456 est
2510 5399 2689 5455 Patris
2744 5397 2878 5460 Dei;
2931 5396 3113 5459 Bom.,
3165 5384 3481 5460 naturaliter
3525 5384 3601 5460 est

2026 5447 2340 5529 333MB;
2355 5491 2367 5528 :
2388 5447 2725 5527 'iﬁsiﬁéio
2744 5447 3049 5540 prope—ad
3079 5447 3249 5515 unum
3295 5448 3454 5506 nobis
3487 5447 3597 5509 suf-

2021 5546 2319 5617 fragantur.
2722 5608 2760 5617 __
2784 5609 2793 5617 _
2893 5606 2903 5617 ,

2100 5604 2214 5691 (36)
2245 5618 2371 5672 Mss.
2407 5611 2680 5680 nonnulli,
2714 5608 2795 5668 Ibi
2820 5606 2956 5665 enim
2972 5604 3182 5659 verita-9.

3600 5712 3648 5730 ουρ
