4112 6178
531 197 638 255 315

1538 195 1637 252 AD
1675 195 1907 252 OPERA
1944 196 2000 253 S.
2040 198 2372 260 AMBROSII
2400 203 2780 262 APPENDIX.

3686 220 3792 279 316

527 320 664 376 lium
720 330 900 383 suum,
952 329 1057 388 per
1110 330 1270 387 quem
1329 314 1623 389 praedicata
1668 317 1746 373 eis
1794 320 2111 378 remissione
2142 329 2194 389 Α
2297 327 2476 398 (Vers.
2511 330 2591 401 2.)
2646 353 2664 377 ι
2694 332 2756 386 In
2807 339 3048 403 tempore
3095 342 3315 407 accepto
3359 340 3622 397 exaudivi
3651 352 3725 413 te,
3758 358 3809 405 et

524 407 894 482 peccatorum,
944 403 1323 459 reconciliaret
1371 419 1463 459 eos
1508 402 1611 460 sibi
1645 421 1740 476 per
1786 407 1984 479 ipsum,
2016 425 2113 481 per

522 507 683 570 quem
732 507 832 552 nos
879 498 1157 548 creaverat
1208 491 1345 564 (37).
1399 490 1525 572 Sive
1571 510 1697 566 ergo
1743 511 1838 568 per
1883 497 2106 567 Filium,

521 586 638 640 sive
666 592 762 657 per
790 592 977 637 servos
1003 579 1147 637 Deus
1189 578 1515 637 exhortatur
1555 582 1816 656 populum
1840 602 1853 652 ;
1887 585 2015 659 quia
2041 591 2108 645 ad

520 673 699 748 ipsum
726 666 907 727 omnis
935 685 1145 726 summa
1174 668 1458 726 referenda
1498 675 1598 740 est,
1631 668 1788 745 cujus
1827 674 2109 733 voluntate

519 770 573 819 et
604 758 949 835 providentia
996 754 1248 817 Christus
1289 758 1608 817 incarnatus
1652 766 1734 817 est
1763 759 1829 819 ad
1878 762 2106 821 salutem

518 848 805 907 hominum
855 843 1266 915 redimendam;
1298 847 1395 920 qui
1436 863 1561 903 cum
1611 850 1811 906 reverti
1843 854 2010 910 vellet
2040 857 2107 912 ad

517 938 752 1006 Patrem,
783 930 1245 1008 dispensationem
1276 943 1550 1010 acceptam
1580 949 1613 992 a
1648 934 1806 996 Patre
1835 939 1985 999 dedit
2024 944 2106 999 di-

515 1023 761 1102 scipulis.
1153 1066 1160 1073 ς

601 1142 620 1165 ι
658 1118 888 1174 Orantes
934 1132 1034 1191 pro
1080 1111 1300 1174 Christo
1345 1131 1445 1172 vos
1500 1114 1845 1177 reconciliari
1908 1121 2039 1179 Deo.
2071 1148 2090 1171 ι

516 1202 633 1265 Hoc
663 1210 765 1274 est,
814 1200 961 1278 quod
990 1200 1130 1273 dixi,
1165 1203 1261 1277 qui
1300 1218 1398 1279 pro
1427 1202 1647 1263 Christo
1694 1208 1928 1265 vicarios
1955 1210 2107 1267 dedit

515 1294 835 1369 apostolos;
894 1300 958 1353 ut
1011 1304 1111 1368 pro
1167 1293 1286 1368 ipso
1342 1290 1706 1369 praedicarent
1762 1299 2106 1357 reconciliari

513 1385 647 1443 Deo.

585 1464 767 1545 (Vere.
813 1466 936 1542 22.)
983 1494 1003 1520 ι
1029 1464 1172 1528 Eum
1222 1469 1319 1545 qui
1367 1485 1477 1529 non
1524 1480 1752 1531 noverat
1798 1482 2103 1549 peccatum,

508 1575 610 1636 pro
655 1557 816 1616 nobis
871 1563 1152 1632 peccatum
1203 1558 1352 1616 fecit.
1405 1585 1424 1609 ι
1484 1560 1658 1618 Deum
1706 1559 1843 1620 dicit
1888 1562 2103 1621 Patrem

2220 410 2279 468 in
2309 413 2396 471 die
2425 417 2618 473 salutis
2648 417 2834 489 adjuvi
2867 428 2921 475 te
2954 421 3087 491 (Isa.
3139 439 3297 491 xmx,
3329 425 3429 494 8);
3464 452 3481 473 ι
3527 429 3631 488 hoc
3660 410 3805 491 scri-

2219 510 2372 576 ptum
2422 514 2502 561 est
2549 505 2608 561 in
2652 507 2791 564 Isaia
2839 510 3120 583 prOpheta.
3155 512 3605 577 Praedestinatam
3651 524 3810 584 docet

2221 592 2444 661 gratiam
2494 593 2593 648 Dei
2622 593 2680 649 in
2709 602 2955 669 tempore
2985 598 3190 655 Christi
3217 617 3231 667 ;
3269 601 3349 659 sic
3389 606 3537 663 enim
3566 610 3809 671 decrevit

2218 679 2363 733 Deus
2408 678 2628 737 afﬂuere
2673 682 3104 743 misericordiam
3155 705 3328 760 suam,
3370 702 3432 749 ut
3481 696 3540 752 in
3586 702 3807 759 nomine

2218 764 2427 823 Christi
2455 770 2806 840 poscentibus
2838 771 2955 845 (41)
2987 775 3259 833 auxilium
3282 778 3591 853 largiretur.

2291 860 2471 951 (Vere.
2505 863 2586 936 3.)
2631 888 2650 911 ι
2687 867 2828 924 Ecce
2858 884 3005 925 nunc
3050 877 3265 944 tempus
3293 880 3645 951 acceptabile,
3684 900 3806 942 ecce

2217 964 2366 1006 nunc
2393 950 2510 1005 dies
2538 954 2764 1022 salutis;
2789 957 2996 1013 nemini
3017 958 3208 1017 dantes
3238 963 3403 1019 ullam
3423 950 3804 1041 oilensionem,

2216 1056 2284 1096 ne
2301 1039 3017 1114 vitupereturministerium
3051 1059 3343 1109 nostrum»
3361 1055 3593 1130 Tempus
3619 1064 3805 1121 adesse

2216 1130 2371 1199 dicit,
2423 1149 2529 1206 quo
2576 1137 2785 1207 possint
2831 1140 2899 1195 ad
2937 1141 3337 1214 indulgentiam
3387 1150 3650 1220 proiicere
3688 1173 3804 1227 pec-

2215 1227 2424 1277 catores
2446 1265 2460 1288 ,
2491 1230 2708 1296 tempus
2752 1227 2937 1284 adesse
2967 1231 3127 1298 dicit,
3156 1250 3265 1305 quo
3294 1237 3502 1293 morbis
3549 1245 3803 1299 mortali-

2214 1309 2318 1365 bus
2352 1311 2624 1368 medicina
2653 1317 2825 1386 possit
2858 1318 3077 1375 infundi
3106 1340 3119 1387 ;
3171 1331 3223 1377 et
3254 1325 3376 1380 ideo
3415 1344 3470 1383 se
3504 1331 3796 1389 sollicitum

2214 1405 2519 1486 esse.185
2546 1402 2693 1458 circa
2732 1422 3000 1477 aegrorum
3030 1411 3281 1478 salutem,
3314 1429 3381 1468 ne
3429 1415 3572 1472 forte
3620 1422 3800 1492 negli-

2213 1475 2394 1549 gentia
2438 1479 2623 1553 aliqua
2652 1475 2938 1542 medicina
2976 1490 3149 1559 gratia
3180 1475 3374 1549 eﬂ‘ectu
3414 1508 3619 1556 careret
3645 1475 3799 1558 bimae

2213 1567 2514 1626 voluntatis
2562 1568 2677 1643 (42)
2729 1590 2856 1631 suae.
2918 1577 3050 1633 Fide
3097 1596 3223 1652 ergo
3269 1589 3327 1638 et
3374 1586 3661 1657 vigilantia
3704 1610 3800 1649 sua

506 1656 792 1724 peccatum
822 1644 1015 1704 fecisse
1052 1646 1255 1704 Filium
1287 1664 1444 1705 suum
1495 1646 1795 1722 Christum,
1829 1669 1951 1710 eum
1982 1654 2104 1710 uti-
2134 1688 2183 1749 Β
2212 1671 2429 1713 omnem
2447 1658 2796 1717 offensionem
2817 1666 3498 1744 negligentibusamputat;
3517 1694 3584 1732 ne
3600 1680 3795 1737 horum

510 1754 613 1763 -..Α
654 1736 743 1763 -..2
792 1742 1070 1763 -ΑΑΑΑΛικ-υιι
1114 1734 1388 1763 κΑΑΑζΑἱ-ιιιι
1454 1736 1504 1763 2.!
1552 1747 1626 1763 ..-ι
1688 1742 1774 1763 ...ξ
1821 1758 1923 1763 ..-μ
1969 1761 2059 1763 __-
2216 1745 2240 1763 ιι
2304 1754 2318 1763 .
2516 1748 2573 1763 -.-
2681 1752 2719 1763 Μ
2819 1754 2828 1762 .
2916 1755 2925 1763 .
3168 1760 3176 1763 -
3414 1756 3421 1763 .

507 1754 615 1814 que
652 1736 747 1811 qui
791 1742 1073 1812 peccatum
1114 1734 1409 1806 nesciebat,
1452 1736 1508 1795 id
1547 1747 1648 1809 est,
1683 1742 1778 1815 qui
1820 1758 1931 1798 non
1968 1761 2106 1817 pec-
2134 1734 2182 1749 ”
2212 1745 2353 1834 forte
2380 1748 2611 1819 segnitia
2639 1734 3343 1815 oil‘ensioriisvoccasionem
3375 1756 3581 1834 pareret
3620 1768 3801 1826 disci-

506 1833 755 1895 caverat;
786 1825 916 1900 quia
951 1823 1129 1882 factus
1177 1838 1302 1883 caro
1330 1838 1443 1883 non
1493 1824 1833 1900 immutatus,
1864 1831 1959 1888 sed
2003 1831 2102 1887 in-

505 1921 762 1978 carnatus
808 1914 983 1974 factus
1013 1924 1095 1973 est
1141 1924 1459 1991 peccatum;
1494 1919 1636 1976 sicut
1683 1921 1777 1995 qui
1807 1919 1870 1977 ﬁt
1897 1923 2101 1994 praefe-

505 2015 647 2079 ctus,
682 2024 792 2065 non
812 2006 1019 2064 amittit
1039 2006 1186 2082 quod
1215 2015 1331 2065 erat
1354 2027 1369 2078 ;
1387 2008 1480 2066 sed
1496 2011 1725 2066 assumit
1745 2013 1936 2087 utique
1953 2014 2099 2086 quod

504 2113 617 2156 non
664 2103 798 2155 erat.
858 2094 1034 2153 Homo
1082 2113 1208 2169 ergo
1254 2097 1431 2155 factus
1498 2105 1580 2155 est
1624 2096 1876 2158 Christus
1939 2119 2098 2159 causa

503 2186 735 2261 peccati,
758 2201 917 2259 quem
950 2202 1062 2242 non
1098 2185 1353 2258 tangebat
1384 2202 1520 2255 sors,
1553 2202 1728 2260 neque
1747 2187 1986 2261 dignitas
2005 2206 2097 2245 na-

502 2274 581 2333 sci
602 2273 902 2331 hominem.
924 2272 1298 2345 Propterquod
1318 2281 1498 2331 autem
1520 2274 1699 2331 omnis
1717 2292 1843 2332 caro
1855 2277 1955 2332 sub
1975 2293 2095 2349 pec-

501 2371 626 2421 cato
654 2368 755 2432 est,
779 2359 902 2420 ideo
924 2361 1100 2418 factus
1119 2377 1264 2430 caro,
1287 2360 1467 2419 factus
1493 2370 1574 2419 est
1601 2363 1766 2419 etiam
1788 2372 2089 2438 peccatum.

503 2450 577 2509 Et
608 2451 866 2526 quoniam
898 2448 1116 2507 oblatus
1143 2458 1224 2508 est
1253 2467 1352 2524 pro
1390 2451 1646 2526 peccatis,
1677 2471 1788 2511 non
1817 2454 2092 2512 immerito

503 2548 786 2617 peccatum
815 2539 992 2599 factus
1021 2538 1262 2609 dicitur;
1286 2542 1416 2615 quia
1433 2548 1487 2598 et
1514 2541 1712 2615 hostia,
1735 2544 1795 2600 in
1815 2546 1949 2618 lege,
1972 2562 2091 2619 qua:

500 2646 604 2706 pro
649 2628 886 2705 peccatis
929 2628 1277 2699 oﬂ'erebatur,
1327 2638 1610 2704 peccatum
1650 2635 2086 2707 nuncupabatur.

512 2743 534 2770 ι
562 2719 634 2779 Ut
662 2737 765 2779 nos
805 2736 1047 2779 essemus
1069 2721 1289 2793 justitia
1316 2722 1416 2779 Dei
1444 2740 1540 2796 per
1568 2723 1744 2797 ipsum
1779 2722 1948 2797 (38),»
1994 2727 2089 2799 qui

501 2814 784 2881 peccatum
832 2803 1127 2875 nesciebat,
1185 2806 1403 2865 dicente
1448 2810 1619 2868 Isaia:
1673 2837 1693 2861 ι
1737 2812 1843 2881 Qui
1891 2830 2090 2887 pecca-

497 2903 619 2953 tum
666 2910 779 2952 non
824 2893 976 2963 fecit,
1011 2910 1113 2950 nec
1139 2894 1302 2952 dolus
1347 2895 1608 2954 inventus
1642 2906 1725 2956 est
1767 2900 1826 2958 in
1855 2920 1947 2959 ore
1973 2904 2090 2976 ejus

498 2981 634 3058 (Isa.
667 3000 786 3052 LIII,
814 2981 897 3054 9),
929 3006 950 3031 ι
992 2982 1149 3055 quasi
1197 2989 1449 3055 peccator
1477 2985 1689 3043 occisus
1716 2996 1817 3057 est,
1861 2999 1923 3047 ut
1953 3010 2090 3065 pec-

491 3080 705 3133 catores
746 3066 1183 3145 justiﬁcarentur
1223 3069 1368 3145 apud
1396 3073 1569 3130 Deum
1599 3072 1659 3132 in
1705 3075 1943 3135 Christo.
1975 3080 2086 3138 Ze-

492 3158 610 3220 lum
639 3156 784 3218 enim
826 3175 1014 3235 passus
1041 3168 1122 3218 est
1163 3159 1389 3217 Satanas
1416 3160 1676 3219 adversus
1720 3163 2079 3239 Salvatorem,

491 3248 689 3308 videns
716 3265 840 3306 eum
870 3244 1064 3307 docere
1083 3244 1335 3306 homines
1364 3249 1638 3323 quomodo
1657 3252 1761 3309 sibi
1782 3257 2078 3328 propitium

490 3338 733 3398 facerent
759 3336 956 3408 Deum,
994 3336 1444 3395 abrenuntiantes
1490 3335 1746 3397 diabolo:
1779 3350 1833 3398 et
1862 3353 2081 3417 propter

489 3427 598 3486 hoc
642 3424 844 3485 occidit
891 3442 1040 3495 eum,
1087 3425 1335 3483 nesciens
1388 3426 1638 3485 futurum
1686 3430 1946 3488 adversus
1982 3450 2073 3491 se:

490 3510 745 3575 Christus
779 3511 927 3571 enim
975 3521 1096 3587 post
1125 3530 1342 3571 crucem
1363 3515 1699 3575 descendens
1738 3520 1805 3576 ad
1852 3519 2075 3593 inferos,

489 3600 708 3663 devicta
736 3605 911 3660 morte
934 3602 1085 3677 ;quia
1112 3603 1205 3678 qui
1228 3612 1508 3676 peccatum
1529 3605 1824 3679 nesciebat,
1854 3610 2028 3668 teneri
2047 3629 2078 3669 a

489 3701 667 3752 morte
696 3710 806 3751 non
827 3701 1038 3768 poterat
1059 3711 1074 3762 ;
1100 3693 1229 3768 quia
1250 3711 1395 3751 mors
1414 3712 1509 3768 per
1528 3706 1808 3771 peccatum
1839 3700 2078 3759 inanivit

488 3781 765 3844 infernum
789 3783 929 3858 (39),
953 3791 1014 3841 ut
1034 3801 1181 3843 mors
1195 3783 1335 3858 justi
1356 3787 1733 3861 peccatoribus
1754 3789 2072 3864 proﬁceret:

484 3883 547 3933 ut
575 3875 642 3932 de
672 3881 870 3932 caetero
913 3890 1063 3933 mors
1090 3890 1201 3944 eos,
1233 3872 1329 3949 qui
1376 3875 1594 3950 signum
1641 3876 1822 3937 crucis
1849 3880 2072 3952 habent,

483 3971 669 4024 tenere
696 3980 810 4022 non
836 3962 1028 4039 possit.

1102 4072 1330 4132 CAPUT
1367 4074 1465 4133 VI.

555 4181 737 4255 (Vere.
787 4180 870 4252 1.)
921 4202 944 4231 ι
986 4180 1330 4254 Adjuvantes
1374 4190 1554 4241 autem
1602 4190 1657 4239 et
1703 4182 2070 4255 obsecramus,

483 4282 553 4335 ne
600 4269 660 4325 in
705 4280 939 4328 vacuum
990 4273 1217 4342 gratiam
1272 4272 1372 4329 Del
1418 4272 1714 4347 recipiatis.
1766 4299 1784 4323 ιι
1853 4273 2071 4347 Duplici

2211 1832 2392 1906 pulis;
2425 1852 2488 1893 ac
2525 1853 2621 1909 per
2665 1838 2768 1895 hoc
2808 1841 3071 1901 liberosse
3110 1832 3457 1919 signiﬁcant;
3500 1856 3628 1925 quia
3653 1860 3796 1930 quod

2199 1925 2446 1980 Salutare
2492 1934 2572 1982 est
2619 1927 2946 2001 simpliciter
2974 1936 3125 1990 omni
3173 1935 3437 1995 instantia
3478 1925 3788 2014 pradicant.

2210 2009 2365 2067 Unde
2410 2013 2678 2088 subjecit:
2725 2041 2745 2064 ι
2772 2019 2851 2075 Ne
2881 2021 3222 2094 vituperetur
3267 2009 3633 2087 ministerium
3675 2051 3791 2090 nos-

2206 2106 2393 2159 trum:
2426 2127 2445 2151 ι
2490 2105 2895 2179 vituperaretur
2921 2111 3070 2167 enim
3119 2114 3491 2173 ministerium
3532 2122 3788 2194 ipsorum,

2206 2188 2253 2245 si
2281 2205 2344 2245 ea
2371 2206 2489 2262 quae
2517 2193 2701 2250 verbis
2730 2196 3019 2268 docebant,
3051 2202 3308 2274 operibus
3334 2206 3470 2275 suis,
3501 2188 3568 2266 ut
3581 2209 3788 2283 tierent,

2205 2281 2455 2352 exempla
2483 2299 2594 2339 non
2622 2284 2839 2343 darent.

2277 2378 2457 2449 (Vers.
2515 2380 2627 2453 4.)
2698 2407 2718 2431 ι
2764 2384 2870 2441 Sed
2926 2386 2987 2442 in
3041 2390 3298 2449 omnibus
3351 2398 3789 2459 commendemus

2201 2469 2564 2541 nosmetipsos
2609 2478 2673 2526 ut
2702 2473 2801 2528 Dei
2851 2476 3156 2536 ministros.
3189 2507 3208 2530 ι
3250 2483 3348 2539 Dei
3397 2486 3636 2544 ministri
3672 2491 3787 2547 sine

2199 2555 2514 2613 adulatione
2561 2560 2779 2631 docent,
2816 2571 2877 2618 ut
2906 2567 2955 2621 ei
2992 2568 3151 2641 cujus
3196 2572 3433 2630 ministri
3466 2586 3615 2648 sunt,
3664 2581 3789 2652 pla-

2199 2654 2376 2715 ceant,
2425 2664 2537 2703 non
2575 2649 2718 2706 sicut
2764 2654 3225 2729 pseudoapostoli,
3260 2663 3356 2735 qui
3400 2665 3633 2723 scientes
3666 2649 3787 2725 non

2198 2748 2256 2789 se
2282 2750 2315 2790 a
2343 2736 2456 2790 Deo
2500 2736 2716 2807 missos,
2747 2743 3003 2811 praesenti
3049 2745 3276 2803 utilitati
3324 2752 3615 2811 studebant
3647 2755 3784 2828 (43).

2209 2843 2229 2868 ι
2268 2822 2332 2876 In
2378 2825 2551 2880 multa
2597 2826 2879 2898 patientia.
2911 2854 2931 2878 ι
2994 2832 3263 2891 Patientia
3311 2846 3410 2905 est,
3443 2856 3563 2912 qua:
3609 2822 3789 2900 salvat

2196 2908 2447 2968 homines
2469 2914 2595 2980 ;nisi
2624 2917 2771 2972 enim
2806 2918 3063 2991 patientia
3091 2921 3293 2980 abusus
3321 2908 3480 2996 esset,
3503 2936 3791 3001 quomodo

2194 3000 2454 3057 salvasset
2484 3002 2822 3075 Corinthios,
2850 3023 2984 3080 quos
3013 3016 3132 3081 post
3158 3000 3597 3082 praedicationem
3626 3038 3784 3079 suam

2193 3089 2360 3146 tantis
2406 3090 2563 3147 vitiis
2608 3109 2846 3164 morum,
2897 3105 2951 3153 et
2996 3098 3272 3156 erroribus
3316 3103 3657 3164 diversarum
3705 3128 3780 3167 se-

2190 3186 2400 3235 ctarum
2430 3180 2715 3239 invenerat
2746 3185 3047 3256 involutos,
3070 3203 3205 3260 quos
3237 3194 3500 3262 patientia
3530 3213 3627 3252 sua
3653 3215 3779 3272 pau-

2190 3265 2344 3324 latim
2390 3270 2457 3326 ad
2489 3287 2671 3327 veram
2719 3274 3025 3331 doctrinam
3080 3280 3347 3336 revocat?
3409 3305 3429 3329 ι
3463 3285 3521 3340 In
3569 3265 3778 3358 pressu-

2187 3357 2284 3412 ris.
2316 3380 2334 3403 ι
2378 3357 2661 3416 Pressuras
2690 3364 2937 3433 pertulit,
2981 3364 3160 3421 sciens
3198 3364 3333 3440 quid
3362 3386 3393 3425 a
3427 3373 3538 3428 Deo
3565 3390 3663 3446 pro
3692 3376 3778 3432 his

2187 3443 2261 3499 sit
2307 3446 2656 3516 promissum.
2730 3474 2750 3498 ι
2806 3451 2870 3507 In
2918 3452 3351 3513 necessitatibus.
3402 3483 3422 3506 -
3478 3443 3776 3521 Necessitas

2184 3541 2301 3590 erat
2357 3535 2521 3591 etiam
2583 3538 2643 3594 in
2702 3557 2958 3613 pressura
3002 3546 3238 3617 positum
3287 3548 3516 3619 docere;
3574 3553 3702 3627 quia
3742 3572 3776 3612 a

2184 3622 2420 3680 Domino
2472 3632 2587 3682 erat
2636 3628 2855 3687 missus.
2904 3657 2923 3680 ι
2959 3632 3021 3688 In
3058 3636 3343 3707 angustiis.
3374 3662 3394 3687 ι
3453 3640 3557 3714 Spe
3589 3622 3774 3702 'futuri

2184 3714 2551 3785 angustiatus,
2602 3719 2935 3791 perﬁdorum
2974 3724 3411 3796 oppositionibus
3446 3746 3556 3787 non
3592 3735 3770 3793 cessit.

2256 3819 2437 3912 (Vers.
2473 3823 2558 3894 ὅ.)
2622 3847 2640 3871 ι
2666 3826 2731 3882 In
2781 3829 2972 3909 plagis.
3007 3854 3026 3880 ι
3081 3835 3130 3889 A
3175 3834 3379 3893 Iudaeis
3421 3847 3476 3894 et
3523 3836 3774 3912 gentibus

2182 3924 2352 3966 cassus
2396 3909 2728 3983 frequenter,
2780 3934 2890 3974 non
2921 3922 3096 3978 tacuit
3144 3926 3372 3996 gratiam
3404 3909 3623 3987 Christi.
3669 3937 3771 3991 «In

2182 3999 2507 4055 carceribus.
2541 4026 2559 4047 ›
2603 4002 2752 4074 Saepe
2799 4006 2858 4061 in
2895 4025 3164 4065 carcerem
3216 4014 3413 4070 missus
3455 4027 3771 4094 contempta

2182 4092 2357 4146 salute
2385 4108 2503 4160 sua,
2549 4096 2713 4151 etiam
2744 4098 2864 4155 illic
2893 4101 3099 4157 donum
3147 4106 3245 4161 Dei
3278 4110 3614 4179 praedicavit.
3660 4092 3768 4173 {In

2181 4179 2700 4251 perturbationibus.
2750 4210 2770 4235 ι
2832 4188 2895 4243 In
2942 4197 3156 4247 tantum
3205 4194 3319 4250 Deo
3352 4196 3589 4255 devotus
3633 4211 3763 4271 erat,

2178 4274 2241 4323 ut
2267 4283 2368 4324 nec
2395 4272 2735 4340 perturbatio
2765 4274 3049 4349 ﬁduciam,
3084 4297 3243 4353 quam
3276 4282 3336 4338 in
3374 4286 3486 4340 Deo
3518 4287 3746 4347 habebat

484 4375 676 4432 genere
705 4359 1001 4430 Apostolus
1029 4359 1281 4417 humana;
1310 4364 1503 4420 salutis
1513 4380 1705 4455 curam
1736 4364 1917 4455 subire
1950 4367 2063 4439 (40)

2194 4356 2465 4415 ninueret.
2510 4385 2528 4406 ι
2559 4362 2621 4417 In
2669 4364 2967 4423 laboribus.
3018 4392 3035 4413 ι
3080 4368 3350 4425 Laborare
3400 4391 3514 4431 non
3559 4371 3767 4455 destiti;

483 4445 792 4514 contendit;
816 4455 878 4503 ut
907 4444 957 4503 ei
984 4446 1083 4503 Dei
1116 4449 1477 4521 providentiae
1497 4451 1729 4508 devotus
1757 4451 2061 4526 exsisteret,

477 4543 535 4593 et
563 4534 883 4594 hominibus
908 4535 1194 4596 charitstis
1224 4536 1467 4596 ofﬁcium
1496 4539 1799 4599 exhiberet.

552 4676 669 4757 (_37)
710 4680 872 4738 Corb.
906 4681 1076 4757 “cod”
1121 4698 1245 4757 nos;
1257 4691 1546 4757 creauerat,
1587 4702 1787 4757 ponens
1822 4688 1880 4744 in
1916 4691 2063 4748 nobis

476 4751 691 4807 verbum
712 4754 1174 4810 reconciliationis.
1211 4755 1322 4811 Pro
1366 4751 1706 4813 Christo-vos
1732 4763 2065 4819 reconciliari

476 4822 606 4913 ρςο.
638 4823 804 4879 Deum
983 4824 1379 4913 per'Christunt
1423 4828 1683 4913 delegasse
1701 4833 2067 4913 .apostolis,'ut

475 4891 573 4950 illo
609 4910 848 4973 regresso
884 4891 1165 4973 indicatos
1204 4911 1321 4953 cum
1360 4891 1653 4973 triumpho,
1690 4891 1908 4958 iniriam
1950 4891 2062 4973 ejus

469 4965 1091 5046 arcadirarentgeutibus
1127 4968 1326 5046 donum
1346 4965 1535 5040 gratia;
1559 4965 1677 5046 Dei,
1710 4979 1769 5028 ut
1803 4975 1937 5029 sicut
1965 4965 2063 5046 per

478 5036 770 5113 Chijstup},
802 5036 949 5113 itaet
974 5054 1071 5108 per
1102 5036 1367 5113 apostotoi
1393 5058 1447 5095 se
1482 5036 1797 5113 praedicaret
1825 5036 1985 5101 Deus:

573 5107 665 5188 ἒξ)
691 5108 813 5188 Y_et.
836 5107 990 5188 fidit.
1010 5124 1073 5166 ac
1101 5107 1230 5168 mss.
1252 5107 1722 5188 aliquot,'justitio
1745 5117 1843 5172 Dei
1854 5118 1911 5188 in
1928 5119 2057 5188 ipso.

573 5110 643 5163 38
691 5110 813 5165 Vet.
846 5110 978 5165 edit.
1010 5124 1073 5166 ac
1101 5123 1230 5168 mss.
1252 5110 1722 5185 aliquot,_justitia
1745 5117 1843 5172 Dei
1854 5118 1911 5171 in
1928 5119 2057 5188 ipso.

572 5110 665 5256 39;
698 5180 795 5256 Ms.
830 5178 1015 5256 Corb..
1042 5197 1140 5252 per
1158 5189 1426 5253 peccatum
1455 5184 1669 5241 inolevit
1703 5187 1759 5241 in
1776 5187 2058 5256 infernum.

571 5248 664 5320 40)
698 5251 854 5332 Rom.
903 5248 1063 5320 edit,
1111 5248 1296 5341 otii-qni
1323 5272 1377 5310 se
1402 5273 1553 5327 agere
1574 5266 1740 5341 :"vet.
1772 5248 1897 5313 cum
1930 5276 2056 5341 mss.

470 5333 584 5375 non
633 5321 832 5412 paucis
852 5360 867 5390 ,
918 5336 1102 5412 curam
1157 5324 1408 5394 subjicere
1431 5321 1457 5382 ἶ
1495 5328 1691 5412 melius
1710 5344 1869 5412 “vero
1924 5331 2058 5412 alii,

470 5393 1041 5478 curamusubire.._A_t
1089 5393 1412 5478 seq._versu
1474 5398 1667 5478 eadem.
1710 5398 1864 5454 Rom.
1924 5393 2056 5458 edit;

470 5463 735 5532 reposuit,
783 5464 1090 5520 charitatem
1135 5463 1417 5532 cohiberet,
1465 5468 1559 5522 ubi
1597 5468 1718 5523 aliae
1763 5485 1889 5525 cum
1928 5488 2056 5530 mss.

468 5531 726 5587 omnibus
754 5535 1018 5593 efferunt:
1053 5537 1329 5591 alacritatis
1360 5531 1583 5611 officium
1612 5539 1890 5597 exhiberet.

2172 4445 2604 4518 manibussuis;
2654 4468 2722 4509 ne
2749 4455 2839 4509 cui
2896 4455 3075 4525 gravis
3105 4464 3265 4527 esset,
3308 4471 3498 4520 certus
3529 4466 3632 4523 hoc
3659 4445 3766 4544 sibi

2174 4536 2435 4610 proﬁcere
2463 4542 2607 4614 apud
2638 4543 2832 4598 Deum.
2871 4566 2891 4590 ε
2923 4544 2987 4599 In
3016 4542 3243 4617 vigiliis.
3275 4572 3294 4597 ι
3337 4549 3467 4610 Tam
3498 4536 3767 4618 sollicitus

2247 4682 2363 4755 (41)
2403 4683 2606 4769 Omnes
2620 4682 2899 4769 .edit.,.ut
2928 4701 3114 4768 nomen
3158 4690 3358 4769 Christi
3399 4701 3762 4769 poscentibus:

2172 4769 2306 4835 mss.
2335 4770 2464 4835 vero
2494 4755 2712 4835 partim,
2759 4758 2821 4810 ut
2844 4758 3076 4816 nomine:
3114 4766 3337 4835 partim,
3366 4755 3425 4823 ut
3461 4768 3517 4824 in
3558 4755 3768 4829 nomine

2177 4823 2376 4879 Christi
2399 4823 2752 4894 poscentibus,
3114 4823 3133 4835 '
3316 4823 3335 4833 '
3467 4823 3506 4824 ⁷⁷
3822 4846 3826 4863 λ

2244 4894 2372 4991 (ΑΞ)
2401 4896 2529 4991 Mss.
2552 4904 2606 4952 et
2633 4898 3069 4991 edithhic‘nibil
3110 4907 3440 4991 discrepant,
3481 4915 3591 4973 nisi
3618 4917 3764 4991 quod

2172 4965 2232 5053 in
2260 4965 2393 5053 edit.
2427 4973 2480 5022 et
2516 4984 2653 5053 mss.
2681 4968 3013 5053 quibusdam
3055 4965 3305 5053 habetur;
3337 4965 3771 5053 e/ﬁ'ctiféaiiﬁi
3810 5038 3811 5047 .

2171 5043 2219 5092 et
2268 5035 2431 5106 bonae,
2480 5035 2823 5131 etc.,‘plures
2870 5062 3001 5102 vero
3010 5047 3217 5131 [scripti
3266 5035 3551 5131 0:0d':"l_]0n
3600 5075 3763 5131 agno-
3806 5038 3811 5079 ³

2172 5109 2855 5195 “cu’t‘.°°“j“"9li°!16mr
2904 5125 2960 5173 at
3007 5109 3169 5195 Corb.:
3202 5121 3352 5192 legit,
3399 5109 3765 5195 evetita”;

2164 5186 2335 5261 parte!“
2346 5180 2524 5261 homo,
2542 5182 2635 5236 ubi
2657 5185 2864 5261 clarum
2896 5197 2975 5244 est
2994 5180 3351 5261 negationem
3365 5180 3686 5258 desiderari.

2246 5248 2360 5338 (43)
2387 5250 2563 5338 τ(ξονι).
2613 5255 2758 5325 cod.,
2803 5248 3141 5338 praesentiam
3199 5264 3312 5338 lites

2171 5320 2352 5413 surde.
2386 5320 2532 5377 Idem
2565 5341 2694 5413 vero
2877 5331 3256 5413 caaterisﬂcod.
3294 5346 3346 5393 et
3367 5320 3532 5413 dedit”
3559 5320 3761 5413 potien-

2174 5393 2247 5448 tia
2269 5392 2469 5494 {mustis
2498 5403 2647 5494 esset,
2679 5398 2772 5481 ubi
2804 5399 2958 5494 Rom.
2999 5404 3315 5494 patientia!»
3356 5392 3758 5494 habuisslethed

2169 5462 2364 5592 verbat
2382 5466 2466 5522 uti
2500 5473 2554 5523 et
2583 5462 2737 5528 abuti
2783 5471 2928 5545 apud
2956 5462 3206 5535 aﬁctores
3253 5462 3754 5554 rreqiile'iiiéi"iaéiii

2169 5550 2340 5590 sonan
2371 5578 2383 5592 .

2169 5550 2383 5593 ιοητιηι.
