4112 6178
273 345 369 404 317

1317 339 1678 399 COMMENT.
1723 338 1793 394 ΙΝ
1829 337 2045 394 EPIST.
2089 339 2136 392 ll
2177 338 2270 392 AD
2309 338 2466 394 C08.

3428 336 3531 399 318

275 483 384 529 erat
427 474 566 532 circa
607 471 850 530 oﬂicium
896 469 1000 528 sibi
1043 469 1368 541 delegatum,
1412 478 1475 526 ut
1519 485 1620 525 nec
1675 474 1834 523 nocte
1865 468 1917 526 A
2019 466 2203 535 (Vers.
2245 465 2326 532 9.)
2391 486 2411 509 -
2459 463 2526 518 Ut
2573 463 2887 530 morientes,
2935 471 2990 519 et
3033 473 3157 520 ecce
3194 464 3460 519 vivimus.
3499 489 3516 509 ι

274 570 510 618 cessaret.
567 587 586 610 ι
641 563 703 618 In
751 557 997 632 jejuniis.
1054 583 1075 607 ι
1135 559 1448 632 Aliquando
1503 557 1836 623 voluntaria,

272 652 556 724 aliquando
594 652 928 709 necessitatis
949 648 1161 722 jejunia
1188 650 1415 721 pertulit
1453 664 1615 706 causa
1659 662 1843 718 penu-

270 742 378 808 riae,
435 749 489 797 et
546 743 658 796 Deo
709 740 902 811 gratias
952 739 1062 810 egit
1114 737 1435 810 spiritaliter
1480 753 1536 791 se
1562 733 1842 807 pascenti;

269 831 393 903 quia
426 831 550 886 ideo
580 838 864 887 contentus
891 835 1031 896 erat,
1066 843 1137 883 ne
1165 826 1376 881 ventris
1407 840 1568 880 causa
1608 821 1849 878 inclina-

265 928 434 980 retur.

343 1011 522 1083 (Vers.
567 1013 646 1087 6.)
695 1035 715 1061 ι
762 1014 828 1068 In
873 1010 1142 1067 castitate.
1176 1034 1196 1057 ι
1245 1008 1556 1066 Castitatem
1587 1006 1702 1062 sive
1729 1021 1844 1061 cor-

266 1101 434 1174 poris,
477 1102 596 1159 sive
649 1099 940 1170 Evangelii
988 1097 1292 1164 vindicans,
1337 1111 1444 1151 non
1491 1110 1692 1166 paucos
1719 1091 1850 1148 fecit

265 1188 544 1249 inimicos.
595 1211 617 1236 ι
666 1188 728 1244 In
776 1185 1020 1243 scientia.
1062 1209 1081 1233 2
1122 1183 1278 1254 Legis
1303 1191 1358 1238 et
1401 1181 1685 1252 Evangelii
1731 1179 1848 1250 (Ut)

264 1277 556 1337 scientiam
584 1293 694 1333 non
722 1277 780 1332 in
807 1273 1070 1347 sapientia
1096 1272 1356 1340 humana,
1393 1286 1565 1343 neque
1594 1270 1653 1325 in
1681 1269 1849 1324 simu-

266 1368 475 1425 latione
543 1381 782 1422 asserens
857 1366 970 1420 Deo
1033 1379 1090 1418 se
1141 1361 1360 1417 ﬁdelem
1418 1360 1849 1431 dispensatorem

264 1457 471 1517 Christi
500 1455 774 1512 exhibuit.
821 1475 839 1499 ι
869 1454 931 1508 In
961 1451 1452 1522 magnanimitate.-
1472 1447 1708 1504 Grandis
1736 1447 1850 1502 ani-

267 1543 345 1602 mi
390 1549 507 1598 erat
555 1541 614 1596 in
663 1538 975 1612 bajulandis
1027 1536 1444 1592 inﬁrmitatibus
1489 1535 1742 1600 fratrum,
1799 1538 1854 1587 et

267 1632 325 1690 in
380 1637 696 1701 contemptu
735 1627 929 1683 mundi
978 1624 1180 1697 hujus;
1213 1623 1358 1680 unde
1385 1623 1496 1679 alio
1525 1624 1644 1679 loco
1671 1620 1847 1676 dicit:

281 1748 301 1775 ι
327 1721 464 1780 Mihi
489 1717 726 1776 mundus
754 1714 1055 1771 cruciﬁxus
1078 1722 1180 1781 est,
1201 1719 1257 1768 et
1281 1728 1379 1783 ego
1400 1710 1608 1767 mundo
1643 1710 1848 1780 (Galat.

267 1828 347 1881 vr,
386 1810 503 1881 14).
552 1832 571 1856 ›
629 1834 700 1848 —-
764 1827 784 1850 ι
815 1805 878 1859 In
922 1799 1278 1872 benignitate.
1325 1827 1344 1850 ι

265 1901 402 1975 quia
455 1899 599 1954 sicut
643 1891 921 1966 arguebat,
952 1891 1029 1945 ita
1070 1898 1124 1945 et
1170 1889 1573 1955 blandiebatur,
1625 1893 1686 1940 ut
1737 1891 1860 1956 post

264 1974 678 2060 correptionem
727 1981 838 2038 leni
884 1978 1265 2034 exhortatione
1303 1977 1693 2033 consolaretur.
1755 1998 1771 2019 ι
1799 1974 1860 2028 In

264 2077 488 2152 Spiritu
515 2082 719 2130 sancto.
744 2067 986 2141 Spiritus
1005 2076 1226 2123 sanctus
1261 2066 1454 2136 etl‘ugit
1483 2063 1672 2119 ﬁctum
1705 2061 1857 2131 (δαί).

268 2150 424 2238 1,—5).
459 2190 479 2214 ι
521 2159 787 2231 Quoniam
818 2174 944 2230 ergo
972 2156 1258 2214 sinceriter
1283 2154 1530 2221 docebat,
1577 2152 1635 2206 in
1655 2150 1862 2220 Spiritu

271 2235 464 2315 sancto
505 2253 604 2309 Dei
646 2251 852 2308 donum
896 2245 1161 2302 tradebat.
1223 2267 1242 2290 ‹
1272 2245 1335 2300 In
1361 2241 1626 2298 charitate
1653 2253 1762 2294 non
1790 2235 1860 2291 si-

272 2346 502 2403 mulata.
533 2367 552 2390 ι
587 2339 852 2396 Simulata
872 2334 1108 2391 charitas
1137 2333 1194 2388 in
1225 2331 1310 2387 his
1338 2339 1420 2387 est
1448 2328 1544 2401 qui
1571 2328 1629 2382 in
1678 2341 1862 2381 ncces-

273 2436 432 2492 sitate
461 2430 579 2501 (45)
620 2427 878 2483 deserunt
907 2423 1117 2487 fratres;
1142 2419 1287 2476 unde
1325 2418 1417 2474 hic
1444 2431 1656 2487 semper
1677 2428 1859 2469 neces-

274 2524 468 2580 sitates
498 2520 730 2575 fratrum
759 2531 884 2570 suas
915 2512 1141 2577 faciens,
1183 2508 1418 2579 simplex
1445 2513 1561 2562 erat
1601 2504 1658 2559 in
1685 2502 1862 2557 chari-

275 2620 383 2668 tate
412 2637 432 2659 ι
499 2607 601 2678 (De
628 2607 798 2671 Pam,
835 2603 961 2658 dist.
1003 2601 1057 2666 2,
1091 2615 1138 2654 c.
1159 2598 1308 2652 Ficta
1329 2593 1610 2663 charitas).
1640 2591 1864 2662 Compa-

279 2700 522 2758 tiebatur
549 2697 695 2752 enim
727 2691 1004 2757 omnibus,
1027 2689 1171 2746 sicut
1201 2687 1308 2743 alio
1337 2687 1455 2740 loco
1484 2682 1638 2738 dicit:
1690 2703 1711 2727 ι
1733 2679 1867 2746 Quis

276 2787 697 2852 scandalizatur,
726 2793 781 2839 et
806 2799 906 2854 ego
934 2796 1044 2836 non
1065 2794 1196 2835 uror
1226 2777 1308 2846 (ΙΙ
1341 2771 1705 2841 ϐον.χι,29)ἳι
1741 2769 1869 2824 Haec

283 2881 437 2938 enim
485 2891 614 2933 vera
660 2873 896 2932 charitas
941 2877 1042 2936 est,
1072 2868 1118 2923 si
1146 2882 1244 2923 sua
1269 2864 1508 2919 utilitate
1535 2863 1868 2926 contempta,

277 2968 398 3040 ejus
421 2982 609 3024 curam
639 2972 780 3035 agat,
810 2975 974 3034 quem
1014 2956 1242 3027 diligere
1283 2968 1340 3008 se
1369 2949 1693 3023 proﬁtetur:
1725 2942 1872 3016 quod

275 3073 493 3130 semper
512 3053 646 3112 fecit
673 3048 987 3121 Apostolus.

353 3121 542 3220 (\‘iers.
576 3143 655 3211 7.)
701 3167 721 3189 -
741 3141 804 3196 In
834 3135 1003 3192 verbo
1030 3128 1298 3187 veritatis.
1334 3153 1353 3177 ι
1394 3124 1637 3184 Verbum
1664 3121 1872 3178 verita—

275 3210 374 3292 tis‘
404 3239 522 3289 erat
571 3210 643 3286 iu
678 3227 798 3298 ejus
827 3221 1112 3278 doctrina:
1147 3218 1275 3291 quia
1298 3231 1408 3271 non
1439 3212 1590 3269 aliud
1631 3210 1874 3267 tradebat

278 3338 455 3396 quam
475 3335 508 3374 a
536 3297 774 3375 Domino
801 3317 1095 3384 acceperat.
1141 3333 1160 3356 ι
1187 3309 1248 3363 In
1279 3306 1483 3360 virtute
1513 3301 1631 3357 Dei.
1663 3325 1682 3347 ι
1739 3297 1873 3354 Vir-

274 3385 374 3471 tus
422 3409 480 3466 in
515 3423 580 3464 eo
627 3405 726 3461 Dei
771 3409 903 3468 erat,
951 3415 1068 3470 quze
1113 3413 1209 3468 per
1254 3395 1407 3464 signa
1435 3399 1596 3463 atque
1628 3385 1875 3460 prodigia

277 3501 434 3556 hunc
463 3496 724 3552 idoneum
755 3490 1066 3546 ministrum
1099 3483 1380 3557 probabat.
1427 3479 1562 3533 tPer
1587 3492 1735 3532 arma
1744 3475 1873 3546 jus—

278 3591 422 3647 titius
473 3603 504 3644 ο
529 3582 739 3644 dextris
765 3587 820 3636 et
849 3576 1107 3635 sinistris.
1151 3599 1170 3622 ι
1226 3572 1483 3628 Liberum
1518 3583 1574 3622 se
1603 3563 1874 3637 signiﬁcat

282 3683 456 3740 fuisse
495 3694 526 3735 a
564 3673 820 3734 ﬁdelibus
844 3677 899 3726 et
926 3665 1250 3726 incredulis.
1273 3665 1442 3719 Arma
1469 3659 1618 3715 enim
1640 3655 1873 3728 justitize

280 3771 567 3843 perimunt
593 3762 961 3835 iniquitatem.

352 3867 544 3938 (Vere.
589 3863 670 3932 8.)
727 3884 744 3908 ι
785 3860 886 3913 Per
918 3853 1146 3926 gloriam
1175 3857 1229 3906 et
1260 3847 1727 3920 ignobilitatem.»
1778 3843 1875 3898 His

281 3932 374 4029 qui
405 3949 776 4022 Evangelium
809 3944 906 4001 Dei
934 3942 1164 4014 gloriam
1193 3936 1559 4002 aestimabant,
1591 3932 1875 3989 manifeste

285 4019 670 4114 integrum'se
713 4045 765 4092 et
807 4034 1022 4090 ﬁdelem
1076 4027 1486 4101 praedicatorem
1511 4022 1668 4080 dicit.
1696 4019 1877 4077 Simili

285 4109 459 4192 modo
486 4139 541 4186 et
568 4129 647 4185 eis
677 4125 772 4200 qui
802 4123 969 4180 verba
1008 4119 1211 4175 divinae
1258 4115 1524 4172 doctrinae
1567 4109 1876 4182 ignobilita-

283 4232 394 4282 tem
424 4229 488 4278 et
515 4197 970 4276 deformationem
1000 4208 1284 4280 putabant,
1320 4203 1536 4259 ﬁdelem
1566 4217 1621 4257 se
1651 4199 1748 4256 Dei
1779 4197 1876 4253 mi-

286 4315 531 4369 nistrum
569 4303 866 4366 exhibuit;
918 4299 1049 4354 dum
1093 4311 1204 4351 non
1249 4300 1472 4356 teretur,
1505 4305 1677 4361 neque
1708 4285 1875 4360 pudo-

287 4420 401 4460 rem
440 4399 646 4471 patitur
673 4409 735 4450 ea
764 4391 876 4447 illis
901 4385 1053 4458 loqui
1093 4395 1212 4456 quae
1243 4381 1469 4435 horrent
1499 4378 1705 4433 audire.
1745 4401 1764 4423 ι
1783 4377 1882 4430 Per

287 4467 580 4548 infamiam
623 4492 674 4540 et
713 4483 908 4538 bonam
959 4476 1177 4530 famam.
1213 4495 1229 4516 -
1289 4467 1469 4524 Etiam
1495 4467 1581 4521 his
1605 4467 1876 4536 integrum

288 4597 343 4638 se
398 4577 506 4636 Dei
559 4574 982 4645 dispensatorem
1039 4559 1294 4636 praebuit,
1351 4554 1625 4645 qui_ﬁdei
1679 4554 1877 4608 bonam

290 4667 615 4741 opinionem
646 4643 934 4722 iaciebant,
964 4660 1018 4708 et
1046 4651 1140 4724 qui
1182 4647 1381 4704 malam
1405 4662 1420 4710 ;
1453 4643 1585 4699 dum
1615 4655 1727 4696 non
1755 4652 1880 4692 me-

292 4759 397 4818 tuit
429 4756 577 4812 hanc
609 4749 898 4813 invidiam,
928 4742 1022 4800 sed
1051 4749 1306 4798 constans
1336 4742 1436 4792 est.

374 4880 394 4903 ι
457 4854 527 4909 Ut
579 4847 890 4905 seductores
935 4849 990 4896 et
1041 4851 1275 4893 veraces.
1327 4856 1346 4881 ι
1409 4826 1683 4888 Increduli
1710 4823 1881 4883 sedu-

295 4954 479 5004 ctores
534 4953 627 4998 eos
682 4933 975 4991 vocabant:
1021 4927 1207 4984 ﬁdeles
1253 4938 1283 4976 e
1330 4927 1520 4976 contra
1548 4929 1767 4972 veraces
1791 4928 1882 4968 eos

295 5002 347 5094 et
400 5018 1192 5104 simplices_pronuntiabant.
1252 5014 1392 5071 186
1438 5008 1548 5064 Nec
1598 5006 1703 5061 hoc
1755 5002 1883 5058 odio

294 5130 467 5194 cedit,
499 5098 560 5180 ut
588 5119 914 5195 superducat
943 5113 1129 5167 fucum
1160 5107 1400 5164 veritati.
1447 5127 1467 5152 ι
1505 5103 1575 5157 Ut
1605 5098 1800 5171 ignoti,
1831 5105 1886 5153 et

299 5220 391 5293 qui
425 5188 830 5287 cognosc-inme
864 5232 882 5253 ›
938 5201 1094 5258 Malis
1125 5199 1294 5269 ignoti
1325 5202 1498 5262 erant,
1534 5191 1694 5247 bonis
1725 5188 1881 5255 noti;

299 5286 668 5378 agnoscebant
699 5296 845 5354 enim
866 5294 924 5350 in
954 5289 1043 5346 his
1072 5286 1376 5342 veritatem.

378 5466 496 5538 (Us)
528 5459 873 5538 Romaedit.’
898 5443 1557 5538 trucidaveratnnet
1583 5437 1887 5538 Decf-gem,

307 5522 426 5612 qua:
466 5522 650 5592 tamen
697 5533 754 5588 in
784 5529 907 5585 aliis
953 5522 1210 5581 omnibus
1253 5522 1416 5587 atque
1439 5530 1568 5569 mss.
1598 5525 1893 5584 repertun-

306 5617 505 5749 ιιιιάιὸ)
538 5675 828 5732 Gratianus
859 5673 978 5726 loco
1006 5667 1105 5726 cit.
1141 5663 1210 5721 ad
1244 5676 1416 5732 marg.
1426 5699 1443 5728 ,
1472 5657 1622 5714 Ficta
1665 5652 1896 5710 charitas

1948 555 2088 611 0dio
2119 555 2244 609 illos
2272 552 2553 618 habentes,
2585 553 2827 622 quotidie
2857 553 3128 625 putabant
3155 567 3266 609 non
3301 553 3533 608 evadere

1953 643 2129 698 minas
2181 641 2535 714 iniquitatis:
2598 639 2689 694 isti
2733 649 2936 710 autem,
2982 643 3115 715 quia
3156 642 3269 698 Deo
3295 641 3534 713 propitio

1952 730 2240 798 docebant,
2270 729 2485 784 auxilio
2513 726 2720 784 Christi
2742 729 2844 783 tuti
2875 731 3272 800 prastabantur
3301 745 3334 783 ι
3361 736 3536 783 morte

1955 818 2209 892 praesenti
2254 823 2308 871 et
2351 816 2555 870 futura.
2600 838 2620 859 ι
2646 813 2812 880 Quasi
2863 818 3079 883 tentati,
3106 817 3198 872 sed
3229 817 3392 872 morti
3423 831 3532 870 non

1956 904 2166 962 traditi.
2195 927 2214 951 ι
2248 901 2461 957 Tentati
2503 900 2857 966 videbantur,
2885 902 3103 972 quando
3129 903 3208 959 sic
3235 903 3532 959 tractaban-

1957 1001 2070 1058 tur,
2101 1000 2162 1046 ut
2187 989 2380 1048 cedere
2406 996 2762 1060 putarentur:
2797 998 2851 1045 et
2872 989 3133 1059 quianon
3161 989 3534 1056 vincebantur,

1957 1080 2121 1139 morti
2158 1095 2271 1134 non
2307 1076 2718 1134 addicebantur.
2745 1077 2848 1132 Hic
2875 1077 3026 1132 enim
3052 1075 3331 1132 addicitur
3353 1079 3538 1143 morti,

1957 1170 2051 1244 qui
2105 1169 2164 1224 in
2219 1166 2327 1222 ﬁde
2359 1182 2470 1222 non
2513 1175 2832 1238 permanet;
2863 1173 2918 1222 et
2943 1165 3110 1220 morti
3132 1181 3243 1219 non
3274 1164 3424 1231 huic,
3450 1163 3545 1220 sed

1958 1259 2176 1316 futurae.
2209 1256 2394 1314 Potest
2420 1264 2477 1310 et
2504 1254 2570 1310 de
2601 1254 2858 1327 przesenti
2902 1261 3078 1310 morte
3107 1253 3344 1324 intelligi
3371 1271 3386 1318 ;
3416 1261 3550 1307 ten-

1956 1349 2063 1406 tari
2133 1349 2285 1404 enim
2354 1361 2446 1404 eos
2522 1347 2828 1420 patiebatur
2906 1347 3072 1413 Deus,
3143 1352 3205 1400 ut
3278 1343 3548 1415 pressaris

1959 1444 2267 1495 crescerent
2333 1436 2565 1493 merito:
2627 1447 2737 1493 non
2814 1442 2998 1490 tamen
3054 1431 3403 1506 permittebat
3455 1447 3548 1487 eos

1961 1526 2162 1584 occidi.

2038 1614 2220 1686 (Vers.
2276 1611 2391 1684 10.)
2454 1636 2474 1660 ε
2523 1613 2594 1669 Ut
2621 1612 2828 1680 tristes,
2855 1625 3069 1683 semper
3095 1619 3273 1667 autem
3305 1607 3551 1681 gauden-

1963 1713 2064 1762 tes.
2109 1729 2130 1752 -
2186 1703 2393 1760 Verum
2422 1709 2524 1770 est,
2558 1701 2688 1773 quia
2716 1700 2944 1756 tristitia
2977 1704 3093 1756 haec
3122 1698 3381 1769 gaudium
3413 1712 3554 1768 ope-

1411 1799 1689 1870 Benignus
1719 1804 1854 1863 erat,
1884 1824 1934 1884 Β
1970 1801 2140 1861 ratur,
2192 1800 2248 1848 et
2290 1790 2386 1862 qui
2434 1805 2528 1847 eos
2573 1789 2797 1860 injuriis
2843 1788 3258 1854 oontristabant,
3292 1787 3552 1858 gaudium

1968 1904 2154 1946 eorum
2200 1885 2596 1957 exaggerabant
2646 1884 2783 1954 (46).
2857 1904 2878 1930 ι
2917 1884 2985 1938 Ut
3027 1897 3312 1954 pauperes,
3351 1880 3555 1936 multos

1968 1992 2150 2042 autem
2200 1981 2456 2038 ditantes.
2497 2003 2519 2027 ι
2579 1980 2853 2046 Quantum
2899 1973 2966 2034 ad
3014 1984 3332 2050 praesentem
3383 1977 3552 2032 vitam

1971 2071 2229 2144 pertinet,
2279 2082 2539 2141 pauperes
2588 2067 2954 2123 videbantur:
2989 2066 3082 2122 sed
3111 2067 3384 2138 spiritales
3414 2065 3553 2120 divi-

1970 2162 2075 2218 tias
2129 2159 2480 2218 credentibus
2538 2155 2941 2230 largiebantur:
2989 2156 3144 2228 egeni
3193 2157 3252 2210 in
3282 2156 3464 2219 terris,
3496 2152 3555 2207 in

1973 2251 2129 2308 caelis
2187 2249 2404 2305 divites.
2477 2273 2495 2295 ι
2552 2248 2620 2303 Ut
2669 2246 2811 2302 nihil
2845 2245 3126 2312 habentes,
3159 2245 3346 2318 omnia
3374 2252 3555 2297 autem

1972 2340 2332 2412 possidentes.
2383 2363 2402 2386 ι
2468 2339 2584 2394 Hoc
2624 2337 2732 2393 fuit
2776 2337 2836 2393 in
2863 2335 3123 2409 apostolis
3151 2335 3467 2406 gloriosum,
3495 2339 3558 2386 ut

1973 2429 2089 2485 sine
2129 2426 2504 2485 sollicitudine
2540 2434 2596 2483 et
2620 2427 2843 2482 nomine
2873 2423 3184 2498 possidendi
3220 2438 3330 2478 non
3378 2421 3556 2477 solum

1973 2535 2055 2585 ea,
2097 2535 2214 2589 quae
2248 2519 2304 2573 in
2335 2516 2771 2588 possessionibus
2800 2525 2978 2581 erant,
3007 2514 3102 2569 sed
3131 2521 3186 2567 et
3207 2514 3352 2583 ipsos
3371 2525 3557 2564 eorum

1975 2607 2228 2664 dominos
2253 2605 2595 2678 possiderent
2618 2621 2632 2666 ;
2665 2602 2853 2656 omnia
2879 2602 3026 2654 enim
3060 2615 3278 2655 necesse
3307 2608 3421 2654 erat
3437 2604 3559 2651 ante

1975 2712 2164 2752 eorum
2210 2695 2340 2765 poni
2368 2691 2532 2762 pedes
2559 2705 2719 2744 causa
2744 2688 3040 2753 virtutum,
3071 2685 3215 2741 sicut
3243 2687 3472 2756 legimus
3502 2684 3562 2737 in

1978 2783 2208 2839 Actibus
2235 2778 2607 2850 apostolorum
2639 2776 2782 2844 (Act.
2819 2791 2897 2840 ιν,
2919 2774 3034 2842 35).

2055 2869 2236 2940 (Vers.
2290 2867 2406 2936 11.)
2453 2888 2472 2910 ε
2500 2863 2572 2918 Os
2602 2869 2849 2918 nostrum
2882 2867 3027 2932 patet
3053 2859 3121 2915 ad
3154 2873 3272 2926 vos,
3299 2873 3334 2913 ο
3363 2856 3569 2914 Corin-

1983 2955 2085 3012 thii
2103 2999 2117 3012 .
2165 2981 2183 3005 ι
2246 2957 2361 3012 Hoc
2391 2952 2662 3010 libertatis
2690 2967 2854 3009 causa
2885 2953 3154 3023 loquitur,
3183 2957 3237 3005 et
3265 2964 3414 3021 purae
3440 2964 3566 3004 con-

1978 3046 2220 3103 scientiae
2245 3064 2258 3113 ;
2301 3045 2442 3100 male
2471 3043 2618 3098 enim
2651 3041 2759 3096 sibi
2787 3040 3007 3097 conscia
3035 3055 3194 3094 meus
3224 3036 3375 3110 loqui
3405 3036 3566 3108 trepi-

1979 3136 2089 3202 dat,
2141 3150 2360 3190 sensum
2388 3131 2586 3204 perdit,
2616 3131 2674 3186 in
2701 3131 2884 3187 verbis
2911 3138 3076 3186 errat.
3121 3153 3141 3177 ι
3184 3127 3290 3185 Cor
3318 3137 3564 3183 nostrum

1980 3227 2271 3284 dilatatam
2315 3231 2416 3278 est.
2466 3246 2484 3267 ι
2549 3223 2750 3277 Eorum
2803 3237 2897 3276 cor
2937 3218 3219 3284 dilatatur,
3241 3217 3332 3289 qui
3367 3216 3569 3272 ﬁducia

1979 3315 2138 3372 bonae
2168 3311 2604 3371 conversationis
2632 3309 2869 3380 gaudent
2898 3309 2956 3365 in
2986 3323 3126 3373 sese,
3176 3312 3270 3361 aut
3298 3313 3443 3359 certe
3470 3307 3568 3360 fu-

1981 3407 2092 3462 turi
2124 3421 2218 3476 spe
2256 3403 2373 3473 (47)
2407 3400 2619 3473 praemii
2649 3400 2706 3454 in
2737 3399 3094 3454 tribulatione
3125 3412 3234 3452 non
3263 3402 3567 3466 angustan-

1981 3504 2105 3561 tur;
2157 3493 2286 3565 quia
2333 3492 2478 3548 sicut
2520 3491 2606 3564 in_
2628 3489 2730 3545 hac
2759 3489 2873 3544 vita
2903 3489 3009 3544 nisi
3039 3485 3372 3560 praecesserit
3395 3484 3564 3550 labor,

1980 3583 2227 3640 redditus
2257 3597 2368 3636 non
2398 3578 2665 3651 sequitur:
2689 3579 2764 3633 ita
2792 3584 2847 3632 et
2879 3578 2935 3631 in
2968 3577 3132 3632 rebus
3156 3571 3435 3642 divinis,si
3457 3587 3566 3627 non

1980 3671 2150 3729 exitia
2180 3669 2495 3736 anteierint,
2528 3667 2816 3740 praemium
2856 3682 2966 3722 non
3001 3675 3277 3739 sequetur.

2053 3761 2237 3832 (Vers.
2275 3760 2360 3825 i2,
2394 3757 2507 3826 13.)
2556 3778 2574 3803 ι
2598 3756 2720 3812 Νοη
2758 3754 3150 3824 angustiamini
3179 3755 3235 3808 in
3265 3753 3445 3818 nobis,
3477 3767 3567 3806 au-

1983 3844 2302 3921 gustiamini
2333 3851 2514 3898 autem
2549 3842 2607 3897 in
2640 3840 2946 3896 visceribus
2965 3842 3183 3908 vestris,
3211 3841 3457 3897 eamdem
3478 3838 3570 3893 ha-

1982 3937 2174 3994 bentes
2222 3932 2488 3990 mercedis
2546 3931 2992 3988 retributionem.
3040 3956 3059 3978 -
3105 3931 3218 3985 Hoc
3256 3929 3415 3992 dicit,
3445 3925 3572 3994 quia

1984 4042 2094 4083 non
2117 4024 2309 4081 eberat
2336 4009 2628 4092 magistris,
2662 4020 2708 4075 si
2739 4019 2997 4091 discipuli
3029 4018 3170 4072 male
3200 4017 3569 4074 verterentur,

1985 4119 2400 4174 contemnentes
2427 4110 2668 4181 vigorem
2700 4108 3000 4172 doctrinae;
3033 4105 3163 4175 quia
3196 4097 3571 4169 unusquisque

1985 4221 2086 4278 pro
2123 4201 2381 4274 operibus
2408 4199 2522 4255 suis
2547 4196 2850 4253 mercedem
2882 4190 3144 4259 accipiet;
3177 4186 3305 4257 quia
3334 4181 3480 4256 quod
3507 4182 3572 4237 ad

1988 4271 2276 4362 magistros
2307 4287 2563 4359 pertinet,
2598 4297 2706 4337 non
2737 4283 3049 4341 tacuerunt,
3097 4273 3311 4329 dicente
3338 4271 3574 4327 Domino

1989 4381 2060 4436 ad
2088 4376 2430 4436 Ezechielem
2463 4371 2783 4443 prophetam
2817 4385 2827 4422 :
2891 4391 2909 4413 ι
2945 4364 3143 4420 Exalta
3179 4377 3368 4419 vocem
3401 4369 3572 4427 tuam,

1990 4475 2045 4524 et
2093 4470 2314 4540 loquere
2363 4462 2431 4519 ad
2486 4459 2736 4532 plebem:
2787 4457 2832 4512 si
2867 4463 2920 4512 te
2949 4454 3246 4520 audierint,
3278 4450 3576 4507 lucraberis

1987 4574 2111 4614 eos:
2145 4539 2189 4612 si
2217 4553 2534 4628 quominus,
2565 4559 2626 4606 tu
2653 4547 2890 4604 animam
2914 4552 3064 4602 tuam
3089 4542 3328 4600 salvabis
3359 4539 3576 4610 (Ezech.

1996 4661 2078 4711 ιιι,
2114 4641 2226 4711 19).
2254 4663 2273 4687 ι

2069 4730 2253 4804 (Vers.
2289 4727 2402 4796 14.)
2452 4749 2470 4770 ε
2498 4724 2650 4778 Sicut
2681 4721 2813 4776 ﬁliis
2841 4719 2988 4784 dico,
3020 4715 3329 4772 dilatamini
3365 4722 3420 4770 et
3459 4729 3577 4782 vos,

1996 4827 2050 4877 et
2080 4801 2256 4875 nolite
2281 4813 2476 4884 jugum
2505 4809 2702 4864 ducere
2730 4821 2856 4863 cum
2887 4804 3222 4860 inﬁdelibus.
3269 4828 3287 4852 ι
3345 4801 3430 4857 Ad
3473 4801 3583 4856 bo-

1996 4926 2122 4966 nam
2157 4899 2630 4964 conversationem
2664 4904 2718 4952 et
2749 4912 2899 4968 spem
2934 4911 3024 4950 eos
3040 4893 3309 4960 hortatur;
3333 4901 3394 4947 ut
3409 4890 3599 4958 ﬁden-I

1996 5009 2078 5058 tes
2135 5006 2188 5056 et
2240 4998 2531 5068 purgantes
2583 4986 2947 5045 conscientias
2989 5001 3133 5052 suas,
3180 4981 3390 5054 possint
3419 4980 3476 5034 in
3505 4991 3584 5034 se-

1999 5065 2259 5160 metipsis—
2291 5082 2547 5156 gaudere,
2579 5077 2840 5134 habentes
2869 5074 3126 5131 ﬁduciam
3166 5085 3314 5142 purae
3361 5065 3582 5133 mentis,

2001 5155 2152 5236 sicut
2169 5185 2222 5232 et
2253 5155 2440 5230 eorum
2479 5167 2745 5238 magistri,
2776 5170 3086 5234 separantes
3105 5175 3160 5214 se
3180 5159 3246 5213 ab
3279 5155 3583 5212 inﬁdelium

2002 5269 2257 5325 societate
2297 5263 2355 5316 in
2394 5257 2650 5331 operibus
2672 5255 2850 5309 malis.
2868 5253 2940 5308 Et
2957 5251 3097 5307 bene
3116 5265 3244 5321 ergo
3274 5244 3500 5317 agendo,
3532 5245 3587 5292 et

2006 5439 2078 5490 est
2096 5447 2212 5490 ante
2239 5424 2426 5482 deserit
2453 5421 2509 5474 in
2542 5417 2898 5490 adversitate._
3237 5472 3273 5490 1,

2132 5450 2212 5485 ua:
2239 5450 2425 5482 asserit
2453 5450 2509 5474 ιη
2542 5450 2880 5473 uuuwumw.

2080 5450 2195 5572 ((116)
2253 5499 2352 5555 Ms.
2413 5491 2602 5558 Corb.,
2640 5487 2777 5558 quia
2825 5481 3058 5540 tristitiae
3111 5472 3364 5548 gaudium
3409 5481 3593 5525 eorum

2011 5572 2410 5698 exaggeratio-nt.
2479 5632 2489 5646 ‘
2939 5626 2948 5636 _
3129 5616 3138 5625 .

2084 5646 2103 5698 (
2145 5644 2199 5698 7)
2230 5637 2496 5697 Nonnulli
2529 5649 2684 5698 mss.,
2711 5632 2949 5684 autcertt
2967 5621 3138 5691 futuri

2230 5617 2496 5697 ﬁhhnulli
2529 5649 2684 5698 mss.,
2711 5635 2805 5684 aut
2823 5626 2949 5681 certi
2967 5617 3141 5691 futuri
3166 5627 3276 5683 spe,
3305 5617 3410 5670 etc.
