4090 6182
551 318 657 380 319

1539 319 1636 374 ΑΙ)
1671 313 1901 372 OPERA
1940 313 1994 370 S.
2036 311 2365 373 AMBROSII
2399 314 2777 379 APPENDIX.

3059 309 3144 318 ..η-ι,
3171 309 3234 317 ης.-

3717 317 3824 378 320

551 443 737 498 futura
763 440 1048 514 sperando,
1080 439 1296 499 dilatari
1325 441 1447 498 vult
1476 440 1601 497 illos
1629 442 1834 508 animo;
1868 442 1959 515 qui
1981 443 2127 498 enim
2157 447 2202 506 Α
2233 459 2348 499 ram
2401 445 2568 500 vitam
2615 446 2938 502 exhortatus
2991 450 3094 514 est,
3152 451 3206 502 et
3233 444 3533 501 Dominum
3564 455 3818 505 nostrum

553 530 782 596 laborat,
832 537 884 583 et
932 529 1115 585 futura
1161 547 1271 586 non
1318 529 1492 585 credit
1535 529 1676 600 (48),
1704 530 1844 586 sicut
1872 530 2128 596 inﬁdelis,

551 617 766 689 angusti
797 617 964 672 animi
996 625 1076 675 est
1102 617 1475 688 desperatione
1504 617 1700 672 futuri.

626 722 806 793 (Vers.
843 723 928 790 15,
963 724 1072 792 16.)
1094 748 1110 770 ι
1132 723 1261 789 Quae
1285 722 1431 776 enim
1455 721 1570 793 (49)
1604 723 1949 795 participatio
1974 722 2132 795 justi-

552 809 643 866 tize
661 826 786 866 cum
809 810 1098 880 iniquitate
1119 809 1146 863 ?
1165 818 1259 864 aut
1279 825 1398 880 qua:
1430 809 1659 865 societas
1690 811 1886 865 lumini
1905 828 2028 866 cum
2056 819 2132 867 te-

550 901 784 955 nebris?
821 915 1012 972 quaeve
1057 898 1344 955 consensio
1387 900 1592 957 Christi
1628 919 1752 958 cum
1785 903 1955 958 Belial
1985 903 2014 958 ?
2041 910 2135 958 aut

553 1001 671 1057 quas
725 999 848 1054 pars
895 983 1042 1038 ﬁdeli
1083 1000 1207 1040 cum
1267 984 1476 1040 inﬁdeli
1503 986 1531 1041 ‘l
1569 987 1655 1041 vel
1686 1003 1806 1059 quae
1835 987 2132 1044 conventio

550 1072 754 1140 templo
784 1071 880 1125 Dei
909 1087 1034 1127 cum
1074 1071 1235 1126 idolis
1256 1073 1284 1127 ?
1311 1096 1328 1118 ι
1372 1073 1721 1129 Manifestum
1762 1084 1842 1131 est
1870 1075 1986 1132 haec
2014 1092 2132 1148 quae

552 1165 836 1213 enumerat
881 1173 996 1212 esse
1021 1160 1327 1225 contraria;
1370 1175 1431 1216 ac
1462 1151 1690 1232 per‘hoc
1716 1162 2036 1234 fugiendum
2065 1163 2132 1219 ab

549 1244 637 1300 his
665 1245 842 1312 docet,
875 1245 1002 1317 quia
1027 1245 1162 1302 dicit
1192 1246 1460 1303 Dominus
1487 1265 1498 1302 :
1547 1272 1566 1296 ε
1597 1251 1768 1305 Nemo
1795 1258 1974 1322 potest
1997 1251 2132 1307 duo-

549 1332 650 1387 bus
699 1331 941 1387 dominis
996 1333 1200 1389 servire
1250 1336 1463 1405 (Matth.
1503 1353 1582 1404 v1,
1626 1337 1742 1407 24).
1772 1361 1792 1385 ι
1843 1338 1957 1394 Lex
1985 1340 2132 1395 enim

543 1419 818 1491 justitiam
867 1420 1147 1490 praedicat,
1195 1431 1256 1478 ut
1305 1422 1547 1494 fugiatur
1592 1425 1887 1498 iniquitas:
1947 1427 2132 1483 lumen

548 1506 808 1574 ostendit,
869 1507 1014 1579 quod
1059 1515 1140 1563 est
1185 1510 1421 1578 veritas;
1463 1520 1526 1568 ut
1553 1511 1619 1566 ab
1655 1512 1982 1583 ignorantia,
2013 1531 2132 1586 quae

545 1597 780 1652 tenebrae
804 1603 950 1663 sunt,
980 1597 1269 1652 recedatur
1297 1615 1307 1652 :
1343 1598 1624 1655 Christum
1656 1601 1713 1655 in
1744 1600 1843 1656 Dei
1871 1603 2132 1672 mysterio

547 1684 838 1740 annuntiat
863 1702 876 1750 ;
913 1692 973 1738 ut
1003 1702 1034 1740 a
1059 1685 1301 1751 diabolo,
1331 1687 1424 1758 qui
1454 1703 1510 1742 se
1546 1690 1720 1743 Deum
1743 1689 1964 1744 mentiri
1988 1690 2128 1758 vult,

2239 534 2419 589 Jesum
2461 533 2572 604 jam
2604 536 2735 590 olim
2766 533 3061 590 Dominum
3095 543 3342 589 nostrum
3379 534 3517 605 (50),
3551 543 3606 590 et
3632 553 3826 594 susce-

2241 630 2461 692 pturum
2495 640 2593 681 nos
2611 623 2667 678 in
2695 624 2892 681 affectu
2921 623 3205 680 charitatis
3223 625 3826 699 suae,pr:edestinatum

2241 710 2499 766 ostendit.

2834 799 3058 856 CAPUT
3087 801 3208 856 VII.

2312 887 2497 961 (Vers.
2535 888 2612 959 1.)
2685 912 2704 935 ι
2749 887 2876 943 Haec
2922 904 3046 958 ergo
3073 888 3335 945 habentes
3363 890 3649 960 promissa,
3684 891 3826 947 cha-

2241 978 2470 1046 rissimi,
2517 976 2844 1032 mundemus
2890 978 3251 1049 nosmetipsos
3280 978 3346 1033 ab
3375 979 3525 1034 omni
3559 980 3826 1052 inquina-

2242 1072 2427 1122 mento
2475 1065 2674 1132 carnis,
2740 1063 3080 1135 perﬁcientes
3125 1066 3469 1122 sanctitatem
3498 1068 3740 1139 Spiritus
3767 1069 3823 1124 in

2243 1156 2438 1213 timore
2465 1152 2584 1210 Dei.
2614 1177 2632 1200 ›
2676 1152 2961 1209 Manifesta
3003 1161 3148 1219 sunt,
3181 1169 3300 1226 quae
3338 1153 3510 1220 dicit;
3557 1156 3826 1228 inquina-

2242 1253 2486 1300 mentum
2519 1251 2698 1298 tamen
2727 1241 2909 1297 carnis
2935 1240 3233 1296 multifarie
3265 1242 3685 1312 intelligendum
3719 1253 3819 1300 est.

2241 1332 2368 1389 Ideo
2396 1332 2596 1388 etenim
2627 1347 2738 1386 non
2785 1330 2948 1398 dixit,
3002 1330 3069 1386 ab
3120 1329 3534 1402 inquinamento
3587 1334 3766 1389 carnis
3805 1351 3818 1388 :

2241 1420 2335 1477 sed
2362 1421 2426 1474 ab
2455 1420 2596 1473 omni
2622 1419 3013 1489 inquinamento
3036 1437 3056 1483 _.'
3076 1426 3137 1474 ut
3167 1428 3280 1474 tota
3310 1419 3448 1474 vitia
3473 1423 3713 1477 carnalia
3741 1423 3820 1477 fu-

2243 1510 2487 1582 giamus;
2522 1523 2682 1570 omne
2712 1507 2860 1562 enim
2889 1506 3037 1578 quod
3067 1507 3154 1561 lex
3179 1507 3455 1578 prohibet,
3479 1511 3694 1565 carnale
3718 1518 3821 1566 est.

2256 1603 2346 1658 «Ut
2368 1599 2713 1672 perﬁciamus
2742 1599 3082 1654 sanctitatem
3116 1599 3340 1670 spiritus
3371 1600 3428 1653 in
3451 1599 3646 1656 timore
3664 1601 3810 1657 Dei.»

2240 1691 2590 1747 Sanctitatem
2640 1687 2718 1742 sic
2765 1687 3081 1758 perficimus
3135 1687 3378 1758 spiritus,
3439 1693 3484 1743 si
3539 1691 3594 1744 in
3625 1691 3827 1748 timore

551 1771 908 1828 abscedatur:
942 1771 1292 1827 credentibus
1322 1776 1491 1829 vitam
1523 1776 1814 1847 pollicetur
1827 1785 2084 1832 aeternam
2110 1795 2124 1844 ;
2160 1792 2206 1852 Β
2242 1781 2337 1837 Dei
2368 1788 2512 1834 recta
2541 1792 2866 1848 sequamur;
2901 1784 2962 1831 ut
3003 1777 3102 1833 sub
3146 1778 3369 1832 nomine
3395 1777 3597 1834 Christi
3625 1799 3656 1836 a
3684 1797 3828 1852 pec-

544 1870 607 1916 ut
663 1859 892 1931 perﬁdia
933 1860 1106 1927 exuti,
1161 1860 1228 1916 ab
1272 1863 1422 1917 omni
1471 1863 1779 1920 infidelium
1809 1881 1990 1922 errore
2017 1867 2128 1922 sint

545 1948 750 2003 alieni:
794 1947 942 2003 idola
988 1948 1273 2018 prohibuit
1300 1949 1446 2017 coli;
1492 1952 1622 2023 quia
1647 1954 1851 2024 templo
1871 1954 1971 2010 Dei
2000 1961 2130 2011 sunt

549 2037 793 2092 inimica.
838 2059 857 2083 ι
884 2037 992 2094 Vos
1018 2037 1164 2093 enim
1194 2039 1459 2110 templum
1489 2041 1620 2096 estis
1649 2042 1746 2096 Dei
1781 2041 1945 2098 vivi»
1977 2042 2126 2098 Nihil

547 2134 657 2182 tam
709 2127 996 2183 inimicum
1045 2126 1260 2182 homini
1311 2145 1474 2200 quam
1504 2130 1686 2199 idola;
1718 2131 1848 2204 quia
1875 2131 2129 2188 abunius

545 2217 644 2272 Dei
674 2215 780 2270 ﬁde
808 2224 1009 2287 cogunt
1037 2231 1160 2271 eum
1192 2215 1459 2274 recedere.

619 2322 802 2392 (Vers.
837 2323 924 2390 17,
958 2322 1069 2392 18.)
1112 2345 1131 2368 ι
1160 2321 1314 2378 Sicut
1341 2323 1485 2379 dixit
1513 2326 1692 2382 Deus:
1738 2325 2007 2393 Quoniam
2045 2327 2125 2382 in-

545 2409 805 2465 habitabo
848 2409 906 2464 in
927 2409 1058 2478 illis,
1087 2419 1141 2465 et
1171 2411 1312 2467 inter
1339 2429 1430 2468 eos
1458 2413 1771 2482 ambulabo,
1803 2423 1856 2470 et
1883 2431 1976 2470 ero
2007 2415 2125 2470 illo-

547 2515 666 2554 rum
702 2500 867 2566 Deus,
902 2508 956 2553 et
995 2499 1096 2570 ipsi
1127 2509 1287 2555 erunt
1317 2501 1451 2555 mihi
1487 2503 1717 2573 populus
1747 2503 1935 2573 (Leuit.
1967 2519 2122 2570 xvvr,

549 2586 662 2655 12).
710 2586 1049 2656 Quapropter
1101 2587 1246 2642 exite
1279 2586 1346 2642 de
1384 2588 1564 2643 medio
1596 2605 1806 2656 eorum,
1838 2597 1891 2644 et
1918 2605 2125 2661 separa-

549 2673 710 2740 mini,
741 2673 878 2728 dicit
910 2674 1198 2741 Dominus,
1245 2681 1299 2729 et
1327 2675 1676 2731 immundum
1710 2678 1879 2733 nolite
1908 2687 2125 2749 tangere

551 2761 685 2832 (Isa.
734 2777 829 2828 LII,
880 2762 990 2832 11);
1040 2786 1060 2811 ›
1113 2791 1184 2804 --
1228 2786 1246 2810 ι
1275 2771 1328 2817 et
1356 2781 1453 2835 ego
1479 2766 1771 2836 suscipiam
1803 2783 1919 2834 vos,
1951 2775 2003 2821 et
2033 2782 2125 2822 ero

545 2848 705 2904 vobis
736 2849 792 2904 in
823 2857 1052 2919 patrem,
1076 2858 1129 2904 et
1149 2865 1246 2906 vos
1267 2851 1421 2906 eritis
1454 2853 1592 2906 mihi
1625 2853 1681 2907 in
1703 2853 1848 2908 ﬁlios
1877 2861 1930 2909 et
1961 2854 2121 2922 ﬁlias,

541 2936 682 2992 dicit
707 2937 976 2992 Dominus
1023 2937 1368 3007 omnipotens
1401 2941 1613 3008 (Jerem.
1647 2959 1808 3007 xxxr,
1832 2942 1946 3013 33).
1981 2969 1998 2990 »
2040 2944 2123 2997 In-

543 3025 705 3078 terim
753 3026 945 3096 primaa
998 3041 1171 3080 causae
1226 3043 1443 3094 sensum
1473 3029 1845 3100 explicemus:
1897 3035 2036 3091 187
2065 3039 2125 3087 ut

2249 1869 2386 1925 catis
2430 1883 2531 1922 nos
2585 1866 2920 1920 abstinentes
2956 1867 3130 1921 sancti
3161 1866 3351 1922 simus.
3385 1867 3490 1934 Qui
3518 1867 3662 1922 enim
3706 1869 3825 1924 sine

2229 1957 2575 2030 professione
2633 1955 2839 2012 Christi
2896 1972 2928 2011 a
2964 1956 3117 2010 vitiis
3163 1972 3220 2012 se
3261 1957 3520 2013 cohibere
3542 1958 3820 2027 videntur,

2237 2045 2563 2103 sanctiﬁcati
2596 2052 2726 2100 sunt
2747 2044 2911 2117 juxta
2940 2044 3228 2112 mundum,
3261 2061 3373 2100 non
3405 2047 3704 2102 secundum
3723 2048 3823 2103 Dei

2238 2134 2492 2207 spiritum
2526 2152 2539 2200 ;
2573 2133 2702 2204 quia
2725 2132 3025 2189 secundum
3056 2135 3228 2188 Deum
3259 2133 3317 2188 hi
3349 2135 3542 2190 mundi
3569 2136 3822 2207 sunt,qui

2248 2222 2436 2278 ﬁdeles
2456 2229 2587 2277 sunt
2618 2240 2630 2276 :
2666 2222 2846 2278 caeteri
2890 2238 3039 2289 vero,
3087 2222 3360 2294 qualesvis
3388 2223 3518 2291 sint,
3550 2224 3825 2280 immundi

2246 2318 2392 2367 sunt.
2447 2309 2726 2381 Quidquid
2775 2310 2921 2365 enim
2953 2310 3071 2364 sine
3101 2309 3321 2367 Christo
3347 2321 3448 2378 est,
3476 2311 3824 2367 immundum

2235 2407 2338 2467 est,
2388 2399 2528 2454 sicut
2573 2398 2709 2452 dicit
2754 2397 2822 2452 ad
2851 2397 3075 2451 Titum:
3122 2421 3139 2444 ι
3171 2398 3309 2465 Quia
3336 2397 3650 2454 inﬁdelibus
3678 2398 3822 2453 nihil

2237 2496 2319 2544 est
2363 2487 2665 2551 mundum;
2723 2485 3010 2556 inquinata
3049 2493 3128 2541 est
3173 2486 3320 2540 enim
3365 2502 3554 2542 eorum
3582 2503 3732 2542 mens
3763 2495 3823 2542 et

2233 2578 2570 2636 conscientia
2601 2577 2734 2647 (Tit.
2771 2593 2811 2644 1,
2846 2577 2956 2641 15).
2989 2601 3007 2622 ι

2306 2666 2488 2737 (Vers.
2542 2664 2622 2735 2.)
2687 2689 2705 2710 ε
2751 2663 2980 2735 Capaces
3023 2670 3192 2719 estote
3233 2665 3429 2721 nostri.
3460 2665 3680 2722 Nemini
3709 2680 3829 2720 no-

2234 2756 2469 2822 cuimus,
2520 2753 2792 2808 neminem
2843 2752 3189 2823 gravavimus
3220 2753 3362 2823 (51),
3395 2754 3671 2809 nemiuem
3704 2754 3830 2809 cir-

2233 2841 2638 2900 cumvenimus.
2688 2865 2706 2886 ι
2769 2837 3120 2895 Considerare
3168 2840 3290 2893 vult
3337 2840 3462 2894 illos
3489 2857 3608 2912 quae
3638 2842 3829 2910 dicit;

2233 2941 2294 2988 ut
2336 2931 2564 3002 receptis
2613 2929 2699 2984 his
2746 2929 2802 2983 in
2853 2927 3120 2994 animum,
3159 2928 3442 2983 conferant
3471 2944 3657 2984 secum
3693 2947 3834 2986 vera

2235 3037 2370 3087 esse,
2402 3037 2520 3092 quae
2552 3017 2830 3090 loquitur;
2877 3025 2928 3071 et
2956 3025 3269 3086 spernentes
3317 3017 3419 3073 hos
3446 3033 3582 3090 quos
3613 3019 3828 3090 tangit,

543 3119 701 3190 cujus
755 3135 997 3190 personae
1051 3119 1216 3174 verba
1275 3121 1407 3189 sint,
1464 3122 1800 3180 declaremus
1855 3125 2117 3181 dicentis:
2163 3143 2206 3203 ο
2237 3126 2470 3203 omnem“
2498 3105 3227 3203 animu"_l___tm“5fe_"3m_ad
3287 3121 3379 3203 ξοδ
3439 3107 3830 3203 (Ιῖιοιδιηνίάθῐη

555 3233 574 3254 σ
619 3207 888 3274 Quoniam
940 3207 1259 3264 inhabitabo
1288 3209 1344 3264 in
1378 3210 1506 3278 illis,
1537 3219 1589 3266 et
1621 3213 1762 3268 inter
1801 3231 1892 3270 eos
1920 3214 2126 3270 ambu-

544 3296 686 3363 laho,
704 3304 758 3350 et
786 3313 878 3352 ero
909 3297 1128 3352 illorum
1155 3301 1319 3367 Deus,
1351 3309 1404 3356 et
1433 3301 1535 3372 ipsi
1572 3311 1733 3358 erunt
1787 3303 1926 3358 mihi
1958 3321 2123 3376 popu-

545 3385 648 3440 lus.
676 3409 694 3430 ιι
737 3385 862 3441 Haec
902 3385 1067 3441 verba
1098 3386 1303 3443 Christi
1330 3397 1495 3456 sunt;
1537 3389 1640 3445 hoc
1669 3400 1750 3446 est
1779 3391 1947 3458 enim,
1980 3393 2125 3464 quod

541 3472 686 3527 inter
733 3483 926 3528 caetera
969 3474 1228 3530 Jeremias
1271 3484 1498 3531 testatus
1547 3486 1629 3532 est
1677 3477 1896 3533 dicens:
1954 3503 1971 3526 ι
2000 3481 2126 3536 Post

538 3557 655 3614 haec
686 3560 745 3614 in
774 3561 934 3617 terris
963 3561 1118 3616 visus
1145 3571 1245 3628 est,
1284 3570 1337 3616 et
1366 3562 1508 3618 inter
1548 3564 1798 3620 homines
1827 3583 2125 3624 conversa—

532 3654 622 3702 tus
665 3654 745 3702 est
793 3649 1057 3717 (Baruch.
1104 3665 1187 3714 ur,
1233 3649 1324 3720 38)
1355 3668 1368 3716 ;
1401 3675 1418 3697 ι
1464 3651 1557 3707 hic
1588 3653 1732 3708 enim
1767 3653 2036 3712 habitavit
2065 3656 2122 3711 in

538 3733 940 3797 nobis,dicente
995 3735 1201 3790 Joanne
1236 3738 1518 3808 apostolo:
1568 3765 1586 3788 ι
1615 3741 1686 3796 Et
1717 3743 1957 3799 Verbum
1997 3762 2120 3801 caro

535 3825 741 3879 factum
794 3830 893 3890 cst,
955 3831 1009 3878 et
1055 3823 1326 3882 habitavit
1356 3828 1412 3882 in
1444 3829 1604 3886 nobis
1647 3831 1829 3900 (Joan.
1871 3850 1911 3900 ι,
1945 3833 2056 3904 14).
2087 3859 2106 3882 ι

531 3912 604 3968 Et
661 3912 788 3984 quia
853 3912 998 3967 Deus
1049 3921 1233 3968 noster
1279 3923 1382 3983 est,
1414 3916 1550 3974 dicit
1582 3917 1781 3975 iterum
1811 3921 2070 3978 Jeremias
2104 3941 2116 3978 :

546 4022 567 4047 ι
611 4000 712 4055 Hic
761 4007 844 4057 est
888 4001 1029 4056 Deus
1059 4009 1242 4056 noster
1274 4003 1533 4074 (Ba-ruch.
1569 4022 1650 4073 in,
1686 4007 1802 4078 36).
1835 4032 1854 4055 ι
1895 4011 1965 4064 Et
1991 4010 2120 4081 quia

534 4089 770 4160 populus
813 4087 930 4160 ejus
983 4105 1193 4157 sumus,
1253 4089 1481 4145 dubium
1548 4108 1658 4146 non
1709 4102 1824 4160 est;
1875 4098 2118 4153 Ecclesia

533 4177 679 4232 enim
711 4177 918 4234 Christi
949 4185 1048 4234 est.
1073 4177 1310 4250 Ideoque
1341 4180 1575 4249 separari
1606 4197 1704 4236 nos
1733 4183 1936 4239 vultab
1967 4187 2115 4241 omni

533 4265 1036 4332 contaminatione;
1100 4273 1159 4321 ut
1215 4268 1476 4338 suscipiat
1534 4285 1631 4323 nos
1676 4269 1732 4322 in
1780 4269 1945 4338 ﬁlios,
1975 4273 2115 4328 sicut

531 4351 666 4407 dicit
700 4370 712 4407 :
776 4377 794 4398 ε
828 4355 1033 4422 Filioli,
1065 4357 1246 4414 adhuc
1273 4358 1552 4415 modicum
1585 4369 1798 4433 tempus
1827 4362 2111 4420 vobiscum

524 4455 646 4494 sum
679 4440 856 4509 (Joan.
884 4457 1008 4508 xm,
1041 4443 1154 4512 33).
1175 4470 1193 4492 ι
1234 4447 1304 4500 Et
1331 4447 1458 4518 quia
1489 4450 1835 4520 omnipotens
1871 4458 2108 4523 est,puto

523 4529 728 4599 ambigi
759 4546 869 4584 non
897 4529 1112 4586 debere.
1145 4534 1201 4588 Si
1231 4537 1401 4604 enim,
1431 4539 1574 4594 sicut
1605 4540 1716 4609 ipse
1743 4540 1898 4607 dicit,
1929 4561 2106 4616 «quac-

524 4631 740 4688 cunque
779 4618 909 4675 facit
961 4619 1139 4686 Pater,
1194 4622 1379 4678 eadem
1411 4633 1462 4680 et
1493 4627 1664 4682 Filius
1692 4629 1822 4687 facit
1851 4632 2105 4690 similiter

527 4703 707 4772 (Joan.
767 4721 821 4773 v,
875 4707 959 4778 19)
987 4725 1000 4774 ;
1035 4734 1054 4756 ι
1097 4708 1202 4764 hoc
1231 4717 1308 4765 est
1341 4711 1540 4769 Filium
1569 4716 1752 4772 omnia
1779 4735 1952 4790 posse,
1983 4738 2100 4793 quae

517 4798 695 4862 potest
737 4801 789 4848 et
834 4795 1011 4852 Pater.
1045 4797 1100 4853 Si
1132 4798 1264 4871 quid
1294 4816 1402 4856 non
1436 4812 1610 4873 potest
1640 4806 1820 4876 Pater,
1854 4825 1963 4863 non
1995 4826 2101 4880 po-

511 4885 617 4934 test
667 4887 719 4935 et
756 4882 950 4938 Filius.
997 4884 1098 4940 Sed
1144 4887 1374 4943 idoneus
1415 4900 1495 4946 est
1523 4893 1716 4960 Filius,
1749 4895 1842 4966 qui
1871 4896 2007 4951 dicit
2035 4897 2100 4952 de

510 4966 705 5023 Patre:
766 4992 786 5016 ι
825 4970 987 5040 Apud
1034 4973 1205 5028 Deum
1237 4983 1416 5030 autem
1447 4979 1632 5033 omnia
1664 4981 1946 5050 possibilia
1973 4993 2100 5040 sunt

513 5056 730 5128 (Matth.
789 5073 912 5126 xxx,
966 5058 1081 5131 26).
1133 5086 1153 5110 ι
1208 5063 1322 5119 Hoc
1354 5065 1664 5122 testimonio
1693 5075 1747 5122 et
1778 5085 1877 5124 nos
1905 5071 1973 5126 ad
2003 5088 2097 5143 pu-

579 5271 696 5352 (48)
734 5273 935 5352 ()mnes
955 5272 1198 5352 edit.,‘et
1222 5275 1444 5348 quidam
1475 5295 1629 5352 mss.,
1681 5281 1773 5350 qui
1819 5280 1954 5334 enim
1983 5298 2096 5352 ope-

499 5351 677 5412 ratur,
741 5346 967 5424 laborat,
1010 5352 1057 5399 et
1104 5345 1291 5415 futura
1317 5365 1422 5401 non
1453 5345 1650 5424 credit;
1687 5345 1871 5424 aptius
1901 5345 2097 5424 reliqui

500 5429 634 5490 mss.
703 5417 969 5490 omittunt
1025 5424 1319 5488 operatur;
1370 5434 1399 5474 e
1450 5421 1654 5490 quibus
1687 5417 1848 5476 Corb.
1886 5417 2094 5480 tantum

497 5487 618 5554 subj
631 5489 807 5558 ungit,
838 5487 1154 5558 angustatur
1176 5489 1384 5542 animus
1411 5487 1522 5557 ejus
1552 5491 1932 5561 desperatione.

576 5556 693 5626 (49)
731 5561 885 5615 Rom.
921 5560 1076 5626 edit,
1101 5561 1226 5626 Qua:
1252 5561 1426 5626 portio
1447 5560 1691 5626 justitiw,
1724 5572 1827 5620 etc.

602 5577 693 5625 rw)
731 5577 885 5615 nom.
921 5577 1076 5628 eum,
1101 5577 1226 5626 uua:
1251 5577 1426 5642 pomo
1447 5577 1691 5641 gustuue,
1724 5577 1827 5620 etc.

601 5626 696 5698 50)
722 5630 883 5687 Rom.
913 5631 1045 5689 edit.
1077 5633 1212 5702 sola,
1247 5649 1357 5708 ipse
1401 5633 1548 5703 dzcit,
1603 5636 1743 5711 quod
1779 5652 2096 5717 quaecunque

2234 3215 2365 3254 vero
2393 3199 2591 3254 affectu
2617 3215 2671 3253 se
2704 3197 2950 3268 diligere.
2981 3194 3194 3250 Pseudo
3222 3195 3372 3250 enim
3403 3197 3634 3266 apostoli
3664 3207 3826 3253 erant

2234 3289 2327 3360 qui
2366 3294 2419 3342 et
2453 3285 2721 3342 nocebant
2749 3286 2881 3350 illis,
2914 3293 3323 3355 corrumpeutes
3351 3299 3539 3338 sensus
3571 3285 3822 3353 illorum,

2231 3385 2285 3432 et
2330 3375 2624 3447 gravabant
2663 3374 2908 3430 sacculos
2963 3389 3150 3429 eorum
3192 3372 3666 3428 circumventione
3707 3389 3822 3428 ser-

2231 3465 2467 3536 pentinae
2499 3463 2732 3520 astutiae.

2305 3553 2484 3625 (Vers.
2525 3552 2605 3623 3.)
2677 3577 2694 3599 ε
2727 3550 2845 3607 Non
2872 3551 2939 3607 ad
2967 3551 3482 3610 condemnationem
3515 3551 3679 3607 vestri
3709 3551 3821 3610 hoc

2229 3643 2371 3700 dico.
2419 3669 2437 3692 ι
2505 3645 2619 3700 Hoc
2647 3653 2748 3712 est,
2783 3660 2894 3698 non
2935 3659 3033 3698 vos
3072 3641 3289 3713 abjicio,
3321 3643 3413 3699 sed
3443 3651 3504 3698 ut
3531 3643 3820 3714 corrigatis

2229 3749 2463 3801 moneo;
2503 3733 2598 3806 qui
2632 3732 2777 3788 enim
2819 3732 3054 3803 aliquem
3086 3731 3432 3799 condemnat,
3464 3747 3572 3787 non
3603 3731 3684 3785 illi
3717 3731 3819 3786 di—

2227 3825 2418 3880 mittit.
2467 3848 2484 3871 ι
2515 3823 2749 3878 Praedixi
2781 3822 2924 3875 enim
2952 3820 3064 3891 jam
3094 3820 3271 3888 vobis,
3294 3821 3439 3894 quod
3471 3822 3524 3876 in
3555 3821 3818 3877 cordibus

2227 3912 2428 3969 nostris
2481 3911 2610 3968 estis
2655 3910 2724 3965 ad
2779 3909 3251 3965 commoriendum
3299 3918 3353 3966 et
3394 3909 3460 3965 ad
3499 3910 3819 3966 conviven-

2225 4001 2376 4058 dum.
2409 4025 2427 4048 ι
2475 4001 2562 4055 Ex
2585 3981 2860 4071 praedictis
2891 3997 3011 4052 vult
3041 3997 3166 4052 illos
3195 4013 3533 4070 cognoscere,
3563 4011 3673 4068 quo
3693 3998 3815 4052 ani-

2225 4107 2314 4145 mo
2337 4091 2596 4162 loquatur
2636 4086 2704 4141 ad
2737 4102 2846 4142 eos.
2891 4085 3037 4152 Quos
3075 4085 3220 4140 enim
3254 4087 3545 4157 participes
3571 4087 3695 4142 vult
3718 4087 3812 4142 ha-

2222 4177 2347 4234 bere
2391 4185 2445 4232 et
2494 4176 2560 4232 ad
2610 4181 2902 4247 praesentes
2947 4173 3223 4244 passiones
3253 4190 3351 4244 pro
3382 4173 3621 4242 Christo,
3651 4184 3707 4230 et
3739 4174 3809 4230 ad

2221 4265 2460 4320 futuram
2494 4265 2686 4330 vitam,
2716 4278 2826 4318 non
2855 4262 3045 4333 utique
3066 4261 3191 4316 illos
3220 4261 3435 4331 abjicit;
3469 4263 3562 4318 sed
3591 4272 3650 4318 ut
3673 4279 3811 4335 par-

2219 4355 2541 4427 ticipatione
2579 4356 2772 4426 dignos
2803 4371 2857 4410 se
2887 4354 3090 4409 faciant
3119 4352 3460 4409 exhortatur.

2293 4446 2472 4517 (Vers.
2517 4445 2597 4517 4.)
2660 4469 2678 4492 ι
2711 4445 2881 4499 Multa
2907 4442 3044 4497 mihi
3086 4441 3287 4496 fiducia
3309 4442 3452 4514 apud
3479 4459 3596 4511 vos,
3634 4445 3806 4500 multa

2219 4535 2355 4590 mihi
2387 4535 2638 4606 gloriatio
2665 4534 2732 4590 de
2760 4533 2947 4588 vobis:
2982 4532 3219 4602 repletus
3250 4548 3372 4586 sum
3403 4531 3801 4604 consolatique,

2210 4625 2590 4696 superabundo
2622 4621 2817 4694 gaudio
2849 4620 2904 4674 in
2934 4621 3083 4675 omni
3116 4637 3365 4691 pressura
3395 4631 3598 4676 nostra.
3651 4644 3670 4666 ι
3718 4621 3804 4675 Fi-

2211 4713 2373 4769 ducia
2404 4713 2520 4767 haec
2550 4711 2616 4766 de
2655 4710 2844 4781 primae
2876 4708 3117 4779 epistolae
3147 4709 3486 4779 correptione
3515 4717 3616 4775 est,
3638 4724 3804 4780 quam

2211 4803 2338 4872 quia
2365 4816 2475 4855 non
2506 4814 2692 4870 aspere
2724 4804 3098 4867 susceperunt,
3134 4795 3391 4852 ﬁduciam
3415 4797 3687 4853 dederunt
3707 4796 3800 4853 ad.

2210 4885 2468 4941 monendi
2517 4902 2604 4952 se;
2665 4885 2769 4940 visi
2827 4892 2955 4940 sunt
3011 4884 3156 4940 enim
3212 4887 3351 4942 velle
3399 4886 3670 4956 corrigere
3721 4902 3798 4955 se,

2208 4974 2352 5030 unde
2400 4974 2683 5046 gloriatur.
2722 4974 2826 5028 Pro
2876 4972 2964 5028 his
2995 4973 3239 5029 animum
3279 4975 3442 5030 etiam
3473 4992 3630 5030 suum
3655 4991 3802 5031 cou-

2207 5062 2441 5118 solatum
2478 5079 2547 5118 ex
2594 5061 2696 5118 hac
2741 5067 2894 5132 parte
2938 5062 3277 5132 pronuntiat,
3309 5061 3368 5116 in
3397 5069 3610 5117 tantum
3650 5071 3713 5117 ut
3740 5062 3801 5116 in

2205 5274 2336 5345 facit
2368 5276 2551 5342 Pater,
2590 5273 2765 5329 eadem
2789 5281 2835 5329 et
2862 5274 3037 5330 Filius
3064 5273 3197 5343 facit
3225 5272 3472 5329 similiter
3513 5291 3530 5328 :
3574 5274 3667 5328 hoc
3701 5281 3796 5341 est,

2205 5347 2342 5415 quod
2381 5346 2552 5401 Filius
2583 5346 2759 5400 omnia
2787 5352 2974 5417 potest,
3007 5361 3122 5417 qua:
3146 5351 3316 5417 potest
3349 5352 3397 5399 et
3440 5346 3622 5417 Pater.
3648 5346 3800 5417 APa-

2205 5423 2335 5471 trem
2389 5434 2509 5471 vero
2559 5417 2736 5471 omnia
2783 5415 2933 5488 posse
2977 5415 3116 5468 testis
3158 5416 3398 5488 idoneus,
3435 5421 3510 5470 est
3547 5415 3794 5488 Filius...

2204 5489 2312 5542 Hoc
2345 5489 2618 5558 prophetae
2657 5486 3062 5543 testimonio..."
3097 5487 3345 5552 etJesum
3370 5487 3491 5556 jam
3532 5487 3658 5542 olim
3687 5486 3795 5542 Do-

2202 5559 2404 5612 minum
2436 5565 2696 5626 nostrum,
2731 5566 2834 5616 etc.

2275 5631 2392 5704 (51)
2421 5632 2577 5688 Rom.
2607 5631 2763 5696 edit,,
2794 5629 3051 5684 neminem
3087 5630 3446 5701 corrupimus.
