4112 6178
263 225 376 287 ’321
1142 234 1174 261 ο

1330 223 1686 284 COMMENT.
1725 224 1796 280 IN
1828 215 2044 280 EPIST.
2077 223 2125 279 ll
2155 220 2271 280 AD.
2312 225 2464 283 COR.

3427 226 3531 297 3!!

265 353 428 408 ,omni
456 370 701 426 pressura
726 353 1167 426 superabundare
1196 370 1253 410 se
1277 355 1473 425 gaudio
1502 355 1805 412 obtestetur
1831 374 1845 423 ;
1875 355 1927 414 A
1960 352 2106 409 bilis.
2138 354 2322 409 Potest
2367 361 2420 409 et
2449 354 2527 410 sic
2573 354 2831 429 intelligi,
2879 366 2939 413 ut
2977 358 3111 414 foris
3143 377 3360 433 pugnat,
3392 362 3450 418 id
3480 382 3539 422 es

279 441 469 498 videns
497 442 640 499 enim
671 460 785 500 esse
814 460 963 515 spem
993 445 1051 498 in
1081 443 1186 512 his,
1222 460 1319 515 pro
1344 445 1546 517 quibus
1575 445 1855 518 angustias

277 531 496 602 patitur,
527 531 747 604 gaudet,
795 548 919 589 cum
956 533 1288 602 tribulatur;
1322 544 1503 591 certus
1550 534 1853 592 mercedem

276 636 333 677 se
358 623 517 678 aDeo
542 630 892 694 accepturum
921 623 1197 696 acquisita:
1226 625 1419 681 salutis
1437 642 1647 680 eorum.

344 720 525 788 (Vers.
557 720 640 791 5.)
683 743 701 766 ι
733 721 948 776 Etenim
978 739 1102 777 cum
1140 724 1481 779 venissemus
1510 724 1569 777 in
1596 721 1857 779 Macedo—

271 808 419 864 niam
470 809 681 864 nullam
737 810 979 887 requiem
1038 810 1235 867 habuit
1279 828 1407 867 caro
1438 819 1627 867 nostra
1655 812 1793 882 (52).
1821 835 1842 860 ι

269 898 556 955 Pressuras
593 905 645 954 et
666 897 837 955 caedes
868 906 1158 965 memorat,
1189 914 1322 970 quas
1366 899 1672 969 patiebatur
1696 914 1856 954 causa

266 987 632 1056 credentium,
671 994 735 1042 ut
786 986 964 1057 magis
992 994 1253 1058 provocet
1282 1003 1372 1043 eos
1401 988 1469 1042 ad
1510 987 1848 1043 charitatem.

283 1099 304 1124 ο
326 1076 573 1144 Nullam,
604 1074 806 1147 inquit,
843 1076 1083 1148 requiem
1115 1076 1306 1131 habuit
1334 1092 1459 1132 caro
1490 1084 1738 1143 nostra;-
1788 1083 1852 1131 ut

265 1172 715 1237 compaterentur
765 1164 864 1232 eis,
914 1164 1047 1220 certi
1098 1163 1225 1235 quia
1266 1180 1363 1235 pro
1391 1165 1564 1219 salute
1603 1163 1850 1219 ﬁdelium

263 1256 484 1310 animas
536 1269 662 1310 suas
704 1252 981 1307 traderent
1033 1266 1204 1323 usque
1249 1251 1317 1307 ad
1364 1258 1615 1307 mortem.
1670 1254 1852 1307 Ante-

268 1360 440 1416 quam
488 1341 824 1413 digereretur
851 1340 997 1395 enim
1041 1338 1328 1395 tribulatio
1356 1347 1409 1395 et
1434 1340 1731 1412 corporalis
1754 1340 1852 1394 in-

258 1432 430 1505 juria,
471 1432 643 1487 altera
681 1427 973 1496 veniebat;
1003 1434 1066 1483 ut
1108 1428 1322 1500 requies
1351 1428 1577 1500 patienti
1608 1444 1719 1484 non
1757 1443 1852 1483 es—

264 1529 366 1579 set.
423 1518 561 1577 Nam
615 1517 870 1591 quoniam
923 1531 1087 1574 sensu
1139 1517 1305 1574 bruta
1354 1524 1435 1573 est
1481 1517 1662 1573 omnis
1700 1532 1847 1586 caro,

264 1609 476 1667 idcirco
524 1611 665 1670 188
708 1607 919 1663 nullam
966 1606 1210 1678 requiem
1264 1605 1407 1663 hanc
1459 1604 1713 1663 habuisse
1760 1606 1849 1661 vel

1968 442 2025 499 in
2054 441 2276 515 publico
2303 458 2335 497 a
2362 441 2584 513 perﬁdis
2611 443 2800 501 ﬁerent
2820 455 3013 505 contra
3041 447 3197 517 ﬁdos,
3227 450 3356 506 dum
3384 450 3547 508 furo-

1965 548 2025 588 re
2054 530 2200 602 pleni
2232 529 2556 586 resistebant
2584 533 2797 590 veritati
2822 554 2833 590 :
2866 535 3023 608 cujus
3068 536 3148 592 rei
3178 539 3402 595 nuntius
3427 540 3541 610 (33)

1969 619 2117 676 intus
2142 619 2397 675 timorem
2455 620 2762 691 generabat,
2789 624 2882 678 ubi
2910 632 3024 681 erat
3070 625 3385 697 Apostolus.
3415 627 3548 693 Quis

1968 708 2116 764 enim
2155 708 2322 764 homo
2358 724 2471 763 non
2496 708 2688 765 timeat
2728 713 3001 782 angustias
3020 714 3048 770 7
3076 713 3180 771 Sed
3210 714 3338 788 quia
3360 714 3419 769 in
3450 712 3550 769 Dei

1970 797 2135 854 rebus
2179 797 2500 870 propensior
2549 804 2685 866 erat,
2734 798 2987 856 timorem
3026 801 3176 860 hunc
3201 819 3293 876 spe
3319 817 3550 877 supera-

1964 886 2079 943 bat.

2040 976 2218 1048 (Vers.
2252 976 2331 1049 6.)
2363 999 2385 1024 α
2402 975 2509 1032 Sed
2525 976 2621 1049 qui
2651 979 2969 1035 consolatur
2994 978 3232 1037 humiles
3248 982 3548 1050 Deus,con-

1964 1065 2168 1121 solatus
2212 1072 2295 1120 est
2336 1080 2435 1121 nos
2484 1064 2542 1120 in
2585 1064 2827 1122 adventu
2875 1067 3006 1123 Titi.
3040 1093 3060 1117 ι
3107 1068 3377 1135 Quoniam
3411 1070 3555 1125 Deus

1964 1169 2186 1210 suorum
2245 1168 2358 1209 non
2402 1162 2485 1209 est
2536 1153 2843 1224 immemor,
2876 1155 2969 1211 sed
3010 1171 3225 1228 semper
3250 1157 3345 1213 dat
3371 1157 3450 1213 eis
3497 1156 3555 1211 in

1962 1244 2324 1300 tribulatione
2366 1244 2643 1310 solatium,
2698 1245 3022 1301 acceleravit
3072 1245 3371 1302 adventum
3420 1245 3551 1312 Titi,

1963 1341 2027 1389 ut
2082 1330 2365 1404 refrigerio
2411 1340 2553 1386 esset
2601 1331 2793 1401 positis
2830 1331 2888 1387 in
2924 1332 3155 1388 fervore.
3186 1333 3377 1405 Magna
3402 1331 3551 1388 enim

1965 1424 2267 1480 consolatio
2319 1427 2401 1478 est
2454 1421 2732 1493 patientis,
2798 1420 2845 1477 si
2891 1437 3074 1479 secum
3115 1421 3311 1479 habeat
3353 1420 3552 1479 condo-

1965 1515 2187 1571 lentem.

1973 1620 1976 1625 ‘
2037 1604 2217 1676 (Vers.
2249 1602 2328 1675 7.)
2365 1625 2385 1649 α
2407 1600 2480 1658 Et
2526 1615 2637 1658 non
2668 1600 2868 1670 solum,
2918 1600 3014 1668 ait,
3048 1600 3105 1657 in
3144 1598 3384 1657 adventu
3415 1597 3550 1669 ejus,

264 1706 466 1763 habere
529 1704 588 1761 in
650 1701 901 1776 passione
969 1701 1287 1774 signiﬁcat:
1347 1700 1586 1756 animam
1651 1709 1853 1769 autem,
1882 1694 1932 1757 B
1960 1693 2055 1752 sed
2086 1692 2248 1750 etiam
2299 1691 2358 1748 in
2402 1690 2779 1749 consolatione
2829 1705 2934 1763 qua
2980 1690 3293 1746 consolatus
3334 1695 3415 1743 est
3443 1686 3555 1758 ipse

262 1808 581 1868 quanquam
608 1791 727 1863 ipsa
752 1788 1061 1861 patiebatur
1086 1788 1145 1843 in
1164 1802 1427 1860 corpore;
1459 1802 1528 1842 ex
1547 1786 1651 1844 hac
1676 1796 1856 1844 tamen

259 1891 424 1957 parte
452 1879 701 1953 requiem
747 1876 968 1945 habere,
1007 1893 1115 1950 qua
1143 1884 1321 1949 sperat
1346 1893 1446 1949 pro
1474 1875 1859 1932 tribulationi-

259 1971 375 2028 bus
401 1969 511 2038 his,
545 1984 665 2042 quae
694 1983 792 2040 pro
824 1965 931 2023 ﬁde
961 1965 1272 2038 irrogantur
1291 1963 1581 2037 aperﬁdis,
1603 1963 1859 2021 daturum

258 2061 447 2118 Deum
499 2055 823 2115 mercedem.
872 2055 1120 2128 Denique
1173 2055 1233 2111 in
1287 2054 1406 2127 ipsa
1459 2068 1708 2126 pressura
1745 2054 1860 2110 Deo

260 2148 511 2222 hymnos
538 2146 826 2203 canebant.

335 2251 485 2321 (Act.
518 2265 635 2317 xvr,
665 2249 699 2305 9
728 2252 776 2303 et
802 2245 935 2318 seq.)
982 2268 1002 2294 ι
1031 2242 1136 2302 Sed
1165 2243 1224 2300 in
1254 2241 1513 2300 omnibus
1532 2241 1721 2300 aﬂlicti
1750 2240 1854 2297 fui-

263 2356 415 2399 mus.
444 2364 463 2388 »
506 2332 672 2395 Juxta
719 2334 1029 2402 historiam,
1058 2331 1294 2388 Domino
1324 2339 1572 2399 vocante,
1603 2330 1855 2386 intrave-

263 2436 403 2488 runt
450 2428 509 2483 in
539 2423 912 2484 Macedoniam
940 2440 953 2478 :
1009 2427 1063 2477 et
1089 2437 1214 2476 cum
1244 2436 1356 2476 non
1387 2419 1544 2494 pauci
1582 2418 1856 2475 credidis-

262 2526 412 2586 sent,
443 2515 890 2584 invenissentque
920 2509 1176 2566 solatium
1220 2507 1409 2579 Lydiae
1440 2506 1704 2575 mulieris,
1735 2522 1855 2579 qua

260 2623 399 2668 cum
454 2602 711 2661 omnibus
761 2599 875 2656 suis
920 2596 1192 2664 credidit;
1250 2604 1385 2652 tunc
1432 2595 1636 2652 factum
1685 2602 1766 2651 est
1795 2602 1856 2651 ut

268 2697 536 2770 spiritum
568 2691 891 2765 pythonem,
922 2688 979 2744 id
1008 2693 1108 2756 est,
1138 2685 1391 2742 divinum
1422 2685 1631 2756 fugaret
1658 2683 1726 2740 de
1763 2699 1855 2738 an-

262 2786 401 2843 cilla
440 2778 823 2856 quorumdam,
868 2776 963 2849 qui
1010 2774 1261 2830 videntes
1309 2772 1611 2845 perdidisse
1660 2787 1718 2826 se
1745 2786 1859 2826 non

266 2872 569 2931 minimum
600 2874 891 2942 quaestum,
909 2880 1067 2937 quem
1090 2864 1274 2934 puella
1302 2859 1569 2916 referebat
1595 2858 1863 2912 divinan-

262 2964 358 3033 do,
393 2961 811 3020 concitaverunt
839 2953 1165 3011 seditionem
1197 2950 1366 3004 Paulo
1404 2956 1457 3002 et
1486 2946 1635 3013 Silae,
1662 2951 1716 3000 et
1744 2952 1865 3000 tra-

1964 1784 2022 1839 in
2052 1781 2230 1837 vobis.
2252 1804 2273 1830 ι
2312 1780 2444 1836 Plus
2486 1778 2639 1835 addit
2689 1776 2759 1834 ad
2805 1776 3268 1843 consolationem;
3301 1773 3429 1847 quia
3454 1788 3553 1828 au-

1966 1870 2108 1927 disse
2135 1885 2192 1926 se
2216 1884 2248 1924 a
2273 1866 2398 1924 Tito
2431 1867 2703 1939 signiﬁcat
2748 1864 3125 1922 conversionis
3154 1878 3340 1920 eorum
3371 1876 3554 1933 prom-

1967 1967 2113 2033 ptam
2143 1958 2483 2013 voluntatem
2516 1954 2657 2026 (54),
2679 1955 2737 2010 in
2756 1962 2969 2010 tantum
2999 1960 3062 2010 ut
3090 1952 3247 2009 Titus
3274 1950 3368 2023 qui
3395 1948 3551 2005 dolo-

1967 2062 2083 2104 rem
2110 2044 2343 2101 habebat
2387 2041 2819 2100 inobauditionis
2865 2057 3077 2109 eorum,
3123 2037 3550 2096 consolationem

1966 2136 2234 2211 acciperet
2261 2133 2328 2191 de
2353 2132 2675 2207 poenitentia
2703 2132 2945 2187 illorum.
2976 2129 3253 2198 Quantum
3297 2126 3549 2183 affectum

1966 2225 2190 2284 haberet
2229 2223 2377 2280 circa
2402 2238 2515 2289 eos,
2543 2218 2783 2277 ostendit
2824 2218 3122 2292 Apostolus
3150 2217 3268 2289 (55)
3299 2233 3313 2283 ;
3343 2222 3406 2271 ut
3455 2230 3556 2271 nec

1964 2312 2074 2371 ima
2126 2310 2378 2379 carceris,
2435 2324 2537 2366 nec
2588 2308 2868 2381 plagarum
2925 2306 3171 2363 dolorem
3213 2308 3552 2377 computaret

1990 2403 2116 2461 cissi
2144 2399 2409 2473 corporis,
2453 2413 2628 2470 neque
2652 2412 2906 2465 nervum,
2935 2410 3045 2469 quo
3088 2392 3250 2467 pedes
3277 2392 3395 2464 ejus
3421 2407 3548 2448 con-

1992 2449 2116 2461 νιν-’⁵
2147 2449 2409 2473 *τ’τ---νι
2455 2449 2623 2470 "'1'"
2653 2449 2742 2453 ----
2767 2449 2774 2453 ν
2798 2449 2906 2465 ⁷““”“1
2944 2449 3033 2469 ίι-ή
3088 2449 3142 2467 ιν
3302 2449 3322 2464 σ

1963 2449 2104 2563 :lusi
2136 2499 2324 2547 erant:
2376 2487 2471 2544 sed
2516 2486 2702 2541 audita
2727 2484 3063 2542 correctione
3102 2498 3314 2550 eorum,
3346 2482 3552 2536 laetare-

1963 2595 2074 2649 tur,
2131 2583 2186 2632 et
2238 2573 2529 2630 immemor
2582 2571 2759 2624 factus
2815 2567 3151 2638 passionum,
3197 2566 3313 2621 Deo
3358 2563 3557 2635 gratias

1965 2672 2145 2738 ageret
2194 2678 2293 2734 pro
2350 2672 2540 2716 eorum
2593 2656 2788 2722 salute,
2819 2654 2901 2711 sic
2928 2653 3035 2710 hoc
3081 2651 3355 2708 aestimans
3404 2667 3559 2724 quasi

1967 2749 2465 2812 remunerationem
2492 2743 2938 2801 tribulationum.
2977 2763 2998 2788 ι
3021 2739 3376 2796 Annuntians
3403 2738 3561 2794 nobis

1970 2850 2214 2900 vestrum
2262 2834 2616 2894 desiderium.
2647 2857 2668 2882 ι
2711 2830 3003 2891 Nuntiavit
3043 2828 3201 2886 Titus
3226 2826 3556 2885 desiderium

1970 2932 2169 2989 habere
2200 2929 2326 2985 illos
2374 2921 2698 2982 emendandi
2733 2937 2827 2989 se;
2859 2919 3203 2977 addiscentes
3242 2917 3388 2973 enim
3438 2932 3558 2989 qua;

264 3008 480 3110 χες-ουτ
527 3063 619 3104 eos
656 3045 716 3099 in
764 3042 948 3097 forum
1007 3037 1074 3092 ad
1117 3035 1506 3106 magistratus;
1550 3034 1644 3106 qui
1673 3033 1872 3090 muuas
1899 3034 1943 3095 ο
1976 3018 2242 3093 promissa
2268 3021 2397 3072 sunt
2428 3013 2568 3069 bene
2590 3009 2930 3110 viventibus,
2960 3007 3177 3064 incitati
3185 3013 3334 3110 funt
3360 3006 3428 3107 ad
3451 3006 3558 3110 de-

260 3142 348 3199 eis
374 3140 568 3212 plagas
595 3134 964 3203 imponentes,
994 3124 1268 3180 miserunt
1312 3138 1403 3179 eos
1445 3123 1503 3178 in
1538 3122 1647 3177 ima
1674 3138 1865 3179 carce-

258 3210 487 3297 ris,'ita
510 3227 573 3277 ut
600 3217 764 3292 pedes
793 3230 979 3272 eorum
1014 3213 1072 3268 in
1101 3227 1270 3268 nervo
1308 3210 1716 3268 concluderent.
1740 3213 1867 3269 Haec

260 3323 355 3372 est
412 3323 664 3383 pressura
715 3320 877 3378 quam
905 3301 1075 3374 'passi
1132 3306 1261 3356 sunt
1312 3299 1369 3354 in
1424 3298 1757 3355 Macedonia.
1793 3300 1866 3355 Et

259 3405 408 3461 hinc
435 3405 517 3455 est
544 3395 690 3453 unde
717 3392 891 3450 dicit:
943 3413 964 3438 α
993 3389 1213 3446 Nullam
1242 3387 1486 3461 requiem
1513 3386 1707 3444 habuit
1738 3404 1865 3446 caro

262 3494 480 3548 nostra.
512 3510 533 3535 ι

347 3608 372 3634 ι
406 3582 565 3642 Foris
592 3594 806 3654 pugnae,
838 3576 987 3635 intus
1015 3574 1305 3632 timores.»
1348 3574 1547 3647 Pugnae
1563 3582 1717 3631 erant
1732 3589 1865 3631 cor-

265 3676 416 3752 pori,
465 3673 598 3730 dum
646 3667 993 3726 caedebatur:
1047 3664 1232 3721 animo
1278 3662 1524 3719 timores.
1568 3662 1690 3719 Illic
1716 3661 1863 3717 enim

270 3750 442 3823 timor
469 3768 573 3829 est,
604 3758 703 3815 ubi
731 3756 1047 3813 intellectus
1071 3762 1189 3820 est;
1222 3751 1317 3808 sed
1350 3752 1519 3807 timor
1536 3750 1629 3808 hic
1648 3759 1868 3823 propter

270 3869 363 3912 eos
405 3859 519 3907 erat
565 3846 661 3921 qui
708 3844 1076 3911 crediderant,
1107 3856 1175 3898 ne
1200 3841 1449 3913 passione
1479 3838 1595 3912 ejus
1629 3839 1869 3895 scanda-

272 3942 594 3999 lizarentur.
644 3934 779 3991 Nam
825 3932 931 3988 sibi
978 3929 1113 4003 quid
1139 3928 1253 4001 jam
1287 3928 1522 3995 timeret,
1553 3927 1647 3999 qui
1686 3927 1869 3999 patie—

273 4026 480 4086 batur?
510 4030 772 4097 praeterea
799 4037 925 4077 cum
954 4018 1102 4074 dicat
1126 4017 1185 4072 in
1214 4016 1445 4072 Actibus
1472 4016 1868 4087 apostolorum,

274 4132 397 4175 non
421 4115 598 4170 solum
631 4110 810 4183 ligari,
841 4107 936 4163 sed
965 4114 1017 4161 et
1065 4104 1205 4160 mori
1252 4112 1498 4175 paratum
1537 4120 1593 4160 se
1623 4115 1722 4175 pro
1758 4119 1871 4158 no-

277 4206 432 4263 mine
461 4202 584 4257 Jesu
613 4192 819 4256 Christi
843 4196 984 4266 (Act.
1007 4210 1128 4261 xxr,
1151 4192 1261 4264 13).
1287 4192 1520 4248 Videtur
1547 4208 1673 4264 ergo
1692 4199 1868 4248 totum

277 4290 564 4350 hominem
594 4285 857 4343 afﬂictum
889 4284 948 4338 in
975 4297 1136 4336 carne
1158 4279 1509 4351 signiﬁcasse,
1535 4288 1596 4336 ut
1624 4297 1692 4336 ex
1721 4288 1870 4353 parte

1971 3111 2233 3172 siderium
2278 3108 2497 3164 horum.
2540 3126 2562 3152 ε
2586 3103 2845 3161 Vestrum
2874 3100 3085 3157 fletum.
3118 3123 3139 3149 ι
3180 3096 3427 3169 Correpti
3467 3096 3556 3153 tle-

1972 3203 2126 3270 bant,
2155 3199 2401 3256 dolentes
2427 3193 2560 3266 quia
2585 3196 2966 3264 peccaverunt,
3015 3204 3119 3246 nec
3160 3201 3420 3244 excusare
3449 3184 3556 3240 nisi

1973 3298 2102 3349 sunt
2130 3308 2151 3355 ;
2176 3286 2323 3344 unde
2365 3282 2661 3357 Apostolus
2701 3278 2965 3352 gloriatur
3008 3278 3067 3333 in
3107 3276 3216 3333 his.
3256 3297 3277 3323 ι
3304 3275 3555 3331 Vestram

1972 3376 2375 3438 aemulationem
2421 3387 2522 3445 pro
2550 3384 2675 3436 me;
2704 3391 2725 3417 ι
2768 3366 3080 3423 addicentes
3127 3364 3276 3421 enim
3314 3362 3557 3419 charita-

1972 3479 2083 3529 tem
2136 3462 2385 3539 Apostoli
2419 3476 2546 3534 erga
2590 3474 2670 3528 se,
2716 3462 3000 3531 coeperunt
3054 3454 3217 3511 illum
3268 3450 3558 3509 defendere

1974 3564 2164 3616 contra
2193 3552 2553 3611 adversarios.

2047 3654 2227 3728 (Vers.
2258 3651 2341 3724 8.)
2385 3673 2405 3699 ι
2431 3650 2515 3706 Ita
2557 3652 2622 3703 ut
2676 3643 2849 3718 magis
2903 3639 3221 3717 gauderem;
3262 3638 3407 3697 unde
3452 3637 3553 3695 etsi

1974 3738 2296 3803 contristavi
2350 3754 2449 3795 vos
2498 3735 2559 3792 in
2622 3734 2873 3806 epistola,
2930 3747 3042 3788 non
3093 3746 3182 3787 me
3240 3728 3489 3801 paenitet.
3522 3749 3542 3774 ι

1974 3830 2325 3890 Manifestum
2381 3831 2465 3881 est
2519 3837 2629 3878 non
2679 3821 2876 3877 debere
2930 3819 3185 3892 pceniteri
3230 3833 3299 3873 ex
3344 3816 3445 3872 hac
3474 3830 3553 3883 re,

1977 3935 2139 3993 quam
2194 3922 2412 3973 secutus
2446 3910 2575 3968 talis
2612 3910 2835 3967 eﬂ‘ectus
2864 3916 2972 3977 est;
3025 3906 3283 3981 quoniam
3313 3902 3557 3960 severius

1978 3989 2037 4066 in
2083 4007 2260 4081 prima
2312 4003 2542 4076 epistola
2586 4000 2853 4073 corripuit
2898 4013 3107 4055 errores
3143 4010 3354 4051 eorum.
3411 3989 3553 4081 Non,

1980 4074 2182 4172 inquit,
2233 4112 2319 4151 me
2344 4074 2597 4166 poenitet
2636 4088 2880 4161 asperius
2921 4083 3234 4155 scripsisse;
3286 4077 3415 4151 quia
3451 4074 3557 4132 hoc

1976 4202 2138 4244 causa
2160 4181 2426 4257 poposcit.

2050 4282 2231 4354 (Vers.
2263 4280 2345 4349 9.)
2389 4299 2409 4323 ι
2443 4275 2516 4329 Et
2544 4272 2591 4329 si
2619 4268 2926 4343 paeniteret,
2955 4263 3119 4322 video
3156 4261 3301 4337 quod
3326 4262 3556 4354 epistola

279 4379 514 4455 spiritus
533 4376 623 4449 qui
655 4371 869 4430 homini
899 4369 1079 4436 datur,
1113 4373 1174 4422 ut
1202 4374 1435 4433 maneat,
1468 4367 1596 4438 quia
1624 4351 1866 4440 impassi-
1900 4383 1948 4441 D
1980 4351 2098 4437 illa,
2125 4368 2225 4425 etsi
2252 4364 2320 4420 ad
2347 4363 2539 4418 horam
2569 4354 2916 4414 contristavit
2944 4370 3062 4422 vos,
3093 4369 3242 4409 nunc
3264 4351 3490 4426 gaudeo.
3520 4377 3539 4401 ι

280 4454 416 4527 bilis
463 4473 564 4533 est,
613 4461 779 4533 aﬂligi
825 4457 1066 4533 potuisse
1094 4454 1324 4510 minime
1365 4454 1734 4526 intelligatur:
1775 4454 1870 4512 sed

282 4567 342 4615 ut
373 4557 544 4613 homo
572 4561 721 4609 totus
765 4567 835 4606 ex
864 4556 1014 4621 parte
1042 4543 1287 4618 corporis
1332 4551 1385 4600 et
1414 4544 1610 4599 animze
1638 4544 1872 4599 afflictus

284 4648 341 4703 in
397 4659 559 4703 carne
598 4640 854 4705 dicatur;
911 4652 981 4692 ex
1021 4643 1172 4708 parte
1208 4649 1340 4690 vero
1368 4632 1594 4706 spiritus
1621 4631 1870 4704 impassi-

288 4788 480 4916 M552)
506 4788 633 4843 Mss.
694 4781 879 4849 Corb.,
927 4797 1052 4836 caro
1100 4784 1303 4834 nostra.
1354 4775 1625 4847 Numquid
1665 4791 1871 4831 sensum

389 4867 438 4915 et
478 4876 621 4916 caro.
666 4862 723 4910 ut
765 4858 875 4909 sine
901 4851 1076 4906 animo
1104 4850 1379 4916 patiatur?
1411 4849 1509 4904 Sed
1531 4865 1628 4916 per
1662 4862 1870 4903 carnem

389 4867 438 4915 et
462 4849 621 4924 'caro,
666 4862 723 4910 ut
765 4858 875 4909 sine
901 4851 1089 4924 animo
1100 4850 1379 4924 patiatur?
1411 4849 1515 4924 sed
1530 4865 1628 4919 per
1662 4862 1870 4924 carnem

292 4939 457 4987 totum
508 4917 761 4983 hominem
799 4917 1133 4992 significavit,
1176 4920 1307 4974 sicut
1332 4924 1377 4971 et
1424 4917 1708 4992 saluutor:
1741 4917 1872 4992 ερξ..

291 5004 450 5068 ritus,
483 4999 673 5068 inquit,
704 4988 981 5068 prouiptus
1025 4997 1270 5068 est,caro
1310 5005 1430 5068 vero
1468 4988 1872 5068 inﬁrma..0uia

291 5059 448 5128 enim.
471 5059 586 5124 erat
620 5059 668 5122 et
704 5059 942 5136 Spiritus
987 5067 1192 5136 sanctus
1231 5060 1291 5115 in
1438 5074 1545 5112 non
1580 5059 1752 5128 potuit
1780 5059 1874 5136 di-

292 5158 443 5198 cere:
489 5140 708 5195 Nullam
745 5129 988 5204 .requiem
1026 5130 1215 5204 [tabuit
1249 5130 1468 5204 spiritus
1510 5135 1704 5204 noster,
1748 5129 1875 5197 quia

294 5220 366 5268 est
412 5208 775 5282 impassibilis.
826 5198 926 5282 Sed
969 5202 1041 5282 ad
1084 5198 1521 5282 comparationem
1564 5198 1676 5282 ejus
1711 5205 1877 5282 totum

296 5269 551 5339 hominim
606 5293 816 5335 carnem
870 5274 1028 5341 dixit,
1083 5270 1216 5325 sicut
1268 5271 1339 5325 ad
1392 5270 1516 5324 solis
1585 5269 1877 5324 claritatem

298 5356 460 5410 ειειιω
533 5352 807 5407 tenebrosa:
865 5340 1018 5410 sunt,
1053 5340 1179 5413 quia
1239 5340 1456 5413 spiritus
1510 5341 1675 5413 illatus
1742 5345 1875 5413 erat,

1978 4457 2092 4512 Hoc
2123 4455 2281 4524 dicit,
2318 4477 2338 4501 ι
2368 4449 2496 4525 quia
2524 4447 2571 4504 si
2592 4463 2678 4503 me
2706 4443 3012 4518 paeniteret,
3044 4467 3063 4493 ιι
3102 4441 3303 4515 inquit,
3337 4452 3556 4515 propter

1978 4543 2337 4609 charitatem;
2396 4563 2412 4587 σ
2463 4537 2592 4611 quia
2642 4552 2740 4592 vos
2794 4530 3133 4599 contristavi,
3182 4555 3200 4579 ρ
3251 4532 3554 4588 consolatio

1978 4630 2290 4690 succederet
2309 4626 2493 4701 gaudii
2516 4625 2632 4698 (56)
2655 4643 2669 4693 ;
2694 4623 2823 4696 quia
2850 4621 3059 4694 profuit
3077 4618 3223 4692 quod
3238 4634 3336 4675 vos
3354 4620 3553 4676 contri-

1981 4773 2093 4845 ligi,
2144 4768 2392 4845 ut‘foris
2450 4781 2659 4845 pugna,
2704 4763 2771 4843 id.
2792 4768 2884 4828 est,
2930 4762 2989 4815 in
3020 4759 3231 4845 publico
3263 4779 3296 4815 a
3336 4760 3556 4842 perﬁdis

1978 4829 2162 4901 co'nlra
2210 4829 2343 4914 ﬁdos
2388 4829 2803 4892 esset'dissensio
2835 4849 2853 4887 :
2882 4848 2999 4887 cum
3021 4829 3290 4903 strepitus
3335 4829 3446 4899 ejus
3477 4831 3555 4886 rei

1977 4914 2214 4971 nuntius.
2246 4918 2351 4968 etc.
2814 4925 2823 4933 ·

2200 4955 2474 5059 ’Νᾏῐῖῃιιηξ
2526 4994 2680 5046 mss.,
2711 4976 3065 5059 conversiones
3091 4991 3279 5059 eorum
3305 4980 3555 5045 prompta

1979 5048 2243 5114 voluntate
2268 5052 2499 5124 ;aliqui,
2535 5055 2834 5124 promptam
2865 5048 3223 5124 vqluntatem.‘
3278 5113 3293 5124 θ
3452 5111 3463 5123 .

2056 5127 2171 5199 (55)
2199 5113 2347 5199 Idem
2365 5113 2826 5199 mss.,-Quantum
2861 5119 3099 5187 affectum
3126 5132 3177 5170 se
3204 5113 3389 5169 habere
3415 5113 3556 5166 circa

1981 5192 2075 5255 eos
2092 5192 2314 5251 ostendit
2338 5192 2618 5264 Apostolus
2638 5192 2658 5264 Ι

2060 5268 2174 5338 (56)
2205 5267 2360 5338 Rom.
2382 5251 2569 5338 feditu
2616 5262 2734 5338 Etsi
2757 5259 3098 5338 paenituisset,
3137 5255 3316 5338 videns
3348 5251 3552 5338 quqd...

1987 5326 2095 5395 Hoc
2145 5326 2321 5392 dicit:
2370 5334 2492 5391 Etsi
2548 5326 2889 5404 plenituisset,
2941 5334 3194 5404 propter.
3227 5326 3551 5404 charitatetn,

298 5389 460 5479 ἓξὲξ
488 5389 734 5493 ubi?"
757 5389 1144 5473 tribulationem
1169 5389 1442 5484 projicere.
1492 5411 1591 5467 Sed
1616 5412 1674 5466 in
1702 5389 1881 5467 omni-,-
1987 5410 2114 5480 quia
2155 5423 2254 5496 inps
2299 5389 2623 5496 contristabi,
2663 5418 2801 5460 nunc
2840 5389 3075 5473 gaudeo}
3102 5395 3240 5496 quia.
3272 5389 3555 5446 consolatio

284 5497 393 5551 bus
420 5495 618 5557 amicti,
651 5500 756 5549 etc.

377 5552 492 5638 (53)
525 5552 659 5625 Cod.
704 5560 891 5628 Corb.,
938 5554 1275 5631 signiﬁcasse.
1309 5553 1485 5611 Potest
1529 5558 1576 5608 et
1618 5552 1695 5607 sic
1720 5552 1887 5610 intel-

1992 5477 2214 5539 succed-it
2236 5477 2436 5550 gaudii.
