4112 6178
511 291 616 356 323

1512 286 1608 343 AD
1648 283 1879 343 OPERA
1918 278 1973 341 S.
2015 284 2345 344 AMBROSII
2380 286 2757 344 APPENDIX.

3677 288 3781 353 32b

508 428 669 488 stavi.
714 451 733 476 ι
762 426 885 485 Non
913 425 1042 501 quia
1067 417 1373 482 contristati
1402 418 1551 487 estis,
1594 419 1688 475 sed
1714 420 1841 493 quia
1870 420 2088 477 contri—
2114 423 2164 482 A
2192 437 2291 493 ego
2340 420 2545 494 (supra,
2594 439 2708 494 cap.
2741 439 2805 491 Ii,
2844 437 2979 478 vers.
3015 422 3124 492 10).
3150 447 3168 470 ι
3211 421 3462 480 Ostendit
3490 424 3637 482 enim
3671 444 3781 487 non

509 517 637 576 stati
666 517 796 575 estis
839 512 907 571 ad
954 511 1331 588 paenitentiam
1365 527 1379 577 ;
1426 508 1735 566 contristati
1782 508 1926 565 enim
1955 509 2084 569 estis

508 606 807 666 secundum
837 606 1031 661 Deum.
1053 628 1071 651 ι
1117 600 1323 657 Idcirco
1357 602 1495 663 189
1525 596 1773 671 gavisum
1818 614 1876 655 se
1902 596 2037 654 dicit
2065 617 2081 668 ;

507 703 637 778 quia
683 719 811 760 cum
868 696 1074 774 pudore
1119 695 1424 755 contristati
1471 702 1621 765 sunt,
1650 712 1763 753 non
1809 712 1934 757 cum
1981 696 2082 754 ira.

507 793 614 862 Qui
659 791 806 853 enim
865 788 1221 863 reprehensus
1251 785 1513 865 pudorem
1559 785 1788 861 patitur,
1816 785 2086 857 corrigere

507 897 565 938 se
615 879 919 952 promittit:
953 877 1046 949 qui
1089 891 1218 931 vero
1247 874 1521 941 irascitur,
1566 872 1807 944 pejorem
1854 889 1910 928 se
1939 872 2087 930 futu.

507 986 629 1029 rum
661 967 921 1025 ostendit.
962 988 981 1012 ε
1012 966 1083 1021 Ut
1111 965 1170 1021 in
1198 965 1354 1021 nullo
1379 963 1769 1019 detrimentum
1800 961 2087 1033 patiamini

506 1074 577 1116 ex
622 1054 800 1115 nobis.
834 1081 853 1105 ι
896 1050 963 1112 Ut
1005 1051 1213 1118 omnia,
1251 1049 1455 1122 inquit,
1501 1055 1688 1106 nostra
1715 1049 1967 1109 eﬂ‘ectum
1994 1050 2087 1109 ha-

504 1142 670 1208 beant
725 1144 787 1203 in
837 1141 1020 1213 vobis,
1050 1139 1216 1201 etiam
1273 1136 1421 1213 quod
1471 1137 1923 1201 contristavirnus
1963 1157 2087 1211 vos,

504 1251 607 1309 pro
631 1232 791 1289 vobis
818 1237 921 1288 est.
1232 1314 1245 1329 .
1516 1316 1533 1331 ς
1681 1321 1722 1331 _
2048 1317 2060 1331 .

580 1322 762 1396 (Vere.
794 1318 908 1390 10.)
951 1343 970 1368 ε
989 1317 1123 1386 Quae
1156 1314 1307 1375 enim
1334 1316 1633 1375 secundum
1681 1321 1857 1377 Deum
1884 1327 1966 1379 est
1991 1317 2087 1376 tri-

505 1411 677 1481 stitia,
708 1408 1083 1481 poenitentiam
1112 1405 1180 1463 ad
1204 1406 1437 1463 salutem
1469 1406 1720 1465 stabilem
1750 1415 2021 1480 operatur.
2052 1433 2072 1459 ι

504 1497 855 1558 Manifestum
898 1500 979 1549 est
1007 1492 1152 1566 quod
1195 1492 1289 1565 qui
1319 1493 1494 1549 tristis
1524 1496 1625 1563 est,
1659 1495 1789 1568 quia
1820 1496 2089 1567 peccavit,

503 1586 804 1648 secundum
838 1586 1013 1641 Deum
1059 1581 1234 1641 tristis
1266 1591 1380 1649 est;
1427 1583 1577 1640 dolet
1626 1585 1773 1643 enim
1804 1586 1932 1658 quia
1958 1586 2088 1643 fecit

504 1666 650 1751 quod
672 1670 790 1731 odit
814 1674 978 1729 Deus.
1002 1670 1117 1727 Hoc
1143 1664 1211 1727 ad
1231 1670 1585 1729 stabilitatem
1608 1673 1801 1730 salutis
1829 1673 2085 1746 pertinet.

516 1789 535 1812 ε
562 1761 809 1821 Tristitia
837 1766 1019 1818 autem
1049 1757 1216 1832 hujus
1245 1758 1441 1863 mundi
1486 1766 1719 1821 mortem
1749 1770 2074 1863 operatur...
2116 1801 2163 1863 B

500 1855 618 1913 Hoc
645 1851 805 1921 dicit,
850 1849 980 1926 quia
1010 1848 1155 1909 sicut
1198 1849 1503 1907 secundum
1531 1852 1707 1907 Deum
1737 1851 1961 1911 tristitia
1987 1851 2085 1908 vi-

499 1951 613 2001 tam
641 1948 938 2014 operatur;
978 1934 1209 2011 poenitet
1241 1938 1412 2005 enim,
1446 1946 1502 1994 et
1527 1947 1707 2011 sperat
1729 1939 1829 2001 Dei
1859 1939 2083 1997 miseri—

498 2029 772 2093 cordiam:
814 2028 891 2087 ita
931 2025 1231 2085 secundum
1283 2024 1554 2082 mundum
1594 2027 1824 2087 tristitia
1851 2037 2083 2087 mortem

498 2127 774 2195 operatur.
813 2119 1072 2177 Detectus
1117 2115 1265 2175 enim
1309 2122 1561 2188 peccator
1604 2115 1782 2174 tristis
1823 2124 1904 2175 est
1927 2115 2084 2190 quasi

499 2208 836 2285 puniendus,
854 2224 966 2268 non
982 2203 1188 2265 habens
1214 2222 1247 2262 a
1271 2222 1379 2285 quo
1408 2212 1586 2278 speret
1612 2205 2079 2289 misericordiam;

497 2305 554 2355 et
602 2298 651 2354 si
692 2296 833 2357 forte
877 2295 947 2355 ad
988 2310 1223 2371 prtesens
1261 2293 1517 2362 defuerit,
1547 2294 1643 2367 qui
1674 2294 1940 2367 vindicet,
1978 2295 2080 2355 Dei

496 2393 682 2444 tamen
705 2382 980 2459 judicium
1008 2382 1235 2443 evadere
1256 2398 1368 2441 non
1398 2383 1618 2457 poterit.

576 2483 760 2555 (Vers.
822 2481 936 2553 11.)
974 2503 994 2527 ι
1020 2480 1162 2541 Ecce
1198 2479 1351 2539 enim
1397 2479 1505 2541 hoc
1548 2481 1727 2553 ipsum
1779 2482 2078 2542 secundum

496 2576 674 2632 Deum
701 2570 1016 2629 contristari
1046 2576 1306 2643 quamam
1345 2569 1404 2629 in
1434 2570 1593 2628 vobis
1617 2570 1829 2643 perﬁcit
1860 2572 2081 2632 sollici—

498 2661 773 2720 tudinem.
803 2687 823 2713 ι
864 2660 1072 2721 Verum
1112 2667 1197 2719 est
1223 2659 1352 2733 quia
1392 2659 1488 2733 qui
1532 2660 1779 2731 poenitet,
1809 2662 2082 2720 sollicitus

497 2759 600 2821 est,
629 2767 698 2809 ne
725 2750 906 2809 denuo
943 2755 1146 2822 peccet.
1192 2771 1212 2797 ι
1246 2747 1352 2805 Sed
1379 2749 1813 2813 excusationem.
1835 2776 1855 2799 ›
1895 2752 2076 2819 Recte,

499 2841 627 2914 quia
657 2837 980 2912 poenitentia
1015 2853 1129 2895 non
1173 2836 1338 2895 habet
1373 2838 1807 2905 excusationem,
1832 2839 1927 2897 sed
1952 2855 2080 2897 con-

496 2930 817 2989 fessionem.
859 2949 880 2973 ι
901 2926 1007 2982 Sed
1036 2925 1314 2982 timorem.
1339 2950 1358 2974 ι
1393 2927 1646 2985 Ostendit
1673 2929 1923 2987 timorem
1959 2929 2079 3001 (57)

498 3016 557 3073 in
581 3022 883 3088 peccatore,
906 3013 1002 3087 qui
1022 3013 1210 3075 delicti
1235 3030 1398 3074 musa
1420 3017 1639 3077 veniam
1667 3020 1923 3090 postulat.
1942 3042 1960 3065 ι
1974 3018 2078 3077 Sed

499 3104 858 3163 desiderium.
886 3129 908 3157 ι
947 3104 1232 3163 Desiderat
1272 3104 1557 3166 reformari
1602 3121 1682 3175 se,
1731 3105 1825 3178 qui
1874 3122 1932 3163 se
1975 3107 2080 3164 scit

493 3193 699 3253 factum
736 3208 830 3267 per
873 3201 1159 3265 peccatum
1181 3192 1511 3253 deformem.
1558 3216 1577 3240 ι
1607 3192 1713 3253 Sed
1752 3194 2077 3257 aemulatio-

493 3298 640 3341 nem.
666 3307 687 3332 ι
727 3281 919 3349 Zelum
959 3280 1158 3353 incipit
1195 3281 1308 3353 pati
1353 3282 1623 3341 bonorum
1664 3298 1889 3356 operum
1918 3282 2076 3356 perﬁ-

492 3373 837 3442 ciendorum,
871 3372 967 3445 qui
998 3372 1260 3444 intelligit
1289 3388 1388 3444 pro
1417 3389 1475 3429 se
1501 3388 1639 3440 esse,-
1680 3373 1826 3445 quod
1851 3373 2081 3446 corripi.

491 3469 604 3519 tur.
639 3485 659 3510 ι
678 3461 783 3519 Sed
811 3460 1176 3520 vindictam).-
1205 3460 1435 3519 Necesse
1480 3467 1563 3517 est
1589 3466 1652 3527 ut
1680 3461 1805 3533 quis
1832 3460 2080 3523 vindicet

491 3566 639 3617 eum,
669 3549 828 3621 cujus
852 3564 977 3620 erga
1005 3564 1061 3603 se
1113 3548 1279 3606 sentit
1307 3549 1561 3609 affectum
1585 3566 1599 3604 ε
1649 3557 1704 3605 et
1748 3550 1807 3609 in
1837 3550 2075 3622 seipsum

491 3638 761 3706 vindicat,
787 3637 882 3708 qui
918 3652 974 3692 se
1021 3651 1184 3697 causa
1212 3636 1400 3695 delicti
1428 3635 1641 3709 afﬂigit.
1676 3659 1694 3682 ι
1720 3637 1783 3693 In
1820 3638 2077 3694 omnibus

493 3733 673 3787 castos
700 3742 800 3783 vos
828 3723 1163 3782 exhibuistis
1191 3741 1308 3784 esse
1345 3726 1404 3785 in
1433 3741 1497 3782 eo
1525 3726 1763 3797 negotio.
1785 3749 1805 3781 η
1846 3725 2076 3794 Quando

493 3816 682 3877 omnia
734 3831 854 3889 quae
924 3816 994 3873 ad
1047 3814 1355 3889 profectum
1417 3813 1662 3873 melioris
1724 3816 1839 3893 spei
1894 3816 2075 3888 perti-

491 3911 647 3973 nent,
697 3904 947 3963 meditati
997 3904 1279 3972 videntur,
1307 3903 1483 3961 zelum
1529 3902 1790 3961 habentes
1824 3904 2075 3979 Apostoli

488 4001 543 4051 et
599 3993 946 4068 praeceptoris
1001 3992 1088 4049 sui
1143 3993 1201 4049 in
1256 3990 1511 4047 omnibus
1578 3991 1771 4049 oﬂiciis
1821 3991 2075 4052 humanae

488 4082 945 4151 conversationis,
985 4081 1125 4140 duce
1172 4078 1301 4147 ﬁde,
1368 4076 1569 4155 probos
1613 4095 1671 4136 se
1716 4079 1893 4139 videri
1936 4097 2074 4140 con-

491 4172 722 4227 tendunt
753 4172 893 4243 (58).

562 4269 742 4340 (Vers.
778 4270 890 4339 12.)
926 4268 1138 4342 dgitur
1182 4273 1241 4331 et
1282 4266 1331 4326 si
1361 4267 1554 4341 scripsi
1595 4266 1772 4337 vobis,
1803 4284 1916 4326 non
1952 4285 2073 4341 pro-

487 4363 608 4430 pter
635 4373 760 4414 eum
781 4358 875 4431 qui
904 4358 1092 4431 inique
1120 4367 1370 4419 versatus
1396 4368 1497 4419 est.
1519 4383 1538 4408 ι
1574 4360 1765 4434 Inique
1796 4368 2071 4418 versatum

488 4444 627 4501 dicit
683 4445 866 4513 illum,
921 4446 1015 4518 qui
1080 4448 1351 4509 incestum
1403 4448 1730 4504 admiserat:
1800 4464 1900 4504 nec
1958 4465 2073 4506 non

489 4534 654 4589 etiam
699 4533 800 4590 hos
829 4534 1027 4604 tangit,
1065 4550 1205 4607 quos
1248 4535 1451 4606 injuria
1482 4545 1535 4591 et
1560 4536 1779 4595 fraudes
1813 4537 2075 4597 fratribus

492 4622 551 4678 in
614 4623 789 4697 prima
832 4624 1062 4697 epistola
1098 4622 1315 4681 fecisse,
1340 4623 1613 4694 signiﬁcat
1642 4626 1699 4697 (Ι
1727 4625 1849 4687 Cor.
1882 4643 1961 4696 vr,
1993 4627 2071 4700 7)\

498 4732 517 4756 ι
534 4709 637 4766 Sed
669 4727 844 4783 neque
867 4721 1090 4784 propter
1117 4726 1265 4780 eum,
1288 4709 1385 4783 qui
1418 4710 1605 4784 inique
1633 4721 1889 4771 tractatus
1916 4723 2016 4771 est.
2039 4739 2058 4763 ι

488 4800 556 4855 Hi
606 4801 793 4874 inique
850 4802 1068 4860 tractati
1122 4809 1287 4870 sunt;
1331 4802 1459 4876 quia
1505 4803 1765 4863 fratribus
1800 4805 2073 4866 mntraria

486 4890 629 4961 passi
654 4898 802 4947 sunt.
837 4890 939 4948 Hic
981 4907 1172 4948 sensus
1199 4898 1299 4961 est,
1333 4906 1493 4964 quem
1533 4893 1590 4948 in
1627 4895 1802 4966 capite
1831 4894 2070 4966 epistolae

487 4987 775 5051 memorat,
832 4980 929 5040 ubi
972 4980 1145 5040 dicit:
1185 4980 1282 5041 εδδ
1325 4980 1416 5042 cui
1462 4981 1673 5055 aliquid
1724 4978 1987 5053 donastis,
2017 4991 2071 5039 et

556 5195 673 5279 (57)
706 5196 831 5278 Mss.
871 5195 1020 5279 Corb
1044 5240 1060 5265 ,
1109 5195 1688 5279 Sednindignatiouem.
1743 5198 1862 5257 Mm
1902 5199 2071 5279 iudi—

479 5276 676 5341 gnalur
702 5270 795 5341 qui
819 5276 1087 5341 correptus
1112 5269 1402 5340 conﬁtetur.
1436 5270 1537 5341 Sed
1574 5270 1834 5341 timorem,
1859 5278 1962 5327 etc.

556 5286 676 5324 amr
742 5286 795 5324 ιη
819 5286 971 5325 corrc
1005 5286 1087 5324 rus
1112 5286 1402 5340 conpletur.
1436 5286 1536 5324 aea
1574 5286 1834 5337 timorem,
1859 5286 1962 5327 etc.

556 5341 672 5412 (ὃὸ)
702 5286 851 5396 lieni
882 5286 1002 5401 COtf.
1037 5341 1222 5409 Corb.,
1254 5341 1434 5396 ducem
1465 5340 1608 5411 fidei,
1643 5347 1809 5411 prout
1834 5348 2065 5411 possent,

480 5412 655 5492 vider;
683 5412 1016 5492 contendunt.
1135 5491 1140 5492 γ
1799 5482 1835 5492 ,,
1873 5482 1882 5492 ,

555 5485 668 5549 (59)
704 5484 906 5539 Omnes
931 5483 1063 5539 edit.
1097 5491 1148 5539 et
1175 5500 1304 5538 mss.
1337 5482 1611 5549 nonnulli,
1640 5496 1754 5537 cum
1779 5482 1904 5541 dicit
1939 5500 2067 5538 cor-

481 5551 650 5620 rigere
707 5557 868 5622 velle;
920 5556 1101 5621 110111.,
1153 5570 1207 5608 se
1242 5555 1390 5620 velte,
1436 5569 1563 5622 quos
1610 5553 1896 5622 arguebat,
1941 5556 2063 5613 cod.

482 5619 669 5690 Corb.,
718 5626 846 5680 dicit
887 5642 1005 5681 cum
1048 5640 1133 5681 eos
1178 5640 1233 5680 se
1276 5624 1567 5680 correxisse
1603 5639 1732 5694 quos
1773 5632 2063 5696 arguerat:

633 5663 669 5690 I,
718 5663 845 5680 ιιῠνου
887 5663 1005 5681 νωυο
1048 5663 1132 5681 ννυ
1178 5663 1231 5680 σν
1276 5663 1352 5680 vv!
1372 5663 1385 5677 Ι
1403 5663 1566 5679 νωνσνν
1603 5663 1731 5690 Ὶπνυ
1773 5663 1824 5681 W'
1839 5663 1950 5690 καθ’
1966 5663 2025 5683 ων
2044 5669 2057 5683 ο

2192 509 2390 583 magis'
2422 509 2617 568 horum
2664 526 2843 579 causa,
2907 510 3000 584 qui
3063 521 3449 583 peccaverunt,
3496 518 3779 589 scripsisse

2192 615 2248 654 se
2294 600 2499 657 remitti
2558 600 2673 656 illis
2720 601 2937 668 debere,
2979 600 3072 656 sed
3122 599 3294 671 magis
3337 612 3561 676 propter
3594 608 3782 668 Eccle.

2193 685 2364 753 siam;
2417 687 2544 759 quia
2591 688 2649 743 in
2694 704 2806 744 uno
2846 690 2984 744 male
3035 696 3227 761 agente
3278 691 3438 747 multi
3488 703 3639 761 sunt,
3686 697 3780 770 qui

2193 774 2638 833 confundantur:
2671 783 2725 832 et
2746 777 2803 832 in
2842 788 2954 833 uno
2995 779 3388 839 contumeliam
3407 792 3502 842 aut
3533 783 3782 847 fraudem

2194 868 2453 943 patiente,
2484 870 2645 927 multi
2679 878 2806 926 sunt
2834 871 2929 944 qui
2961 870 3365 943 indignentur;
3417 876 3546 948 quia
3572 878 3618 935 si
3647 880 3781 951 pati.

2193 967 2286 1015 tur
2312 959 2523 1032 aliquid
2560 976 2734 1017 unum
2772 960 3106 1030 membrum,
3154 966 3561 1037 compatiuntur
3596 973 3785 1031 omnia

2194 1048 2460 1108 membra.
2488 1073 2506 1096 ‹
2528 1050 2633 1106 Sed
2658 1059 2719 1107 ut
2749 1051 3193 1109 manifestaretur
3221 1055 3538 1115 sollicitudo
3570 1068 3779 1127 nostra.

2196 1152 2358 1210 quam
2388 1153 2486 1210 pro
2516 1138 2672 1195 vobis
2706 1138 2970 1198 habemus
2998 1157 3180 1199 coram
3210 1143 3342 1201 Deo.
3367 1170 3389 1194 ι
3421 1147 3785 1207 Emendando

2194 1222 2449 1297 injustos,
2480 1232 2533 1282 et
2562 1227 2801 1298 pollutos
2828 1229 3247 1299 sanctiﬁcando,
3292 1241 3349 1289 et
3390 1234 3655 1293 Ecclesiae
3699 1256 3781 1295 re-

2195 1313 2563 1382 conciliando,
2593 1315 2763 1371 totius
2786 1318 2974 1391 populi
3003 1319 3442 1380 sollicitudinem
3484 1338 3543 1381 se
3582 1326 3781 1383 habere

2194 1400 2554 1470 demonstrat,
2581 1404 2881 1461 secundum
2924 1408 3069 1478 quod
3098 1425 3261 1480 supra
3290 1414 3610 1472 memoravi.

2268 1489 2450 1562 (Vers.
2488 1490 2600 1561 13.)
2639 1492 2804 1552 «Ideo
2831 1501 2886 1550 et
2927 1497 3357 1565 consolationem
3387 1504 3715 1574 accepimus.
3739 1527 3764 1557 ι

2195 1574 2479 1650 Accepisse
2501 1594 2580 1648 se,
2609 1595 2672 1638 ac
2700 1597 2794 1653 per
2827 1581 2932 1639 hoc
2951 1592 3007 1640 et
3030 1584 3159 1642 dare
3175 1585 3313 1643 dicit
3326 1591 3777 1653 consolationem.

2194 1665 2420 1738 Accepit
2444 1676 2649 1737 autem,
2689 1684 2813 1727 cum
2851 1670 3051 1729 didicit
3079 1674 3351 1748 corrigere
3374 1693 3431 1733 se
3460 1680 3603 1735 velle
3633 1681 3775 1755 (59),

2195 1768 2332 1827 quos
2357 1755 2635 1828 arguebat,
2666 1764 2729 1815 ut
2756 1775 2851 1832 per
2878 1760 3259 1835 pmnitentiam
3294 1781 3351 1823 se
3376 1766 3771 1828 reformarent:

2194 1840 2287 1898 dat
2340 1848 2542 1913 autem,
2589 1843 2721 1901 dum
2769 1862 2861 1902 eos
2915 1858 3137 1907 revocat
3190 1851 3260 1911 ad
3314 1854 3663 1925 Ecclesiam;
3706 1873 3781 1917 ne

2194 1928 2290 2016 diu
2309 1933 2616 1988 contristati
2644 1930 2990 2007 desperarent
3020 1938 3089 1996 de
3117 1955 3199 2009 se,
3226 1948 3280 1999 et
3310 1942 3378 1998 ad
3407 1943 3683 2016 publicam
3720 1955 3775 2006 et

2190 2014 2462 2076 funestam
2483 2021 2652 2079 vitam
2681 2022 3040 2085 declinarent.
3072 2051 3093 2078 ι
3118 2029 3181 2086 In
3206 2014 3579 2095 consolatione
3591 2043 3771 2093 autem

2192 2112 2394 2174 nostra,
2426 2107 2597 2180 magis
2638 2111 2917 2184 magisque
2966 2115 3137 2187 gavisi
3170 2134 3363 2176 sumus
3388 2136 3550 2194 super
3572 2123 3773 2195 gaudio

2191 2194 2301 2255 Titi
2333 2196 2480 2270 (60);
2525 2199 2653 2273 quia
2700 2202 2970 2274 requievit
3016 2206 3245 2277 spiritus
3283 2207 3402 2282 ejus
3434 2212 3490 2269 in
3516 2194 3770 2272 omnibus

2190 2282 2366 2340 vobis.
2399 2309 2418 2333 ι
2460 2284 2751 2363 Correptos
2779 2307 2875 2363 per
2894 2293 3129 2363 primam
3150 2296 3437 2369 epistolam
3465 2300 3695 2360 audiens
3713 2318 3769 2361 se

2190 2371 2331 2429 velle
2356 2374 2644 2448 corrigere,
2675 2379 3103 2438 consolationem
3124 2387 3352 2460 accepit.
3374 2392 3423 2445 A
3448 2386 3571 2448 Tito
3588 2400 3767 2451 autem

2190 2459 2473 2521 addiscens
2493 2465 2621 2538 quia
2640 2465 2883 2525 dolorem
2906 2481 3220 2543 paterentur
3239 2459 3439 2537 erroris
3458 2482 3567 2549 sui,
3580 2490 3766 2546 auctus

2190 2559 2271 2607 est
2300 2550 2357 2606 in
2384 2554 2775 2626 consolatione,
2807 2559 3009 2630 gaudio
3036 2564 3273 2639 repletus
3300 2584 3314 2634 ;
3361 2567 3489 2642 quia
3517 2572 3766 2629 voluntas

2191 2653 2377 2696 eorum
2408 2642 2466 2697 in
2494 2657 2654 2715 opere
2690 2657 2925 2721 coeperat
2949 2648 3258 2725 approbari,
3288 2650 3413 2715 Tito
3440 2657 3548 2719 hoc
3570 2658 3767 2721 idoneo

2190 2734 2325 2784 teste
2350 2745 2475 2786 cum
2507 2731 2699 2788 laetitia
2727 2735 2899 2792 animi
2928 2740 3210 2799 referente.

2263 2818 2444 2907 (Yers.
2480 2819 2593 2892 14.)
2630 2846 2647 2869 ι
2668 2822 2936 2890 Quoniam
2965 2843 3023 2883 in
3053 2828 3468 2907 quibuscunque
3495 2835 3566 2896 de
3610 2837 3769 2898 vobis

2191 2904 2451 2978 gloriatus
2517 2926 2659 2980 sum,
2718 2927 2829 2969 non
2881 2929 3000 2970 sum
3066 2917 3345 2977 confusus.
3376 2904 3408 2970 ἶ»
3448 2923 3768 2998 Antequam

2190 3006 2432 3068 pergeret
2458 2996 2614 3055 Titus
2644 2999 2711 3056 ad
2757 2998 3088 3072 Corinthios,
3118 3005 3334 3063 audivit
3361 3008 3429 3067 ab
3458 3011 3557 3079 eis,
3580 2996 3639 3069 id
3659 3023 3763 3089 est,

2188 3083 2256 3138 ab
2272 3084 2555 3156 Apostolo,
2570 3095 2622 3144 et
2641 3088 2735 3159 qui
2760 3098 2914 3147 erant
2940 3107 3066 3149 cum
3095 3109 3181 3162 eo,
3196 3094 3397 3159 bonam
3422 3083 3767 3163 voluntatem

2182 3188 2295 3227 esse
2325 3171 2741 3233 Corinthiorum
2776 3178 2834 3234 in
2863 3179 3219 3243 emendandis
3240 3183 3428 3254 vitiis;
3457 3203 3527 3246 ac
3538 3203 3636 3265 per
3659 3190 3768 3255 hoc

2182 3277 2440 3335 regresso,
2492 3275 2545 3321 et
2581 3266 2767 3324 eadem
2813 3269 3100 3340 referente,
3129 3289 3243 3331 non
3270 3276 3461 3349 utique
3504 3280 3765 3345 confusus

2182 3359 2265 3405 est
2313 3353 2628 3427 Apostolus,
2685 3356 2780 3413 sed
2835 3359 3013 3417 alacer
3067 3361 3243 3420 factus
3292 3374 3419 3435 est;
3479 3369 3609 3447 quia
3648 3386 3763 3433 non

2182 3439 2340 3496 aliter
2369 3441 2652 3499 invenerat
2680 3444 2856 3512 Titus,
2889 3465 3053 3521 quam
3079 3451 3326 3509 audierat
3343 3454 3413 3510 ab
3440 3439 3541 3515 eis.

2264 3552 2283 3575 ι
2311 3530 2415 3587 Sed
2470 3535 2932 3606 quemadmodum
2981 3541 3168 3601 omnia
3220 3543 3378 3603 vobis
3424 3546 3484 3607 in
3533 3550 3760 3610 veritate

2183 3619 2351 3678 locuti
2400 3638 2608 3693 sumus,
2643 3625 2720 3682 ita
2769 3637 2822 3686 et
2865 3630 3117 3703 gloriatio
3162 3641 3348 3693 nostra
3394 3639 3539 3711 apud
3577 3640 3759 3701 Titum

2186 3708 2383 3767 veritas
2411 3711 2551 3770 facta
2580 3724 2683 3773 est.
2715 3743 2734 3767 ›
2775 3719 3074 3779 Exsultans
3101 3723 3160 3780 in
3189 3726 3388 3798 spiritu
3425 3708 3547 3788 hac
3570 3732 3763 3792 scribit

2180 3800 2499 3873 Apostolus,
2529 3805 2608 3862 sic
2633 3806 2872 3880 gaudens
2900 3811 2959 3867 in
2985 3811 3110 3881 his;
3143 3823 3207 3872 ut
3232 3816 3527 3879 efﬁcaciam
3570 3837 3762 3881 eorum

2182 3899 2293 3946 tam
2344 3907 2528 3948 veram
2575 3896 2787 3968 probet,
2840 3915 3003 3973 quam
3056 3911 3138 3959 est
3193 3913 3248 3961 et
3292 3908 3607 3981 prmdicatio
3641 3912 3764 3983 ejus

2185 3985 2324 4042 190
2352 3980 2421 4037 ad
2445 3998 2556 4053 eos,
2596 3983 2655 4040 in
2685 3990 3028 4062 correptione
3053 3980 3341 4053 duntaxat.
3376 3999 3585 4057 Veritas
3606 3980 3760 4061 enim

2180 4080 2456 4152 arguentis
2495 4082 2553 4139 in
2604 4102 2667 4141 eo
2715 4087 2834 4160 ipso
2880 4098 3015 4147 tunc
3053 4091 3272 4149 videtur
3305 4110 3423 4152 esse
3449 4097 3757 4169 manifesta,

2179 4168 2227 4224 si
2272 4167 2314 4224 ii
2366 4168 2461 4242 qui
2506 4183 2830 4246 arguuntur,
2880 4177 3148 4251 incipiant
3193 4184 3480 4242 emendare
3511 4186 3627 4258 (61)
3656 4167 3756 4257 se;

2179 4257 2312 4314 dum
2339 4258 2487 4314 enim
2516 4265 2753 4338 correpti
2780 4266 3167 4338 immutantur,
3211 4272 3591 4335 testimonium
3627 4291 3761 4349 per-

2179 4345 2371 4404 hibent
2399 4354 2665 4423 arguenti.

2251 4437 2433 4507 (Vers.
2495 4442 2607 4515 15.)
2654 4467 2673 4491 ι
2701 4446 2775 4503 Et
2821 4448 3033 4504 viscera
3087 4447 3237 4524 illius
3284 4448 3653 4516 abundantius
3697 4457 3757 4519 in

2099 4507 2149 4565 D
2180 4524 2342 4583 vobis
2397 4540 2544 4588 sunt.
2576 4507 2598 4581 ιί
2637 4534 2898 4589 Animum
2941 4542 2997 4589 et
3040 4514 3293 4592 allectum
3334 4507 3621 4602 Titidio—it
3645 4507 3760 4605 es;

2180 4614 2240 4671 in
2272 4617 2369 4688 eis,
2414 4622 2542 4695 quia
2585 4623 2725 4678 vidit
2764 4623 3066 4693 profectum
3097 4625 3360 4696 illorum;
3390 4635 3567 4692 sancti
3610 4638 3757 4695 enim

2180 4707 2397 4764 animus
2428 4711 2485 4763 in
2516 4711 2664 4764 omni
2694 4710 2839 4766 bono
2870 4722 2969 4769 est.
3009 4737 3027 4759 ι
3057 4716 3478 4776 Reminiscentis
3509 4724 3754 4781 omnium

2179 4796 2347 4850 vestri
2395 4797 2780 4868 obedientiam,
2829 4803 3104 4876 quomodo
3151 4822 3277 4863 cum
3326 4809 3523 4865 timore
3558 4821 3613 4867 et
3642 4822 3758 4870 tre-

2179 4896 2328 4937 more
2355 4886 2649 4957 excepistis
2673 4889 2829 4947 illum
2852 4910 2901 4947 ε»
2931 4893 3173 4951 Scientes
3195 4896 3470 4955 Corinthii
3497 4900 3566 4956 ab
3599 4905 3761 4974 Apo-

2179 4971 2319 5028 stole
2346 4989 2461 5031 esse
2490 4977 2716 5037 missum
2746 4980 2931 5038 Titum
2959 4983 3029 5041 ad
3061 5002 3138 5055 se,
3169 4987 3264 5060 qui
3307 4989 3367 5045 in
3397 4990 3568 5047 tantis
3604 4971 3762 5049 vitiis

2177 5200 2376 5273 reliqui
2412 5201 2628 5269 melius,
2658 5218 2775 5257 cum
2802 5203 2946 5273 dicit,
2977 5214 3083 5264 etc.

2250 5273 2366 5351 (60)
2398 5273 2530 5351 Bo_n_1
2542 5315 2563 5351 ._
2594 5273 2750 5343 edit.,
2794 5278 2987 5346 gaudio
3025 5277 3210 5348 repleti
3250 5293 3432 5335 sumus
3458 5294 3617 5351 super
3637 5295 3757 5337 cott-

2176 5344 2430 5398 solatione
2460 5345 2580 5400 Titi.

2250 5414 2364 5496 (61)
2398 5414 2557 5496 Cod._
2581 5415 2769 5496 Coriu,
2819 5419 2894 5474 ad
2928 5435 3020 5496 eos
3047 5420 3140 5490 qui
3188 5421 3246 5476 in
3278 5424 3601 5496 correptione
3625 5424 3757 5481 riuu-

2178 5489 2351 5614 ταωαὲ
2368 5488 2842 5613 ρνιὲοβεὶεὺαηε......
2889 5490 2939 5546 si
2984 5488 3102 5565 quia
3146 5488 3466 5587 arguuntur,
3497 5498 3761 5573 incipiunt

2178 5571 2316 5613 em
2351 5574 2383 5614 α
2445 5599 2460 5614 .

2173 5571 2460 5615 emendari.
