4112 6178
1346 282 1703 343 COMMENT.
1746 286 1816 342 IN
1852 285 2066 340 EPIST.
2109 285 2157 340 ll
2194 286 2288 341 Ai)
2326 284 2483 344 COR.

3450 295 3553 355 326

299 409 364 463 ab
388 410 498 479 ipso
540 407 653 479 jam
709 408 928 464 fuerant
983 406 1238 481 correpti,
1268 408 1446 465 territi
1476 418 1603 465 sunt
1660 409 1717 464 in
1772 409 1864 465 ad-
1892 413 1942 470 A
1974 407 2098 465 illos
2145 408 2250 465 hoc
2302 426 2477 482 agere,
2516 418 2577 466 ut
2606 427 2706 469 nec
2766 412 3006 482 timeret,
3059 412 3148 471 cui
3196 414 3550 488 onerabatur,

298 505 458 552 ventu
488 496 625 569 ejus.
668 498 740 553 Et
769 498 900 570 quia
943 496 1109 553 vitam
1160 515 1313 554 suam
1372 509 1649 571 coeperant
1677 515 1872 555 emen-

293 586 434 652 dare,
482 588 710 644 solliciti
770 594 923 643 erant
976 587 1237 643 obaudire
1286 590 1571 662 praeceptis
1620 587 1757 659 ejus,
1808 595 1871 643 ut

289 693 579 749 regressus,
611 677 855 732 animum
876 676 1125 749 Apostoli
1156 676 1434 748 mitigaret
1459 678 1565 733 eis:
1599 675 1875 750 quamob-

288 782 399 821 rem
429 766 615 821 Titum
646 766 891 823 laudasse
913 764 1215 837 signiﬁcat,
1240 781 1368 821 nam
1401 765 1463 820 in
1484 763 1611 818 Tito
1629 763 1874 835 Aposto-

286 856 402 912 lum
430 856 648 912 reveriti
668 862 813 912 sunt.

360 945 540 1015 (Vera.
576 945 688 1016 16.)
725 969 743 991 ι
763 942 993 1000 Gaudeo
1019 940 1244 1014 quodin
1275 939 1529 996 omnibus
1553 936 1769 996 conﬁdo
1811 938 1871 995 in

283 1032 460 1089 vobis.
503 1058 522 1082 ι
564 1034 687 1089 Non
703 1032 885 1087 solum
906 1030 966 1085 in
979 1028 1125 1085 bona
1147 1030 1433 1085 voluntate
1451 1044 1638 1083 eorum
1658 1029 1869 1083 iactatus

280 1129 385 1189 est,
417 1120 514 1177 sed
569 1128 623 1175 et
669 1120 727 1174 in
778 1118 1037 1191 operibus
1082 1117 1261 1185 bonis,
1298 1116 1499 1189 quibus
1525 1133 1647 1188 quae
1678 1129 1864 1188 [resca-

280 1215 501 1277 verant,
551 1207 933 1265 emendabant.
984 1206 1138 1276 Ideo,
1171 1227 1193 1256 ι
1235 1205 1296 1262 in
1346 1204 1621 1275 omnibus,
1662 1202 1866 1278 inquit,

281 1298 510 1357 conﬁdo
533 1297 594 1355 in
624 1297 799 1355 vobis.
828 1321 850 1348 ι

870 1439 1098 1498 CAPUT
1131 1440 1273 1499 VIII.

354 1566 536 1641 (Vera.
572 1566 623 1635 1,
654 1564 737 1638 Ι.)
782 1588 802 1614 ι
829 1564 1025 1622 Notam
1053 1572 1235 1621 autem
1261 1558 1420 1620 vobis
1473 1561 1727 1629 facimus,
1759 1560 1867 1617 fra-

280 1664 413 1725 tres,
441 1657 671 1731 gratiam
710 1656 829 1723 Dei,
862 1671 985 1729 quae
1005 1654 1132 1711 data
1159 1661 1239 1710 est
1256 1654 1312 1709 in
1335 1653 1594 1708 Ecclesiis
1622 1651 1866 1709 Macedo-

1979 499 2259 569 accipere;
2310 498 2438 571 quia
2483 515 2593 554 non
2638 501 2822 574 utique
2867 502 2971 559 hoc
3012 502 3198 561 animo
3236 505 3549 575 offerebant,

1980 595 2043 642 ut
2062 587 2389 642 rmlimentes
2446 588 2763 660 praepositos
2805 607 2952 661 suos,
3002 592 3141 649 vitia
3186 608 3372 650 eorum
3395 602 3553 666 pate-

1981 680 2190 744 rentur,
2265 691 2366 730 nec
2404 685 2742 746 arguerent;
2808 681 2938 751 quia
3000 697 3227 738 munera
3281 693 3553 741 excaecant

1982 763 2190 830 oculos,
2220 769 2277 818 et
2308 762 2423 818 vim
2476 763 2818 821 auctoritatis
2860 766 3145 826 inclinant.
3176 772 3376 829 Dantes
3427 789 3554 845 ergo

1982 868 2038 907 se
2086 853 2217 919 Deo,
2267 852 2398 907 dum
2437 851 2731 909 emendant
2776 853 2917 911 vitia
2956 874 2967 911 :
3025 856 3220 915 deinde
3270 860 3550 929 fratribus,

1980 938 2113 994 dum
2156 938 2392 994 offerunt
2434 948 2707 1011 sumptus,
2752 942 3065 998 contristari
3093 943 3416 1015 debuerunt,
3460 949 3553 1021 qui

1979 1034 2104 1081 ante
2134 1040 2297 1099 prope
2326 1042 2489 1100 quam
2530 1026 2858 1100 inciperent,
2882 1028 3107 1102 perfecti
3127 1049 3242 1090 esse
3267 1036 3558 1092 voluerunt

1978 1115 2183 1170 Horum
2224 1116 2393 1188 igitur
2420 1118 2673 1189 exemplo
2700 1118 2757 1173 in
2773 1119 2912 1175 vitat
2932 1120 3251 1179 Corinthios
3276 1132 3418 1185 utea
3440 1142 3558 1199 qua:

1976 1214 2269 1275 coeperant,
2309 1204 2413 1263 hac
2456 1206 2848 1264 exhortatione
2907 1209 3077 1280 aucti,
3145 1220 3327 1269 mente
3366 1214 3555 1270 sedula

1976 1308 2203 1352 OODSllm
2213 1304 2443 1352 merent.

2051 1383 2233 1453 (Vera.
2256 1382 2337 1454 6.)
2383 1408 2402 1431 ι
2429 1384 2507 1440 ita
2535 1391 2597 1440 ut
2635 1396 2947 1458 rogaremus
2967 1384 3175 1457 Titum,
3206 1389 3350 1463 quod
3371 1406 3556 1467 quem-

1977 1470 2273 1527 admodum
2333 1471 2519 1543 cccpit,
2577 1472 2655 1529 ita
2729 1484 3012 1531 consumet
3100 1475 3153 1532 in
3219 1493 3317 1535 vos
3383 1481 3554 1539 etiam

1978 1559 2205 1631 gratiam
2248 1559 2432 1616 istam.
2484 1579 2513 1613 υ
2562 1560 2835 1629 Quoniam
2884 1562 2994 1619 Titi
3057 1565 3309 1622 allectum
3357 1567 3557 1627 sciebat

1975 1649 2247 1705 sincerum
2274 1650 2420 1707 circa
2468 1650 2623 1721 istos,
2672 1668 2773 1710 nec
2819 1668 2929 1709 non
2977 1652 3077 1710 hos
3123 1655 3440 1714 obedientcs
3484 1658 3556 1727 ei,

281 1747 412 1813 nim,
442 1746 592 1820 quod
635 1745 695 1800 in
750 1744 924 1799 multa
976 1742 1298 1815 probatione
1316 1757 1579 1813 pressurae
1625 1740 1869 1797 abundat
1896 1760 1943 1823 Β
1977 1737 2190 1796 idcirco
2229 1756 2327 1814 per
2350 1741 2528 1814 ipsum
2558 1742 2720 1798 etiam
2743 1741 2810 1799 ad
2841 1741 2947 1800 hoc
2968 1758 3105 1817 opus
3123 1745 3403 1804 exhortari
3440 1747 3560 1807 illos

281 1841 546 1916 gaudium
592 1840 858 1911 ipsorum.
916 1863 934 1886 ι
1004 1838 1274 1905 Quoniam
1312 1838 1635 1894 Macedones
1668 1836 1874 1894 devoto

280 1930 477 1986 animo
513 1932 872 1999 perceperunt
899 1926 1131 1982 verbum
1158 1925 1521 1993 lidei,idcirco
1544 1927 1623 1982 eis
1648 1925 1874 1997 gratiam

280 2018 467 2076 datam
499 2034 531 2073 a
559 2020 672 2074 Deo
696 2017 850 2084 dicit,
890 2021 951 2071 ut
970 2015 1028 2070 in
1061 2014 1419 2073 tribulatione
1445 2015 1601 2071 Pauli
1640 2023 1694 2070 et
1722 2016 1871 2083 Silae,

280 2115 446 2182 quam
478 2122 640 2179 supra
670 2112 808 2177 (cap.
831 2121 933 2173 vn,
962 2121 1096 2159 vers.
1124 2105 1178 2175 5)
1204 2102 1524 2171 memoravi,
1556 2104 1873 2160 scandalum

279 2213 391 2253 non
425 2202 777 2269 paterentur:
809 2193 905 2250 sed
930 2194 990 2249 in
1018 2194 1389 2250 exsultatione
1427 2193 1626 2248 mentis
1666 2193 1872 2263 accipe-

280 2296 403 2344 rent
450 2285 789 2344 confidentes
828 2283 895 2341 de
940 2301 1034 2357 spe
1080 2286 1363 2357 promissa,
1399 2291 1461 2339 ut
1498 2283 1755 2355 probatos
1781 2298 1875 2337 eos

281 2374 484 2431 horum
516 2375 861 2447 passionibus
881 2373 1344 2429 demonstrarent.
1382 2394 1401 2417 ε
1426 2373 1498 2426 Et
1513 2372 1658 2444 quod
1674 2371 1874 2444 profun

283 2464 349 2522 da
366 2472 662 2539 paupertas
686 2465 909 2521 illorum
925 2462 1227 2519 abundavit
1246 2463 1304 2517 in
1323 2460 1537 2517 divitiis
1557 2461 1873 2532 simplicita-

281 2555 353 2611 tis
379 2571 629 2613 eoruma
659 2554 866 2613 Votum
884 2568 1073 2610 eorum
1098 2551 1375 2624 praedicat,
1407 2550 1535 2624 quia
1563 2566 1686 2606 cum
1722 2548 1876 2604 tenui

284 2646 404 2717 (62)
431 2653 618 2701 essent
644 2644 950 2701 substantia
977 2644 1325 2711 facultatum,
1370 2640 1586 2697 animus
1626 2639 1873 2711 ipsorum

285 2734 441 2791 dives
472 2733 728 2790 inventus
776 2740 857 2791 est
894 2734 953 2789 in
999 2732 1310 2789 ministerio
1364 2738 1876 2798 sanctorum;pura

285 2823 430 2879 enim
468 2823 802 2880 conscientia
851 2821 1058 2894 operati
1087 2828 1238 2887 sunt,
1280 2835 1394 2875 non
1430 2828 1495 2875 ut
1532 2815 1874 2883 hominibus,

286 2913 378 2969 sed
410 2919 475 2969 ut
503 2914 616 2968 Deo
642 2913 938 2984 placerent.

356 3003 540 3073 (Vera.
574 3002 657 3070 3.)
701 3025 719 3047 ε
758 3000 900 3065 Quia
928 2995 1249 3053 testimonio
1276 2995 1392 3051 illis
1417 3011 1559 3063 sum,
1593 2991 1739 3068 quod
1779 3008 1878 3065 pro

297 3087 538 3155 viribus,
563 3096 618 3141 et
645 3101 809 3155 supra
846 3084 994 3139 vires
1021 3082 1323 3138 voluntarii
1350 3081 1595 3138 fuerunt.
1632 3105 1651 3130 ι
1694 3080 1873 3149 Quan-
1903 3118 1947 3180 ρ

288 3183 413 3232 tum
452 3174 682 3244 dignum
740 3172 869 3239 fuit,
909 3178 962 3225 et
1016 3172 1131 3226 Deo
1174 3171 1458 3242 placitum,
1499 3170 1592 3243 qui
1638 3171 1783 3225 vires
1810 3170 1873 3225 il-

288 3265 485 3319 lorum
515 3260 699 3325 scivit,
722 3259 779 3314 in
819 3258 1171 3315 facultatibus
1208 3259 1489 3327 dederant,
1531 3258 1599 3314 ad
1629 3259 1874 3316 ministe-

285 3350 461 3406 rium.
495 3348 567 3403 Et
605 3348 732 3421 quia
760 3364 828 3403 ex
868 3355 985 3404 toto
1014 3347 1174 3404 corde
1201 3347 1315 3403 Deo
1343 3362 1403 3403 se
1450 3346 1731 3415 dederant,
1765 3363 1875 3403 am-

283 3440 440 3511 plius
457 3436 715 3494 volebant
741 3436 956 3505 offerre,
985 3451 1148 3510 quam
1177 3450 1367 3493 eorum
1425 3434 1571 3492 vires
1622 3436 1873 3493 admitte-

283 3528 438 3585 bant.

354 3618 545 3692 (νοτε.
580 3617 665 3691 ὁ.)
710 3642 731 3668 ε
758 3619 895 3677 Cum
927 3617 1117 3675 multis
1151 3617 1407 3692 precibus
1428 3626 1643 3676 orantes
1665 3615 1873 3689 suscipi

284 3707 338 3763 in
370 3707 611 3779 gratiam
629 3714 684 3763 et
712 3710 1161 3764 communionem
1192 3708 1509 3777 ministerii,
1551 3706 1699 3781 quod
1726 3706 1789 3761 lit
1815 3705 1874 3762 in

284 3806 523 3853 sanctos.
558 3822 576 3845 ι
609 3797 739 3852 Tam
764 3797 1151 3868 simpliciteret
1168 3798 1368 3854 devoto
1388 3798 1573 3852 animo
1610 3794 1875 3851 obtulisse

287 3884 405 3940 illos
463 3883 853 3954 ministerium,
922 3886 1069 3957 quod
1128 3887 1274 3941 ultra
1326 3887 1470 3941 vires
1499 3902 1688 3941 eorum
1736 3890 1872 3951 erat,

288 3972 554 4044 praedicat
587 3991 599 4029 :
634 3982 697 4029 ut
724 3990 851 4029 cum
900 3974 1159 4046 iacrymis
1208 3973 1561 4045 deprecantes
1592 3973 1871 4032 oﬁ‘errent.

286 4067 350 4115 ut
372 4061 471 4117 vel
511 4062 590 4118 sic
629 4068 883 4133 cogerent
927 4062 1103 4132 accipi
1132 4077 1163 4116 a
1194 4077 1271 4129 se,
1305 4061 1450 4134 quod
1494 4059 1875 4133 accipiendum

287 4164 392 4204 non
446 4148 769 4205 videbatur:
824 4150 951 4224 quia
978 4156 1102 4222 plus
1145 4159 1277 4218 erat,
1319 4168 1480 4225 quam
1528 4159 1739 4224 poterat
1788 4165 1875 4205 eo-

286 4251 403 4293 rum
447 4240 790 4305 substantia;
855 4255 921 4293 ne
979 4239 1119 4294 forte
1172 4239 1250 4294 eis
1280 4247 1465 4311 postea
1494 4248 1696 4312 egestas
1742 4236 1875 4292 boni

287 4329 476 4400 operis
504 4330 881 4400 pmniteutiam
940 4328 1209 4384 suaderet.
1279 4329 1383 4383 Sed
1451 4331 1577 4401 quia
1633 4336 1767 4391 tales
1818 4350 1875 4391 se

287 4416 669 4487 ostenderunt,
696 4428 755 4474 ut
786 4434 921 4490 puro
953 4419 1138 4473 animo
1162 4416 1275 4489 jam
1323 4421 1606 4488 praesentia
1664 4431 1877 4494 postpo-

288 4502 509 4574 nerites,
554 4507 754 4563 futuris
782 4525 841 4563 se
868 4505 1326 4579 promissionibus
1364 4506 1697 4563 conﬁdentia
1748 4493 1878 4566 ﬁdei
1906 4493 1956 4551 D

289 4596 706 4665 conﬁrmarent,
732 4598 905 4667 accipi
932 4597 1001 4651 ab
1028 4598 1106 4653 eis
1134 4598 1312 4653 visum
1344 4603 1425 4653 est
1457 4614 1473 4665 ;
1506 4612 1575 4653 ne
1596 4596 1725 4653 boni
1764 4614 1878 4655 cor-

289 4682 370 4740 dis
396 4687 583 4759 gratia
616 4687 857 4741 fructum
887 4686 1145 4741 mitteret.

368 4780 560 4852 (Yers.
594 4777 681 4846 ὃ.)
729 4799 749 4822 ι
792 4775 861 4830 Et
906 4790 1016 4829 nor.
1066 4782 1126 4829 ut
1163 4774 1537 4846 speravimus;
1587 4778 1721 4851 quin
1765 4779 1880 4835 imo

294 4868 614 4941 semetipsos
653 4866 889 4939 primum
920 4865 1188 4921 dederunt
1217 4866 1551 4934 Deo,deinde
1590 4869 1748 4924 nobis
1785 4884 1881 4941 per

294 4958 639 5015 voluntatem
694 4956 811 5013 Dei.
856 4978 875 5001 ν
954 4955 1183 5023 idcirco,
1234 4955 1435 5027 inquit,
1489 4958 1669 5014 abhis
1702 4962 1879 5033 accipi

297 5049 491 5105 debuit
524 5067 540 5115 ;
570 5048 695 5121 quia
728 5045 879 5118 prius
902 5044 1253 5100 emendantes
1285 5046 1400 5116 (63)
1444 5063 1654 5103 errores
1678 5050 1877 5118 pristi-

300 5149 471 5194 noset
496 5137 624 5193 vitae
656 5135 794 5190 vitia
825 5151 886 5189 ac
917 5147 1074 5187 moru
1140 5174 1158 5204 ,
1182 5134 1326 5189 ultra
1355 5151 1512 5206 quam
1541 5138 1879 5209 sperabatur,

299 5225 411 5284 Deo
464 5243 525 5284 se
571 5226 932 5283 devoverant.
984 5220 1179 5279 Visum
1225 5231 1305 5277 est
1350 5225 1498 5280 enim
1555 5227 1883 5299 simpliciter

371 5405 487 5479 (62)
517 5406 645 5481 Mss.
678 5404 954 5481 nonnulli,
988 5403 1327 5459 detinuissent
1354 5404 1719 5466 substantiam.
1744 5409 1882 5481 Lege

304 5477 363 5532 de
382 5477 538 5534 ἰεήυὶ
565 5488 728 5534 essent
755 5479 1065 5532 substantm.
1089 5483 1173 5531 etc

313 5617 344 5672 ἆ
374 5550 439 5674 (6t
454 5554 490 5620 ι)
532 5549 717 5679 (ζῗέὺη
744 5552 809 5605 ab
831 5550 911 5602 his
929 5548 1129 5602 actibus
1157 5547 1222 5602 ab
1251 5548 1378 5619 fuit,
1410 5549 1503 5619 qui
1524 5552 1683 5622 prius
1700 5568 1884 5609 εῃιεη-

345 5635 412 5673 an
438 5638 518 5679 as.
550 5637 577 5678 e
640 5662 654 5677 .

502 5664 518 5691 ,
550 5662 654 5679 νυν.

1982 1828 2202 1886 facilius
2232 1846 2387 1902 posse
2415 1831 2710 1904 significat,
2743 1841 2806 1889 ut
2834 1834 3110 1908 quomodo
3139 1834 3194 1892 in
3233 1837 3444 1895 caeteris
3481 1854 3557 1897 re-

1981 1915 2085 1973 bus
2111 1917 2516 1976 exhortationis
2544 1938 2653 1977 suae
2674 1921 2869 1978 habuit
2886 1922 3123 1981 fructum
3150 1924 3207 1981 in
3232 1923 3560 1995 eis,haberet

1984 2005 2147 2061 etiam
2184 2006 2242 2061 in
2282 2005 2384 2063 hac
2422 2009 2611 2083 gratia,
2644 2017 2707 2066 ut
2749 2010 2817 2067 ad
2852 2011 3218 2073 ministerium
3244 2020 3558 2073 sanctorum

1983 2100 2266 2166 promptos
2312 2110 2402 2152 eos
2450 2097 2652 2154 faceret
2692 2117 2702 2153 :
2749 2104 2811 2153 ut
2848 2098 2976 2173 quia
3014 2098 3126 2172 jam
3151 2101 3287 2167 vitia
3309 2102 3558 2161 emenda-

1984 2180 2136 2250 bant,
2161 2182 2327 2254 hujus
2356 2186 2625 2259 largitatis
2653 2185 2894 2243 fructum
2945 2187 3225 2247 haberent.
3258 2190 3361 2258 Qui
3405 2191 3557 2248 enim

1982 2270 2049 2325 ad
2087 2270 2188 2325 hoc
2206 2270 2360 2342 dant,
2394 2289 2461 2331 ne
2498 2283 2816 2349 arguantur,
2847 2276 3064 2335 nullum
3112 2278 3356 2337 fructum
3395 2277 3560 2352 hujus

1981 2358 2060 2414 rei
2089 2357 2387 2420 habebunt.

2064 2460 2198 2519 191
2236 2463 2518 2536 (Vers.7.)
2561 2489 2580 2511 ι
2612 2460 2726 2523 Vos
2769 2472 2952 2524 autem
3004 2462 3468 2541 quemadmodum
3503 2464 3559 2526 in

1982 2555 2239 2613 omnibus
2282 2554 2574 2611 abundatis
2638 2550 2764 2623 ﬁde,
2819 2563 2875 2612 et
2914 2572 3187 2623 sermone,
3220 2565 3274 2613 et
3310 2557 3558 2626 scientia,

1983 2650 2039 2701 et
2070 2644 2219 2699 omni
2260 2641 2659 2705 sollicitudine,
2689 2649 2743 2696 et
2770 2641 2998 2715 insuper
3027 2642 3123 2698 illa
3150 2658 3274 2714 quae
3302 2659 3372 2700 ex
3403 2644 3563 2702 nobis

1985 2736 2039 2785 et
2057 2730 2214 2785 vobis
2242 2738 2324 2785 est
2351 2729 2466 2799 (6's)
2489 2728 2753 2784 charitate
2825 2729 2988 2785 facite
3013 2736 3075 2783 ut
3111 2729 3168 2784 in
3209 2728 3315 2787 hac
3350 2746 3564 2804 quoque

1988 2819 2160 2892 gratia
2179 2817 2469 2874 abundetis
2501 2810 2691 2889 magis.
2729 2841 2749 2865 ι
2800 2814 3141 2877 Exhortatur
3171 2817 3319 2888 illos,
3366 2827 3428 2876 ut
3455 2820 3564 2891 glo-

1986 2906 2199 2963 rientnr
2227 2905 2294 2963 de
2322 2905 2408 2962 his
2434 2905 2578 2980 apud
2600 2910 2825 2964 crateras
2842 2904 3133 2964 Ecclesias.
3160 2906 3286 2966 Haec
3311 2914 3393 2963 est
3416 2906 3560 2967 enim

1986 2992 2239 3070 probatio
2276 2992 2676 3052 emendationis
2717 3009 2933 3066 eorum,
2970 2994 3019 3053 si
3064 2993 3305 3071 prompti
3353 2994 3466 3059 sint
3494 2995 3564 3055 ad

1984 3086 2354 3144 ministerium
2382 3096 2718 3146 sanctorum.

2060 3176 2223 3249 (Vers
2253 3177 2335 3247 8.)
2390 3202 2409 3226 ι
2455 3177 2576 3235 Non
2618 3176 2919 3237 secundum
2958 3176 3251 3251 imperium
3295 3177 3443 3245 dico,
3467 3176 3562 3237 sed

1984 3274 2207 3335 propter
2236 3263 2473 3321 aliorum
2499 3264 2957 3336 sollicitudinem,
2986 3276 3041 3325 et
3065 3275 3259 3323 vestrm
3285 3266 3565 3325 charitatis

1983 3350 2188 3407 bonum
2220 3353 2470 3407 animum
2508 3353 2884 3424 comprobans.
2918 3378 2937 3401 ι
2976 3353 3322 3411 Manifestum
3341 3354 3566 3429 estquia

1985 3455 2096 3494 non
2112 3440 2465 3513 imperat,sed
2483 3440 2822 3508 exhortatur;
2847 3447 2907 3496 ut
2927 3439 3209 3515 penuriam
3234 3440 3564 3514 patientibus

1985 3530 2209 3585 mittant
2238 3539 2509 3602 sumptus,
2553 3537 2607 3586 et
2633 3531 2876 3587 relevent
2896 3528 3561 3586 soliicitudinemillorum

1986 3618 2193 3675 bonum
2221 3619 2467 3676 animum
2512 3635 2670 3675 suum
2704 3621 2816 3676 Deo
2838 3625 2891 3675 et
2924 3618 3246 3678 hominibus
3279 3618 3562 3689 ostenden-

1984 3712 2088 3777 tes,
2118 3724 2215 3780 pro
2245 3723 2410 3781 quare
2436 3708 2555 3763 sine
2582 3708 2751 3764 dubio
2775 3709 3080 3764 mercedem
3111 3708 3403 3782 accipient.

2058 3797 2299 3869 (Vers.9.
2324 3798 2344 3868 )
2391 3796 2594 3853 «Nostis
2614 3798 2760 3854 enim
2782 3798 3011 3871 gratiam
3032 3798 3256 3855 Domini
3284 3796 3461 3854 nostri
3480 3792 3561 3853 Ie-

1984 3903 2050 3943 su
2087 3886 2327 3953 Christi;
2385 3886 2516 3960 quia
2578 3894 2798 3961 propter
2830 3904 2929 3944 nos
2970 3904 3175 3961 pauper
3231 3886 3410 3943 factus
3457 3893 3559 3950 est,

1985 3988 2112 4030 cum
2142 3973 2297 4029 dives
2317 3981 2544 4043 esset,ut
2570 3974 2722 4033 illius
2742 3976 2929 4049 inopia
2956 3992 3055 4031 vos
3082 3974 3285 4031 divites
3315 3971 3549 4029 essetis.»

1986 4064 2284 4135 Pauperem
2317 4062 2595 4120 Christum
2620 4065 2756 4122 dicit
2782 4065 2987 4121 factum
3012 4080 3025 4128 ;
3055 4063 3184 4133 quia
3211 4061 3359 4115 Deus
3415 4057 3563 4113 nasci

1986 4152 2241 4224 dignatus
2271 4160 2352 4209 est
2380 4152 2568 4219 homo,
2608 4154 2872 4209 virtutem
2907 4149 3188 4222 potestatis
3215 4160 3325 4200 suae
3372 4144 3587 4205 humi-’

1986 4240 2146 4307 lians,
2168 4247 2231 4296 ut
2266 4241 2582 4297 hominibus
2612 4238 2924 4294 divinitatis
2961 4234 3188 4292 divitias
3220 4233 3557 4308 acquireret;

1985 4331 2210 4385 utsicut
2243 4330 2379 4387 dicit
2408 4330 2600 4384 Petrus
2632 4327 2911 4398 apostolus
2940 4326 3021 4399 (ΙΙ
3044 4324 3244 4395 Pelr.t,
3271 4323 3327 4397 4)
3352 4352 3369 4375 ι
3386 4325 3561 4397 ,άίνὶο

1985 4432 2071 4472 nae
2108 4426 2287 4474 essent
2340 4426 2620 4477 consortes
2676 4425 2902 4473 naturae.
2967 4415 3142 4472 Homo
3204 4430 3335 4488 ergo
3388 4414 3564 4474 factus

1988 4513 2090 4573 est,
2121 4514 2182 4560 ut
2206 4508 2485 4563 hominem
2519 4506 2577 4562 in
2602 4506 2775 4562 Deum
2797 4503 3265 4574 assumeret,sicut
3299 4503 3563 4579 scriptum

1989 4612 2099 4658 est:
2148 4627 2166 4650 ι
2196 4605 2339 4677 Ergo
2366 4607 2485 4663 dixi
2515 4625 2529 4665 :
2562 4606 2641 4662 dii
2671 4606 2803 4661 estis
2838 4607 3011 4676 (Psal.
3050 4621 3248 4669 LXXXI,
3274 4604 3354 4676 6).
3374 4630 3395 4653 ι
3453 4606 3565 4661 Hoc

1990 4691 2155 4748 modo
2174 4693 2518 4762 exhortatur,
2548 4702 2609 4750 ut
2645 4694 2926 4765 largiendo
2958 4693 3111 4767 quasi
3133 4708 3397 4765 pauperes
3412 4694 3565 4763 fiant,

1990 4782 2163 4854 prosit
2210 4789 2497 4856 paupertas
2547 4797 2759 4850 eorum,
2817 4782 2961 4839 sicut
3011 4780 3215 4840 Christi
3282 4791 3567 4858 paupertas

1990 4870 2198 4943 profuit
2241 4871 2434 4939 nobis;
2487 4879 2540 4927 et
2584 4869 2836 4927 Christus
2878 4869 3098 4944 quidem
3126 4872 3325 4940 nostri,
3354 4888 3461 4931 non
3480 4872 3565 4929 sui

1989 4977 2168 5030 causa,
2194 4977 2398 5036 pauper
2418 4960 2593 5018 factus
2647 4966 2858 5018 estnos
2888 4970 3099 5029 autem,
3124 4967 3189 5018 ut
3234 4959 3394 5019 nobis
3441 4978 3564 5037 pro-

1989 5049 2156 5107 ﬁciat.

2062 5140 2241 5211 (Vers.
2277 5139 2361 5207 10,
2396 5140 2480 5195 11.
2513 5140 2534 5211 )
2573 5164 2591 5187 ι
2617 5140 2689 5195 Et
2729 5139 3024 5197 consilium
3054 5139 3112 5195 in
3144 5137 3250 5196 hoc
3297 5139 3397 5207 do;
3463 5138 3568 5195 hoc

1989 5230 2137 5287 enim
2165 5230 2325 5287 vobis
2343 5230 2483 5286 utile
2511 5239 2615 5298 est,
2645 5230 2743 5304 qui
2768 5245 2885 5288 non
2931 5236 3151 5287 tantum
3181 5230 3379 5299 facere,
3403 5227 3499 5284 sed
3515 5235 3569 5283 et

2067 5406 2181 5482 (64)
2218 5410 2373 5467 Rom.
2406 5408 2562 5476 edit.,
2593 5414 2641 5465 et
2680 5408 2781 5464 illa
2816 5423 2957 5482 quia
2984 5423 3050 5463 ea:
3076 5404 3221 5482 valgis
3267 5403 3325 5482 ia
3349 5411 3566 5482 πιθα-εει.

1994 5474 2227 5606 algidam
2267 5497 2425 5552 mss,
2476 5474 2595 5551 quia
2644 5496 2710 5539 ea:
2754 5474 2910 5537 vobis
2935 5477 2996 5537 in
3043 5475 3218 5543 nobis,
3254 5478 3318 5531 ut
3352 5474 3411 5535 in
3451 5474 3572 5553 hac,
