4090 6182
509 296 612 358 327

1505 284 1602 340 AD
1640 282 1873 339 OPERA
1909 278 1963 335 S.
2005 276 2336 336 AMBROSII
2371 273 2748 332 APPENDIX.

3680 269 3790 327 328

509 420 651 477 velle
707 413 948 487 coepistis
994 411 1063 471 ab
1118 426 1264 469 anno
1311 408 1529 483 priore:
1579 423 1726 463 nunc
1769 420 1896 475 ergo
1925 403 2087 459 etiam
2122 405 2170 464 A
2200 408 2253 458 et
2303 402 2395 474 qui
2439 399 2738 465 modicum,
2790 410 2900 451 non
2948 392 3265 448 minoravit.
3298 414 3316 438 ι
3360 391 3479 447 Hoc
3507 391 3564 446 in
3595 393 3792 448 Exodo

514 508 691 566 facere
714 511 1087 561 consummate
1122 521 1136 570 ;
1170 510 1231 557 ut
1262 495 1718 573 quemadmodum
1748 502 1997 567 prompta
2020 500 2101 549 est

511 597 767 653 voluntas
810 592 867 647 in
928 590 1085 647 vobis
1116 585 1276 656 velle,
1315 588 1387 643 ita
1416 585 1487 642 sit
1515 593 1568 640 et
1594 582 1909 656 perficiendi
1939 599 2007 637 ex
2035 596 2099 637 eo

517 683 663 757 quod
707 678 938 736 habetis.
972 702 992 727 ι
1037 678 1151 734 Hoc
1179 674 1334 742 dicit,
1368 680 1429 728 ut
1470 672 1725 727 voluntas
1780 670 2003 725 illorum
2041 669 2099 724 in

514 786 677 843 opere
738 774 1012 841 appareat,
1056 766 1101 821 si
1155 779 1284 819 vera
1327 770 1428 830 est,
1479 759 1782 817 secundum
1829 760 2003 826 vires;
2040 766 2103 815 ut

514 867 731 916 tantum
785 857 897 924 det,
945 859 1209 926 quantum
1264 856 1444 923 potest
1496 857 1550 905 et
1593 848 1714 904 vult
1761 846 1998 911 animus,
2040 852 2104 902 ut

516 948 722 1005 munda
742 945 837 1000 fiat
861 938 1232 1000 conscientia:
1267 955 1380 995 non
1421 938 1478 993 in
1509 937 1882 1005 simulatione,
1922 945 1983 992 ut
2006 935 2102 991 ho-

514 1034 757 1091 minibus
784 1031 1013 1104 placeat,
1052 1036 1108 1086 et
1134 1027 1439 1087 mercedem
1470 1025 1615 1100 apud
1641 1029 1817 1084 Deum
1855 1041 1967 1081 non
1995 1023 2104 1081 ha-

513 1125 657 1181 beat.

589 1219 776 1292 (Vers.
833 1217 955 1290 12.)
1010 1241 1030 1265 ι
1055 1218 1111 1275 Si
1142 1217 1287 1273 enim
1318 1216 1574 1273 voluntas
1598 1222 1850 1288 prompta
1878 1221 1977 1281 est,
2008 1229 2104 1270 se—

516 1308 760 1367 cundum
795 1305 1108 1362 facultatem
1138 1305 1490 1376 acceptabilis
1529 1312 1632 1371 est,
1662 1320 1773 1358 non
1804 1303 2103 1359 secundum

518 1394 667 1469 quod
696 1409 806 1449 non
836 1394 1021 1449 habet.
1047 1417 1066 1441 ι
1114 1392 1385 1459 Quoniam
1431 1391 1706 1449 Corinthii
1737 1390 1805 1447 ad
1835 1390 1940 1446 hoc
1968 1406 2105 1462 opus

517 1482 813 1541 ministerii
862 1492 1250 1554 provocamur,
1294 1481 1399 1537 hoc
1446 1482 1525 1537 eis
1566 1480 1856 1545 indicitur,
1904 1487 1966 1534 ut
1994 1495 2104 1534 non

518 1576 642 1648 plus
687 1571 972 1640 tribuant,
1018 1588 1180 1645 quam
1224 1579 1486 1643 possunt;
1545 1586 1614 1625 ne
1642 1570 1766 1641 plus
1792 1569 1933 1624 forte
1962 1567 2106 1622 offe-

518 1668 700 1717 rentes
743 1660 938 1727 coacti,
989 1677 1101 1716 non
1158 1659 1482 1724 voluntarii,
1531 1658 1742 1729 gravati
1790 1656 2108 1712 viderentur

2212 492 2410 563 legitur
2438 491 2575 561 (cap.
2609 506 2687 557 v1,
2718 503 2852 542 vers.
2887 484 3001 555 18).
3040 482 3170 538 Plus
3207 479 3352 536 enim
3386 481 3561 536 sancti
3590 481 3796 539 habent

2209 582 2265 639 in
2296 601 2390 655 spe
2436 582 2606 639 futuri
2649 579 2835 636 saeculi
2921 587 2976 633 et
3003 576 3175 647 magis
3205 590 3363 647 quam
3405 574 3445 629 ii
3477 575 3568 646 qui
3603 575 3657 629 in
3689 575 3797 634 hoc

2209 682 2450 746 tempore
2491 671 2751 728 videntur
2796 669 3032 736 divites;
3086 675 3140 723 et
3192 676 3375 721 tamen
3432 666 3798 738 aequabantur

2212 762 2329 819 illic
2375 762 2614 833 utrique,
2646 768 2708 815 ut
2752 759 2894 815 sicut
2940 756 3207 813 beneﬁcio
3252 755 3452 811 borum
3480 764 3794 812 sanctorum

2213 848 2857 923 inopia’sustentaturﬁta
2886 855 2941 903 et
2959 845 3226 902 beneﬁcio
3254 853 3565 900 sanctorum
3594 845 3795 902 divites

2212 941 2346 997 ﬁant
2370 940 2428 996 hi
2452 939 2511 995 in
2540 939 2732 994 futuro
2757 937 2977 1003 saeculo,
3010 936 3068 990 in
3096 951 3205 1007 quo
3230 933 3490 990 videntur
3505 951 3790 1007 pauperes.

2210 1030 2331 1087 Non
2374 1029 2522 1085 enim
2560 1034 2704 1082 totos
2733 1042 2790 1082 se
2819 1024 3089 1080 dederunt
3116 1024 3249 1090 Deo,
3283 1027 3421 1085 192
3453 1030 3514 1077 ut
3544 1023 3637 1078 hic
3666 1039 3798 1094 pau-

2212 1143 2386 1201 peres,
2447 1125 2566 1181 illic
2619 1132 2797 1180 essent
2846 1121 3083 1188 divites;
3131 1120 3224 1176 sed
3263 1136 3331 1174 ex
3358 1118 3460 1174 hac
3488 1128 3635 1191 parte
3665 1120 3801 1191 quia

2213 1218 2303 1273 hic
2336 1216 2535 1272 divites
2564 1222 2692 1270 sunt
2720 1213 2837 1267 illic
2861 1225 3143 1283 pauperes,
3174 1217 3482 1285 sanctorum
3515 1208 3795 1279 suffragio,

2213 1307 2307 1379 qui
2347 1306 2440 1361 hic
2477 1304 2663 1376 positi,
2715 1302 2829 1374 jam
2891 1301 3006 1356 illic
3040 1309 3221 1355 mente
3268 1308 3417 1365 sunt,
3450 1297 3795 1354 ditabuntur.

2211 1396 2333 1452 Non
2371 1393 2515 1449 enim
2560 1391 2937 1463 qualecunque
2966 1386 3223 1443 meritum
3257 1394 3339 1442 est
3367 1387 3432 1442 de
3455 1385 3620 1457 justis
3650 1386 3797 1443 labo-

2214 1483 2367 1539 ribus
2396 1481 2705 1536 ministrare
2724 1478 2949 1535 sanctis.

2286 1572 2468 1644 (Vers.
2529 1570 2615 1637 16,
2660 1568 2772 1640 17.)
2839 1594 2856 1615 ι
2887 1567 3099 1625 Gratias
3127 1575 3308 1624 autem
3350 1568 3483 1634 Deo,
3524 1566 3618 1639 qui
3645 1565 3799 1622 dedit

2214 1661 2356 1717 hanc
2380 1661 2552 1731 ipsam
2585 1656 3019 1713 sollicitudinem
3060 1675 3158 1729 pro
3200 1655 3358 1712 vobis
3387 1656 3443 1710 in
3474 1655 3635 1711 corde
3663 1655 3795 1723 Titi,

518 1750 640 1807 sine
672 1748 921 1805 mercede
949 1748 1147 1816 futuri,
1175 1748 1304 1821 quia
1334 1748 1426 1819 qui
1468 1756 1687 1803 coactus
1715 1746 1924 1818 aliquid
1955 1744 2105 1809 facit,
2135 1756 2181 1815 Β
2211 1749 2469 1824 quoniam
2492 1747 2924 1804 consolationem
2964 1747 3185 1820 quidem
3216 1746 3423 1818 accepit
3452 1746 3614 1817 (67).»
3650 1747 3801 1801 Deus

519 1837 828 1894 mercedem
884 1853 995 1892 non
1035 1836 1217 1892 habet.
1273 1835 1532 1892 Ecclesiae
1580 1836 1726 1891 enim
1779 1833 2108 1890 Macedoniae

520 1927 669 1983 ultro
713 1926 1032 1981 obtulerunt
1080 1941 1205 1981 cum
1259 1924 1531 1996 precibus,
1583 1930 1644 1977 ut
1672 1922 1967 1993 probarent
1996 1928 2111 1976 tota

519 2029 577 2070 se
627 2013 911 2070 voluntate
952 2012 1059 2070 hoc
1116 2012 1314 2080 facere,
1362 2019 1424 2067 ut
1469 2011 1592 2083 plus
1635 2010 1915 2075 offerrent,
1947 2025 2108 2081 quam

521 2109 796 2175 poterant,
828 2100 1058 2174 ideoque
1087 2098 1418 2171 acceptabile
1439 2098 1566 2154 fuit.
1597 2097 1811 2163 Quanto
1831 2097 1977 2150 enim
1999 2112 2109 2150 am-

520 2189 667 2262 plius
697 2188 1037 2256 obtulerunt,
1076 2195 1230 2243 tanto
1262 2188 1386 2260 plus
1417 2185 1690 2257 accepturi
1722 2191 1869 2239 sunt.
1900 2184 2032 2239 Nam
2063 2182 2109 2239 si

519 2285 737 2334 tantum
793 2276 917 2350 quis
972 2276 1084 2346 det,
1133 2283 1398 2349 quantum
1429 2275 1570 2341 vult,
1612 2283 1708 2330 aut
1736 2281 1936 2345 potest,
1963 2288 2109 2329 acce-

520 2375 676 2440 ptum
706 2374 821 2434 est;
860 2364 1073 2438 judicio
1101 2365 1249 2421 enim
1277 2363 1495 2419 videtur
1524 2362 1628 2418 hoc
1670 2362 1844 2418 facere
1869 2380 1880 2416 :
1926 2378 1989 2417 ac
2015 2376 2112 2432 per

522 2455 629 2512 hoc
660 2464 872 2512 tantum
903 2454 1016 2519 det,
1047 2460 1311 2525 quantum
1342 2458 1518 2523 potest
1541 2459 1597 2506 et
1633 2450 1754 2505 vult
1782 2449 2019 2515 animus,
2048 2455 2111 2503 ut

517 2543 600 2599 rei
628 2541 795 2614 hujus
815 2541 986 2614 possit
1014 2539 1211 2595 habere
1242 2539 1545 2595 mercedem
1566 2538 1705 2610 (65).

594 2631 775 2703 (Vers.
827 2631 918 2695 13,
970 2628 1083 2699 14.)
1138 2652 1157 2676 ι
1185 2628 1305 2685 Non
1335 2627 1481 2684 enim
1520 2634 1584 2683 ut
1612 2625 1736 2682 aliis
1765 2624 2107 2697 refrigerium

520 2721 594 2777 sit
626 2720 771 2792 (66),
804 2717 963 2774 vobis
990 2725 1170 2773 autem
1212 2716 1481 2788 angustia.
1513 2739 1533 2764 ι
1597 2715 1802 2773 Verum
1852 2722 1952 2782 est,
1984 2714 2113 2786 quia

531 2807 611 2863 sic
632 2806 873 2862 dandum
905 2813 1007 2874 est,
1031 2815 1094 2862 ut
1123 2821 1233 2864 non
1267 2812 1557 2877 egestatem
1588 2810 1807 2876 praestet
1830 2801 2108 2858 dantibus.

542 2919 563 2944 ι
591 2895 697 2951 Sed
748 2911 818 2950 ex
855 2895 1162 2966 aequalitate
1210 2894 1269 2948 in
1314 2894 1421 2950 hoc
1450 2902 1711 2964 tempore.
1745 2915 1765 2939 ι
1809 2892 1958 2947 Dicit
1985 2890 2108 2959 hoc,

528 2989 592 3038 ut
622 2989 885 3054 quantum
921 2980 1108 3047 habet,
1148 2978 1216 3034 ad
1245 2986 1462 3051 tempus
1490 2979 1703 3035 dividat
1730 2996 1855 3035 cum
1887 2979 2110 3046 sanctis,

2218 1838 2313 1911 qui
2338 1837 2520 1908 justus
2547 1843 2646 1903 est,
2676 1836 2856 1891 sciens
2874 1835 3187 1892 Corinthios
3218 1836 3359 1890 velle
3385 1833 3660 1905 prolicere,
3682 1831 3801 1887 Titi

2218 1925 2473 1982 affectum
2504 1924 2749 1980 incendit
2786 1924 2930 1980 circa
2961 1941 3069 1991 eos,
3097 1931 3157 1979 ut
3186 1923 3506 1994 adimpleret
3544 1920 3799 1976 exhorta-

2218 2015 2367 2070 tione
2405 2031 2502 2069 sua
2526 2014 2867 2068 voluntatem
2909 2013 3131 2067 illorum
3162 2012 3219 2066 in
3252 2026 3412 2082 opere
3458 2009 3603 2065 bono
3636 2025 3648 2063 :
3702 2009 3799 2080 qui

2219 2103 2413 2160 videns
2433 2103 2737 2174 profectum
2786 2101 3005 2156 illorum
3030 2101 3341 2155 consolatus
3359 2107 3460 2165 est,
3482 2099 3803 2169 lretatusque

2220 2192 2277 2247 in
2306 2191 2402 2247 eis.
2450 2216 2467 2238 σ
2498 2191 2634 2247 Cum
2668 2191 2739 2244 sit
2766 2196 2948 2244 autem
2979 2188 3287 2254 sollicitior,
3316 2187 3658 2241 voluntarius
3675 2200 3801 2257 pro.

2220 2280 2393 2336 fectus
2432 2289 2513 2336 est
2556 2278 2623 2334 ad
2664 2296 2782 2335 vos.
2824 2303 2843 2327 ι
2886 2279 3001 2333 Hoc
3029 2285 3131 2343 est,
3158 2276 3350 2332 videns
3387 2276 3644 2348 prolicere
3672 2276 3804 2330 illos

2219 2374 2363 2431 circa
2386 2372 2561 2428 bonos
2587 2377 2758 2438 actus,
2783 2370 3074 2426 sollicitior
3102 2369 3277 2424 factus
3291 2375 3371 2423 est
3385 2367 3529 2424 circa
3547 2368 3803 2423 affectum

2221 2464 2479 2529 illorum;
2533 2461 2609 2515 ita
2661 2467 2721 2515 ut
2763 2459 3110 2515 voluntarius
3138 2458 3569 2531 proficisceretur
3596 2456 3663 2511 ad
3686 2472 3802 2523 eos,

2222 2553 2314 2627 qui
2346 2551 2499 2623 prius
2526 2550 2689 2604 etiam
2720 2556 2940 2621 rogatus
2972 2564 3030 2605 se
3055 2555 3340 2605 excusarat
3383 2547 3452 2603 ab
3480 2545 3559 2602 eis
3585 2551 3810 2618 propter

2221 2640 2358 2695 vitia
2385 2640 2629 2694 illorum.

2295 2729 2475 2799 (Vers.
2534 2727 2618 2794 18,
2681 2727 2795 2799 19.)
2868 2751 2887 2775 ι
2931 2725 3182 2782 Misimus
3207 2735 3389 2783 autem
3419 2744 3547 2784 cum
3576 2728 3674 2783 illo
3697 2726 3814 2782 fra-

2222 2827 2357 2874 trem
2401 2824 2672 2883 nostrum,
2708 2815 2864 2886 cujus
2892 2816 3008 2870 laus
3033 2822 3115 2869 est
3143 2814 3201 2868 in
3228 2816 3531 2887 Evangelia
3565 2832 3662 2887 per
3689 2830 3818 2871 om-

2222 2923 2318 2963 nes
2362 2906 2636 2962 Ecclesias
2669 2923 2680 2959 :
2738 2920 2849 2959 non
2895 2904 3073 2958 solum
3102 2911 3303 2969 autem,
3335 2903 3429 2958 sed
3457 2905 3623 2959 etiam
3656 2902 3817 2958 ordi-

2221 3005 2383 3053 natus
2410 3004 2491 3051 est
2527 2994 2595 3049 ab
2625 2992 2885 3049 Ecclesiis
2913 3008 3093 3048 comes
3117 2990 3571 3063 peregrinationis
3598 3001 3820 3047 nostrae

527 3085 641 3162 [101}
693 3068 1013 3162 θηίηζξηυε
1040 3066 1305 3162 exigit?»
1335 3067 1632 3162 quam_5ibi
1663 3066 1823 3121 debe‘
1851 3068 2103 3162 Γθξίηθῖθ·
2144 3103 2187 3162 C
2221 3085 2279 3141 in
2336 3084 2479 3140 hanc
2527 3081 2752 3154 gratiam
2790 3122 2804 3149 ,
2865 3095 2983 3151 quae
3040 3078 3383 3133 ministratur
3422 3095 3452 3133 a
3503 3078 3665 3134 nobis
3712 3096 3823 3150 per

524 3157 686 3226 Quia,
757 3180 777 3205 ι
828 3155 1053 3228 Diliges,
1098 3154 1302 3226 inquit,
1354 3154 1668 3226 proximum
1701 3163 1857 3211 tuum
1887 3155 2029 3210 sicut
2056 3161 2109 3211 te

523 3246 706 3319 ipsum
751 3244 940 3318 (Leuit.
985 3259 1107 3313 XIX,
1152 3243 1266 3315 18).
1295 3266 1316 3290 ι
1361 3242 1516 3300 Unde
1543 3243 1869 3301 Zacchaeus:
1918 3268 1935 3291 ι
1972 3245 2112 3300 Ecce

523 3332 842 3404 dimidium,
871 3333 1075 3407 inquit,
1103 3331 1373 3389 bonorum
1402 3348 1649 3391 meorum
1684 3332 1756 3389 do
1783 3331 2112 3406 pauperibus

551 3423 706 3496 (Luc.
740 3440 865 3491 xxx,
895 3422 976 3496 8).
1005 3448 1026 3473 ι

607 3542 629 3568 ι
678 3520 751 3577 Ut
793 3528 975 3577 vestra
1023 3519 1362 3578 abundantia
1402 3519 1470 3577 ad
1511 3521 1734 3577 illorum
1767 3518 2029 3591 inopiam,
2060 3525 2114 3574 et

519 3607 747 3665 illorum
775 3607 1116 3664 abundantia
1144 3611 1238 3665 ﬁat
1269 3608 1337 3664 ad
1370 3615 1609 3664 vestram
1643 3607 1905 3679 inopiam.
1937 3633 1955 3656 ›
1999 3607 2114 3662 Hoc

523 3702 605 3755 est
633 3694 779 3768 quod
795 3694 955 3763 dicit,
990 3704 1053 3751 ut
1080 3698 1207 3769 quia
1230 3697 1391 3769 juxta
1419 3705 1636 3769 tempus
1665 3696 1839 3753 sancti
1872 3695 2113 3768 inopiam

526 3783 830 3858 patiuntur,
859 3783 1169 3840 deserentes
1199 3786 1385 3841 omnia
1412 3785 1628 3854 mundi,
1657 3794 1711 3841 et
1732 3802 1788 3842 se
1815 3784 1874 3840 in
1908 3784 2114 3841 divinis

528 3874 661 3931 solis
681 3871 938 3946 operibus
963 3874 1377 3944 constituentes,
1410 3882 1472 3930 ut
1494 3874 1756 3931 doctrinae
1793 3882 1954 3946 atque
1981 3891 2114 3931 ora-

527 3963 669 4021 tioni
699 3963 1018 4020 insisterent
1040 3965 1106 4020 ad
1136 3966 1439 4038 profectum
1467 3967 1789 4034 multorum,
1820 3966 1858 4021 ii
1880 3967 1974 4038 qui
2003 3984 2115 4023 cre-

525 4051 791 4122 diderint,
823 4052 1025 4126 quique
1054 4052 1265 4110 artibus
1316 4059 1411 4109 aut
1439 4054 1672 4125 negotiis
1711 4054 1992 4121 insistunt,
2022 4060 2117 4109 aut

529 4148 675 4199 certe
704 4141 991 4199 facultates
1017 4151 1267 4215 paternas
1293 4141 1515 4209 habent,
1563 4140 1877 4195 ministrent
1906 4147 2113 4196 sancto-

524 4246 648 4288 rum
680 4231 919 4305 in0piis:
955 4238 1009 4287 et
1036 4232 1237 4287 iterum
1266 4230 1439 4287 sancti
1470 4229 1590 4286 illic
1613 4228 1708 4284 ubi
1737 4228 1937 4284 divites
1965 4236 2113 4297 sunt,

525 4323 581 4375 et
610 4318 702 4373 isti
731 4319 941 4390 inopes,
973 4319 1382 4376 communicent
1413 4318 1510 4387 eis,
1542 4316 1695 4390 quasi
1722 4318 1896 4374 vicem
1931 4332 2114 4388 repen-

525 4404 718 4463 dentes
773 4406 1083 4461 ministerio
1140 4408 1386 4476 illorum,
1439 4407 1583 4462 sicut
1629 4405 1765 4462 dicit
1806 4404 2112 4461 Dominus:

537 4518 558 4543 ι
585 4492 842 4560 Quandiu
894 4493 1105 4549 fecistis
1135 4496 1232 4549 uni
1262 4511 1332 4551 ex
1373 4496 1624 4552 minimis
1672 4493 1811 4562 istis,
1870 4494 2012 4550 mihi
2041 4493 2114 4549 fe-

523 4581 678 4640 cistis
710 4581 923 4654 (Matth.
953 4598 1092 4651 xxv,
1121 4581 1236 4653 40).
1268 4607 1287 4630 ι

610 4705 631 4729 ‹
659 4681 731 4737 Ut
770 4680 865 4738 ﬁat
892 4680 1194 4754 aequalitas,
1227 4679 1369 4736 sicut
1405 4679 1671 4754 scriptum
1700 4687 1802 4739 est.
1832 4705 1853 4731 ι
1892 4681 2019 4739 Haec
2038 4690 2120 4739 est

525 4770 831 4842 aequalitas,
869 4777 933 4826 ut
985 4770 1115 4842 quia
1156 4769 1247 4826 isti
1298 4769 1355 4824 in
1393 4768 1500 4827 hoc
1525 4777 1771 4844 tempore
1800 4772 2119 4829 ministrant

527 4858 750 4927 sanctis,
814 4857 1111 4914 reddantur
1154 4859 1266 4915 illis
1316 4858 1462 4916 vices
1493 4860 1552 4915 in
1582 4861 1811 4928 futuro;
1847 4862 2120 4919 debitores

524 4947 673 5003 enim
695 4945 801 5003 sibi
822 4946 1033 5003 faciunt
1058 4955 1295 5003 sanctos.

597 5042 778 5116 (Vere.
814 5041 1093 5115 15.):Qui
1122 5045 1358 5100 multum
1390 5042 1610 5115 habuit,
1643 5062 1755 5101 non
1786 5046 2113 5116 abundavit;

597 5257 714 5329 (65)
742 5256 878 5315 Cod.
937 5256 1124 5325 Corb.,
1156 5259 1419 5329 accepturi
1450 5267 1588 5314 sunt.
1618 5260 1676 5315 Si
1707 5259 1844 5313 enim
1874 5260 2118 5315 voluntas

519 5335 772 5402 prompta
825 5335 917 5402 est,
978 5329 1257 5402 secundum
1301 5330 1358 5384 id
1406 5332 1547 5399 quod
1589 5331 1756 5396 habet,
1789 5337 1993 5399 accepta
2024 5339 2116 5397 est,

522 5400 633 5455 hon
661 5400 939 5455 Secundum
979 5400 1116 5469 quod
1146 5417 1247 5453 non
1283 5402 1447 5456 habet.
1502 5404 1618 5472 Ipse
1646 5418 1824 5455 sensus
1854 5409 1946 5468 est,
1986 5403 2112 5470 quia

525 5472 573 5543 si
630 5478 832 5527 tantum
881 5471 965 5526 det
1002 5476 1253 5543 quantum
1284 5473 1396 5543 υηιι
1430 5479 1476 5527 et
1499 5471 1681 5543 potest,
1729 5479 1991 5543 acceptum
2026 5480 2115 5528 est.

526 5541 735 5617 [adicio
764 5543 901 5599 enim
928 5543 1139 5617 pidetur
1154 5542 1248 5600 hoc
1275 5541 1449 5616 facere
1469 5541 1576 5614 {ac
1601 5561 1703 5617 per
1737 5541 1937 5600 hoc—rei
1962 5543 2120 5615 hujus

529 5609 715 5668 habere
741 5614 1040 5673 mercedem.

2222 3174 2443 3232 Domini
2493 3172 2720 3243 gloriam
2763 3169 2902 3241 (68),
2937 3175 2989 3225 et
3019 3167 3449 3224 sollicitudinem
3477 3176 3738 3224 nostram.
3774 3193 3800 3218 ι

2222 3266 2391 3321 Istum
2440 3259 2850 3327 commendant,
2891 3257 3020 3330 quia
3065 3257 3418 3329 ignorabatur
3474 3257 3540 3313 ab
3596 3257 3701 3326 his,
3741 3267 3815 3315 ut

2223 3355 2425 3412 scirent
2482 3352 2539 3405 in
2594 3356 2799 3420 quanta
2844 3347 2959 3419 jam
2999 3354 3177 3403 essent
3221 3346 3353 3402 boni
3401 3347 3675 3419 opinione,
3734 3348 3815 3404 ad

2232 3459 2369 3515 quos
2413 3440 2549 3496 tales
2579 3438 2688 3492 viri
2741 3437 3128 3493 mittebantur:
3161 3443 3223 3491 ut
3250 3436 3652 3509 congauderent
3676 3453 3811 3493 cum

2226 3532 2326 3598 eis,
2358 3535 2615 3600 augentes
2663 3542 2755 3581 eos
2803 3524 2861 3580 in
2890 3524 2997 3580 ﬁde
3027 3524 3358 3597 operationis
3404 3524 3525 3592 Dei,
3554 3523 3624 3579 ad
3649 3523 3815 3595 cujus

2225 3618 2452 3692 gloriam
2517 3615 2754 3672 sollicite
2822 3613 2929 3670 hoc
2997 3614 3226 3685 agebant
3299 3612 3493 3668 vicarii
3565 3611 3814 3681 Christi,

2224 3717 2287 3766 ut
2331 3707 2584 3765 conditor
2636 3707 2783 3762 Deus
2839 3702 2964 3761 coeli
3020 3712 3075 3759 et
3120 3712 3276 3760 terrae
3323 3707 3704 3774 agnosceretur
3746 3701 3814 3758 in

2224 3798 2331 3855 his.

2298 3887 2477 3959 (Vers.
2524 3884 2641 3955 20.)
2704 3907 2723 3931 ι
2761 3881 3079 3939 Devitantes
3120 3880 3248 3950 hoc,
3294 3896 3364 3936 ne
3393 3880 3514 3953 quis
3535 3896 3633 3935 nos
3662 3880 3814 3936 vitu-

2225 3985 2378 4049 peret
2408 3977 2463 4031 in
2488 3975 2591 4031 hac
2621 3971 2983 4046 plenitudine,
3015 3987 3134 4043 quae
3166 3970 3505 4026 ministratur
3528 3985 3558 4023 a
3586 3967 3801 4023 nobis.

2225 4064 2495 4133 Quoniam
2524 4062 2591 4118 de
2621 4059 2929 4116 ministerio
2967 4058 3246 4129 agebatur,
3269 4057 3392 4112 ideo
3422 4056 3521 4111 hoc
3547 4053 3810 4125 subjecit;

2224 4170 2293 4209 ne
2321 4152 2599 4221 negligens
2646 4149 2791 4205 circa
2832 4163 3019 4202 curam
3050 4160 3346 4218 pauperum
3377 4145 3463 4200 vel
3492 4151 3809 4198 sanctorum

2220 4240 2585 4312 judicaretur,
2634 4237 2679 4294 si
2726 4236 2833 4293 hoc
2861 4234 3080 4307 segnius
3105 4240 3305 4305 ageret.
3338 4235 3415 4289 De
3444 4232 3546 4288 hac
3573 4231 3720 4286 enim
3752 4247 3814 4287 re

2224 4327 2620 4385 constituerant
2667 4325 2811 4381 inter
2847 4340 2903 4379 se
2946 4323 3198 4395 apostoli,
3242 4330 3302 4376 ut
3331 4336 3598 4376 memores
3629 4326 3814 4375 essent

2226 4412 2704 4488 pauperum,quod
2729 4411 2797 4467 ad
2815 4412 3032 4467 Galatas
3060 4408 3557 4481 signiﬁcat(Gatat.
3593 4424 3654 4475 ιι,
3695 4405 3812 4477 10).

2227 4505 2363 4562 Cum
2394 4520 2521 4576 ergo
2552 4500 2994 4573 invituperabilis
3022 4507 3161 4555 esset
3200 4499 3259 4554 in
3298 4499 3555 4554 omnibus
3582 4500 3816 4569 Aposto-

2224 4596 2346 4664 lus;
2377 4611 2448 4651 ne
2480 4595 2538 4649 in
2570 4594 2672 4650 hac
2698 4610 2859 4650 causa
2887 4591 3185 4662 indiligens
3214 4589 3572 4661 judicaretur;
3606 4585 3817 4643 idcirco

2224 4684 2330 4741 hoc
2356 4700 2412 4739 se
2434 4699 2775 4755 praemonere
2803 4679 3098 4752 signiﬁcat,
3130 4686 3195 4734 ut
3222 4678 3328 4734 hoc
3359 4692 3520 4750 opere
3560 4674 3813 4746 impleto,

2224 4772 2282 4827 in
2331 4772 2588 4827 omnibus
2635 4769 2951 4827 sollicitudo
2993 4768 3109 4841 ejus
3155 4776 3211 4824 et
3263 4765 3610 4840 providentia
3653 4779 3817 4836 appa-

2226 4868 2387 4916 reret.

2299 4952 2479 5022 (Vers.
2529 4950 2645 5022 21.)
2707 4976 2724 4998 ι
2752 4949 3116 5006 Providemus
3143 4948 3290 5005 enim
3319 4948 3465 5004 bona
3493 4961 3606 5002 non
3632 4944 3816 5000 solum

2225 5056 2405 5096 coram
2463 5042 2575 5096 Deo
2607 5082 2623 5108 ,
2682 5054 2873 5095 verum
2929 5039 3095 5094 etiam
3144 5054 3325 5095 coram
3381 5034 3722 5092 hominibus.
3784 5057 3808 5083 ι

2299 5260 2603 5333 (66)Βοη].
2638 5259 2792 5328 edit.,
2825 5256 3410 5333 relaxatio_sit._Tertio
3438 5261 3621 5333 autem
3644 5267 3817 5309 versu

2225 5329 2334 5386 \et.
2370 5332 2503 5386 edit.
2536 5348 2658 5387 cum
2693 5348 2823 5388 mss.
2858 5330 3160 5397 nonnullis,
3188 5330 3289 5385 Sed
3311 5347 3375 5384 ea:
3402 5329 3665 5398 (equitate.

2299 5404 2409 5471 (67)
2437 5406 2590 5457 ltom.
2624 5403 2782 5472 edit.,
2813 5403 3226 5458 exhortationem
3255 5401 3463 5471 quidem
3490 5398 3705 5468 accepit.

2300 5468 2413 5544 (68)
2448 5474 2649 5530 Eadem
2675 5468 2835 5544 edit.,
2864 5473 3083 5531 Domini
3119 5468 3368 5544 gloriam,
3399 5477 3447 5527 et
3478 5468 3820 5542 promptua-

2223 5544 2396 5602 dinem
2415 5552 2660 5602 vestram.
