4112 6178
268 330 368 396 329

263 544 404 601 circa
452 543 825 600 ministerium
871 551 1179 600 sanctorum
1240 545 1329 599 vel
1371 560 1696 616 pauperum,
1727 541 1847 597 ﬁeri

261 631 412 688 docet
443 650 455 688 :
488 649 673 689 coram
705 632 1019 688 hominibus
1067 648 1198 688 vero
1228 632 1486 704 providet
1513 632 1685 698 bona;
1720 630 1851 703 quia

259 721 389 776 tales
421 722 596 777 mittit
624 721 691 776 ad
734 720 837 777 hoc
865 738 1000 792 opus
1030 720 1461 789 exhortandum,
1510 720 1606 792 qui
1654 718 1852 790 probi-

256 813 364 863 tate
394 825 494 864 sua
522 824 633 863 non
662 808 864 864 faciant
892 809 972 864 eis
1001 807 1324 865 scandalum
1360 825 1372 863 :
1418 807 1513 863 sed
1547 813 1852 878 provocent

256 913 368 965 eos,
400 914 470 953 ne
498 898 640 956 bona
666 898 913 955 doct.ina
942 898 1194 969 Apostoli
1226 914 1322 969 per
1366 897 1706 971 improvidos
1735 896 1851 952 mi-

253 984 460 1041 nistros
487 985 603 1057 ejus
632 987 690 1042 in
721 986 1186 1056 vituperationem
1219 985 1455 1041 caderet.

330 1075 507 1143 (Vers.
541 1075 634 1143 22,
666 1075 784 1145 23.)
845 1098 864 1122 ι
909 1074 1158 1130 Misimus
1215 1081 1394 1129 autem
1445 1091 1569 1131 cum
1628 1076 1739 1131 illis
1797 1084 1851 1131 et

252 1164 483 1219 fratrem
518 1171 791 1230 nostrum,
826 1178 986 1233 quem
1020 1162 1368 1234 probavimus
1400 1162 1456 1217 in
1490 1164 1683 1218 multis
1712 1179 1854 1235 sape

249 1252 558 1307 sollicitum
618 1268 749 1318 esse,
816 1267 962 1307 nunc
1016 1267 1145 1306 vero
1201 1252 1379 1305 multo
1443 1251 1845 1321 sollicitiorem,

251 1341 434 1394 multa
480 1338 679 1394 ﬁducia
708 1339 897 1406 vestri,
928 1338 1041 1394 sive
1076 1355 1170 1410 per
1210 1338 1396 1393 Titum
1428 1338 1521 1409 qui
1555 1347 1638 1394 est
1669 1337 1850 1393 socius

253 1443 432 1494 meus,
466 1436 518 1482 et
564 1427 783 1498 adjutor
814 1428 871 1483 in
907 1427 1084 1494 vobis,
1116 1427 1233 1482 sive
1264 1443 1361 1498 per
1408 1427 1605 1482 fratres
1634 1434 1851 1482 nostros

250 1516 527 1585 apostolos
556 1515 924 1571 Ecclesiarum
955 1514 1139 1588 gloria
1169 1514 1400 1572 Christi.
1435 1540 1454 1562 ι
1510 1515 1695 1570 Titum
1727 1514 1851 1570 ideo

250 1605 460 1661 socium
490 1622 651 1662 suum
691 1614 876 1673 vocat,
936 1606 1066 1678 quia
1120 1612 1174 1660 et
1222 1604 1337 1676 ipse
1396 1604 1684 1676 episcopus
1712 1611 1848 1670 erat,

250 1694 343 1751 cui
376 1695 691 1752 ministrum
749 1695 903 1752 dedit
957 1702 1149 1750 notum
1192 1694 1251 1749 in
1283 1692 1542 1750 omnibus
1589 1692 1852 1748 Ecclesiis

1310 320 1672 390 COMMENT.
1717 330 1787 386 IN
1825 324 2041 383 EPIST.
2088 327 2135 383 II
2173 329 2267 382 AD
2306 328 2460 386 COR.

330 453 583 511 Providet
608 453 753 510 bona
780 469 965 511 coram
993 455 1124 518 Deo,
1156 452 1288 510 dum
1338 456 1484 527 quod
1511 453 1670 525 jubet
1700 455 1844 509 Deus
1870 453 1922 511 A
1952 468 2097 506 anno
2145 450 2347 522 priore.
2400 477 2418 499 ι

3434 332 3537 387 330

2486 453 2614 506 Post
2667 453 2984 509 Macedones
3043 456 3265 524 Achaia,
3324 457 3377 513 id
3434 464 3532 524 est,

1960 546 2219 601 Ecclesia
2268 544 2567 617 provincia
2614 547 2830 603 Achaia
2881 551 3015 619 (non
3061 568 3268 619 omnes,
3314 553 3442 623 quia
3482 557 3538 607 et

1964 634 2236 691 Corinthii
2281 633 2511 690 Achaici
2543 636 2694 705 sunt)
2740 649 3171 709 praeparaverant
3216 657 3272 695 se
3307 641 3540 695 amula-

1965 722 2115 779 tione
2162 722 2314 779 ducti
2360 723 2742 791 Macedonum,
2794 733 2854 779 ut
2896 729 3269 785 ministrarent
3316 728 3535 784 sanctis.

1965 810 2086 878 Quo
2122 810 2271 866 dicto
2325 812 2449 883 plus
2496 811 2818 867 exhortatur
2864 813 3195 884 Corinthios,
3245 835 3367 873 cum
3404 816 3541 873 dicit

1964 898 2091 955 illos
2131 907 2345 971 paratos
2392 900 2459 956 ab
2508 917 2654 955 anno
2693 900 2894 971 priore,
2944 903 3037 956 sed
3082 914 3387 973 exspectare
3426 904 3542 976 jam

1965 986 2090 1053 hoc,
2115 996 2175 1043 ut
2206 986 2549 1042 divideretur
2580 986 2950 1040 ministerium
2984 986 3202 1041 illorum
3236 1005 3331 1058 pro
3358 990 3543 1044 unius-

1963 1074 2231 1147 cujusque
2277 1076 2619 1131 necessitate.
2685 1098 2703 1122 ‹
2743 1077 2814 1129 Et
2855 1083 3037 1129 vestra
3083 1076 3364 1131 amulatio
3414 1092 3547 1146 pro-

1966 1164 2182 1219 vocavit
2208 1164 2408 1234 plures.
2443 1188 2463 1211 ι
2506 1164 2635 1219 Post
2663 1164 2984 1218 Macedones
3014 1164 3277 1217 Achaiam
3307 1172 3547 1234 paratam

1964 1252 2119 1318 dicit,
2159 1252 2359 1307 deinde
2384 1260 2445 1307 ut
2475 1262 2527 1307 ct
2558 1252 2834 1308 Corinthii
2872 1251 3006 1306 ﬁant
3039 1252 3209 1323 parati
3245 1253 3545 1306 secundum

1965 1340 2292 1412 promissum
2316 1358 2497 1408 suum,
2529 1350 2733 1397 catera
2754 1358 2885 1395 vero
2912 1342 3168 1395 Ecclesia
3198 1341 3546 1395 amulatione

1966 1429 2401 1497 Corinthiorum,
2464 1430 2594 1484 dum
2652 1430 2944 1484 audierunt
2994 1429 3116 1483 illos
3163 1430 3312 1500 prius
3360 1428 3546 1483 multis

1964 1518 2240 1573 erroribus
2276 1518 2443 1573 fuisse
2474 1518 2807 1589 implicatos,
2848 1525 2970 1588 post
2997 1524 3178 1572 autem
3220 1517 3547 1586 corrigentes

1964 1622 2040 1673 se,
2080 1605 2237 1662 bona
2286 1606 2592 1661 voluntatis
2624 1607 2845 1661 effectos
2877 1607 3018 1675 (71),
3068 1604 3279 1658 incitati
3328 1612 3455 1659 sunt
3480 1603 3550 1657 ad

1964 1694 2168 1751 bonum
2209 1712 2383 1767 opus;
2436 1695 2564 1767 quia
2594 1695 2638 1749 si
2673 1695 2710 1749 ii
2764 1694 2857 1765 qui
2901 1700 3022 1763 post
3066 1701 3339 1762 acceptam
3385 1692 3549 1746 fidem

250 1782 424 1855 ipsius
455 1785 758 1856 provincia
791 1802 803 1839 :
840 1783 1042 1857 quibus
1071 1782 1223 1838 addit
1251 1792 1306 1839 et
1333 1782 1580 1837 Tertium
1605 1781 1852 1850 fratrem,
1883 1792 1931 1853 Β
1966 1784 2105 1838 male
2134 1783 2333 1837 versati
2366 1790 2513 1849 sunt,
2568 1781 2710 1836 hanc
2751 1787 3026 1851 caperent
3056 1778 3253 1833 habere
3286 1777 3551 1832 volunta-

248 1872 549 1943 prohatum
578 1873 637 1927 in
666 1872 861 1927 multis
917 1870 1174 1942 operibus
1225 1869 1387 1925 bonis
1439 1877 1599 1941 atque
1655 1867 1857 1923 sollici-

246 1966 401 2014 tum.
459 1960 563 2015 Per
619 1958 729 2013 Titi
786 1966 965 2014 autem
1013 1958 1335 2013 relationem
1396 1956 1512 2028 (69)
1572 1954 1858 2011 referentis

246 2047 460 2104 bonam
531 2049 869 2105 voluntatem
947 2047 1362 2106 Corinthiorum
1418 2055 1473 2103 et
1538 2054 1857 2105 caterorum

246 2135 576 2201 missorum,
608 2151 741 2207 quos
774 2136 1048 2208 apostolos
1078 2136 1449 2193 Ecclesiarum
1482 2134 1669 2206 gloria
1702 2133 1858 2208 Chri-

250 2223 322 2281 sti
362 2224 621 2296 appellat,
653 2222 1035 2279 sollicitiorem
1057 2240 1113 2278 se
1135 2222 1342 2278 factum
1372 2222 1610 2279 ostendit
1631 2207 1856 2276 videndi

254 2312 410 2378 illos,
470 2319 524 2366 et
578 2309 907 2366 exhortandi
964 2310 1033 2366 ad
1090 2310 1459 2366 ministerium
1518 2318 1853 2366 sanctorum.

258 2398 552 2456 Fiduciam
625 2398 772 2455 enim
856 2399 1086 2471 accepit,
1144 2398 1372 2454 audiens
1431 2398 1686 2453 meliores
1741 2413 1857 2452 esse

254 2488 436 2545 factos
464 2486 801 2545 Corinthios.
848 2488 1003 2543 Unde
1058 2486 1332 2557 satagebat
1386 2484 1455 2540 ad
1508 2499 1621 2551 eos,
1680 2491 1859 2541 certus

255 2579 395 2649 quia
422 2576 750 2632 obaudirent
776 2575 921 2632 bona
950 2591 1112 2648 opera
1140 2575 1337 2632 facere.

326 2666 517 2734 (Vers.
551 2664 667 2735 24.)
715 2688 734 2712 ι
780 2664 1216 2721 Ostentationem
1274 2680 1400 2736 ergo
1458 2662 1742 2720 charitatis
1772 2677 1859 2716 ve-

252 2765 411 2825 strae,
442 2764 496 2812 et
526 2763 726 2811 nostra
755 2771 854 2826 pro
874 2753 1034 2810 vobis
1062 2752 1450 2811 exsultationis
1470 2753 1859 2817 demonstrate,

252 2845 309 2900 in
339 2844 482 2915 ipsis
509 2842 567 2897 in
597 2842 734 2899 facie
780 2842 1171 2899 Ecclesiarum.
1223 2866 1241 2888 -
1304 2840 1630 2898 Commonet
1658 2854 1771 2903 eos,
1802 2844 1865 2892 ut

253 2933 309 2988 in
344 2932 440 2987 his
467 2947 604 3003 quos
636 2929 827 2999 mittit,
859 2930 1211 2987 dilectionem
1244 2944 1398 2983 suam
1447 2924 1771 2987 ostendant;
1803 2931 1865 2978 ut

252 3020 405 3077 bona
433 3035 554 3093 qua
588 3018 656 3075 de
684 3018 819 3089 ipsis
858 3017 1165 3083 audierant,
1216 3030 1348 3071 vera
1403 3013 1719 3085 probarent.
1777 3010 1867 3067 Sic

253 3109 409 3164 enim
442 3105 808 3162 ostendebant
835 3103 1130 3174 profecisse
1186 3118 1245 3157 se
1300 3100 1526 3157 monitis
1580 3099 1857 3171 Apostoli,

256 3197 304 3253 si
339 3196 547 3251 missos
580 3192 649 3247 ab
678 3207 744 3246 eo
771 3207 897 3247 cum
928 3190 1139 3247 honore
1179 3190 1526 3261 exciperent;
1563 3196 1625 3244 ut
1652 3196 1858 3245 catera

253 3280 534 3339 Ecclesia
593 3283 946 3349 agnoscerent
1005 3293 1134 3333 vera
1179 3292 1295 3333 esse
1350 3277 1494 3334 bona
1539 3293 1656 3349 qua
1686 3275 1753 3331 de
1780 3276 1861 3331 eis

254 3373 377 3431 dici
409 3377 707 3443 coeperant.
754 3370 1021 3426 Provocat
1075 3385 1202 3442 ergo
1248 3370 1462 3424 animos
1490 3384 1701 3434 eorum,
1734 3364 1863 3439 quia

252 3465 326 3523 de
384 3477 500 3535 quo
555 3458 694 3517 bene
773 3457 1027 3528 sentitur,
1075 3458 1215 3515 solet
1270 3472 1327 3514 se
1390 3456 1672 3513 meliorem
1728 3470 1861 3527 pra-

253 3554 388 3612 bere
422 3547 566 3621 (70).

878 3674 1105 3733 CAPUT
1159 3672 1258 3729 IX.

338 3799 530 3875 (Vera.
566 3801 621 3866 1,
650 3799 732 3870 2.)
778 3821 797 3844 ‹
825 3797 964 3855 Nam
1008 3797 1076 3854 de
1122 3797 1433 3854 ministerio
1488 3795 1635 3869 quod
1690 3794 1753 3851 ﬁt
1803 3794 1863 3850 in

270 3898 516 3958 sanctos,
547 3902 945 3960 supervacuum
977 3894 1058 3943 est
1086 3885 1225 3942 mihi
1257 3884 1493 3942 scribere
1520 3884 1716 3950 vobis;
1751 3882 1865 3939 scio

268 3981 415 4036 enim
479 3984 788 4049 promptam
842 3977 1186 4031 voluntatem
1240 3984 1503 4043 vestram,
1537 3990 1634 4046 pro
1665 3988 1772 4044 qua
1797 3970 1866 4028 de

267 4069 429 4126 vobis
460 4068 666 4140 glorior
697 4065 843 4139 apud
875 4065 1213 4122 Macedones.
1245 4088 1271 4114 ι
1308 4064 1380 4120 Et
1405 4063 1523 4120 hac
1544 4060 1869 4119 oblectantis

268 4157 439 4216 verba
475 4163 624 4213 sunt.
683 4153 1032 4227 Superﬂuum
1063 4154 1209 4209 enim
1240 4170 1355 4210 esse
1383 4152 1521 4209 dicit
1548 4150 1783 4209 scribere
1811 4165 1868 4207 se

269 4246 334 4304 de
364 4243 687 4301 ministerio
717 4242 867 4316 quod
924 4241 988 4297 ﬁt
1044 4241 1102 4296 in
1158 4249 1395 4308 sanctos,
1427 4247 1491 4295 ut
1519 4239 1585 4296 de
1616 4241 1704 4296 his
1731 4240 1869 4297 bene

271 4336 481 4392 sentire
540 4336 680 4395 193
736 4329 1035 4385 videatur:
1097 4327 1432 4398 superﬂuum
1490 4336 1572 4383 est
1617 4328 1765 4383 enim
1823 4327 1871 4385 si

272 4443 626 4487 commoneas
657 4443 782 4484 eum
814 4441 975 4500 quem
1008 4423 1148 4481 scias
1177 4421 1469 4479 facturum.
1503 4422 1608 4478 Sed
1635 4432 1698 4479 ut
1733 4422 1874 4478 dili-

1966 1881 2107 1939 tem;
2163 1879 2367 1944 quanto
2414 1870 2587 1942 magis
2628 1870 2743 1937 isti,
2788 1869 2845 1924 in
2880 1868 3081 1942 quibus
3120 1865 3238 1922 hac
3267 1864 3403 1919 vitia
3438 1879 3549 1918 non

1967 1968 2095 2017 sunt
2121 1959 2383 2031 reperta?

2041 2076 2222 2148 (Vers.
2253 2076 2333 2145 3.)
2378 2098 2395 2120 ι
2426 2074 2549 2131 Misi
2573 2081 2753 2130 autem
2785 2073 3015 2139 fratres;
3050 2088 3117 2126 ne
3144 2069 3314 2142 gloria
3342 2076 3547 2135 nostra,

1968 2181 2076 2239 qua
2118 2181 2215 2219 vos
2259 2164 2618 2234 praferimus,
2670 2163 2849 2216 inanis
2893 2161 2987 2215 ﬁat
3017 2160 3074 2214 in
3108 2159 3209 2214 hac
3260 2167 3446 2232 parte;
3488 2164 3551 2212 ut

1967 2251 2425 2327 quemadmodum
2459 2251 2598 2317 dixi,
2631 2249 2808 2321 parati
2840 2248 2979 2304 sitis.
3016 2274 3035 2295 ι
3080 2247 3189 2303 Hos
3220 2248 3416 2303 fratres
3447 2262 3553 2302 me«

1967 2349 2163 2409 morat,
2215 2358 2349 2413 quos
2380 2357 2563 2412 supra,
2617 2338 2673 2394 id
2725 2345 2805 2392 est
2851 2337 3058 2405 Titum,
3109 2346 3162 2392 et
3205 2351 3341 2409 quos
3369 2336 3417 2391 ei
3447 2333 3555 2389 ad—

1960 2430 2150 2503 junxit
2180 2428 2476 2501 adjutores,
2524 2427 2619 2500 qui
2666 2426 2966 2497 impensius
3011 2424 3438 2480 exhortarentur
3462 2438 3555 2477 eos

1967 2520 2037 2576 ad
2066 2519 2484 2591 promissionem
2518 2516 2852 2586 implendam
2900 2516 2955 2567 in
2988 2512 3296 2566 ministerio
3329 2518 3555 2567 sancto-

1969 2624 2119 2671 rum;
2171 2613 2231 2660 ut
2262 2620 2373 2659 non
2426 2602 2601 2657 solum
2644 2600 2863 2665 litteris,
2900 2598 2993 2653 sed
3021 2605 3074 2651 et
3104 2598 3239 2651 facie
3267 2598 3331 2651 ad
3363 2598 3557 2653 faciem

1970 2697 2305 2752 oblectarent
2326 2706 2417 2745 eos
2439 2689 2646 2745 crebris
2667 2685 3176 2749 admonitionibus;
3209 2700 3277 2738 ne
3305 2685 3558 2738 exsulta-

1972 2784 2050 2841 tio
2078 2779 2333 2853 apostoli,
2378 2794 2487 2849 qua
2514 2777 2572 2831 in
2608 2774 2896 2846 splendore
2928 2772 3100 2828 animi
3130 2787 3318 2826 eorum
3350 2769 3559 2842 gloria-

1971 2873 2154 2937 batur,
2202 2874 2578 2923 evacuaretur.
2636 2864 2844 2936 Sapius
2891 2879 3018 2934 ergo
3065 2861 3552 2925 hoc.memorans,

1973 2958 2401 3018 sollicitudinem
2435 2971 2590 3012 suam
2623 2954 2768 3011 circa
2795 2968 2888 3008 eos
2914 2950 3174 3018 ostendit,
3209 2951 3401 3005 nolens
3428 2947 3559 3003 illos

1973 3046 2258 3107 confundi.

2045 3153 2226 3225 (Vers.
2258 3149 2341 3219 4.)
2377 3172 2395 3196 ε
2425 3149 2504 3205 Ne
2526 3164 2651 3205 cum
2679 3148 2933 3203 venerint
2963 3161 3178 3201 mecum
3209 3144 3553 3211 Macedones,

1970 3251 2024 3301 et
2052 3240 2367 3298 invenerint
2403 3255 2503 3295 vos
2534 3240 2851 3309 imparatos,
2904 3236 3290 3292 erubescamus
3331 3250 3452 3299 nos,
3495 3249 3559 3299 ιιι

1970 3348 2081 3388 non
2110 3330 2289 3387 dicam
2320 3342 2508 3383 omnes
2538 3341 2656 3391 vos,
2689 3324 2746 3378 in
2773 3322 2877 3378 hac
2924 3331 3095 3394 parte.
3129 3347 3147 3370 ι
3202 3320 3558 3376 Manifestum

1971 3429 2052 3478 est
2078 3420 2210 3491 quia
2236 3418 2283 3473 si
2313 3433 2426 3471 non
2456 3414 2561 3470 hoc
2588 3413 2875 3467 inventum
2908 3410 3093 3478 fuerit,
3134 3409 3278 3483 quod
3310 3407 3558 3463 testifica-

1970 3516 2060 3566 tus
2086 3515 2168 3563 est
2212 3504 2280 3561 de
2318 3503 2427 3570 his,
2475 3510 2527 3558 et
2575 3501 2689 3573 ipse
2720 3498 3005 3555 erubescat
3047 3499 3114 3555 de
3160 3498 3312 3571 ipsis,
3360 3505 3413 3553 et
3452 3496 3558 3568 ipsi

1972 3596 2207 3669 amplius
2258 3589 2707 3657 confundantur;
2768 3588 2862 3660 qui
2919 3603 3019 3645 nec
3074 3594 3357 3660 propterea
3410 3584 3559 3659 quod

1972 3684 2125 3741 testis
2150 3682 2229 3738 eis
2261 3679 2479 3737 exstitit
2504 3676 2822 3749 Apostolus,
2855 3675 2911 3731 id
2950 3691 3105 3745 agere
3134 3674 3245 3730 nisi
3273 3682 3420 3741 sunt,
3450 3688 3558 3745 quo

1974 3790 2167 3833 verum
2209 3770 2351 3827 illud
2397 3769 2639 3825 facerent
2684 3766 2773 3821 vel
2808 3773 3027 3837 propter
3058 3764 3197 3822 tanti
3232 3764 3340 3819 viri
3380 3777 3558 3834 perso-

1976 3881 2124 3920 nam.

2051 3967 2232 4042 (Vers.
2263 3965 2344 4037 ὅ.)
2393 3989 2411 4013 ι
2438 3960 2809 4020 Necessarium
2841 3975 2968 4031 ergo
3012 3956 3325 4013 existimavi
3372 3966 3560 4021 rogare

1977 4057 2189 4123 fratres,
2220 4061 2282 4111 ut
2306 4052 2670 4125 pracederent
2695 4049 2764 4104 ad
2796 4064 2917 4112 vos,
2946 4054 3000 4100 et
3030 4045 3395 4113 praepararent
3424 4052 3561 4106 pro-

1979 4147 2200 4203 missam
2230 4142 2666 4200 benedictionem
2700 4138 2842 4192 hanc
2872 4140 3107 4187 vestram
3138 4132 3376 4197 paratam
3405 4139 3519 4179 esse
3543 4141 3556 4178 :

1980 4240 2073 4297 sed
2116 4240 2194 4295 sic
2222 4237 2375 4311 quasi
2426 4234 2541 4305 (72)
2592 4226 3054 4287 benedictionem,
3100 4235 3207 4274 non
3256 4217 3408 4289 quasi
3441 4217 3561 4273 cir-

1981 4307 2440 4386 cumventionem.
2474 4346 2494 4369 »
2562 4320 2631 4374 Ut
2686 4312 3117 4372 sollicitudinem
3172 4324 3323 4364 suam
3382 4307 3561 4363 adhuc

1983 4416 2311 4481 manifestet,
2344 4422 2558 4482 rogasse
2589 4423 2643 4461 se
2671 4403 2821 4459 dixit
2844 4402 3057 4469 fratres,
3090 4416 3182 4471 per
3211 4414 3346 4471 quos
3379 4397 3559 4451 admo-

276 4524 517 4595 gentiam
550 4538 703 4578 suam
736 4486 1007 4588 ostendat,
1042 4514 1407 4574 necessarium
1445 4521 1526 4569 est
1560 4521 1623 4568 ut
1647 4513 1869 4595 scribat,
1902 4490 1952 4548 Ῑ)
1981 4503 2084 4559 niti
2126 4502 2509 4574 adimplerent,
2540 4495 2685 4569 quod
2721 4492 3084 4595 promiserant
3126 4497 3180 4544 et
3211 4503 3318 4585 non
3361 4486 3429 4540 im
3440 4486 3561 4595 plc-

276 4620 326 4667 et
351 4622 412 4670 ut
452 4611 558 4667 hos
594 4608 960 4682 promptiores
1001 4606 1183 4673 faciat,
1219 4612 1274 4660 et
1301 4600 1435 4677 quid
1465 4601 1532 4657 de
1561 4600 1639 4656 eis
1666 4599 1875 4655 caeteris

280 4699 563 4770 pradicet,
597 4696 927 4752 manifestet.
988 4692 1273 4767 Superﬂua
1323 4692 1471 4749 enim
1502 4690 1679 4747 solent
1707 4702 1873 4759 majo-

278 4803 385 4843 rem
417 4802 614 4860 parere
645 4782 1113 4850 sollicitudinem;
1170 4797 1298 4837 nam
1346 4786 1401 4836 et
1455 4778 1724 4835 Dominus
1761 4791 1872 4831 non

279 4872 544 4931 dubitans
586 4873 654 4930 de
683 4887 866 4929 amore
921 4885 1047 4942 erga
1104 4884 1162 4924 se
1215 4866 1361 4924 Petri
1420 4866 1671 4939 apostoli,
1710 4864 1875 4921 tertio

285 4961 419 5021 dicit
451 4963 506 5020 ei
541 4982 554 5019 :
597 4987 617 5011 ε
647 4962 837 5020 Simon
867 4959 1110 5026 Joannis,
1171 4973 1320 5013 amas
1373 4971 1460 5011 me
1520 4956 1700 5026 (Joan.
1751 4969 1873 5020 xxx,

286 5051 418 5122 l7)?
446 5077 468 5100 ι
513 5051 642 5118 Qua
672 5052 821 5108 trina
850 5047 1104 5119 repetitio
1136 5047 1290 5118 quasi
1332 5041 1607 5115 superﬂua
1634 5041 1873 5109 videtur,

283 5138 371 5194 sed
428 5138 655 5211 prodest
712 5138 779 5194 ad
834 5134 1230 5209 perfectionem
1259 5131 1618 5198 monitionis;
1653 5139 1715 5186 ut
1742 5130 1878 5187 sciat

287 5243 481 5299 magna
511 5243 568 5283 se
596 5241 721 5283 cum
758 5222 1045 5297 diligentia
1092 5220 1285 5277 debere
1334 5236 1543 5288 curare,
1586 5218 1732 5291 quod
1761 5218 1878 5274 fre-

287 5323 513 5386 quenter
541 5313 852 5370 mandatur.
896 5336 916 5359 ι
944 5308 1216 5378 Quoniam
1245 5305 1451 5363 Achaia
1479 5314 1663 5378 parata
1692 5312 1774 5364 est
1808 5306 1877 5362 ab

358 5493 476 5566 (69)
536 5491 805 5551 Nonnulli
862 5504 1015 5557 mss.,
1064 5489 1170 5545 Per
1230 5484 1337 5543 Titi
1395 5490 1568 5540 autem
1608 5472 1878 5543 revelatio-

292 5577 479 5709 Ὓ70)
510 5634 676 5695 Corb.
704 5631 856 5702 cod.,
883 5645 988 5689 sese
1008 5627 1276 5688 meliorem
1301 5626 1444 5686 debet
1467 5625 1720 5699 prabera.

656 5737 904 5797 Panos.
924 5726 1098 5798 XVII

1982 4593 2133 4647 bant.
2185 4573 2319 4647 Cum
2364 4604 2529 4660 supra
2568 4586 2749 4641 Titum
2783 4583 2929 4638 dicat
2970 4577 3343 4634 voluntarium
3374 4573 3563 4644 profe-

1982 4686 2155 4744 ctum,
2186 4675 2292 4731 hoc
2319 4683 2418 4741 est,
2450 4689 2561 4728 non
2586 4672 2669 4726 illi
2701 4670 2867 4724 fuisse
2896 4673 3193 4731 extortum,
3224 4663 3317 4718 sed
3349 4678 3475 4716 mox
3503 4667 3564 4716 ut

1985 4765 2218 4833 audivit,
2251 4763 2485 4818 libenter
2514 4761 2800 4829 amplexus
2831 4763 2946 4819 est;
2990 4762 3053 4809 ut
3081 4752 3330 4808 videatur
3357 4751 3566 4805 volun-

1985 4854 2157 4912 tarius
2208 4851 2276 4907 ad
2331 4850 2457 4906 illos
2512 4846 2787 4920 profectus
2834 4849 3054 4915 propter
3098 4856 3248 4913 spem
3294 4838 3560 4893 illorum:

1986 4959 2134 4999 nunc
2161 4957 2273 4997 non
2304 4938 2426 4995 ideo
2455 4951 2511 4992 sc
2541 4949 2755 5006 rogasse
2796 4932 2896 4987 hos
2925 4929 3214 5001 significat,
3260 4925 3413 4998 quasi
3457 4940 3567 4979 no-

1986 5036 2159 5090 lentes
2186 5032 2301 5098 ire;
2354 5028 2447 5085 sed
2496 5042 2655 5084 suum
2700 5023 2953 5078 affectum
2998 5020 3190 5091 probat
3236 5016 3381 5072 circa
3420 5015 3563 5079 illos,

1987 5120 2203 5194 quando
2247 5119 2494 5173 volentes
2525 5116 2603 5169 ire
2635 5114 2860 5183 insuper
2887 5116 3078 5180 rogat;
3128 5113 3193 5162 ut
3226 5105 3343 5160 sine
3384 5102 3569 5194 aliqua

1988 5189 2141 5268 mora
2166 5210 2280 5277 ﬁat,
2328 5205 2475 5279 quod
2501 5212 2553 5260 et
2581 5204 2665 5258 illi
2700 5204 2915 5266 volunt,
2949 5207 3001 5253 et
3032 5197 3125 5253 hic
3152 5189 3568 5279 prccaturpzll‘oc

1987 5316 2113 5371 ergo
2158 5273 2275 5370 agit
2308 5273 2434 5354 cum
2482 5294 2589 5362 his,
2647 5298 2709 5349 ut
2755 5291 2814 5346 in
2860 5285 3222 5361 promissione
3259 5295 3356 5337 sua
3382 5273 3567 5331 ﬁdeles

2088 5479 2177 5548 71)
2210 5475 2627 5548 Quidam_mss._,
2657 5461 3125 5548 boaaooluntaltis

2088 5479 2177 5548 71)
2210 5478 2441 5542 Quidam
2471 5488 2627 5537 mss.,
2657 5478 2801 5546 bona:
2826 5478 3114 5545 uoluntatis
3144 5478 3446 5542 ιιιμϊιῑιιυηο..

2060 5478 2181 5619 ἱ72)
2214 5548 2369 5602 Rom.
2404 5543 2562 5610 edit.,
2602 5538 2995 5619 benedictwaem
3026 5533 3157 5583 hanc
3186 5524 3446 5575 vestram.
3483 5512 3571 5573 sed

1991 5606 2203 5674 sic‘ear'n
2229 5624 2479 5689 paratam
2506 5606 2630 5678 esse,
2655 5606 2830 5680 quasi,
2866 5609 2973 5660 etc.
3195 5688 3262 5747 ﬂ
