4112 6178
514 224 614 282 331
1516 229 1613 287 AD
1653 231 1884 288 OPERA
1922 231 1978 288 S.
2019 228 2350 288 AMBROSII
2390 230 2766 288 APPENDIX.
3694 238 3795 294 332

514 348 644 415 sint,
674 356 728 405 et
760 364 817 405 se
846 349 969 407 ideo
994 366 1341 409 commonere
1369 363 1589 426 propter
1635 355 2096 412 existimationem
2126 357 2175 416 A
2211 355 2430 426 peribus
2461 355 2711 425 largitur,
2732 352 2948 425 justitia
2974 360 3158 409 manet
3187 353 3244 408 in
3272 362 3537 413 aeternum
3564 377 3577 425 ;
3610 378 3795 433 quan-

515 440 761 508 illorum,
790 455 901 496 non
930 440 1358 511 circumvenire;
1390 442 1485 499 sed
1516 450 1578 498 ut
1601 450 1815 500 tantum
1845 443 2094 513 offerant,

519 537 782 603 quantum
811 545 925 586 non
952 531 1231 604 poeniteat.

589 620 769 691 (Vers.
799 619 851 688 6,
885 619 964 693 7.)
1025 646 1043 669 ι
1077 622 1193 679 Hoc
1221 629 1403 679 autem
1431 619 1557 681 dico
1590 638 1603 677 :
1648 619 1778 695 quia
1806 621 1901 696 qui
1942 637 2101 695 parce

516 708 770 774 seminat,
812 723 972 780 parce
1001 716 1056 765 et
1086 716 1268 766 metet.
1311 734 1332 759 ι
1390 709 1622 767 Parcum
1668 724 1893 766 avarum
1921 708 2103 781 signi-

515 796 661 863 ﬁcat,
686 794 775 852 cui
800 801 1182 870 extorquetur,
1210 805 1271 853 ut
1290 796 1522 866 inferat;
1556 797 1785 871 poenitet
1807 796 1954 853 enim
1976 798 2106 871 quia

515 884 786 956 promisit.
812 884 928 942 Hoc
954 884 1021 941 de
1050 885 1304 942 tarditate
1330 887 1553 942 illorum
1582 886 1816 958 colligit,
1845 885 1940 961 qui
1968 886 2103 942 olim

515 972 900 1045 promiserant,
933 984 987 1031 et
1025 974 1123 1029 diu
1148 973 1543 1029 deliberabant.
1576 973 1718 1030 Huic
1745 988 1907 1046 parco
1937 989 2105 1046 parva

515 1064 707 1120 messis
736 1072 850 1131 est;
899 1065 1028 1136 quia
1072 1080 1198 1119 cum
1230 1063 1573 1120 dubitatione
1601 1064 1874 1134 seminat;
1926 1064 2105 1123 nescit

517 1154 663 1211 enim
695 1152 949 1225 prodesse
996 1152 1140 1225 quod
1170 1152 1322 1209 facit.
1387 1176 1406 1201 ε
1434 1153 1541 1221 Qui
1570 1162 1751 1211 autem
1780 1155 1839 1211 in
1866 1155 2105 1212 benedi—

514 1245 697 1302 ctione
725 1242 977 1312 seminat,
1009 1242 1075 1299 de
1113 1242 1495 1300 benedictione
1527 1251 1583 1302 et
1625 1252 1811 1304 metet.
1843 1271 1863 1297 ι
1913 1244 2017 1303 Hic
2044 1245 2103 1301 in

514 1330 899 1389 benedictione
928 1331 1181 1400 seminat,
1217 1331 1311 1403 qui
1350 1330 1495 1388 bona
1541 1333 1826 1392 voluntate
1868 1334 1971 1391 sub
2010 1351 2106 1409 spe

516 1420 716 1476 futurae
746 1419 1129 1475 retributionis
1157 1418 1264 1477 hoc
1292 1420 1424 1494 agit.
1460 1445 1482 1470 ι
1502 1422 1886 1497 Unusquisque
1914 1440 2103 1482 secun-

516 1509 649 1567 dum
679 1510 1021 1581 propositum
1054 1508 1259 1579 cordis,
1311 1526 1421 1567 non
1450 1526 1521 1568 ex
1549 1512 1781 1572 tristitia
1803 1523 1899 1571 aut
1924 1530 2105 1572 neces-

515 1600 711 1667 sitate;
741 1599 975 1656 hilarem
1007 1600 1156 1655 enim
1188 1599 1434 1656 datorem
1464 1601 1649 1675 diligit
1679 1604 1845 1661 Deus.
1877 1629 1896 1653 ι
1936 1606 2106 1662 Docet

2215 451 2271 498 to
2324 444 2497 517 magis
2546 442 2664 514 ejus
2715 442 2809 515 qui
2870 441 3146 498 ministrat
3201 444 3456 502 sanctis?
3529 447 3798 521 Pauperes

2210 532 2355 586 enim
2400 539 2629 601 possunt
2672 530 2805 599 dici,
2859 530 2955 604 qui
2997 529 3215 602 publice
3266 531 3385 605 (73)
3431 537 3589 607 egeni
3622 548 3793 598 sunt:

2211 617 2384 673 sancti
2412 618 2559 672 enim
2600 617 2989 674 discernuntur
3016 618 3085 674 ab
3116 617 3232 685 his;
3275 618 3406 691 quia
3431 620 3493 677 hi
3518 626 3662 682 servi
3698 629 3799 685 Dei

2213 711 2359 772 sunt,
2401 704 2715 761 insistentes
2745 704 3087 762 orationibus
3115 715 3170 763 et
3207 704 3457 778 jejuniis,
3502 727 3691 782 puram
3718 715 3798 771 vi-

2212 801 2324 849 tam
2354 802 2594 866 agentes,
2619 793 2763 850 sicut
2790 802 2843 849 et
2868 795 3029 850 Anna
3051 795 3395 867 prophetissa
3415 798 3569 871 (Luc.
3595 818 3658 870 ιι,
3678 802 3795 875 37),

2213 899 2333 955 quae
2361 898 2472 937 non
2513 881 2827 938 discededat
2856 882 2924 938 de
2969 884 3194 956 templo,
3235 883 3460 957 jejuniis
3497 897 3553 945 et
3599 892 3802 949 oratio-

2214 973 2376 1030 nibus
2420 973 2665 1029 serviens
2696 972 2786 1029 die
2822 987 2885 1029 ac
2914 980 3097 1043 nocte,
3140 990 3359 1032 omnem
3388 979 3578 1036 mundi
3606 999 3798 1040 curam

2216 1071 2563 1136 postponens.
2594 1062 2973 1120 Misericordia
2992 1079 3121 1135 ergo
3138 1063 3273 1133 haec,
3295 1063 3516 1137 justitia
3531 1073 3803 1143 appellata

2215 1160 2293 1208 est
2318 1170 2332 1219 ;
2365 1150 2494 1224 quia
2524 1152 2705 1208 sciens
2734 1150 2829 1224 qui
2861 1150 3114 1223 largitur,
3143 1152 3330 1209 omnia
3352 1156 3527 1212 Deum
3557 1174 3804 1218 commu-

2216 1238 2360 1294 niter
2387 1237 2644 1294 omnibus
2672 1237 2821 1308 dare,
2869 1238 2997 1311 quia
3038 1240 3122 1296 sol
3168 1238 3285 1312 ejus
3314 1242 3574 1301 omnibus
3600 1247 3799 1313 oritur,

2215 1333 2269 1383 et
2296 1326 2437 1399 pluit
2469 1326 2749 1396 omnibus,
2774 1334 2828 1383 et
2851 1334 3053 1384 terram
3078 1328 3335 1386 omnibus
3364 1328 3519 1388 dedit
3544 1351 3559 1390 :
3595 1331 3802 1390 idcirco

2215 1414 2418 1471 dividit
2459 1431 2588 1471 cum
2636 1414 2705 1470 iis
2750 1416 2845 1488 qui
2878 1416 3092 1487 copiam
3124 1423 3279 1472 terrae
3317 1432 3432 1473 non
3462 1416 3699 1488 habent;
3733 1439 3805 1481 ne

2214 1506 2501 1563 beneﬁciis
2526 1507 2624 1563 Dei
2647 1505 2848 1577 privati
2876 1506 3191 1563 videantur.
3218 1506 3409 1564 Justus
3433 1524 3562 1582 ergo
3579 1518 3682 1580 est,
3707 1513 3804 1586 qui

2216 1594 2322 1650 sibi
2357 1593 2459 1652 soli
2488 1610 2600 1652 non
2629 1592 2857 1663 detinet,
2891 1594 3039 1666 quod
3058 1595 3163 1652 scit
3188 1595 3448 1654 omnibus
3478 1597 3666 1656 datum
3701 1619 3714 1657 :
3749 1609 3805 1657 et

516 1690 642 1745 illos
668 1697 803 1745 tunc
831 1686 1086 1759 prodesse
1114 1686 1221 1746 hoc
1249 1690 1308 1745 in
1346 1689 1618 1759 futurum,
1663 1692 1710 1748 si
1759 1692 1883 1748 laeto
1921 1692 2106 1748 animo
2140 1706 2188 1766 Β
2211 1682 2394 1756 justus
2426 1683 2555 1753 [non
2584 1681 2764 1739 solum
2807 1680 2916 1743 hoc
2954 1682 3013 1738 in
3043 1691 3307 1756 tempore,
3353 1684 3446 1742 sed
3473 1692 3527 1741 et
3555 1687 3615 1742 in
3651 1696 3803 1745 teter-

514 1776 631 1835 ﬁat.
665 1777 747 1833 Ex
781 1775 867 1832 his
912 1775 1061 1832 enim
1107 1777 1202 1849 qui
1251 1776 1517 1848 inferunt,
1556 1778 1707 1838 hunc
1734 1781 1898 1855 elegit
1940 1783 2107 1851 Deus,

515 1865 609 1924 cui
652 1864 1008 1932 retribuatur,
1056 1865 1149 1937 qui
1189 1865 1391 1922 devoto
1437 1866 1600 1923 corde
1646 1878 1920 1940 operatur,
1952 1871 2108 1943 quasi

514 1954 891 2011 thesaurizans
920 1952 1065 2027 apud
1096 1955 1293 2023 Deum,
1316 1954 1446 2028 quia
1475 1955 1569 2027 qui
1591 1955 1799 2014 invitus
1824 1958 1959 2015 facit
1987 1976 2107 2032 pro-

515 2053 638 2118 pter
664 2053 985 2119 praesentem
1015 2044 1303 2117 pudorem,
1334 2060 1404 2100 ne
1433 2045 1558 2102 aliis
1587 2046 1952 2105 inferentibus
1979 2058 2107 2106 tur-

516 2135 601 2210 pis
629 2134 965 2203 inveniatur,
985 2134 1289 2191 mercedem
1319 2149 1433 2190 non
1461 2132 1645 2192 habet.

588 2224 772 2297 (Vers.
795 2224 878 2297 8.)
914 2248 934 2272 «
952 2223 1151 2282 Potens
1170 2230 1251 2280 est
1269 2225 1414 2280 Deus
1432 2239 1652 2280 omnem
1678 2225 1909 2297 gratiam
1938 2224 2106 2283 abun-

517 2311 646 2372 dare
673 2313 852 2371 facere
880 2312 939 2369 in
970 2312 1147 2371 vobis.
1188 2340 1207 2366 ι
1268 2316 1413 2376 194
1441 2313 1541 2369 Dei
1572 2314 1874 2385 potentiam
1922 2314 2107 2372 adesse

518 2410 633 2469 illis
678 2418 921 2484 exoptat,
971 2418 1035 2468 ut
1071 2410 1216 2469 sicut
1253 2412 1310 2469 in
1342 2410 1699 2470 emendandis
1732 2410 1888 2467 vitiis
1918 2417 1972 2467 et
1998 2410 2107 2468 do-

517 2501 712 2559 ctrinze
740 2498 970 2556 veritate
1013 2500 1337 2574 compungit
1365 2500 1531 2559 corda
1561 2499 1819 2568 illorum;
1855 2498 1932 2556 ita
1966 2508 2019 2555 et
2049 2499 2105 2554 in

516 2588 624 2648 hoc
642 2590 824 2648 faveat
852 2589 1046 2661 coeptis
1074 2588 1322 2660 illorum,
1348 2599 1408 2649 ut
1427 2588 1709 2648 abundent
1727 2588 1785 2643 in
1802 2588 1955 2644 omni
1984 2604 2107 2661 ope-

516 2694 576 2735 re
604 2678 751 2735 bono
780 2692 879 2751 per
924 2677 1153 2751 gratiam
1183 2678 1305 2736 Dei.
1348 2701 1368 2726 α
1403 2679 1473 2735 Ut
1518 2677 1578 2734 in
1607 2676 1867 2733 omnibus
1896 2691 2108 2747 semper

517 2782 737 2823 omnem
788 2765 1179 2822 sufﬁcientiam
1228 2766 1514 2835 habentes,
1545 2764 1835 2823 abundetis
1864 2763 1925 2820 in
1955 2763 2107 2820 omni

515 2868 677 2926 opere
706 2852 874 2907 bono.
893 2874 913 2899 ι
953 2852 1070 2909 Hoc
1094 2853 1233 2909 dicit
1261 2863 1313 2909 et
1338 2861 1507 2926 optat,
1535 2861 1598 2908 ut
1618 2855 1675 2909 in
1703 2854 1855 2910 omni
1884 2869 1943 2911 re
1971 2868 2108 2909 sem-

512 2956 613 3013 per
637 2937 968 2994 suﬂicientes
996 2937 1245 2995 sibi‘sint
1274 2939 1374 2996 Dei
1410 2946 1569 3007 nutu,
1601 2955 1703 2995 nec
1733 2940 2015 3012 indigeant
2040 2940 2109 2994 iis

515 3043 637 3101 quae
666 3026 736 3082 ad
764 3026 996 3081 salutem
1042 3025 1347 3083 necessaria
1389 3034 1538 3082 sunt.
1590 3025 1647 3081 Si
1684 3040 1808 3099 ergo
1839 3026 2107 3081 sufﬁcien-

513 3116 649 3174 tiam
670 3116 842 3171 solam
863 3113 969 3171 sibi
990 3116 1216 3190 eligant,
1250 3122 1509 3189 poterunt
1536 3115 1595 3172 in
1622 3114 1722 3173 Dei
1750 3130 1910 3188 opere
1938 3115 2106 3171 abun-

515 3204 647 3263 dare
670 3222 685 3272 ;
719 3202 860 3260 illud
889 3204 1039 3259 enim
1060 3203 1167 3260 sibi
1189 3202 1477 3260 retinendo
1500 3203 1646 3277 quod
1668 3203 1890 3273 suﬂicit,
1912 3212 2107 3261 caetera

512 3292 573 3348 in
594 3309 726 3350 usus
753 3299 1068 3350 sanctorum
1097 3293 1183 3348 vel
1215 3308 1513 3365 pauperum
1544 3292 1865 3366 impendant
1889 3308 2106 3349 necesse

512 3389 594 3440 est
627 3399 639 3437 :
693 3389 747 3438 et
774 3381 881 3438 hoc
910 3381 1016 3438 erit
1045 3380 1324 3437 abundare
1354 3380 1410 3436 in
1441 3380 1593 3437 omni
1620 3397 1782 3453 opere
1807 3380 1972 3437 bono.
2004 3380 2108 3436 Li-

513 3477 601 3527 cet
629 3469 775 3525 enim
805 3469 994 3541 exigui
1022 3468 1272 3527 hominis
1298 3484 1537 3543 parvum
1566 3468 1658 3536 sit,
1711 3466 1858 3540 quod
1890 3466 2104 3536 tribuit,

515 3557 763 3615 abundat
782 3566 988 3627 tamen,
1021 3559 1151 3631 quia
1178 3566 1328 3617 recto
1352 3556 1565 3632 judicio
1591 3555 1676 3626 ﬁt,
1705 3563 1761 3612 et
1790 3572 1902 3612 non
1928 3557 2104 3612 solum

514 3648 781 3721 quaeritur
811 3654 1099 3720 quantum,
1147 3647 1242 3706 sed
1268 3659 1324 3708 et
1355 3646 1423 3705 de
1452 3653 1678 3724 quanto,
1708 3652 1763 3703 et
1786 3661 1895 3720 quo
1921 3644 2107 3703 animo

514 3737 697 3794 detur.
745 3735 994 3810 Denique
1044 3736 1142 3792 illa
1168 3737 1336 3795 vidua
1377 3736 1436 3793 in
1466 3736 1768 3809 Evangelia
1800 3736 1951 3807 (Luc.
1981 3750 2102 3804 xxx,

513 3828 571 3901 3)
603 3828 671 3885 de
715 3844 885 3900 parvo
924 3826 1142 3883 laudata
1179 3836 1283 3897 est,
1336 3835 1389 3884 et
1433 3827 1527 3900 qui
1570 3828 1743 3884 multa
1791 3825 2102 3894 mittebant,

513 3916 721 3974 laudati
751 3932 863 3972 non
891 3922 1039 3972 sunt.
1082 3916 1239 3971 Illius
1268 3914 1417 3971 enim
1446 3929 1681 3985 parvum
1713 3913 1948 3969 multum
1980 3922 2097 3979 est;

512 4011 643 4085 quia
668 4010 793 4084 plus
813 4007 964 4065 misit
993 4024 1154 4081 quam
1186 4014 1435 4081 poterat;
1478 4006 1681 4062 divites
1709 4012 1888 4061 autem
1921 4006 2104 4061 minus

512 4099 802 4167 miserunt,
851 4113 977 4154 cum
1016 4096 1142 4168 plus
1170 4101 1424 4168 possent;
1471 4109 1535 4150 ac
1561 4108 1658 4166 per
1691 4092 1798 4148 hoc
1825 4091 2101 4147 modicum

513 4184 689 4254 illius,
713 4202 833 4259 quae
862 4187 1008 4242 ultra
1037 4186 1183 4242 vires
1211 4201 1337 4243 suas
1365 4183 1541 4252 misit,
1559 4182 1682 4255 plus
1711 4181 1993 4237 inventum
2024 4190 2106 4237 est

514 4291 676 4348 quam
705 4273 945 4330 divitum
976 4276 1253 4343 multum;
1287 4275 1416 4349 quia
1442 4274 1509 4330 de
1537 4288 1602 4329 eo
1621 4271 1767 4345 quod
1795 4270 2105 4328 abundabat

513 4362 614 4428 eis,
640 4361 931 4418 miserunt.
965 4362 1071 4429 Qui
1096 4378 1225 4434 ergo
1252 4371 1468 4419 tantum
1488 4363 1583 4419 dat
1608 4367 1873 4433 quantum
1905 4366 2102 4430 potest,

2220 1789 2353 1830 num
2385 1772 2500 1845 (74)
2529 1790 2543 1839 ;
2576 1772 2705 1845 quia
2733 1771 2793 1828 iu
2832 1771 3032 1830 saeculo
3060 1772 3249 1831 futuro
3283 1772 3430 1831 hanc
3456 1773 3679 1833 habebit
3705 1793 3805 1835 se-

2221 1877 2343 1918 cum
2371 1860 2427 1916 in
2457 1867 2800 1932 perpetuum.
3718 1918 3723 1919 ,

2295 1949 2474 2021 (Vers.
2511 1948 2596 2017 10,
2630 1949 2747 2021 11.)
2805 1971 2825 1997 ‹
2851 1948 2957 2018 Qui
2996 1957 3179 2008 autem
3208 1950 3595 2011 subministrat
3622 1972 3802 2015 semen

2221 2038 2516 2097 seminanti
2550 2055 2563 2095 :
2615 2045 2670 2094 et
2697 2054 2893 2111 panem
2920 2040 2990 2096 ad
3020 2041 3293 2098 edendum
3341 2043 3707 2110 ministrabit;
3751 2056 3807 2104 et

2222 2126 2619 2199 multiplicabit
2668 2143 2853 2184 semen
2899 2138 3167 2199 vestrum,
3214 2137 3270 2186 et
3294 2130 3651 2203 ampliﬁcabit
3692 2135 3805 2192 fru-

2219 2224 2368 2273 ctum
2394 2215 2623 2287 justitiae
2651 2223 2845 2272 vestrae
2869 2235 2883 2283 ;
2932 2225 2995 2273 ut
3024 2218 3082 2273 in
3111 2218 3371 2279 omnibus
3398 2220 3804 2292 locupletemini

2221 2304 2280 2361 in
2313 2305 2463 2361 omni
2491 2305 2889 2377 simplicitate»
2908 2307 3109 2363 Omnia
3132 2309 3231 2365 Dei
3261 2317 3391 2366 sunt
3414 2317 3469 2365 et
3500 2312 3806 2377 semina,et

2222 2393 2609 2450 nascentiaDei
2628 2402 2766 2450 nutu
2785 2403 3121 2463 crescunt,et
3141 2398 3657 2469 multiplicanturad
3678 2417 3806 2458 usus

2222 2483 2507 2540 hominum
2536 2486 2707 2539 :Deus
2726 2500 2853 2556 ergo
2878 2484 2971 2556 qui
2990 2484 3107 2542 haec
3124 2485 3359 2559 dat,ipse
3380 2495 3436 2543 et
3451 2485 3610 2559 jubet
3635 2488 3703 2544 de
3721 2487 3805 2546 his

2221 2572 2617 2628 communicari
2655 2571 2736 2626 eis
2761 2572 2854 2643 qui
2888 2571 3176 2645 indigent;
3225 2589 3288 2630 ac
3317 2590 3413 2646 per
3444 2575 3550 2632 hoc
3578 2592 3683 2632 non
3715 2592 3805 2649 po-

2222 2660 2369 2727 terit,
2388 2660 2481 2734 qui
2518 2658 2715 2715 tribuit
2729 2658 2892 2730 juxta
2926 2660 3022 2716 Dei
3046 2661 3517 2730 \'oluntatem,Dei
3541 2672 3677 2719 nutu
3697 2679 3810 2720 non

2220 2750 2405 2819 augeri
2463 2749 2819 2804 incrementis
2876 2747 3192 2820 hujusmodi
3250 2750 3318 2806 ad
3357 2751 3808 2823 amplificandum

2222 2840 2460 2896 fructum
2485 2838 2754 2910 justitia;
2804 2836 2954 2893 danti
2983 2837 3130 2893 enim
3162 2837 3339 2906 addit,
3382 2847 3447 2895 ut
3475 2855 3539 2895 eo
3566 2841 3812 2911 amplius

2224 2928 2339 3001 (75)
2372 2927 2591 2995 habeat,
2622 2926 2769 2984 unde
2789 2925 2970 2997 largiri
3006 2925 3195 2997 possit.
3225 2925 3352 2982 Haec
3377 2934 3463 2983 est
3482 2926 3720 2999 justitia,
3745 2939 3814 2988 ut

2221 3016 2349 3089 quia
2367 3018 2512 3073 Deus
2533 3016 2646 3081 dat,
2670 3014 2936 3073 retribuat
2956 3029 3022 3070 ex
3045 3029 3109 3069 eo
3127 3021 3184 3069 et
3211 3012 3376 3070 homo
3404 3014 3481 3082 ei,
3506 3014 3598 3071 cui
3633 3014 3807 3074 deest.

2224 3104 2333 3160 Hos
2363 3103 2510 3159 enim
2543 3105 2664 3160 vult
2719 3102 3002 3159 ministros
3054 3117 3170 3158 esse
3199 3117 3414 3171 eorum,
3467 3103 3562 3175 qui
3595 3103 3810 3174 potiora

2224 3191 2506 3264 eligentes,
2536 3192 2720 3264 copias
2764 3191 3048 3263 praesentis
3072 3189 3335 3262 temporis
3361 3199 3646 3262 spernunt,
3666 3199 3807 3249 totos

2220 3300 2277 3340 se
2298 3272 2405 3340 ‘Dei
2436 3282 2598 3339 rebus
2623 3281 2944 3354 obligantes.
2991 3280 3302 3352 Unicuique
3326 3280 3473 3336 enim
3506 3280 3802 3339 secundum

2221 3371 2418 3429 bonam
2449 3372 2787 3428 voluntatem
2820 3371 2995 3426 Deum
3027 3375 3247 3440 praestat
3274 3368 3547 3424 auxilium
3573 3386 3588 3433 ;
3632 3370 3805 3426 sancti

2223 3461 2368 3517 enim
2391 3461 2484 3535 qui
2513 3460 2657 3516 nihil
2687 3459 2884 3516 volunt
2909 3459 3001 3514 hic
3020 3457 3319 3530 possidere,
3349 3457 3452 3514 nisi
3480 3458 3681 3518 victum
3714 3458 3808 3515 ha-

2224 3548 2351 3605 bere
2371 3558 2425 3606 et
2444 3548 2727 3616 vestitum,
2750 3548 2850 3603 hos
2871 3547 2965 3620 qui
2988 3541 3104 3604 haec
3124 3545 3322 3602 habere
3354 3547 3570 3615 volunt,
3603 3555 3807 3606 tutores

2224 3636 2446 3693 illorum
2472 3639 2618 3694 Deus
2643 3652 2757 3693 esse
2785 3636 3060 3707 disposuit
3090 3653 3103 3702 ;
3144 3644 3206 3691 ut
3235 3634 3328 3707 qui
3354 3634 3492 3691 bene
3519 3642 3574 3690 et
3599 3634 3806 3709 simpli-

2225 3725 2361 3784 citer
2387 3726 2469 3782 eis
2515 3724 2937 3792 ministraverit,
2980 3721 3348 3794 amplificetur
3393 3722 3490 3778 Dei
3522 3730 3696 3787 nutu;
3745 3732 3809 3779 ut

2225 3813 2422 3870 habeat
2448 3813 2594 3870 unde
2622 3814 2888 3886 largiatur
2915 3826 3152 3883 semper,
3198 3818 3255 3867 et
3282 3809 3351 3867 ad
3384 3825 3619 3882 praesens
3647 3811 3811 3868 locu-

2226 3904 2478 3976 pletatus,
2508 3912 2563 3959 et
2592 3904 2650 3959 in
2692 3904 2962 3959 futurum.
2994 3900 3171 3958 Semel
3200 3899 3349 3958 enim
3391 3900 3683 3968 seminans,
3723 3901 3812 3957 bis

2226 4000 2427 4058 metet;
2474 4008 2538 4048 ac
2566 3998 2628 4047 ut
2654 3989 2700 4047 si
2730 3988 2935 4045 futuris
2962 3988 3202 4046 consulit
3233 3987 3352 4060 (76)
3396 3986 3614 4060 spebus,
3665 3989 3811 4046 nolit

2224 4097 2315 4138 eos
2350 4079 2624 4150 subjectos
2680 4077 2900 4146 habere,
2947 4077 3041 4133 sed
3087 4076 3261 4147 magis
3305 4091 3364 4133 se
3411 4075 3491 4133 eis
3532 4074 3805 4145 inclinet;

2223 4168 2349 4241 quia
2383 4184 2415 4223 a
2442 4169 2554 4223 Deo
2597 4165 2761 4237 hujus
2812 4165 2890 4222 rei
2933 4164 3166 4237 accipiet
3198 4165 3523 4224 mercedem.
3572 4165 3628 4222 Si
3656 4165 3804 4222 enim

2222 4256 2287 4313 ad
2317 4272 2550 4328 praesens
2583 4254 2865 4312 humiliari
2898 4270 2992 4311 eos
3024 4252 3130 4310 sibi
3160 4253 3416 4319 voluerit,
3456 4267 3603 4324 spem
3636 4252 3805 4309 futuri

2224 4344 2460 4411 amittit;
2504 4344 2595 4400 hic
2620 4343 2765 4399 enim
2794 4342 2995 4415 accipit
3023 4340 3325 4398 mercedem
3355 4342 3540 4412 operis
3565 4340 3674 4408 sui,
3705 4341 3810 4399 hoc

517 4409 664 4509 recte
708 4450 842 4507 facit
874 4466 888 4506 :
942 4409 1187 4505 viduamo
1209 4459 1392 4506 tamen
1434 4453 1586 4507 illam
1612 4409 1760 4505 uante
1806 4463 1862 4505 se
1904 4409 2103 4517 habet;
2135 4409 2185 4469 D
2219 4452 2330 4492 ηοη
2353 4434 2683 4507 είωρίίείῑθν
2710 4449 2892 4505 agens,
2915 4432 3058 4487 δίουι
3082 4428 3218 4486 dic“
3243 4428 3547 4487 Dominus:
3586 4453 3605 4478 ⁶
3630 4432 3807 4486 Amen

513 4543 644 4618 quia
672 4543 790 4601 hac
820 4556 984 4600 omne
1014 4540 1157 4617 quod
1188 4540 1401 4611 habuit,
1435 4540 1606 4597 misit.

586 4634 770 4705 (Vers.
800 4633 882 4706 9.)
928 4658 947 4683 σ
977 4632 1132 4689 Sicut
1159 4630 1428 4704 scriptum
1467 4637 1549 4687 est
1580 4646 1593 4686 :
1637 4628 1923 4702 Dispersit,
1954 4630 2107 4688 dedit

512 4722 865 4797 pauperibus,
904 4722 1123 4794 justitia
1151 4719 1269 4794 ejus
1298 4727 1482 4777 manet
1512 4720 1570 4776 in
1600 4726 1887 4776 aeternum.
1920 4746 1940 4770 ι
1993 4721 2107 4777 Hoc

511 4809 572 4866 in
603 4810 814 4882 psalmo
843 4808 1109 4880 scriptum
1136 4814 1219 4865 est
1245 4807 1545 4865 centesimo
1572 4805 1788 4863 decimo
1819 4806 2018 4877 primo,
2049 4812 2106 4860 et

511 4913 610 4970 per
637 4897 953 4970 exemplum
1004 4895 1159 4952 addit
1205 4895 1274 4951 ad
1318 4911 1505 4951 curam
1550 4908 1895 4966 pauperum;
1940 4901 2003 4948 ut
2048 4890 2107 4945 in

516 4987 669 5044 omni
701 5001 862 5060 opere
884 4984 1032 5042 bono
1059 4983 1360 5057 abundent.
1396 4982 1456 5040 Si
1481 4981 1629 5038 enim
1659 4979 1825 5051 hujus
1857 4980 1951 5052 qui
1982 4994 2110 5052 pan.

586 5184 705 5259 (73)
737 5183 941 5241 Omnes
981 5181 1219 5259 edit.__et
1261 5178 1682 5259 quidam.mss._,.
1720 5172 2112 5259 qui‘publicani

516 5247 837 5330 egenisuut;
869 5253 1071 5310 rectius
1096 5251 1192 5330 alii
1224 5247 1376 5330 mss.,
1412 5249 1505 5320 qui
1529 5247 1760 5330 publica,
1788 5253 1895 5302 etc.

737 5316 865 5382 Mss.
897 5323 1153 5407 nonnulli
1173 5340 1201 5407 ,ε
1250 5316 1367 5377 Iste
1398 5316 1630 5407 ergo—est
1658 5318 1845 5388 qui....
1887 5322 1933 5371 et
1960 5316 2111 5371 istius

504 5395 719 5469 justitia
746 5413 854 5469 non
883 5397 1053 5469 solum
1080 5395 1137 5450 in
1165 5399 1391 5469 tempore
1417 5396 1611 5469 manet.

613 5468 706 5533 75)
736 5467 872 5525 Cod.
905 5466 1074 5533 Vall.,
1106 5459 1352 5529 additur,
1398 5468 1457 5518 ut
1489 5477 1678 5533 egenus
1708 5459 1965 5533 amplius,
2001 5465 2109 5533 etc.

614 5469 682 5525 75
736 5468 872 5525 Cod.
905 5468 1074 5533 Vall.,
1106 5468 1352 5529 additur,
1398 5468 1457 5518 ut
1489 5477 1678 5533 egenus
1714 5468 1965 5533 amplius,
2001 5468 2109 5516 etc.

614 5468 706 5611 76)
735 5539 855 5598 Non
884 5537 1042 5612 pauci
1072 5553 1228 5606 mss.,
1259 5535 1308 5591 si
1336 5534 1548 5605 futuris
1575 5532 1870 5606 speciebus;
1911 5530 2111 5601 Laud.,

2216 4522 2340 4580 dico
2376 4522 2553 4590 vobis,
2583 4524 2940 4593 perceperunt
2965 4516 3267 4573 mercedem
3296 4533 3455 4575 suam
3486 4518 3699 4591 (Matth.
3726 4533 3806 4585 vr,

2219 4614 2331 4671 16).
2370 4638 2390 4661 ι

2288 4616 2470 4777 (.Vers.
2495 4708 2584 4775 12,
2614 4706 2729 4777 13.)
2777 4730 2794 4752 ι
2814 4704 2946 4773 Quzn
2975 4712 3233 4777 operatur
3258 4720 3355 4777 per
3382 4721 3481 4763 nos
3509 4705 3807 4777 gratiarum

2217 4795 2489 4853 actionem
2520 4796 2634 4851 Deo
2667 4793 2806 4863 (77).
2841 4790 3112 4860 Quoniam
3152 4792 3476 4865 mysterium
3506 4791 3677 4850 ofﬁcii
3709 4791 3809 4849 hu-

2213 4884 2305 4957 jus
2333 4900 2445 4941 non
2474 4885 2654 4940 solum
2683 4883 2900 4954 supplet
2927 4898 2991 4937 ea
3025 4899 3146 4955 quae
3193 4882 3391 4940 desunt
3437 4882 3664 4949 sanctis,
3714 4881 3810 4939 sed

2218 4982 2272 5031 et
2298 4972 2600 5031 abundabit
2652 4986 2749 5043 per
2796 4970 3099 5028 multorum
3148 4970 3441 5043 gratiarum
3477 4970 3722 5028 actiones
3750 4968 3809 5025 in

2219 5167 2371 5224 rebus
2396 5165 2642 5223 consulit.

2295 5240 2411 5311 (77)
2442 5239 2567 5311 Yet.
2593 5235 2728 5293 edit.
2760 5243 2813 5293 et
2838 5252 2968 5311 mss.
3002 5231 3281 5300 nonnulli,
3309 5234 3359 5289 si
3384 5232 3504 5303 quis
3529 5238 3812 5311 operetur,

2220 5303 2545 5368 Romfedit.
2592 5324 2715 5365 cum
2747 5307 2958 5364 caeteris
2987 5320 3140 5372 mss.,
3186 5320 3303 5374 quae
3329 5303 3603 5375 operatur.
3647 5305 3722 5359 At
3751 5303 3811 5359 in

2222 5381 2471 5466 sequenti
2516 5396 2678 5438 versu
2710 5396 2812 5436 ms.
2862 5377 3027 5436 Carn.
3062 5378 3231 5449 solus,
3264 5375 3614 5434 ministerium
3644 5375 3813 5433 sacri-

2221 5453 2328 5525 fici.
