4112 6178
325 295 430 355 333

1385 290 1747 350 COMMENT.
1788 290 1859 348 ΙΝ
1895 290 2110 347 ΕΡὶΞΤ.
2163 291 2213 346 Il
2249 294 2344 349 AD
2383 292 2537 352 COR.

310 423 443 488 Deo,
475 434 569 491 per
597 414 983 491 probationem
1010 413 1301 472 ministerii
1331 414 1518 487 hujus,
1551 416 1899 489 magniﬁcan-
1929 418 1980 478 A

314 516 395 566 tes
421 509 591 563 Deum
615 505 671 561 in
688 503 1028 577 subjectione
1048 502 1410 562 confectionis
1428 514 1619 563 vestrae
1636 505 1692 561 in
1720 508 1901 563 Liven-

314 595 450 669 gelio
481 593 714 661 Christi,
743 600 800 650 et
826 593 884 650 in
912 591 1262 664 simplicitate
1292 592 1815 651 communicationis
1844 592 1904 650 in

311 684 459 749 illos,
499 691 554 739 et
593 682 836 755 ipsorum
883 681 1155 739 orationes
1184 682 1305 754 (78)
1336 698 1434 755 pro
1478 681 1637 739 vobis
1680 679 1906 737 deside-

309 772 550 829 rantium
582 787 681 828 vos
708 770 911 840 videre,
944 778 1169 844 propter
1208 768 1746 842 superabundantem
1777 784 1917 841 grav

310 859 443 917 tiam
484 864 623 924 195
656 860 753 916 Dei
801 858 862 916 in
912 857 1093 915 vobis.
1143 856 1334 915 Gratia
1371 865 1551 915 autem
1595 858 1708 915 Deo
1745 872 1908 932 super

308 954 662 1012 inenarrabili
692 954 844 1013 dono
871 952 1011 1025 ejus.
1045 976 1066 1003 ι
1112 953 1229 1010 Hoc
1256 952 1393 1010 dicit
1432 953 1560 1026 quia
1588 953 1904 1025 quicunque

307 1053 562 1118 operatur
590 1060 687 1117 per
715 1044 1120 1116 dispensatores
1148 1042 1280 1101 doni
1321 1043 1421 1100 Dei
1450 1042 1556 1110 hoc
1583 1059 1721 1116 opus
1758 1042 1903 1101 unde

307 1136 494 1205 gratiae
526 1140 762 1207 agantur
789 1134 923 1201 Deo,
955 1131 1024 1189 ab
1053 1131 1124 1189 iis
1167 1132 1263 1205 qui
1294 1133 1626 1189 necessarios
1654 1140 1905 1205 sumptus

305 1222 589 1292 accipiunt
614 1221 718 1277 sub
747 1220 969 1278 nomine
996 1219 1223 1290 Christi,
1251 1236 1366 1279 non
1395 1221 1737 1280 mendicitati
1762 1222 1902 1281 sub-

300 1309 459 1381 jecti,
492 1309 585 1365 sed
636 1311 767 1376 Deo,
796 1307 864 1364 de
901 1307 1059 1380 cujus
1104 1308 1267 1366 bonis
1293 1310 1369 1366 ali
1416 1326 1472 1367 se
1511 1318 1718 1367 norunt
1750 1329 1762 1366 :
1790 1326 1903 1367 non

308 1407 518 1453 tantum
551 1397 618 1453 ab
648 1397 728 1453 eis
756 1396 943 1468 gratiae
975 1396 1087 1453 illis
1106 1397 1439 1468 referuntur,
1471 1398 1567 1455 sed
1604 1414 1637 1453 a
1673 1396 1903 1471 reliquis

310 1486 592 1554 fratribus,
620 1486 716 1559 qui
746 1502 844 1558 pro
873 1484 964 1541 his
1001 1484 1203 1558 gratias
1242 1493 1406 1559 agant
1447 1488 1583 1555 Deo,
1610 1502 1903 1544 commen-

305 1574 494 1630 dantes
524 1574 727 1630 factum
754 1572 1000 1647 ipsorum
1030 1575 1295 1643 Domino;
1322 1582 1387 1631 ut
1423 1575 1612 1648 paucis
1640 1574 1903 1633 tribuen-

306 1674 407 1734 tes,
438 1665 736 1722 multorum
777 1664 1251 1723 obsecrationibus
1278 1667 1393 1723 Deo
1422 1665 1899 1724 commendentur.

305 1755 603 1811 Probantes
648 1753 798 1810 enim
828 1761 1070 1810 mentem
1117 1770 1309 1811 eorum
1338 1754 1399 1810 in
1440 1753 1548 1811 hoc
1574 1770 1758 1827 opere,
1790 1770 1901 1811 ma-
1937 1771 1984 1834 Β

307 1842 574 1914 gniﬁcant
606 1841 666 1897 in
703 1841 783 1897 eis
817 1840 1142 1910 Dominum,
1172 1842 1331 1914 cujus
1372 1858 1467 1916 spe
1504 1842 1732 1912 ﬁrmati,
1766 1842 1905 1900 obe—

302 1928 472 1985 diunt
506 1928 805 2000 Evangelio
835 1926 1043 1986 Christi
1079 1930 1138 1984 in
1185 1928 1527 2001 subjectione
1556 1931 1757 1988 mentis
1790 1950 1803 1988 :
1836 1947 1904 1991 ne

308 2017 491 2072 velint
524 2033 615 2073 eos
642 2016 746 2071 sibi
778 2015 1086 2085 humiliari,
1116 2025 1178 2073 ut
1205 2018 1483 2091 praebeant
1512 2036 1632 2095 quae
1663 2035 1899 2078 necessa-

302 2104 391 2159 ria
420 2110 551 2159 sunt
576 2103 797 2159 sanctis.
829 2104 903 2159 Et
949 2103 1056 2162 hoc
1082 2105 1189 2161 erit
1227 2106 1285 2163 in
1317 2107 1673 2180 simplicitate
1701 2109 1901 2182 gratias

302 2210 463 2266 agere
508 2192 1028 2251 communicationis
1074 2195 1319 2265 illorum,
1351 2199 1795 2258 commendantes
1842 2217 1900 2257 se

303 2282 645 2340 orationibus
675 2282 896 2339 illorum
928 2293 982 2341 et
1009 2284 1295 2343 desideriis
1326 2303 1535 2343 eorum.
1568 2288 1706 2357 Quis
1748 2288 1895 2346 enim

306 2386 419 2427 non
460 2370 647 2442 cupiat
674 2371 850 2427 oculis
878 2371 1066 2429 videre
1095 2375 1508 2433 necessitatibus
1536 2376 1651 2433 suis
1681 2385 1899 2450 propter

308 2460 409 2517 Dei
440 2475 639 2515 nomen
666 2459 988 2532 subjectos?
1024 2463 1273 2535 Denique
1294 2465 1394 2519 Dei
1424 2465 1567 2521 dona
1597 2476 1895 2536 vocantur;

312 2550 426 2605 Deo
446 2548 590 2603 enim
617 2547 728 2617 dat,
761 2550 855 2622 qui
876 2549 965 2606 his
992 2550 1288 2621 ministrat;
1321 2554 1451 2624 quia
1470 2554 1564 2626 qui
1578 2553 1732 2627 jubet
1756 2555 1897 2626 ﬁeri,

312 2637 416 2710 ipsi
464 2637 768 2709 imputatur
808 2638 957 2711 quod
1003 2639 1184 2697 datur.
1231 2640 1445 2699 Gratias
1472 2649 1656 2699 autem
1689 2646 1801 2701 Deo
1838 2645 1897 2700 in

312 2725 401 2782 his
427 2732 666 2798 agentes,
697 2735 751 2783 et
796 2743 958 2801 super
1003 2728 1274 2787 ineffabili
1324 2731 1470 2787 dono
1502 2732 1640 2804 ejus.
1680 2734 1899 2789 Donum

313 2816 460 2872 enim
492 2816 607 2887 (79)
636 2814 735 2871 Dei
760 2823 861 2885 est,
904 2818 1051 2890 quod
1080 2818 1275 2877 incitat
1301 2818 1556 2877 homines
1585 2819 1654 2875 ad
1690 2820 1900 2875 bonum

313 2919 477 2976 opus;
508 2919 631 2975 spes
658 2903 808 2960 enim
853 2904 1126 2976 promissa
1164 2908 1386 2968 lacessit
1419 2906 1489 2962 ad
1529 2906 1901 2967 ministerium

308 3007 474 3065 supra
499 2990 732 3048 dictum.

926 3096 1155 3154 CAPUT
1190 3098 1266 3155 X.

378 3194 567 3269 (Vere.
600 3190 681 3263 1.)
726 3213 745 3238 ι
775 3192 896 3264 Ipse
935 3199 1117 3250 autem
1165 3209 1264 3267 ego
1304 3195 1505 3254 Paulus
1542 3195 1767 3256 obsecro
1801 3210 1900 3256 vos

295 3300 406 3357 per
451 3280 927 3339 mansuetudinem
975 3289 1030 3339 et
1069 3282 1390 3343 modestiam
1439 3284 1665 3356 Christi,
1698 3289 1793 3360 qui
1829 3287 1898 3346 ad

293 3370 501 3426 faciem
535 3368 757 3442 quidem
789 3368 1017 3427 humilis
1044 3386 1167 3428 sum
1198 3373 1257 3429 in
1305 3372 1461 3431 vobis
1498 3393 1510 3432 :
1545 3375 1737 3432 absens
1768 3393 1898 3434 vero

300 3456 528 3515 conﬁdo
560 3456 619 3513 in
660 3456 836 3515 vobis.
863 3481 883 3506 ι
925 3458 1043 3516 Hoc
1084 3467 1183 3530 est,
1225 3461 1371 3536 quod
1397 3477 1549 3520 nunc
1581 3461 1737 3533 dicit,
1768 3465 1899 3536 quia

296 3546 430 3603 talis
467 3552 549 3602 est
577 3543 792 3614 absens,
818 3546 998 3619 qualis
1022 3556 1077 3604 et
1103 3564 1357 3621 praesens.
1386 3550 1497 3610 Nec
1524 3550 1672 3610 enim
1702 3552 1898 3613 humi-

302 3634 372 3690 lis
398 3642 515 3690 erat
546 3633 613 3689 ad
653 3634 848 3691 faciem
869 3635 1184 3694 adulatione
1211 3646 1305 3696 aut
1342 3638 1684 3713 subjectione
1711 3642 1897 3703 alicu-

299 3724 393 3797 jus
431 3724 533 3794 rei,
555 3726 650 3800 qui
681 3727 1043 3785 constantiam
1071 3745 1222 3787 suam
1253 3732 1333 3789 sic
1362 3731 1656 3802 zelabatur,
1686 3741 1750 3791 ut
1784 3735 1898 3793 ali-

305 3812 528 3885 quando
570 3813 736 3873 etiam
765 3831 797 3870 a
825 3814 993 3873 licitis
1024 3824 1367 3891 temperaret,
1407 3837 1477 3878 ne
1515 3821 1894 3887 inclinaretur.

302 3900 456 3958 Unde
485 3901 621 3957 dicit
650 3902 707 3957 in
735 3902 841 3959 alia
860 3905 1090 3979 epistola
1115 3924 1127 3962 :
1167 3907 1387 3965 «Omnia
1416 3909 1556 3967 mihi
1580 3910 1768 3979 licent,
1799 3911 1897 3971 sed

300 4005 401 4060 ego
428 3989 529 4045 sub
557 3990 766 4047 nullius
815 3991 1030 4066 redigar
1075 4001 1373 4067 potestate.
1420 3998 1558 4057 Esca
1615 4001 1818 4069 ventri,
1842 4009 1898 4063 et

306 4086 501 4133 venter
551 4081 687 4136 escis
721 4099 732 4135 :
765 4082 912 4137 Deus
966 4088 1147 4140 autem
1203 4085 1351 4143 hunc
1401 4094 1456 4145 et
1508 4088 1606 4146 has
1653 4089 1897 4153 destruet

304 4166 367 4237 (Ι
398 4166 524 4222 Cor.
556 4184 635 4234 vr,
670 4168 758 4236 i2,
791 4169 903 4241 l3).
934 4195 955 4219 ι
995 4171 1125 4227 Ideo
1163 4190 1289 4245 ergo
1329 4174 1521 4232 absens
1559 4176 1892 4247 obeecratur,

302 4262 356 4310 et
379 4254 703 4311 modestiam
734 4256 945 4313 Christi
982 4258 1314 4333 interponit;
1349 4279 1415 4317 ne
1443 4281 1678 4335 praesens
1704 4265 1895 4324 durior

303 4343 627 4400 inveniatur
655 4361 817 4402 causa
844 4347 1095 4403 virorum
1143 4364 1354 4418 eorum,
1387 4367 1548 4422 quam
1576 4364 1656 4411 est
1683 4357 1740 4411 in
1770 4357 1899 4429 epi-

1932 3117 1977 3179 Ο

298 4432 484 4500 stola;
516 4440 581 4489 ut
606 4445 996 4532 componentes
1035 4452 1114 4507 se,
1142 4439 1240 4512 qui
1279 4438 1458 4495 adhuc
1502 4457 1614 4498 non
1648 4446 1896 4502 emenda-
1927 4472 1977 4532 D

304 4531 525 4592 verant,
585 4524 867 4581 mollirent
911 4527 1021 4585 sibi
1074 4527 1310 4602 rigorem
1358 4530 1610 4601 Apostoli
1643 4543 1740 4589 :nt
1786 4551 1898 4591 mo-

305 4613 528 4670 deratos
557 4620 653 4670 eos
674 4615 983 4685 inveniens,
1013 4633 1197 4691 pressa
1225 4619 1513 4676 severitate
1533 4620 1805 4678 laetaretur
1835 4624 1895 4680 in

300 4702 402 4758 eis.
437 4702 844 4761 Conﬁdentiam
873 4706 1055 4780 itaque
1083 4707 1345 4766 ﬁduciam
1375 4710 1682 4767 severitatis
1713 4711 1895 4784 signi-

300 4791 513 4858 ﬁcavit,
547 4808 712 4864 quam
744 4792 882 4850 forte
912 4794 970 4850 in
999 4796 1231 4867 epistola
1270 4806 1484 4855 tantum
1514 4799 1715 4857 habere
1745 4809 1896 4877 puta-

300 4878 489 4946 batur,
537 4896 648 4935 non
704 4889 886 4937 tamen
937 4899 1174 4955 praesens
1220 4886 1393 4951 facie;
1435 4888 1562 4958 quia
1614 4889 1674 4945 in
1721 4890 1898 4962 prima

302 4967 542 5039 epistola
578 4985 819 5039 severus,
853 4979 906 5027 et
945 4971 1114 5028 nimis
1148 4973 1359 5046 rigidus
1398 4974 1616 5031 videtur
1644 4994 1660 5046 ;
1692 4986 1747 5033 et
1773 4979 1897 5036 ideo

298 5067 619 5114 commonet
648 5077 718 5117 ne
745 5059 933 5116 eadem
963 5061 1251 5119 severitate
1277 5079 1515 5136 praesens
1532 5070 1739 5134 utatur,
1754 5067 1897 5125 sicut

305 5164 425 5203 non
455 5149 764 5220 sperabant.

377 5256 498 5327 (78)
532 5258 691 5314 Rom.
722 5257 880 5334 edit,
927 5259 1306 5334 communionis
1347 5267 1532 5317 vestrae
1558 5261 1617 5316 in
1659 5260 1820 5334 ipsos,
1851 5268 1899 5318 et

304 5327 367 5381 in
388 5345 594 5406 quine},
627 5336 675 5383 et
710 5330 781 5406 in‘
795 5331 1038 5406 ipsorum
1066 5330 1323 5406 oratione,
1355 5338 1458 5406 et_c.

378 5399 498 5479 (79)
530 5399 689 5479 Rom.
721 5399 877 5470 edit.,
931 5403 1123 5479 Gratia
1168 5407 1341 5458 autem
1380 5402 1485 5457 Deo
1516 5419 1671 5478 super
1700 5406 1898 5479 ine/fa-

298 5469 403 5524 bili
426 5472 585 5526 dono.
619 5473 831 5527 Donum
859 5469 1017 5542 enim,
1050 5481 1152 5530 etc.

299 5542 798 5673 “(timeaonnulli
836 5560 991 5616 mss,
1045 5544 1180 5604 hanc
1223 5560 1327 5604 esse
1361 5545 1729 5619 conﬁdentiam
1754 5546 1899 5603 dixit

448 5654 467 5684 θ
499 5654 606 5674 νυνι

3503 303 3606 361 334

2084 414 2265 487 (Vere.
2301 414 2380 486 2.)
2425 438 2443 463 ι
2476 417 2625 487 Rogo
2646 427 2824 477 autem
2855 426 2918 476 ut
2948 436 3059 479 non
3090 437 3323 493 prresens
3361 423 3591 483 audeam

2013 518 2108 573 per
2136 518 2255 559 eam
2301 502 2579 569 ﬁduciam,
2613 520 2717 576 qua
2761 507 3049 565 existimor
3091 510 3286 565 audere
3338 512 3394 567 in
3443 530 3600 584 quos-

2014 592 2161 664 dam,
2200 592 2295 667 qui
2323 590 2661 650 arbitrantur
2693 609 2789 653 nos
2813 598 3113 656 secundum
3142 616 3359 655 carnem
3398 602 3600 659 ambu-

2014 678 2149 738 lare.
2181 705 2202 730 ι
2246 680 2396 739 Idem
2427 696 2618 747 sensus
2650 690 2747 750 est,
2781 700 2937 756 quem
2962 697 3024 744 ιιι
3051 688 3336 757 dilucidet,
3367 692 3596 763 repetit;

2015 775 2136 825 orat
2163 768 2310 826 enim
2354 778 2416 826 ut
2443 771 2578 827 tales
2611 770 2737 829 illos
2767 772 3029 843 inveniat,
3058 792 3124 832 ne
3153 786 3375 849 cogatur
3418 780 3599 848 irasci,

2015 856 2110 912 sed
2140 865 2202 915 ut
2243 859 2546 931 requiescat
2576 874 2702 916 cum
2750 860 2849 917 eis.
2891 861 2994 917 Hic
3037 879 3162 933 ergo
3191 866 3422 935 aperuit,
3453 867 3601 938 quod

2014 960 2178 1017 supra
2202 946 2243 1002 si
2252 946 2533 1018 gniﬁcavit
2561 956 2615 1002 et
2634 947 2816 1005 adhuc
2832 949 2891 1006 in
2911 948 3172 1020 subjectis
3198 953 3409 1022 plenius
3430 956 3600 1011 mani-

2013 1032 2192 1101 festat,
2222 1034 2362 1090 hanc
2399 1050 2515 1090 esse
2562 1036 2973 1106 confidentiam,
3020 1055 3181 1111 quam
3228 1040 3319 1095 hic
3349 1040 3603 1101 ﬁduciam

2013 1120 2319 1191 dixit,dat£e
2342 1123 2457 1195 (80)
2490 1124 2597 1181 sibi
2628 1127 2912 1197 potestatis
2940 1145 2971 1181 a
3001 1128 3242 1197 Christo,
3277 1129 3433 1199 cujus
3464 1131 3603 1186 vica-

2014 1210 2127 1266 rius
2155 1220 2264 1277 est;
2298 1222 2359 1269 ut
2382 1212 2623 1269 vindicet
2651 1214 2705 1269 in
2739 1231 2831 1269 eos
2856 1216 2971 1288 qui,
3006 1216 3108 1271 sub
3139 1218 3363 1273 nomine
3394 1219 3603 1276 Christi

2013 1306 2254 1370 agentes,
2310 1316 2422 1355 non
2476 1300 2801 1371 obaudiunt,
2857 1312 2921 1358 ut
2973 1304 3245 1375 corrigant
3291 1305 3349 1360 in
3401 1305 3603 1377 quibus

2014 1387 2515 1459 reprehenduntur.
2540 1391 2651 1446 llos
2677 1390 2813 1447 dicit
2842 1390 2937 1463 qui
2968 1407 3077 1447 non
3100 1393 3412 1462 recipiendo
3441 1394 3599 1465 spiri-

2014 1476 2164 1544 talia,
2206 1494 2325 1549 quae
2362 1478 2431 1534 ab
2461 1480 2726 1550 Apostolo
2759 1478 3105 1549 dicebantur,
3136 1480 3217 1537 sic
3248 1497 3371 1536 eum
3400 1482 3602 1539 existi-

2013 1563 2255 1633 mabant,
2285 1567 2444 1640 quasi
2489 1569 2731 1625 carnalia
2761 1570 3096 1642 loqueretur,
3138 1585 3258 1642 quae
3288 1570 3602 1641 recipienda

2013 1668 2123 1709 non
2148 1664 2346 1712 essent.
2380 1655 2509 1713 Ideo
2524 1657 2692 1715 dicit:
2725 1681 2744 1705 ι
2764 1658 2906 1724 Quia
2919 1658 3258 1721 arbitrantur
3285 1675 3384 1714 nos
3412 1676 3601 1716 secun-

2013 1739 2145 1797 dum
2171 1757 2390 1801 carnem
2409 1744 2724 1813 ambulare;
2754 1769 2775 1795 ι
2806 1746 2938 1819 quia
2951 1746 3047 1820 qui
3073 1745 3283 1819 spernit
3310 1747 3598 1819 spiritalia,

2014 1837 2171 1901 putat
2200 1831 2298 1887 illa
2318 1832 2560 1889 carnalia
2591 1832 2732 1904 (81).

2087 1918 2268 1990 (Vere.
2290 1920 2371 1991 3.)
2403 1944 2421 1967 ι
2441 1922 2575 1977 Nam
2607 1920 2666 1977 in
2694 1936 2855 1981 carne
2884 1922 3250 1993 ambulantes,
3279 1941 3389 1982 non
3410 1942 3597 1984 secun-

2016 2007 2149 2069 dum
2175 2026 2394 2069 carnem
2426 2012 2747 2071 militamus.
2772 2039 2791 2063 ν
2835 2016 2949 2073 Hoc
2972 2026 3074 2084 est,
3098 2017 3154 2074 in
3182 2034 3405 2088 corpore
3436 2020 3595 2089 positi

2016 2098 2343 2171 spiritaliter
2362 2099 2602 2157 vivimus
2625 2118 2637 2156 :
2673 2101 2991 2173 spiritaliter
3006 2105 3152 2161 enim
3172 2106 3332 2173 vivit,
3358 2107 3451 2178 qui
3468 2109 3598 2163 facit

2015 2186 2159 2259 quod
2188 2188 2365 2260 placet
2385 2192 2517 2247 Deo.
2542 2190 2645 2249 Hic
2663 2207 2790 2264 ergo
2810 2192 3108 2250 secundum
3136 2209 3353 2249 carnem
3371 2196 3594 2264 militat,

2012 2278 2107 2350 qui
2135 2277 2420 2336 desideriis
2450 2281 2631 2339 carnis
2658 2281 3029 2353 obtemperat;
3058 2284 3239 2337 omnis
3269 2283 3415 2338 enim
3446 2300 3618 2340 error.

2012 2376 2135 2419 caro
2165 2362 2386 2423 dicitur.
2415 2366 2633 2424 Christo
2660 2375 2843 2426 autem
2872 2369 2986 2443 ipse
3007 2368 3230 2437 militat,
3257 2370 3352 2443 qui
3369 2369 3597 2426 obandit

2013 2455 2063 2511 ei
2091 2458 2149 2513 in
2180 2460 2285 2517 ﬁde
2317 2469 2372 2517 et
2397 2462 2709 2536 disciplina.

2085 2549 2264 2619 (Vere.
2282 2551 2364 2621 4.)
2392 2575 2411 2599 ι
2425 2555 2591 2608 Arma
2607 2554 2755 2608 enim
2785 2554 3002 2609 militiae
3017 2562 3216 2610 nostrae
3229 2571 3338 2611 non
3360 2556 3598 2612 carnalia

2012 2645 2163 2705 sunt,
2184 2638 2278 2693 sed
2303 2638 2465 2693 fortia
2492 2642 2626 2694 Deo.
2650 2662 2667 2687 ι
2703 2638 2831 2695 Ideo
2860 2639 3041 2705 fortia,
3085 2641 3215 2711 quia
3246 2642 3593 2714 incorrupta;

2015 2729 2201 2785 omnia
2228 2728 2375 2785 enim
2408 2730 2648 2785 carnalia
2672 2738 2931 2801 corrupta
2964 2738 3109 2787 sunt.
3134 2733 3301 2788 Arma
3314 2735 3594 2803 ergoideo,

2016 2816 2146 2889 quia
2172 2825 2478 2889 repugnant
2506 2817 2681 2887 vitiis,
2711 2819 2929 2890 signum
2971 2818 3228 2875 habentia
3258 2820 3599 2892 imperatoris

2016 2907 2103 2963 sui
2135 2907 2361 2976 Christi,
2393 2909 2486 2981 qui
2514 2909 2685 2965 hostis
2711 2917 2794 2966 est
2818 2910 3099 2977 vitiorum;
3133 2911 3276 2966 sicut
3304 2912 3452 2966 enim
3485 2912 3600 2966 im—

2015 3004 2229 3069 perator
2256 3013 2351 3069 per
2378 2998 2584 3054 milites
2609 3016 2737 3055 suos
2756 2998 3003 3055 vindicat
3030 3016 3191 3055 suum
3221 3016 3445 3071 regnum
3477 3018 3487 3055 :
3523 2999 3598 3055 ita

2014 3093 2068 3143 et
2104 3086 2354 3144 Salvator
2382 3103 2477 3159 per
2513 3103 2614 3143 nos
2643 3103 2831 3143 servos
2869 3103 2997 3145 suos
3029 3088 3274 3144 defendit
3302 3089 3469 3144 unius
3496 3089 3593 3144 Dei

2008 3174 2403 3244 professionem
2431 3184 2486 3232 et
2505 3175 2875 3249 disciplinam.

2079 3272 2263 3345 (Vere.
2298 3275 2380 3345 5.)
2425 3297 2444 3322 ‹
2471 3275 2556 3331 Ad
2574 3275 3001 3334 destructionem
3028 3275 3424 3345 munitionum,
3454 3276 3595 3347 cogi-

2010 3363 2243 3421 tationes
2263 3363 2692 3432 destruentes,et
2709 3382 2926 3422 omnem
2959 3368 3312 3423 altLt-i-iinem
3331 3367 3596 3420 extollen-

2010 3460 2117 3508 tem
2148 3470 2204 3510 se
2221 3454 2482 3510 adversus
2515 3455 2883 3527 cognitionem
2920 3456 3038 3510 ilei.
3068 3482 3086 3504 ι
3132 3458 3299 3510 Arma
3327 3455 3595 3526 spiritalia

2008 3538 2142 3597 ﬁdes
2171 3550 2253 3599 est
2307 3542 2639 3617 incorruptae
2688 3546 3114 3619 praedicationis.
3151 3545 3252 3599 Per
3295 3544 3412 3600 hrec
3454 3546 3597 3600 Deus

2008 3629 2184 3688 vincit
2212 3630 2485 3704 principes
2511 3640 2567 3688 et
2595 3640 2909 3705 potestates,
2947 3652 3084 3706 quos
3131 3640 3343 3689 constat
3391 3641 3452 3688 ut
3492 3634 3596 3689 sibi

2007 3728 2271 3793 usurpent
2301 3721 2831 3794 imperium,extolli
2853 3733 3046 3779 centra
3076 3725 3239 3777 ﬁdem
3262 3724 3490 3791 Christi,
3512 3742 3595 3778 co-

2009 3809 2370 3881 gitationibus
2398 3828 2454 3867 se
2478 3812 2769 3867 hominum
2802 3812 3125 3880 inserentes,
3157 3821 3219 3868 ut
3248 3820 3478 3867 avocent
3508 3829 3598 3866 eos

2007 3913 2039 3954 a
2066 3900 2165 3954 Dei
2200 3904 2340 3961 196
2368 3900 2639 3969 dominio,
2677 3918 2811 3974 quas
2843 3903 3203 3974 cogitationes
3232 3901 3466 3956 destruit
3495 3916 3599 3953 ve-

2008 3998 2142 4054 ritas
2164 3997 2314 4055 ﬁdei.
2347 4001 2681 4058 Munitionee
2710 4019 2835 4075 ergo
2867 4003 3143 4073 principes
3173 4000 3309 4052 dicit
3349 4007 3399 4050 et
3438 4004 3599 4065 pote-

2007 4093 2188 4156 states,
2215 4097 2270 4145 et
2318 4091 2585 4162 spiritalia
2633 4092 2916 4163 nequitiae,
2969 4090 3064 4161 qui
3119 4103 3175 4140 se
3216 4084 3514 4151 extollunt,
3546 4093 3599 4140 et

2008 4187 2222 4234 armant
2248 4178 2559 4236 inﬁdelium
2594 4180 2809 4234 animos
2836 4178 2904 4232 ad
2936 4172 3420 4232 contradicendmn
3446 4172 3597 4228 Chri-

2007 4273 2089 4321 sto
2118 4275 2347 4324 :contra
2380 4284 2518 4340 quos
2552 4274 2761 4338 pugnat
2788 4264 2886 4320 Dei
2922 4264 3030 4329 lex,
3064 4261 3334 4333 dissipans
3363 4264 3594 4319 consilia

2008 4365 2212 4411 eorum.
2247 4358 2357 4411 «Et
2379 4354 2437 4411 in
2457 4353 2833 4426 captivitatem
2858 4351 3164 4425 redigentes
3195 4368 3413 4425 omnem
3443 4352 3598 4408 intel-

2008 4443 2230 4514 lectum,
2260 4455 2314 4502 et
2344 4446 2704 4519 perducentes
2734 4444 2801 4500 ad
2831 4444 3199 4501 obedientiam
3232 4442 3595 4515 Cbristi(82).

2008 4532 2263 4604 Captivat
2316 4537 2680 4603 intellectum,
2726 4534 2857 4590 dum
2889 4532 3357 4591 contradicentem
3392 4534 3599 4587 ratione

2006 4621 2215 4678 vincit:
2253 4630 2308 4677 et
2334 4625 2403 4680 ad
2436 4625 2599 4680 ﬁdem
2632 4622 2859 4689 Christi,
2888 4623 2979 4677 cui
3004 4622 3157 4693 prius
3186 4628 3598 4694 repugnaverat,

2006 4708 2273 4766 humilem
2304 4719 2359 4766 et
2388 4718 2735 4765 mansuetum
2768 4710 3004 4765 inducit.

2078 4798 2259 4871 (Vere.
2296 4797 2375 4869 6.)
2422 4820 2440 4843 ι
2468 4798 2539 4852 Et
2570 4797 2742 4868 parati
2781 4797 2838 4852 in
2870 4797 3129 4853 omnibus
3159 4796 3442 4855 vindicare
3472 4816 3601 4855 om—

2006 4904 2132 4945 nem
2171 4885 2625 4954 inobedientiam,
2668 4902 2794 4941 cum
2833 4887 3059 4959 impleta
3104 4887 3270 4943 fuerit
3318 4890 3601 4943 obanditio

2006 4986 2204 5035 vestra.
2236 5003 2254 5025 ι
2299 4978 2653 5035 Manifestum
2684 4982 2765 5031 est
2813 4976 2943 5049 quia
2992 4976 3238 5033 vindicat
3270 4977 3599 5031 inobeelien—

2008 5067 2163 5135 tiam,
2193 5083 2319 5124 cum
2350 5065 2503 5122 illam
2553 5065 2883 5121 condemnat
2925 5082 3021 5137 per
3058 5065 3422 5119 obedientiam
3460 5064 3597 5135 (83),

2006 5164 2140 5212 tunc
2167 5154 2319 5211 illam
2350 5155 2656 5222 destruens,
2685 5153 2906 5226 quando
2932 5170 3024 5209 eos
3044 5154 3138 5225 qui
3169 5154 3451 5217 resistunt,
3469 5167 3600 5220 per-

2100 5263 2194 5337 8!)
2224 5263 2325 5337 bis.
2359 5262 2545 5337 Corb.,
2573 5261 2843 5337 putatilli
2872 5260 3119 5337 carnalia
3152 5260 3377 5337 pial‘t’t‘L’.
3438 5323 3492 5337 Μ
3550 5322 3561 5333 .

2101 5264 2166 5319 81
2226 5264 2325 5319 Ms.
2359 5264 2545 5330 Corb.,
2573 5267 2731 5333 putat
2757 5264 2843 5316 illi
2872 5264 3119 5315 carnalia.
3152 5264 3377 5335 placere.
3550 5322 3561 5333 ι

2101 5264 2194 5403 82ζ
2220 5335 2379 5390 Rom.
2418 5334 2573 5400 edit.,
2605 5334 2921 5388 intellectum
2948 5332 3018 5385 ad
3058 5330 3394 5403 obedientium
3432 5323 3599 5403 Chri—

2006 5391 2097 5476 sti:
2126 5391 2372 5476 Captivat
2429 5391 2760 5460 intellectum.
2796 5405 2869 5476 At
2922 5391 3601 5476 continuoJpostbabetir

2006 5474 2063 5529 in
2090 5471 2218 5531 cod:
2245 5476 2393 5544 Val.,
2426 5476 2553 5531 dum
2581 5475 2914 5539 contradicit,
2946 5473 3071 5525 dum
3120 5471 3596 5544 fatigaveratneti.

2078 5545 2193 5617 (83)
2221 5546 2346 5604 Vet.
2378 5531 2512 5602 edit.
2546 5563 2608 5601 ac
2656 5562 2784 5600 mss.
2836 5531 2943 5597 non
2964 5537 3158 5662 (pauci,
3192 5531 3460 5613 obtrzitliiiq
3490 5552 3599 5590 no—

2078 5633 2138 5662 n-
2169 5616 2324 5662 Onnd
2357 5632 2488 5662 vam
2517 5616 2786 5662 munitur-
2810 5613 2869 5662 in
2898 5627 2961 5662 eo
3009 5650 3019 5662 .
3055 5604 3219 5661 Corb.
3252 5618 3331 5659 src
3358 5604 3559 5662 legitur
3583 5642 3594 5652 -

2006 5604 2139 5672 stre.
2169 5604 2328 5683 Quod
2357 5632 2488 5673 vero
2517 5616 2787 5688 sequitur,
2810 5613 2869 5666 in
2898 5604 3019 5666 cod.
3055 5604 3219 5661 Corb.
3252 5604 3331 5659 sic
3358 5604 3595 5681 legitur;
