4112 6178
493 263 594 321 333

1516 260 1614 315 AD
1653 259 1883 316 OPERA
1923 260 1973 315 S.
2018 261 2347 319 AMBROSII
2384 261 2760 321 APPENDIX.

3667 258 3773 331 336

492 386 644 443 ducit
675 387 737 442 ad
770 385 966 453 ﬁdem;
1005 393 1065 442 ut
1093 385 1321 457 perﬁdia
1349 384 1416 441 ab
1441 384 1511 441 iis
1539 400 1570 440 a
1595 386 1796 458 quibus
1822 384 2075 442 defende-
2102 394 2151 451 Α
2251 389 2432 458 (Vers.
2469 390 2582 459 12.)
2626 414 2642 435 ι
2673 391 2792 446 Non
2819 378 2968 445 enim
3019 378 3284 445 audemus
3312 390 3648 466 conjungere
3676 403 3772 453 aut

491 475 669 543 batur,
698 477 1004 532 damnetur.

566 566 745 633 (Vers.
777 566 853 635 7.)
900 566 1063 632 «Quae
1089 565 1388 622 secundum
1417 565 1613 621 faciem
1649 573 1796 633 sunt,
1829 566 2056 621 videte.-

490 654 647 709 Nunc
667 655 787 709 vult
830 670 920 709 eos
946 670 1065 726 quae
1095 656 1271 726 palam
1300 660 1449 721 sunt,
1488 653 1853 719 considerare,
1882 653 1939 709 id
1967 660 2069 721 est,

493 758 555 797 ea
583 759 702 815 quae
759 742 1007 799 dicturus
1056 750 1162 808 est;
1201 741 1329 814 quia
1376 750 1505 798 sunt
1535 751 1719 813 aperta
1746 741 2066 814 dijudicare.

491 830 640 887 Dicit
669 848 825 903 ergo:
860 857 877 878 α
899 832 953 886 Si
986 830 1108 902 quis
1132 831 1361 887 conﬁdit
1389 847 1446 887 se
1474 847 1589 887 esse
1619 847 1837 886 servum
1864 829 2070 889 Christi

494 920 636 991 (84),
672 920 777 976 hoc
810 920 1011 991 cogitet
1059 921 1257 977 iterum
1306 921 1450 993 apud
1496 939 1572 990 se,
1620 922 1749 995 quia
1787 922 1929 979 sicut
1957 922 2072 992 ipse

491 1007 696 1064 Christi
727 1016 826 1076 est,
859 1010 935 1064 ita
963 1016 1016 1063 et
1036 1025 1154 1065 nos.
1186 1034 1204 1055 ι
1239 1008 1312 1065 Iis
1345 1009 1607 1081 loquitur,
1637 1026 1868 1081 quorum
1898 1009 2073 1081 tangit

492 1098 825 1169 superbiam,
853 1099 945 1169 qui
977 1098 1043 1153 de
1071 1114 1127 1153 se
1154 1108 1539 1169 praesumentes
1568 1098 1848 1155 inflatione
1877 1100 2068 1168 animi,

493 1185 675 1240 minus
705 1201 862 1255 quam
896 1186 1122 1255 dignum
1167 1194 1299 1253 erat,
1353 1186 1418 1241 de
1450 1188 1711 1258 Apostolo
1743 1187 2069 1255 sentiebant,

493 1273 645 1341 quasi
678 1288 787 1326 non
812 1281 1028 1343 egerent
1066 1275 1350 1345 praeceptis
1379 1273 1516 1344 ejus.
1549 1274 1696 1340 Quos
1723 1283 2069 1342 commonet;

492 1368 554 1416 ut
584 1361 630 1415 si
660 1360 726 1416 de
751 1376 805 1415 se
835 1359 1190 1430 conﬁderent,
1215 1364 1341 1434 quia
1362 1371 1515 1418 erant
1544 1362 1687 1417 servi
1718 1361 1943 1431 Christi,
1961 1378 2071 1418 non

492 1448 682 1518 utique
712 1446 972 1504 deberent
998 1448 1064 1504 de
1094 1451 1357 1521 Apostolo
1377 1448 1630 1504 dubitare
1650 1467 1664 1514 ;
1683 1447 1777 1503 sed
1808 1455 1862 1504 et
1891 1447 1957 1504 de
1986 1464 2072 1516 eo,

493 1535 745 1606 quamvis
775 1536 949 1607 impar
979 1536 1069 1604 sit,
1088 1539 1175 1592 vel
1204 1537 1459 1593 similiter
1486 1536 1713 1603 sentire;
1737 1551 1862 1592 cum
1885 1534 2073 1608 utique

493 1624 666 1693 magis
708 1624 962 1693 praeferre
1014 1624 1119 1679 sibi
1157 1624 1417 1679 deberent
1447 1623 1766 1695 magistrum
1806 1623 2069 1695 gentium.

492 1711 598 1767 Sed
626 1710 717 1766 hic
745 1711 871 1766 illos
900 1710 1267 1766 humilitatem
1300 1710 1357 1765 in
1377 1727 1433 1767 se
1457 1711 1632 1779 docet,
1666 1725 1884 1784 aequatis
1911 1728 1968 1767 se
1997 1712 2076 1767 il-
2101 1740 2148 1801 B

494 1799 591 1864 lis;
626 1814 751 1854 cum
800 1806 937 1855 esset
967 1814 1061 1854 vas
1110 1798 1416 1867 electionis,
1445 1808 1500 1856 et
1535 1799 1791 1870 magister
1829 1799 2073 1871 gentium

490 1886 549 1942 in
582 1884 686 1940 ﬁde
715 1894 769 1941 et
796 1886 1044 1942 veritate.
1078 1886 1193 1943 Hoc
1234 1888 1355 1943 vult
1392 1901 1519 1957 ergo
1550 1886 1677 1943 illos
1706 1887 2072 1956 considerare,

493 1975 638 2044 quod
680 1976 867 2047 utique
913 1977 1057 2033 clara
1103 1977 1225 2034 luce
1263 1976 1512 2045 videtur;
1548 1978 1677 2050 quia
1705 1978 1772 2034 de
1810 1978 2072 2050 Apostolo

495 2080 652 2119 nemo
700 2064 1037 2121 credentium
1085 2081 1196 2121 non
1227 2066 1350 2137 plus
1387 2067 1641 2134 aestimet,
1674 2084 1835 2140 quam
1866 2068 1932 2125 de
1966 2085 2023 2125 se
2052 2085 2068 2125 :

493 2160 694 2223 quanto
726 2154 895 2225 magis
925 2169 1083 2209 nemo
1108 2154 1291 2210 minus
1323 2171 1485 2227 quam
1506 2156 1572 2212 de
1610 2172 1668 2212 se
1696 2156 1890 2212 debeat
1916 2157 2073 2213 aesti-

492 2241 686 2297 mare?
722 2241 831 2296 Hoc
878 2257 1004 2313 ergo
1045 2250 1380 2299 contestatur
1418 2252 1471 2299 et
1501 2244 1686 2311 docet;
1721 2260 1789 2300 ne
1837 2244 2072 2300 elatione

492 2330 691 2385 mentis
721 2331 875 2385 bonae
904 2330 1033 2385 vitae
1054 2330 1311 2386 meritum
1334 2331 1761 2402 perderent.Qui
1792 2332 1939 2389 enim
1968 2332 2071 2391 scit

488 2434 545 2473 se
575 2418 781 2490 aliquid
813 2435 943 2487 esse,
978 2419 1233 2475 humiliet
1261 2436 1336 2488 se,
1369 2427 1431 2476 ut
1460 2421 1698 2493 amplior
1724 2420 1839 2477 ﬁat.

561 2509 741 2580 (Vers.
784 2510 863 2579 8.)
915 2534 934 2557 ‹
968 2509 1105 2565 Nam
1144 2510 1246 2567 etsi
1285 2510 1496 2581 aliquid
1533 2511 1769 2582 amplius
1807 2512 2070 2584 gloriatus

486 2596 644 2653 fuero
672 2597 740 2653 de
773 2604 1036 2668 potestate
1065 2607 1270 2667 nostra,
1301 2615 1465 2672 quam
1503 2599 1655 2655 dedit
1682 2601 1842 2657 nobis
1869 2601 2071 2658 Domi-

488 2702 589 2743 nus
618 2686 676 2742 in
706 2685 1145 2757 mdiﬁcationem,
1187 2706 1299 2746 non
1328 2689 1386 2744 in
1421 2689 1847 2747 destructionem
1877 2690 2074 2760 vestri,

488 2790 595 2830 non
628 2775 961 2831 erubescam.
994 2801 1012 2824 ›
1059 2778 1216 2832 Nunc
1253 2778 1546 2848 signiﬁcat,
1581 2778 1709 2850 quia
1735 2779 1985 2850 superius
2011 2794 2068 2835 se

486 2862 822 2930 humiliavit,
873 2862 1007 2933 ipsis
1051 2879 1108 2918 se
1156 2866 1559 2936 comparando;
1609 2884 1734 2922 cum
1783 2868 1829 2924 si
1867 2884 1924 2924 se
1950 2867 2068 2925 eri-

484 2955 573 3019 gat
625 2949 764 3017 (85),
807 2964 917 3003 non
969 2949 1282 3018 erubescat;
1334 2952 1462 3023 quia
1498 2969 1530 3008 a
1571 2953 1809 3009 Domino
1859 2955 2070 3026 accepit

484 3043 800 3105 potestatem
849 3036 1203 3108 praedicandi,
1234 3045 1297 3093 ut
1343 3040 1536 3109 salvet,
1589 3056 1703 3096 non
1759 3049 1821 3097 ut
1877 3042 2068 3114 perdat

483 3123 857 3182 obaudientes.
891 3124 948 3181 Si
978 3142 1105 3197 ergo
1133 3126 1225 3183 hic
1254 3128 1349 3200 qui
1393 3145 1425 3185 a
1461 3130 1697 3185 Domino
1733 3131 1932 3187 missus
1962 3140 2061 3200 est,

481 3213 711 3271 inclinat
780 3232 856 3285 se,
909 3225 1187 3288 comparat
1266 3233 1323 3273 se
1403 3216 1787 3286 inferioribus;
1859 3227 2063 3292 quanto

481 3304 651 3375 magis
697 3304 759 3373 ii,
808 3305 902 3377 qui
952 3305 1161 3362 nullius
1192 3316 1349 3364 erant
1394 3308 1717 3377 testimonii,
1750 3324 2063 3381 comparare

479 3409 535 3448 se
564 3409 674 3447 non
704 3393 984 3462 deberent,
1017 3411 1130 3451 non
1177 3395 1356 3455 dicam
1388 3397 1661 3467 praeferre,
1708 3397 2009 3467 majoribus
2033 3398 2062 3455 ?

553 3479 732 3547 (Vers.
765 3482 846 3551 9.)
908 3506 927 3530 ι
964 3482 1035 3537 Ut
1076 3488 1256 3537 autem
1313 3498 1425 3536 non
1478 3483 1858 3539 existimemur
1906 3483 2060 3557 quasi

478 3576 678 3623 terrere
708 3584 805 3624 vos
853 3585 949 3641 per
994 3569 1271 3641 epistolas.
1303 3596 1325 3620 »
1363 3569 1462 3626 Ille
1507 3578 1684 3643 potest
1735 3572 1909 3629 videri
1956 3582 2061 3631 ter-

476 3670 594 3709 rere
637 3671 733 3726 per
775 3656 1049 3727 epistolas,
1102 3656 1199 3730 qui
1241 3674 1416 3732 neque
1457 3660 1803 3716 auctoritatis
1827 3661 2057 3734 alicujus

476 3750 577 3810 est,
610 3759 785 3816 neque
814 3761 1050 3817 praesens
1077 3746 1338 3805 ﬁduciam
1367 3746 1533 3804 habet
1550 3749 1812 3821 arguendi
1832 3767 1845 3808 :
1863 3750 2055 3808 absens

473 3839 655 3887 autem
687 3832 809 3889 ideo
838 3834 1020 3904 audet,
1053 3835 1183 3907 quia
1218 3852 1454 3908 praesens
1480 3837 1657 3896 timet.

545 3922 726 3992 (Vers.
759 3923 846 3992 10,
875 3924 988 3995 11.)
1035 3947 1053 3971 ι
1083 3924 1224 3992 Quia
1260 3925 1504 3997 epistolae
1534 3927 1755 3999 quidem
1785 3945 1973 4002 graves
1999 3938 2053 3986 et

472 4015 638 4071 fortes
691 4023 837 4084 sunt,
885 4019 1173 4089 praesentia
1214 4027 1393 4076 autem
1441 4021 1685 4092 corporis
1722 4022 1960 4092 inﬁrma,
1998 4031 2054 4081 et

471 4117 649 4157 sermo
696 4106 1144 4176 contemptibilis.
1200 4107 1316 4163 Hoc
1358 4107 1590 4165 aestimet
1631 4110 1726 4181 qui
1783 4109 2051 4180 ejusmodi

471 4196 570 4254 est,
594 4191 722 4259 quia
751 4194 936 4261 quales
963 4210 1152 4249 sumus
1172 4196 1341 4253 verbo
1369 4211 1464 4267 per
1495 4196 1753 4268 epistolas
1778 4197 2045 4267 absentes,

469 4275 603 4331 tales
632 4291 820 4332 sumus
849 4287 902 4332 et
949 4289 1238 4347 praesentes
1286 4284 1343 4337 in
1387 4299 1567 4355 opere.
1612 4308 1631 4332 ι
1681 4283 1810 4339 Ideo
1854 4301 1964 4340 non
1992 4303 2049 4344 se

466 4362 637 4419 alium
685 4378 798 4418 esse
853 4365 1154 4432 absentem,
1205 4385 1367 4439 quam
1412 4388 1647 4443 praesens
1689 4382 1792 4439 est,
1820 4375 2043 4444 probat;

467 4450 597 4522 quia
634 4467 744 4505 non
774 4459 889 4506 erat
927 4462 1309 4524 praesumptor.
1346 4460 1394 4512 A
1431 4459 1667 4515 Domino
1703 4460 1849 4516 enim
1886 4472 2049 4535 pote-

464 4547 657 4595 statem
688 4548 1001 4612 acceperat;
1045 4541 1134 4597 cui
1189 4544 1337 4599 enim
1370 4561 1479 4600 non
1511 4554 1590 4602 est
1619 4546 1743 4604 data
1791 4559 2043 4624 potestas,

463 4628 655 4684 absens
712 4638 886 4700 potest
952 4630 1168 4698 audere,
1230 4648 1467 4702 praesens
1530 4645 1714 4694 autem
1782 4641 2041 4711 pudorem

463 4715 686 4787 patitur.
718 4716 845 4771 Ideo
885 4718 1179 4787 Apostolus
1207 4734 1318 4775 non
1368 4720 1662 4791 erubescit,
1694 4723 1823 4781 dum
1864 4730 2045 4784 corri-

460 4803 574 4875 pit;
608 4804 736 4877 quia
789 4804 992 4861 ﬁducia
1042 4808 1321 4877 potestatis
1362 4807 1467 4868 hoc
1503 4812 1633 4884 agit.
1668 4814 1795 4871 Haec
1826 4825 2045 4888 propter

459 4892 561 4949 hos
593 4894 855 4966 loquitur,
888 4894 982 4966 qui
1009 4911 1119 4950 non
1143 4896 1293 4952 missi
1322 4898 1692 4969 praedicabant
1719 4901 2038 4972 adulantes;

458 4981 587 5054 quia
614 5000 670 5039 se
699 4984 845 5055 ipsos
870 4983 1252 5041 commendare
1285 4986 1562 5045 volebant.

454 5187 790 5264 Manifestum
822 5196 915 5258 est,
946 5189 1039 5259 qui
1075 5190 1306 5247 vindicat
1339 5192 1700 5264 obedientiam,
1732 5194 2039 5253 condemnat

452 5260 871 5317 inobetlientiam.

523 5332 638 5470 (84)
674 5333 829 5387 Itoni.
863 5332 1018 5402 edit.,
1047 5334 1261 5401 conﬁdit
1290 5352 1341 5390 se
1369 5352 1474 5393 esse
1504 5337 1724 5394 Christi.

545 5402 637 5470 85)
673 5402 874 5458 Eadem
903 5405 1058 5461 Itoni.
1084 5405 1239 5470 edit.,
1268 5423 1365 5459 cur
1389 5410 1433 5461 si
1453 5426 1505 5463 se
1523 5409 1712 5470 erigat;

486 5467 495 5477 .
523 5402 637 5472 (85)
673 5402 874 5481 Eadem
903 5405 1058 5461 Itoni.
1084 5405 1239 5471 edit.,
1268 5423 1365 5459 cur
1389 5410 1433 5461 si
1453 5426 1505 5463 se
1523 5409 1712 5480 erigat;
1733 5425 1876 5466 unus
1905 5427 2030 5481 ms.,

450 5484 495 5520 St
522 5487 573 5543 se
592 5482 849 5543 corrigat.

521 5540 636 5611 (86)
667 5540 823 5599 nam.
855 5544 1011 5613 cdit.,
1031 5546 1282 5600 audemus
1304 5548 1563 5619 conferre,
1582 5556 1678 5606 aut
1700 5566 2027 5623 comparare.

2181 468 2491 548 comparare
2524 478 2640 548 (86)
2672 493 2771 532 nos
2802 477 2947 548 ipsos
2996 476 3350 551 quibusdam,
3381 480 3477 551 qui
3526 497 3582 536 se
3621 482 3771 554 ipsos

2182 566 2585 620 commendant.
2617 591 2635 613 ι
2677 566 2745 620 Hi
2776 574 2905 623 sunt
2935 566 3027 639 qui
3085 582 3142 624 se
3170 568 3319 639 ipsos
3356 572 3766 645 commendant,

2183 652 2297 723 qui,
2322 668 2430 707 non
2453 660 2669 724 accepta
2696 661 2979 725 potestate,
3011 654 3287 712 dominari
3312 658 3526 727 volunt,
3556 663 3770 721 nomini

2182 755 2281 795 suo
2324 740 2668 796 vindicantes
2699 741 3098 799 auctoritatem.
3141 743 3248 811 Qui
3295 744 3444 802 enim
3502 749 3765 821 mittitur,

2183 844 2293 885 non
2348 829 2476 897 sibi,
2524 828 2619 885 sed
2647 829 2696 884 ei
2741 846 2773 884 a
2799 846 2906 902 quo
2939 830 3201 900 mittitur,
3245 831 3492 891 vindicat
3530 846 3768 909 potesta-

2180 921 2291 970 tem
2329 932 2467 988 :per
2513 915 2660 988 quod
2701 917 2862 972 etiam
2912 918 3153 974 ostendit
3206 935 3262 976 se
3312 936 3344 976 a
3381 922 3622 981 Domino
3661 924 3770 984 dis-

2183 1013 2522 1075 pensatorem
2580 1005 2837 1060 electum.
2870 1003 2962 1061 Sic
3016 1021 3142 1078 ergo
3198 1023 3310 1063 non
3364 1009 3647 1084 conjungit
3687 1028 3768 1073 se,

2183 1100 2277 1147 aut
2322 1099 2598 1164 comparat
2645 1091 2715 1146 iis
2747 1092 2841 1164 qui
2893 1108 3004 1148 non
3052 1093 3204 1150 missi
3252 1096 3571 1168 praedicant,
3628 1100 3765 1159 dum

2183 1179 2324 1235 nihil
2356 1179 2501 1236 ultra
2528 1195 2844 1236 concessum
2874 1181 3158 1252 praesumit
3189 1181 3328 1255 (87).

2257 1315 2436 1386 (Vers.
2471 1314 2586 1387 13.)
2630 1339 2649 1363 ι
2676 1314 2781 1371 Sed
2810 1314 2915 1387 ipsi
2947 1315 3005 1371 in
3035 1316 3194 1373 nobis
3214 1320 3577 1390 nosmetipsos
3608 1338 3768 1379 inen-

2183 1412 2450 1470 surantes,
2500 1412 2555 1459 et
2598 1410 2974 1474 comparantes
3023 1406 3388 1478 nosmetipsos
3432 1408 3616 1477 nobis,
3654 1427 3766 1469 non

2185 1492 2510 1548 immensum
2542 1492 2902 1562 gloriabimur
2935 1509 2947 1546 :
2979 1492 3073 1549 sed
3103 1494 3405 1552 secundum
3454 1512 3766 1557 mensuram

2184 1581 2381 1651 regulae
2409 1596 2571 1653 quam
2602 1581 2835 1652 partitus
2890 1588 2972 1638 est
3026 1580 3185 1639 nobis
3233 1584 3400 1652 Deus,
3456 1600 3768 1645 mensuram

2184 1667 2526 1740 pertingendi
2590 1683 2762 1742 usque
2813 1666 2884 1725 ad
2939 1685 3055 1727 vos.
3103 1696 3124 1720 ι
3186 1670 3358 1728 Tanta
3404 1687 3461 1728 se
3502 1678 3585 1730 uti
3622 1674 3764 1735 dicit

2181 1762 2463 1827 potestate,
2525 1765 2730 1828 quanta
2782 1771 3036 1813 concessa
3091 1765 3174 1815 est
3227 1757 3296 1815 ab
3343 1758 3599 1829 Auctore,
3659 1779 3764 1820 nec

2182 1857 2491 1898 mensuram
2525 1842 2726 1913 egredi.
2758 1841 2971 1902 Idcirco
3001 1860 3111 1901 non
3139 1845 3375 1919 superba
3408 1847 3533 1917 erit,
3563 1850 3768 1925 inquit,

2183 1930 2434 2002 gloriatio
2490 1938 2674 1987 nostra
2694 1949 2710 1999 ;
2753 1932 2972 2004 quando
3029 1949 3139 1990 non
3191 1934 3629 2007 transgredimur
3660 1947 3766 1997 ter-

2173 2019 2395 2076 minum
2450 2019 2590 2076 datae
2649 2020 2952 2091 potestatis.
3019 2022 3262 2079 Gloriam
3310 2041 3410 2096 pro
3445 2027 3764 2085 auctoritate

2182 2107 2382 2178 posuit,
2427 2124 2534 2179 qua
2569 2107 2825 2164 utebatur
2863 2109 2922 2165 in
2961 2111 3405 2184 correptionibus
3452 2118 3589 2177 197
3641 2131 3761 2189 pec-

2179 2211 2423 2259 catorum
2448 2220 2462 2269 ;
2511 2210 2573 2259 ut
2600 2204 2778 2260 salvos
2806 2220 2899 2261 eos
2926 2205 3145 2263 faceret.
3177 2207 3291 2264 Nec
3317 2216 3502 2267 tamen
3531 2212 3751 2284 gloriari

2179 2306 2235 2347 se
2250 2290 2385 2346 dicit
2401 2290 2457 2344 in
2479 2290 2798 2348 extollentia
2818 2294 3120 2364 potestatis,
3138 2294 3235 2352 sed
3252 2295 3323 2352 ad
3340 2297 3755 2357 aediﬁcationem

2178 2379 2420 2435 illorum.
2454 2379 2706 2436 Ostendit
2732 2380 2880 2436 enim
2928 2389 3271 2454 potestatem,
3304 2384 3372 2442 de
3401 2402 3510 2460 qua
3551 2388 3598 2444 si
3645 2388 3753 2460 glo-

2177 2468 2308 2525 riari
2337 2468 2521 2537 vellet,
2566 2484 2677 2525 non
2706 2468 2867 2525 illum
2914 2470 3143 2542 puderet
3172 2472 3326 2547 (88);
3357 2475 3489 2549 quia
3524 2475 3650 2533 data
3675 2483 3756 2533 est

2173 2560 2261 2622 illi
2290 2577 2323 2616 a
2347 2560 2601 2617 Domino.
2633 2560 2738 2617 Sed
2766 2560 2860 2618 hic
2888 2562 2967 2621 sic
3011 2564 3109 2620 illa
3155 2565 3351 2636 utitur,
3381 2578 3446 2626 ut
3488 2585 3598 2628 non
3641 2571 3751 2645 glo-

2177 2649 2349 2705 rietur
2378 2691 2394 2716 ,
2443 2648 2550 2705 nisi
2608 2648 2667 2704 in
2716 2650 2962 2721 profectu
3017 2651 3356 2711 credentium
3379 2699 3397 2725 ,
3457 2658 3760 2732 corripiens

2175 2743 2488 2794 constanter
2527 2737 2791 2803 vitiosos;
2825 2745 2887 2794 ut
2923 2739 3186 2810 glorietur
3213 2741 3272 2798 in
3302 2743 3479 2802 salute
3506 2745 3754 2815 illorum,

2174 2833 2237 2881 ut
2263 2832 2498 2897 potestas
2512 2824 2637 2881 data
2665 2824 2827 2881 saluti
2849 2825 3113 2897 proﬁciat,
3128 2843 3239 2884 non
3257 2829 3503 2887 elationi.
3526 2834 3752 2905 Duplici

2176 2928 2302 2983 ergo
2329 2928 2520 2984 genere
2540 2927 2651 2968 non
2681 2927 2736 2968 se
2765 2909 2823 2967 in
2859 2911 3187 2969 immensum
3225 2914 3449 2986 gloriari
3476 2924 3748 2986 testatur;

2176 3009 2229 3055 et
2251 3000 2379 3072 quia
2402 3000 2701 3057 secundum
2747 2999 2925 3057 datam
2971 3007 3314 3072 potestatem,
3343 3002 3488 3062 sicut
3513 3004 3684 3075 dixit,
3701 3013 3761 3065 et

2100 3088 2144 3149 C
2175 3088 2303 3159 quia
2330 3104 2440 3144 non
2471 3090 2617 3144 ultra
2647 3089 2794 3161 quod
2832 3088 3146 3161 praedicatio
3173 3088 3291 3162 ejus
3317 3100 3591 3164 personet,
3624 3094 3757 3152 vin—

2171 3174 2387 3233 dicabat
2414 3176 2518 3232 sibi
2548 3176 2946 3233 auctoritatem.
2993 3178 3071 3233 De
3116 3176 3205 3234 his
3244 3178 3390 3235 enim
3421 3181 3746 3252 conﬁdebat,

2171 3279 2307 3335 quos
2341 3264 2456 3335 ipse
2484 3264 2809 3321 fundaverat
2840 3265 2897 3320 in
2922 3264 3029 3320 ﬁde
3058 3264 3287 3323 Christi.
3316 3266 3584 3324 Partitum
3602 3269 3752 3326 enim

2169 3350 2305 3408 dicit
2335 3353 2656 3426 unicuique,
2687 3353 2753 3409 ad
2794 3369 2930 3425 quos
2971 3353 3027 3408 in
3058 3353 3446 3425 praedicatione
3475 3355 3750 3432 dirigere-

2168 3446 2293 3496 tur:
2326 3449 2389 3497 ut
2415 3441 2616 3513 singuli
2646 3441 2893 3514 proprias
2921 3441 3132 3514 aliquas
3160 3442 3412 3500 civitates
3463 3444 3744 3516 haberent,

2168 3530 2235 3588 de
2262 3548 2495 3605 quorum
2524 3532 2629 3590 ﬁde
2660 3534 3039 3606 gloriarentur.
3081 3534 3180 3590 Dei
3220 3534 3367 3592 enim
3408 3543 3549 3592 nutu
3572 3537 3743 3596 Mace-

2166 3617 2403 3678 donibus
2446 3621 2739 3694 praedicare
2773 3620 3068 3678 advocatus
3096 3628 3177 3677 est
3202 3620 3295 3679 hic
3322 3623 3620 3695 Apostolus
3650 3643 3664 3682 :
3689 3633 3746 3682 ct

2164 3715 2227 3764 ut
2253 3708 2554 3767 Corinthiis
2612 3709 3022 3783 evangelizaret,
3053 3725 3086 3765 a
3137 3709 3373 3767 Domino
3425 3711 3741 3770 admonitus

2162 3802 2261 3854 est.
2290 3797 2364 3854 Iis
2409 3813 2536 3869 ergo
2575 3798 2837 3854 audenter
2866 3797 3128 3870 loquitur,
3159 3813 3296 3871 quos
3323 3796 3439 3871 ipse
3467 3798 3723 3857 fundavit

2160 3892 2216 3941 et
2258 3884 2327 3941 ad
2372 3858 2509 3959 quos
2546 3886 2647 3942 Dei
2700 3893 2841 3942 nutu
2888 3858 3136 3957 pervenit
3214 3858 3426 3943 caeteris
3469 3902 3579 3943 non
3636 3858 3745 3946 tali

2160 3971 2380 4040 ﬁducia;
2414 3972 2542 4046 quia
2560 3973 2620 4027 in
2642 3974 2820 4030 aliena
2838 3974 3025 4046 regula
3041 3979 3219 4041 erant,
3248 3972 3355 4033 hoc
3373 3981 3475 4044 est,
3496 3974 3558 4031 in
3585 3983 3747 4050 parte

2158 4059 2383 4119 alterius
2409 4061 2776 4133 evangelista.

2232 4197 2411 4269 (Vers.
2445 4198 2555 4270 14.)
2603 4222 2623 4247 ι
2647 4198 2768 4255 Non
2805 4196 2953 4254 enim
3000 4200 3156 4272 quasi
3212 4216 3325 4258 non
3366 4198 3738 4273 pertingentes

2157 4302 2327 4359 usque
2360 4285 2429 4341 ad
2456 4302 2575 4353 vos,
2607 4285 3119 4358 superextendimus
3146 4303 3282 4344 nos:
3312 4309 3331 4335 ι
3374 4285 3480 4344 hoc
3501 4294 3604 4356 est,
3629 4302 3743 4344 non

2156 4372 2309 4448 quasi
2338 4388 2448 4428 non
2477 4374 2887 4444 pervenerimus
2934 4388 3103 4443 usque
3141 4372 3208 4427 ad
3240 4388 3358 4440 vos,
3389 4383 3743 4446 superexteu-

2156 4464 2340 4520 dimus
2397 4479 2497 4519 nos
2551 4464 2611 4519 in
2666 4462 3082 4535 praedicatione;
3144 4459 3240 4517 sed
3292 4460 3575 4529 destinati,
3627 4465 3743 4521 Deo

2156 4552 2405 4607 mittente
2435 4566 2553 4617 nos,
2567 4549 2635 4604 ad
2662 4565 2762 4603 vos
2791 4544 3165 4618 pervenimus.
3197 4546 3599 4620 Superextendi
3618 4550 3738 4623 (89)

2153 4647 2355 4709 autem,
2387 4647 2468 4695 est
2498 4639 2640 4692 ultra
2668 4635 2888 4691 extendi
2922 4650 3083 4709 quam
3126 4636 3467 4707 conceditur,
3498 4640 3590 4697 sed
3624 4656 3738 4698 non

2153 4729 2331 4793 ultra;
2366 4726 2495 4799 quia
2521 4739 2830 4780 mensuram
2858 4722 3012 4780 dedit
3061 4725 3226 4793 Deus,
3259 4742 3421 4799 quam
3452 4735 3734 4786 servarent

2151 4814 2493 4885 evangelista).
2525 4810 2664 4884 ejus,
2710 4828 2872 4886 quam
2930 4811 3022 4868 hic
3050 4827 3106 4867 se
3158 4813 3431 4869 custodire
3475 4820 3731 4873 testatur.

2150 4902 2277 4960 Ideo
2302 4902 2447 4958 enim
2500 4900 2608 4958 hoc
2651 4901 2909 4972 ostendit,
2941 4907 3005 4957 ut
3056 4899 3233 4957 sciant
3278 4900 3537 4973 quoniam
3562 4919 3597 4959 a
3622 4904 3737 4961 Deo

2147 4990 2216 5048 ad
2264 4990 2364 5047 hos
2418 4989 2657 5047 directus
2713 4997 2824 5057 est;
2885 5005 2948 5047 ac
3001 5004 3098 5062 per
3142 4986 3248 5046 hoc
3298 4987 3566 5046 obaudire
3605 4989 3735 5049 illos

2239 5198 2331 5268 87)
2362 5198 2494 5253 Mss.
2534 5195 2761 5268 aliquot,
2794 5195 2937 5250 ultra
2969 5210 3270 5250 consensum
3297 5195 3590 5265 prresumit.

2242 5267 2311 5324 88
2362 5268 2626 5323 Nonnulli
2655 5284 2807 5334 mss.,
2840 5282 2945 5320 non
2971 5267 3141 5320 solum
3164 5264 3406 5334 puderet.

2215 5199 2332 5411 ἔξω)
2364 5339 2488 5396 Vet.
2520 5339 2810 5411 edit._cum
2860 5352 2987 5411 mss.
3042 5335 3389 5411 quibusdam,
3432 5352 3536 5411 non
3569 5352 3590 5407 ᾳ

2242 5264 2330 5334 88)
2362 5264 2807 5334 Nonnulli—mss,
2840 5282 2945 5320 non
2971 5267 3141 5320 solum
3164 5264 3406 5334 puderet.

2242 5276 2311 5324 88
2362 5276 2626 5323 Nonnulli
2655 5284 2807 5334 mss.,
2840 5282 2945 5320 non
2971 5276 3141 5320 solum
3164 5276 3406 5334 puderet.

2239 5276 2488 5415 89;_Vet.
2520 5339 2810 5415 editxcum
2860 5352 2987 5415 mss.
3042 5335 3389 5415 quibusdam,
3432 5352 3536 5415 non
3569 5339 3731 5415 quasi:

2141 5406 2428 5483 mamissi
2452 5409 2783 5483 pervenimus
2836 5406 2907 5462 ad
2952 5421 3042 5460 vos
3096 5406 3154 5483 in
3192 5406 3591 5483 praedicatione,
3638 5407 3731 5483 sed

2141 5479 2385 5536 destinati
2416 5475 2473 5535 α’
2503 5481 2609 5535 Deo
2664 5479 2891 5533 mittente
2942 5492 3037 5532 nos
3073 5475 3149 5534 ad
3175 5475 3286 5535 eos.
3319 5477 3725 5549 Superartendi,

2141 5558 2249 5609 etc.
