4112 6178
386 317 489 378 337

383 441 574 500 debere
600 443 812 503 monita
837 445 958 520 ejus
977 463 996 515 ;
1040 463 1112 508 ne
1155 461 1590 527 contemnentes,

381 531 574 590 missus
601 541 708 602 est,
735 533 989 594 resistere
1015 538 1350 602 viderentur.

446 617 630 709 (Vera.
665 621 781 709 i5.)
829 647 850 672 α
893 624 1025 682 Nam
1055 643 1229 702 usque
1255 631 1324 689 ad
1372 650 1472 692 vos
1517 638 1872 709 pervenimus
1899 640 1959 697 iu

373 705 678 778 Evangelio
708 708 934 782 Christi,
975 730 1088 772 non
1118 718 1178 773 in
1208 705 1539 779 immensum
1572 725 1870 795 gloriantes
1898 727 1956 782 in

369 794 568 851 alienis
599 796 892 878 laboribus.
925 827 944 849 ι
1005 803 1110 862 Hic
1140 808 1490 866 manifestius
1529 794 1768 884 apparet,
1804 816 1954 888 quod

369 885 528 954 dicit,
557 889 684 960 quia
710 891 824 963 ipse
853 893 980 951 illos
1023 895 1376 956 fundaverat.
1423 902 1551 958 Ideo
1583 911 1728 960 tanta
1755 885 1956 962 ﬁducia

371 973 439 1032 ad
468 974 568 1032 hos
595 978 873 1052 loquitur;
921 997 1024 1039 nec
1052 983 1200 1040 enim
1231 987 1414 1046 labore
1440 991 1666 1049 alterius
1695 994 1952 1066 acquisiti

366 1059 582 1119 fuerant
627 1064 698 1121 ad
738 1066 926 1134 ﬁdem,
956 1068 1101 1126 sicut
1155 1071 1214 1126 in
1243 1073 1347 1129 alia
1375 1075 1603 1147 epistola
1652 1059 1792 1137 aitz-
1833 1105 1851 1128 ι
1888 1083 1950 1138 In

363 1150 588 1208 Christo
617 1152 767 1242 enim
805 1171 903 1228 per
926 1157 1284 1231 Evangelium
1313 1179 1411 1236 ego
1439 1182 1537 1222 vos
1563 1171 1728 1240 genui
1751 1172 1808 1242 (Ι
1825 1172 1946 1229 Cor.

362 1252 444 1306 IV,
478 1237 591 1309 15).
626 1264 644 1287 ι
685 1241 804 1298 Νοη
832 1259 958 1317 ergo
999 1255 1154 1304 extra
1187 1264 1501 1309 mensuram
1530 1237 1821 1326 gloriatur,
1853 1259 1948 1332 qui

362 1325 419 1382 in
445 1327 630 1385 labore
652 1346 754 1388 suo
767 1333 1054 1404 gloriatur.

445 1439 465 1462 ε
501 1417 660 1489 Spem
691 1436 820 1476 vero
868 1421 1128 1484 habentes
1173 1431 1469 1487 crescentis
1508 1431 1634 1488 ﬁdei
1665 1443 1859 1491 vestrae
1887 1435 1945 1491 in

354 1502 513 1558 vobis
557 1505 914 1578 magniﬁcari.
963 1535 982 1559 ι
1021 1513 1161 1580 Quia
1207 1515 1448 1574 fructum
1499 1520 1700 1578 laboris
1765 1531 1946 1594 sperat

351 1591 591 1662 quaesita
623 1591 748 1649 ﬁdei
792 1610 1010 1668 eorum,
1041 1600 1249 1659 idcirco
1296 1620 1408 1660 non
1449 1591 1811 1680 negligentes
1838 1611 1944 1668 hoc

353 1691 510 1749 agere
557 1695 613 1736 se
657 1682 964 1756 proﬁtetur,
996 1702 1065 1742 ne
1094 1688 1274 1746 tadiis
1301 1701 1355 1748 et
1387 1695 1654 1752 molestiis
1685 1697 1937 1766 cederet;

349 1767 480 1838 quia
510 1769 849 1840 magniﬁcari
881 1789 940 1830 se
959 1775 1195 1833 credidit
1221 1780 1366 1852 apud
1393 1783 1590 1852 Deum,
1621 1786 1666 1841 si
1698 1803 1942 1860 augean-

344 1858 443 1908 tur
483 1853 544 1909 in
586 1854 694 1912 ﬁde
737 1856 1017 1915 auditores
1060 1860 1200 1934 ejus,
1245 1865 1390 1922 sicut
1434 1867 1572 1926 dicit
1623 1853 1938 1930 Dominus:

363 1961 385 1988 ι
414 1941 598 2008 Pater,
647 1943 792 2000 sicut
819 1945 1019 2004 misisti
1048 1964 1135 2006 me
1176 1949 1234 2006 in
1263 1951 1414 2010 hunc
1442 1955 1732 2026 mundum,
1762 1967 1817 2015 et
1842 1975 1940 2031 ego

347 2026 478 2084 misi
510 2043 603 2086 eos
629 2030 687 2086 in
727 2031 878 2090 hunc
905 2036 1196 2108 mundum,
1227 2047 1281 2097 et
1306 2057 1408 2114 pro
1433 2043 1514 2099 eis
1541 2046 1824 2103 sanctiﬁco
1851 2063 1938 2104 me

341 2113 526 2206 ipsum
557 2118 735 2189 (Joan.
767 2137 910 2178 xvn.
939 2123 1028 2194 18,
1062 2126 1175 2198 19).
1205 2150 1227 2175 ι
1283 2113 1399 2185 Hoc
1428 2129 1584 2202 dicit,
1615 2133 1744 2206 quia
1769 2135 1934 2192 testi-

336 2204 593 2263 monium
623 2209 872 2282 magistri
905 2219 989 2271 est
1031 2212 1093 2270 in
1145 2214 1434 2291 discipulis
1463 2204 1928 2292 obaudientibus;

339 2291 490 2350 unde
519 2294 633 2353 ait:

407 2380 593 2453 (Vera.
652 2383 768 2458 16.)
813 2409 834 2436 ι
872 2387 936 2446 In
994 2389 1152 2449 vobis
1207 2395 1550 2468 magniﬁcari
1623 2398 1926 2458 secundum

331 2472 580 2544 regulam
637 2482 880 2534 nostram
939 2479 998 2534 in
1039 2480 1396 2554 abundantia,
1445 2495 1499 2542 et
1549 2494 1612 2542 ut
1665 2489 1833 2545 etiam
1864 2491 1924 2548 in

329 2559 675 2631 regionibus,
731 2579 853 2636 qua
905 2566 1054 2624 ultra
1109 2586 1209 2628 vos
1256 2581 1407 2642 sunt,
1461 2575 1848 2650 evangelizem.
1888 2602 1910 2628 ι

325 2647 532 2706 Latior
571 2649 642 2706 de.
669 2650 780 2710 ﬁde
819 2669 1033 2728 eorum,
1081 2659 1229 2717 ultra
1255 2676 1349 2720 eos
1392 2647 1818 2737 pradicaturum
1866 2683 1923 2724 se

323 2738 633 2794 necessario
660 2739 947 2812 proﬁtetur
973 2745 1042 2803 ad
1087 2749 1393 2822 augendam
1436 2754 1667 2826 gloriam
1707 2755 1921 2828 pradi-

319 2825 559 2882 cationis
589 2845 604 2895 ;
655 2829 749 2886 ubi
779 2831 963 2890 adhuc
1007 2851 1121 2892 non
1151 2838 1330 2897 fuerat
1375 2825 1752 2914 praedicatum.
1803 2869 1822 2891 -
1851 2845 1924 2902 Ut

319 2926 438 2967 non
467 2913 524 2969 in
549 2915 728 2973 aliena
757 2922 944 2994 regula
973 2926 1289 2996 praparatis
1324 2913 1644 2998 gloriemur.
1677 2954 1696 2978 ι
1730 2931 1920 2986 Mani-

319 2997 522 3056 festum
551 3011 634 3058 est
663 3006 795 3078 quia
839 3007 930 3063 vir
964 3011 1206 3080 prudens
1253 2997 1363 3067 non
1415 3013 1475 3068 in
1530 3015 1620 3072 his
1664 3016 1916 3086 conﬁdit,

318 3103 502 3161 neque
543 3093 773 3163 gloriam
819 3104 1021 3166 sperat,
1053 3096 1173 3168 qua
1229 3100 1289 3156 in
1343 3102 1575 3160 aliorum
1633 3105 1916 3164 laboribus

317 3185 581 3266 constant
613 3179 916 3266 (90).7Ideo
943 3189 998 3238 et
1026 3183 1322 3255 Apostolus
1360 3204 1473 3247 non
1501 3191 1664 3250 audet
1700 3195 1759 3250 in
1791 3195 1910 3266 hos,

320 3263 422 3334 qui
465 3263 593 3318 aliis
633 3265 1060 3336 praedicantibus
1089 3272 1470 3346 crediderunt;
1501 3294 1568 3334 ne
1617 3281 1676 3336 in
1716 3263 1912 3340 alienis

319 3349 608 3407 laboribus
651 3353 875 3424 gloriari
907 3357 1186 3418 videretur
1215 3381 1229 3430 ;
1269 3365 1364 3421 sed
1393 3366 1500 3423 hoc
1543 3367 1825 3440 innititur,
1848 3379 1910 3429 ut

311 3437 400 3495 eis
453 3441 732 3510 pradicet,
783 3444 985 3515 quibus
1035 3463 1147 3504 non
1203 3459 1320 3510 erat
1371 3457 1780 3528 annuutiatum,
1809 3437 1818 3440 ⁷
1845 3467 1910 3518 ιιι

307 3525 548 3598 gloriam
579 3527 764 3584 labore
801 3547 901 3588 suo
932 3545 1136 3608 quaerat
1168 3538 1310 3613 (91).

384 3617 572 3690 (Vers.
629 3621 746 3692 17.)
791 3647 811 3671 ι
847 3623 952 3692 Qui
989 3635 1171 3686 autem
1226 3632 1512 3705 gloriatur,
1561 3637 1619 3692 in
1665 3638 1903 3696 Domino

305 3705 598 3780 glorietur.
629 3731 648 3756 ι
692 3709 808 3768 Ηοε
857 3713 1006 3772 dicto
1049 3717 1382 3790 signiﬁcavit
1409 3722 1582 3794 ipsam
1612 3725 1902 3784 conﬁden-

300 3795 446 3853 tiam
477 3805 528 3853 et
558 3796 787 3869 gloriam
823 3801 1062 3861 Domino
1091 3805 1350 3878 dandam,
1395 3811 1552 3884 cujus
1579 3817 1751 3887 gratia
1778 3827 1896 3887 est;

300 3891 366 3940 ut
392 3885 496 3956 qui
523 3885 582 3942 in
612 3896 877 3959 potestate
903 3896 1221 3967 evangelica
1247 3899 1500 3970 conﬁdit,
1532 3885 1646 3959 Deo
1673 3885 1896 3963 auctore

301 3973 590 4045 conﬁdat;
635 3985 698 4035 ut
725 3990 963 4052 quastus
991 3987 1174 4044 omnis
1214 3990 1420 4062 negotii
1449 3991 1629 4048 divini
1657 3995 1896 4052 Domino

299 4061 361 4118 in
387 4064 610 4122 lucrum
639 4068 845 4126 veniat.
874 4072 979 4129 Sed
1006 4075 1102 4154 qui
1132 4091 1243 4133 non
1273 4061 1474 4152 accipit
1504 4089 1832 4154 potestatem
1861 4102 1894 4142 a

295 4149 441 4219 Deo,
472 4167 584 4210 non
615 4163 794 4228 potest
821 4158 882 4215 in
927 4151 1166 4220 Domino
1193 4149 1416 4237 gloriari
1441 4187 1456 4237 ;
1490 4149 1620 4244 quia
1659 4171 1890 4244 gloriam

295 4251 460 4299 sum
498 4243 714 4313 quarit.

375 4325 568 4399 (νει-ε.
609 4331 724 4404 18.)
768 4355 789 4382 ι
823 4333 945 4392 Νοιι
973 4337 1121 4393 enim
1154 4340 1334 4412 quise
1385 4343 1566 4416 ipsum
1599 4363 1890 4407 commen-

295 4413 420 4486 dat,
451 4423 506 4473 ει
544 4419 808 4492 probatus
838 4431 950 4481 est:
985 4426 1080 4483 sed
1111 4443 1273 4500 quem
1300 4413 1570 4492 Dominus
1597 4455 1888 4497 commen-

293 4501 413 4561 dat.
445 4529 466 4554 ι
510 4506 716 4567 Verum
745 4520 844 4582 est,
873 4514 1003 4588 quia
1033 4514 1196 4572 illum
1224 4518 1492 4577 Dominus
1522 4528 1886 4598 commendat,

288 4601 344 4650 et
371 4595 474 4651 ille
504 4599 767 4672 probatus
793 4610 900 4669 est,
927 4622 1089 4679 quem
1119 4606 1348 4679 dignum
1381 4607 1563 4680 habet,
1595 4629 1660 4671 ac
1691 4595 1882 4686 mittit,

291 4690 348 4739 ut
373 4683 654 4756 pradicet
699 4687 902 4746 donum
945 4692 1100 4764 ejus;
1133 4711 1294 4768 quem
1320 4705 1503 4755 autem
1549 4717 1661 4758 non
1690 4683 1882 4774 mittit,

289 4785 404 4828 non
438 4771 598 4830 illum
629 4779 994 4838 commendat.
1037 4783 1156 4855 Ipse
1197 4793 1379 4842 autem
1409 4805 1467 4846 se
1510 4793 1876 4852 commendat.

286 4861 379 4932 qui
419 4877 532 4919 non
559 4863 762 4922 missus
795 4869 1098 4942 pradicat;
1139 4889 1203 4931 ac
1239 4891 1336 4948 per
1361 4876 1468 4936 hoc
1506 4880 1738 4940 idoneus
1766 4899 1878 4940 non

285 4957 385 5020 est,
413 4952 508 5010 sed
540 4965 904 5031 praesumptor
931 4967 985 5016 et
1011 4962 1294 5035 reprobus.

888 5117 1116 5179 CAPUT
1152 5123 1250 5182 XI.

362 5259 549 5332 (Vera.
585 5262 665 5337 1.)
700 5285 720 5310 ι
763 5262 978 5322 Utinam
1008 5267 1352 5328 sustineretis
1378 5273 1640 5346 pusillum
1669 5277 1874 5351 impru-

352 5489 480 5568 (99)
522 5491 710 5568 Codex
739 5493 930 5568 corb.,
962 5453 1151 5568 quibus
1173 5497 1407 5554 aliorum
1455 5503 1602 5559 labor
1646 5513 1864 5564 constat.

352 5490 454 5562 (90
522 5491 710 5551 Codex
739 5493 930 5564 Corb.,
962 5497 1151 5568 quibus
1173 5497 1407 5554 aliorum
1455 5503 1602 5559 labor
1646 5513 1864 5564 constat.

347 5490 482 5648 (.91;
517 5563 718 5648 omnes
751 5566 886 5648 edit.
915 5575 968 5648 et
989 5585 1114 5626 mss.
1145 5569 1374 5648 aliquot,
1410 5572 1702 5648 laborisuo
1731 5595 1868 5648 qum-

289 5635 413 5699 rat;
443 5650 556 5692 mss
575 5635 764 5704 Corb.,
797 5638 968 5696 labori
993 5655 1087 5696 suo
1109 5635 1377 5722 acquirat;
1397 5643 1594 5728 reliqui
1623 5635 1866 5718 dem'um,

1443 330 1802 394 COMMENT.
1844 338 1918 396 IN
1950 341 2168 400 EPIST.
2210 346 2259 403 II
2295 351 2390 406 AD
2429 353 2582 410 COR.

1619 460 1731 518 D90
1776 479 1809 519 ³
1854 479 1964 538 (1πο
1990 473 2043 532 Α
2075 487 2316 546 dentiam
2373 500 2577 552 meamt
2609 504 2699 558 sed
2740 515 2792 562 et
2823 510 3076 579 patimini
3127 531 3229 572 me.
3270 541 3289 566 ›

1987 4741 2275 4814 .pradicat,
2329 4762 2488 4816 quem
2555 4765 2666 4804 non
2722 4751 3144 4820 pradicavimus
3185 4773 3196 4810 :

3541 379 3657 438 838

3369 521 3668 596 Incipiens

2068 600 2199 683 vera
2253 587 2320 644 de
2373 607 2430 646 se
2479 593 2598 664 ipso
2666 613 2903 674 narrare,
2967 607 3110 665 198
3166 611 3512 686 insipientem
3595 611 3665 679 se,

2068 671 2226 776 dicit,
2275 679 2405 749 quia
2455 683 2517 736 ad
2601 685 2812 744 laudem
2885 695 3002 766 ejus
3054 671 3294 757 videturl
3349 709 3643 776 pertinere.

2069 759 2296 834 Propter
2340 769 2487 839 quod
2533 770 2740 829 dictum
2783 759 2961 835 est:'«
3008 789 3125 842 Non
3159 797 3208 844 te
3255 759 3478 849 laudent
3509 797 3650 852 labia

2068 857 2181 942 tua,
2216 853 2306 908 sed
2351 858 2592 926 proximi
2627 861 2707 916 tui
2759 865 2944 935 (Prov.
2998 889 3176 942 xxvu,
3213 881 3292 942 2).
3339 908 3355 928 ι
3402 883 3508 938 Sed
3559 885 3649 942 hic

2065 936 2254 1034 dolore
2307 945 2660 1015 compellitur
2715 962 2940 1024 propter
2988 957 3086 1014 hos
3145 936 3262 1034 qui,
3294 936 3647 1028 canitie—eo

2062 1021 2201 1078 bene
2239 1041 2348 1096 pra
2395 1032 2606 1087 caeteris
2635 1021 2841 1094 sentire
2872 1021 3176 1115 deberent;
3193 1050 3413 1122 indigne
3442 1059 3645 1114 sentie-

2060 1109 2212 1170 bant.

2133 1202 2314 1272 (Vers.
2337 1208 2418 1279 2.)
2465 1234 2484 1258 α
2504 1213 2695 1272 Zelans
2714 1218 2861 1274 enim
2885 1237 2983 1276 vos
3003 1225 3099 1279 Dei
3120 1229 3257 1295 zelo;
3289 1233 3474 1300 paravi
3502 1235 3644 1289 enim

2057 1302 2159 1344 vos
2177 1291 2274 1346 uni
2290 1293 2411 1350 viro
2430 1297 2700 1371 virginem
2721 1312 2923 1362 castam
2945 1311 3218 1380 assignare
3236 1316 3498 1373 Christo»
3517 1320 3645 1385 Qum

2059 1376 2347 1436 locuturus
2375 1393 2478 1452 est,
2510 1402 2692 1444 amore
2741 1407 2930 1450 eorum
2974 1398 3249 1457 dicturum
3283 1421 3338 1459 se
3369 1407 3636 1466 ostendit:

2057 1473 2120 1520 ut
2177 1482 2288 1522 non
2340 1473 2612 1544 inagisad
2669 1477 2884 1536 laudem
2945 1484 3062 1554 ejus
3117 1491 3386 1559 proﬁciat,
3425 1498 3518 1550 sed
3573 1497 3641 1552 ad

2053 1555 2362 1624 profectum
2402 1559 2640 1619 horum:
2675 1575 2736 1622 ut
2785 1569 2999 1626 discant
3028 1555 3481 1646 quemadmodum
3538 1602 3640 1655 pa—

2052 1643 2196 1698 renti
2251 1661 2351 1702 suo
2409 1648 2469 1704 in
2495 1651 2799 1724 Evangelio
2838 1643 3094 1729 faveant;
3153 1667 3282 1736 quia
3313 1643 3639 1740 vituperatio

2049 1731 2218 1800 patris
2246 1733 2512 1793 detractio
2551 1741 2797 1798 ﬁliorum
2830 1756 2931 1813 est,
2962 1757 3013 1802 et
3043 1731 3638 1829 laus-ﬁlioruurgloria

1969 1811 2016 1872 B
2045 1819 2218 1888 patris
2245 1832 2326 1879 est
2383 1825 2574 1895 (Eccli.
2626 1847 2709 1898 nr,
2747 1832 2858 1892 13).
2917 1811 3175 1908 Virgines
3204 1857 3332 1912 ergo
3371 1811 3496 1899 vui:

2049 1921 2164 1963 esse
2192 1908 2249 1964 in
2305 1909 2450 1980 ﬁde;
2484 1917 2628 1973 unde
2677 1929 2731 1976 et
2785 1932 3130 1996 corruptores
3180 1908 3306 1985 ﬁdei
3336 1933 3542 1988 zelatur
3568 1937 3634 1989 ah

2049 1993 2156 2063 his,
2207 2006 2268 2053 ut
2323 2001 2382 2056 in
2429 2002 2520 2058 die
2542 2003 2742 2075 judicii
2774 2009 3234 2073 incontaminatos
3263 2034 3354 2074 eos
3398 2023 3633 2093 assignet

2041 2083 2486 2156 judiciChristo.
2543 2096 2682 2154 Hinc
2711 2109 2810 2168 est,
2871 2104 3014 2160 unde
3073 2116 3126 2162 et
3181 2109 3237 2163 in
3295 2083 3623 2185 Apocalgrpsi

2045 2173 2271 2234 Joannis
2299 2179 2534 2253 legitur:
2609 2209 2628 2233 ι
2655 2187 2724 2242 Hi
2772 2199 2922 2258 sunt,
2949 2192 3148 2266 inquit,
3202 2199 3294 2269 qui
3342 2216 3464 2256 cum
3498 2220 3629 2259 mu-

2043 2261 2273 2323 lieribus
2317 2285 2430 2328 non
2478 2284 2606 2331 sunt
2635 2278 3014 2352 coinquinati;
3047 2288 3287 2359 virgines
3323 2293 3466 2348 enim
3496 2311 3627 2366 per—

2037 2369 2376 2418 manserunt.
2408 2362 2478 2418 Hi
2517 2378 2832 2440 sequuntur
2870 2373 3089 2445 Agnum
3122 2394 3446 2453 quocunque
3475 2362 3627 2439 vadit

2040 2442 2225 2516 (Apoc.
2259 2465 2378 2518 xrv,
2409 2450 2489 2523 4).
2539 2478 2559 2502 ι
2605 2456 2666 2512 In
2699 2442 3025 2518 mulieribus
3073 2442 3308 2521 errorem
3339 2442 3621 2540 signiﬁca-

2037 2531 2153 2600 vit;
2190 2538 2319 2608 quia
2347 2555 2501 2596 error
2529 2559 2626 2613 per
2653 2549 2938 2605 mulierem
2961 2553 3144 2622 cmpit,
3175 2556 3316 2610 sicut
3337 2567 3388 2611 et
3413 2559 3621 2614 lezahel

2033 2621 2322 2679 mulierem
2377 2626 2514 2683 dicit
2573 2639 2796 2702 propter
2831 2621 3057 2691 uxorem
3099 2641 3309 2709 Achab,
3357 2661 3474 2715 quae
3507 2649 3620 2702 zelo

2031 2707 2160 2764 Baal
2206 2711 2306 2766 Dei
2362 2715 2654 2784 prophetas
2711 2721 2916 2776 occidit
2973 2727 3088 2792 (III
3127 2728 3250 2795 Reg.
3283 2707 3446 2796 xviii,
3475 2733 3566 2802 710)
3603 2753 3615 2799 ;

2032 2809 2156 2851 cum
2214 2797 2556 2872 intelligatur
2628 2805 2960 2874 idololatria,
3013 2828 3119 2883 qua
3195 2830 3620 2888 corrumpuntur

2031 2899 2210 2941 mores
2255 2893 2310 2941 et
2354 2887 2484 2944 ﬁdei
2527 2893 2748 2950 veritas.
2781 2897 2916 2952 Nam
2954 2897 2998 2952 si
3032 2901 3288 2957 mulieres
3323 2887 3612 2977 intelligas,

2028 2979 2091 3026 ut
2141 2972 2265 3028 ideo
2316 2985 2472 3047 putes
2532 2981 2772 3053 virgines
2823 2985 3012 3055 dictas,
3073 2991 3200 3060 quia
3246 3007 3473 3063 corpora
3513 3013 3610 3050 sua

2025 3057 2454 3120 incontaminata
2495 3083 2874 3142 servaverunt,
2925 3077 3173 3133 excludis
3212 3079 3280 3134 ab
3311 3081 3412 3136 hac
3441 3085 3613 3152 gloria

1945 3152 1986 3214 α
2020 3155 2255 3217 sanctos;
2290 3153 2418 3224 quia
2469 3173 2660 3214 omnes
2712 3163 2966 3232 apostoli,
3026 3168 3268 3238 exceptis
3321 3169 3526 3226 Joanne
3556 3182 3610 3228 et

2027 3235 2216 3306 Paulo,
2264 3256 2464 3299 uxores
2514 3246 2842 3305 habuerunt.
2895 3253 2967 3308 Et
3023 3254 3146 3309 vide
3192 3272 3261 3309 an
3316 3261 3608 3316 conveniat

2023 3339 2276 3382 accusare
2338 3330 2560 3388 Petrum
2639 3339 2968 3406 apostolum,
3027 3343 3121 3412 qui
3199 3343 3408 3412 primus
3460 3348 3604 3402 inter

2021 3416 2296 3485 apostolos
2327 3427 2427 3488 est,
2461 3430 2664 3493 quanto
2694 3427 2868 3495 magis
2897 3427 3041 3483 inter
3065 3439 3287 3486 caeteros
3308 3433 3336 3488 ἦν

2091 3503 2274 3576 (Vers.
2308 3506 2388 3576 3.)
2435 3533 2451 3554 ε
2483 3509 2670 3566 Timeo
2701 3521 2880 3568 autem
2913 3532 2998 3583 ne,
3024 3519 3166 3574 sicut
3189 3535 3408 3590 serpens
3430 3521 3597 3578 Evam

2017 3591 2238 3647 seduxit
2265 3597 2465 3652 astutia
2495 3614 2609 3666 sua,
2652 3601 2731 3656 sic
2761 3619 2950 3659 sensus
2982 3607 3144 3660 vestri
3180 3621 3600 3682 corrumpantur

2015 3694 2047 3734 a
2073 3680 2318 3737 castitate
2344 3685 2458 3754 (92)
2492 3703 2612 3759 qua
2641 3699 2722 3745 est
2753 3692 2808 3745 in
2851 3693 3069 3750 Christo
3110 3697 3255 3753 Jesu.
3291 3725 3306 3744 ι·
3347 3680 3599 3758 Ostendit

2014 3783 2121 3840 qua
2171 3787 2330 3826 causa
2367 3774 2582 3845 cogitur
2627 3794 2756 3834 vera
2802 3781 2868 3836 de
2913 3800 2968 3838 se
3012 3788 3338 3855 protestari;
3383 3788 3449 3842 ad
3492 3790 3597 3846 hoc

2011 3858 2158 3913 enim
2217 3861 2443 3930 gloriarm
2496 3864 2600 3920 sibi
2655 3867 2833 3924 (latam
2893 3875 3194 3943 profitetur,
3257 3895 3362 3932 non
3419 3888 3481 3932 ut
3540 3895 3594 3932 se

2010 3944 2216 4016 laudet,
2275 3953 2366 4006 sed
2423 3961 2484 4008 ut
2541 3955 2668 4012 illos
2720 3959 2987 4018 deformat
3047 3965 3139 4036 qui
3199 3968 3300 4020 sub
3372 3968 3592 4021 nomine

2009 4033 2215 4093 Christi
2275 4050 2466 4098 contra
2511 4041 2792 4103 Christum
2853 4033 3239 4121 praedicabant,
3304 4071 3336 4106 a
3395 4053 3593 4123 quibus

2005 4120 2282 4186 Corinthii
2322 4129 2722 4190 seducebantur
2753 4153 2766 4200 ;
2815 4120 2868 4190 et
2897 4138 3098 4190 veritas
3129 4137 3243 4190 haec
3283 4137 3368 4190 his
3400 4141 3588 4209 magis,

2003 4227 2165 4286 quam
2221 4218 2270 4272 ei
2315 4221 2620 4290 proliceret.
2675 4224 2788 4278 Hoc
2818 4224 2964 4277 enim
3018 4223 3148 4292 egit,
3204 4241 3270 4279 ne
3298 4228 3590 4286 audiantur

2001 4301 2331 4373 seductores,
2382 4324 2518 4379 quos
2545 4309 2767 4363 diabolo
2795 4309 3134 4380 comparavit
3165 4322 3384 4384 propter
3427 4327 3587 4374 astu—

2000 4389 2131 4446 tiam
2195 4394 2418 4449 malitia
2477 4411 2712 4462 eorum;
2777 4398 2904 4469 quia
2959 4416 3304 4475 corrumpere
3335 4407 3581 4463 ﬁdelium

1919 4504 1968 4563 Β
1998 4478 2210 4536 cordaa
2239 4481 2470 4538 veritate
2500 4482 2708 4541 Christi
2754 4497 3042 4545 conantur.
3077 4491 3189 4548 Hoc
3217 4509 3342 4565 ergo
3361 4496 3580 4566 timens,

1995 4579 2206 4638 semper
2233 4570 2503 4628 sollicitus
2538 4571 2606 4628 de
2634 4573 2712 4630 eis
2735 4584 2836 4644 est,
2869 4593 2934 4631 ne
2964 4578 3258 4636 violentur.

2067 4654 2248 4724 (νει-ε.
2280 4658 2359 4731 li.)
2402 4684 2420 4707 ι
2447 4661 2582 4717 Nam
2609 4663 2656 4718 si
2683 4663 2732 4718 is
2761 4665 2851 4736 qui
2887 4667 3060 4732 venit,
3091 4667 3258 4721 alium
3299 4668 3576 4726 Christum

3265 4764 3358 4810 aut
3405 4759 3576 4814 alium

1995 4829 2264 4902 Spiritum
2299 4833 2569 4904 accipitis,
2603 4851 2763 4907 quem
2812 4853 2921 4892 non
2947 4841 3269 4912 accepistis:
3304 4853 3394 4899 aut
3425 4846 3579 4901 aliud

1989 4916 2374 4991 Evangelium,
2436 4923 2582 4994 quod
2631 4940 2742 4980 non
2772 4928 3089 4998 recepistis;
3152 4939 3298 4987 recte
3355 4940 3576 5004 patere-

1985 5011 2151 5067 mini.
2192 5037 2212 5061 ι
2251 5011 2431 5080 Quare
2460 5016 2539 5072 ait
2585 5035 2597 5072 :
2661 5042 2680 5064 α
2708 5018 2869 5075 Recte
2901 5023 3247 5092 pateremini,
3290 5049 3308 5070 ι

1985 5101 2143 5158 vobis
2171 5102 2422 5162 Christus
2465 5107 2790 5180 praedicatus
2822 5111 3034 5180 fuisset,
3069 5122 3162 5168 aut
3195 5115 3238 5169 si
3273 5115 3413 5170 alius
3442 5117 3575 5186 Spi-

1975 5191 2125 5248 e‘itus
2155 5194 2241 5249 vel
2297 5195 2449 5252 aliud
2478 5198 2842 5270 Evangelium
2877 5201 3139 5258 traditum
3172 5205 3329 5258 vobis
3359 5205 3568 5263 fuisset.

1981 5295 2108 5337 cum
2137 5283 2286 5340 dicat
2333 5285 2571 5341 Galatis:
2617 5311 2635 5335 ι
2664 5286 2720 5343 Si
2769 5289 2892 5360 quis
2924 5290 3082 5348 vobis
3105 5294 3228 5364 (93)
3258 5292 3567 5348 annuntia—

3355 5026 3398 5079 si
3434 5025 3575 5080 alius

1983 5513 2160 5588 labore
2185 5531 2280 5588 suo
2302 5525 2524 5588 quaerat.

2207 5585 2654 5662 Nonnullimss”
2685 5587 3406 5662 corrumpunturartistitrzte
3443 5593 3558 5652 Dpi,

2075 5587 2144 5641 92
2209 5587 2472 5644 Nonnulli
2502 5607 2654 5660 mss.,
2685 5599 3145 5662 corrumpuntura
3168 5587 3406 5644 castitate
3443 5593 3549 5650 Πρὶη

2051 5587 2168 5728 ξε)ιῖ
2206 5657 2333 5714 Mss.
2369 5659 2554 5728 Corb.,
2600 5668 2730 5716 recte
2760 5661 3093 5737 pateremini.
3134 5660 3249 5714 Non.
3281 5661 3372 5716 hoc
3409 5665 3549 5737 dicit.
