4090 6182
487 284 589 342 339

1510 267 1607 323 ΑΙ)
1646 264 1878 324 OPERA
1916 263 1971 321 S.
2010 262 2341 323 AMBROSII
2381 262 2754 326 APPENDIX.

3677 264 3780 327 3&0

494 408 661 474 verit,
716 409 1074 475 praeterquam
1130 396 1279 471 quod
1334 391 1638 465 ὂοῦθρίεῑίεν
1698 389 2083 482 anathemati!
2113 395 2164 454 A
2198 424 2322 466 reus
2369 425 2478 465 non
2517 416 2597 465 est
2634 386 2779 482 apud
2830 408 3036 467 Deum:
3092 402 3187 482 qui
3243 409 3426 466 autem
3496 405 3780 467 scientiam

498 497 707 569 (Galat.
742 509 780 559 ι,
815 490 923 561 9)?
979 514 998 537 ι
1051 488 1108 544 Si
1141 486 1348 543 Galatis
1403 496 1725 555 perversum
1781 488 1894 537 erat
1939 480 2087 543 aliud

493 584 757 654 accipere,
791 595 954 652 quam
1009 577 1077 633 ab
1107 574 1366 648 apostolis
1396 572 1575 628 fuerat
1604 570 1867 627 traditum
1895 589 1909 638 ;
1942 585 2089 644 quo-

491 674 656 731 modo
688 670 995 729 Corinthiis
1024 677 1233 725 rectum
1258 674 1394 729 erat,
1426 665 1471 719 si
1503 665 1644 720 alius
1674 664 1926 721 Christus
1955 678 2088 736 prm-

494 765 707 821 dicatus
736 762 850 816 illis
878 759 1116 815 fuisset?
1147 756 1251 812 Sed
1280 756 1456 811 sciens
1486 754 1783 825 Apostolus
1809 769 2089 827 nunquam

493 852 664 907 alium
718 849 997 906 Christum
1057 860 1219 916 quam
1277 844 1450 911 hunc,
1506 843 1602 916 qui
1659 842 1959 899 cruciﬁxus
1987 850 2085 910 est,

495 936 818 1012 praedicari;
872 933 1080 990 idcirco
1130 934 1237 989 ait:
1314 956 1332 979 ι
1363 933 1527 990 Recte
1586 932 1933 1003 pateremini,
1966 957 1985 980 ι
2042 931 2088 987 si

491 1026 651 1082 vobis
710 1024 849 1079 alius
906 1023 1088 1093 potior
1142 1020 1397 1078 Christus
1453 1019 1520 1075 ab
1572 1018 1661 1087 iis,
1706 1021 1801 1092 qui
1836 1020 2087 1090 veniunt,

493 1113 821 1187 praedicatus
865 1111 1077 1166 fuisset.
1113 1108 1321 1165 Galatis
1369 1116 1554 1164 autem
1595 1107 1888 1164 anathema
1916 1108 2082 1179 dixit,

494 1204 543 1261 si
572 1202 724 1259 aliud
753 1200 1025 1267 audirent,
1060 1200 1205 1272 quod
1234 1214 1349 1256 non
1378 1198 1570 1270 utique
1600 1197 1777 1268 majus
1807 1208 1966 1267 esset,
1996 1199 2089 1255 sed

496 1291 857 1350 contrarium.
919 1289 1088 1343 Porro
1162 1294 1343 1344 autem
1395 1286 1542 1357 (9’1),
1596 1286 1798 1358 inquit,
1852 1288 1899 1343 si
1976 1288 2090 1359 ipse

498 1381 752 1439 Christus
779 1376 1108 1451 praedicatur
1128 1376 1195 1432 ab
1226 1376 1315 1446 iis,
1340 1374 1434 1447 qui
1463 1392 1495 1430 a
1524 1375 1689 1431 nobis
1708 1375 2088 1447 annuntiatur,

498 1470 674 1527 ethoc
700 1467 1063 1538 Evangelium
1087 1484 1101 1531 ;
1134 1466 1231 1538 qui
1259 1480 1437 1521 causae
1469 1472 1568 1532 est,
1597 1471 1659 1519 ut
1685 1479 1784 1519 nos
1804 1464 2091 1520 inferiores

497 1559 818 1626 habeamur,
866 1572 991 1613 cum
1041 1554 1183 1611 nihil
1221 1554 1457 1627 amplius
1491 1554 1557 1609 ab
1587 1553 1700 1609 illis
1729 1553 2090 1613 addiscatur?

448 1652 453 1657 ’
500 1647 763 1720 Superius
792 1645 859 1701 de
889 1644 1359 1716 pseudoapostolis
1377 1642 1625 1715 loquitur
1651 1641 1780 1699 ﬁdei
1809 1651 2093 1716 corrupto-

2196 499 2294 556 Dei
2321 516 2432 555 non
2464 498 2648 567 habet,
2682 515 2805 555 reus
2834 507 2914 557 est
2953 496 3314 571 ignorantia;
3348 496 3479 571 quia
3510 514 3619 554 non
3654 499 3783 557 licet

2198 586 2470 659 ignorare,
2501 586 2740 643 maxime
2766 587 2911 659 quod
2941 587 3179 660 pertinet
3207 587 3275 644 ad
3307 587 3559 643 salutem.
3587 589 3782 655 Quam-

2198 675 2385 732 obrem
2445 676 2757 748 Apostolus,
2824 682 3003 748 spreta
3071 674 3403 748 eloquentia,
3470 674 3526 732 id
3572 678 3782 750 agebat,

2197 772 2262 823 ut
2313 763 2449 821 ﬁdes
2502 771 2638 820 teste
2688 765 2892 821 virtute
2944 765 3294 838 acceptabilis
3356 773 3532 835 esset;
3573 774 3635 823 ut
3672 783 3783 823 non

2199 853 2363 911 ﬁdem
2423 853 2735 926 eloquentia
2793 852 3222 923 commendaret,
3282 855 3375 911 sed
3440 854 3637 924 virtus,
3694 856 3783 912 cui

2200 942 2346 1001 cedit
2395 941 2727 1015 eloquentia.
2794 965 2812 989 ι
2866 942 2930 998 In
2960 941 3218 999 omnibus
3249 950 3429 1000 autem
3463 945 3788 1002 manifestus

2199 1048 2321 1090 sum
2372 1031 2550 1088 vobis.
2582 1056 2600 1079 ι
2654 1031 3005 1089 Manifestum
3052 1046 3107 1088 se
3148 1032 3285 1089 dicit
3321 1048 3434 1089 esse
3482 1033 3788 1092 Corinthiis

2200 1119 2260 1177 in
2289 1120 2584 1187 omnibus;
2640 1119 2768 1192 quia
2796 1135 2907 1176 non
2952 1119 3280 1193 ignorabant
3331 1121 3496 1178 etiam
3525 1122 3784 1196 loquendi

2199 1207 2401 1265 habere
2430 1208 2587 1264 illum
2618 1207 2893 1280 peritiam,
2933 1216 2987 1264 et
3015 1208 3120 1267 hoc
3148 1209 3378 1266 scientes
3407 1210 3502 1266 alii
3531 1211 3788 1269 favebant

2200 1299 2259 1355 in
2288 1313 2372 1367 eo,
2411 1314 2520 1371 quo
2569 1298 3099 1355 istum‘inferiorem
3146 1298 3502 1357 nesciebant:
3557 1299 3787 1374 ideoque

2199 1395 2507 1445 commotus
2555 1386 2820 1460 loquitur,
2854 1388 2981 1460 quia
3038 1387 3143 1446 hoc
3172 1388 3327 1459 pejus
3356 1396 3509 1456 erat;
3541 1398 3603 1446 ut
3660 1406 3783 1446 cum

2202 1476 2404 1533 scirent
2434 1477 2593 1533 illum
2621 1477 2678 1531 in
2707 1476 2862 1533 nullo
2892 1476 3095 1545 deesse,
3113 1476 3473 1535 humiliarent
3501 1479 3655 1535 illum
3687 1495 3786 1535 cm-

2201 1567 2369 1635 teris;
2422 1582 2547 1624 cum
2604 1565 2874 1623 vidissent
2927 1581 3023 1639 per
3051 1582 3175 1623 eum
3206 1583 3317 1623 non
3349 1568 3524 1624 solum
3569 1567 3785 1639 impleri

2200 1653 2667 1729 praedicationem,
2700 1654 2793 1712 sed
2823 1662 2876 1711 et
2902 1656 3060 1728 signa
3110 1665 3166 1713 et
3191 1655 3442 1731 prodigia
3468 1655 3587 1713 ﬁeri
3619 1672 3787 1729 apos-

497 1738 676 1805 ribus,
730 1734 835 1792 hoc
884 1734 1005 1789 loco
1068 1739 1249 1787 autem
1303 1730 1372 1787 de
1418 1731 1563 1788 veris
1591 1730 2089 1803 praedicatoribus;
2125 1751 2171 1812 B
2200 1748 2384 1805 tolica,

504 1825 634 1898 quia
666 1823 817 1895 plebs
842 1819 1259 1879 Corinthiorum
1282 1820 1450 1876 variis
1463 1819 1743 1877 erroribus
1773 1821 2089 1891 ﬂuctuabat,

495 1920 560 1968 ut
613 1910 784 1983 aliqui
840 1909 1087 1966 faverent
1138 1907 1625 1981 pseudoapostolis,
1682 1908 1907 1981 quidam
1952 1910 2032 1965 eis
2060 1925 2092 1964 a

502 2000 705 2075 quibus
735 1998 1055 2072 compositis
1094 1998 1277 2055 verbis
1304 1998 1492 2055 eadem
1524 1996 1837 2066 audiebant,
1870 2012 1989 2070 qua:
2022 1996 2090 2053 ab

501 2090 766 2162 Apostolo
792 2087 1080 2144 audierant
1106 2103 1118 2142 :
1168 2087 1266 2143 alii
1296 2096 1477 2145 autem
1511 2088 1774 2160 apostolis
1807 2086 2084 2155 favebant,

500 2179 628 2251 quia
654 2194 777 2235 cum
802 2176 1038 2234 Domino
1064 2176 1300 2245 fuerant,
1325 2178 1633 2250 apostolum
1666 2192 1827 2259 suum
1858 2175 2087 2231 Paulum

502 2266 893 2337 deformantes,
925 2266 1055 2340 quia
1093 2267 1152 2323 in
1182 2282 1344 2324 carne
1372 2282 1487 2323 non
1531 2266 1735 2323 viderit
1766 2265 2087 2323 Dominum.

577 2369 760 2441 (Vers.
793 2369 876 2439 5.)
922 2391 941 2416 ι
970 2356 1247 2424 Existimo
1277 2367 1423 2423 enim
1453 2382 1541 2422 me
1570 2367 1629 2422 in
1669 2366 1824 2422 nullo
1854 2364 2091 2421 inferio-

508 2474 624 2515 rem
656 2457 822 2514 fuisse
854 2458 922 2513 iis
971 2456 1064 2529 qui
1117 2456 1276 2512 valde
1306 2464 1434 2528 sunt
1463 2456 1719 2528 apostoli.
1753 2479 1772 2505 ι
1815 2455 1933 2512 Non
1967 2454 2090 2510 vult

506 2548 737 2622 gratiam
765 2548 864 2604 Dei
894 2547 1211 2603 inferiorem
1242 2549 1300 2603 in
1344 2563 1401 2603 se
1429 2547 1607 2603 videri
1634 2564 1648 2614 ;
1682 2546 1809 2618 quia
1837 2543 2091 2600 similiter

502 2636 713 2704 docuit,
769 2644 823 2692 et
881 2635 1069 2691 eadem
1132 2635 1280 2703 fecit,
1334 2652 1452 2709 quae
1507 2634 1782 2691 faciebant
1837 2630 2087 2705 apostoli,

498 2725 594 2799 qui
625 2723 1008 2796 propensiores
1038 2723 1368 2781 videbantur
1390 2725 1541 2796 (95);
1575 2723 1702 2795 quia
1738 2721 1946 2794 priores
1972 2736 2092 2776 cae-

502 2821 697 2885 perant
726 2812 941 2880 docere,
982 2821 1035 2868 et
1078 2813 1295 2868 fuerant
1327 2829 1451 2869 cum
1484 2812 1758 2868 Domino:
1792 2810 1937 2866 unde
1966 2823 2091 2865 ma-

494 2901 636 2973 joris
680 2899 1020 2957 auctoritatis
1059 2915 1175 2956 esse
1205 2899 1574 2972 putabantur;
1606 2915 1728 2955 cum
1765 2896 1931 2969 hujus
1956 2912 2088 2968 apo-

507 2990 637 3046 stoli
667 2990 861 3046 electio
891 2990 1094 3061 insigni
1124 2988 1351 3061 probata
1370 2987 1537 3043 fuerit
1561 2987 1957 3054 testimonio,et
1976 2985 2090 3057 ipse

2275 1839 2457 1911 (Vers.
2491 1836 2572 1911 7.)
2617 1861 2636 1885 ι
2666 1840 2780 1894 Aut
2806 1835 3073 1910 numquid
3108 1844 3389 1910 peccatum
3412 1835 3539 1905 feci,
3574 1853 3661 1892 me
3687 1836 3787 1910 ip-

2201 1943 2323 1986 sum
2351 1925 2676 1996 humilians,
2710 1933 2773 1982 ut
2808 1942 2908 1982 vos
2936 1926 3261 1982 exaltemini
3289 1945 3302 1995 ;
3337 1926 3593 2000 quoniam
3625 1926 3788 1998 gratis

2200 2016 2561 2090 Evangelium
2590 2015 2689 2073 Dei
2716 2014 3010 2088 praedicavi
3037 2014 3095 2071 in
3117 2014 3274 2072 vobis
3292 2014 3321 2071 ‘2
3351 2040 3370 2064 ι
3410 2016 3676 2083 Quoniam
3707 2015 3788 2071 in-

2199 2106 2315 2164 ﬂati
2356 2112 2529 2175 erant,
2562 2120 2625 2161 eo
2653 2102 2800 2177 quod
2828 2108 3079 2175 sumptus
3113 2102 3181 2159 ab
3207 2102 3285 2159 eis
3320 2102 3562 2175 accipere
3586 2102 3785 2170 noluit,

2199 2205 2253 2253 et
2280 2203 2500 2269 propter
2524 2193 2629 2251 hoc
2649 2193 2786 2249 alios
2815 2193 2865 2248 ei
2894 2191 3306 2265 proponebant;
3341 2191 3546 2250 idcirco
3574 2215 3592 2239 ‹
3618 2208 3776 2248 num-

2200 2284 2334 2359 quid
2360 2283 2605 2357 peccavi,
2628 2306 2647 2329 ι
2686 2281 2764 2337 ait
2787 2299 2801 2348 ;
2836 2281 2967 2355 quia
2993 2297 3082 2336 me
3110 2280 3426 2350 humiliavi,
3452 2289 3513 2338 ut
3542 2297 3626 2336 me
3647 2279 3790 2336 indi-

2200 2389 2366 2447 gnum
2425 2371 2494 2428 ad
2524 2368 2907 2443 accipiendum
2933 2368 3275 2444 judicarem;
3312 2368 3439 2443 quia
3491 2368 3619 2425 inde
3648 2368 3792 2425 mihi

2200 2460 2522 2528 irascimini,
2569 2473 2697 2516 cum
2736 2456 2841 2515 hoc
2896 2473 3007 2514 non
3035 2458 3241 2531 peccati
3296 2459 3384 2527 sit,
3425 2457 3517 2515 sed
3548 2457 3730 2530 gloriae
3760 2458 3791 2513 ?

2198 2552 2386 2625 Itaque
2410 2548 2488 2607 sic
2533 2564 2589 2604 se
2619 2545 2960 2616 humiliavit,
2990 2562 3117 2603 cum
3148 2546 3206 2602 id
3234 2546 3382 2620 quod
3411 2546 3515 2603 sibi
3545 2545 3793 2602 debeba-

2199 2648 2310 2709 tur,
2342 2655 2452 2695 non
2500 2635 2692 2709 exigit.
2725 2634 2983 2691 Debitum
3012 2634 3159 2690 enim
3190 2643 3326 2704 erat,
3358 2643 3421 2689 ut.
3444 2643 3695 2707 sumptus
3719 2634 3793 2689 ab

2199 2732 2270 2789 iis
2322 2729 2612 2801 acciperet,
2660 2724 2857 2800 quibus
2894 2722 3223 2797 praedicabat
3268 2724 3633 2795 Evangelium
3665 2722 3797 2790 Dei,

2199 2821 2341 2878 sicut
2370 2818 2639 2877 Dominus
2671 2813 2927 2882 instituit,
2961 2812 3186 2870 dicens:
3231 2835 3251 2860 ι
3280 2813 3490 2886 Dignus
3540 2819 3621 2869 est
3648 2826 3801 2883 ope—

2198 2912 2375 2970 rarius
2404 2907 2652 2967 mercede
2679 2923 2776 2964 sua
2806 2905 2958 2977 (Luc.
2989 2920 3047 2972 x,
3080 2904 3173 2974 7);
3212 2926 3232 2952 ι
3259 2900 3352 2957 sed
3368 2909 3429 2957 ut
3461 2901 3533 2957 ad
3564 2901 3809 2958 utilita-

2197 3014 2308 3061 tem
2358 3016 2546 3057 eorum
2595 2996 2902 3071 proﬁceret,
2948 2990 3226 3050 refutavit.
3256 2989 3479 3047 Duabus
3521 2989 3671 3046 enim
3723 3005 3809 3046 ex

515 3078 755 3169 amplius
803 3078 919 3149 (96)
973 3078 1184 3169 ceteris
1232 3076 1564 3169 lifboraverlt
1619 3082 1674 3169 ef
1700 3074 1996 3131 Dominum
2030 3073 2088 3129 in
2122 3110 2166 3169 ρ
2200 3091 2378 3151 causis
2411 3089 2624 3146 oblatos
2672 3091 2925 3157 sumptus
2962 3080 3270 3149 refutavit;
3317 3094 3385 3135 ne
3416 3086 3470 3136 et
3512 3078 3806 3152 pseudou-

509 3168 717 3239 templo
745 3182 906 3223 orans
929 3166 1150 3235 viderit,
1179 3173 1233 3221 et
1261 3166 1478 3221 locutus
1506 3164 1577 3221 sit
1603 3164 1676 3220 ei.

572 3272 756 3345 (Vers.
788 3272 869 3343 6.)
916 3294 934 3319 ι
962 3270 1068 3328 Sed
1115 3277 1169 3327 et
1200 3271 1247 3326 si
1300 3270 1587 3343 imperitus
1641 3283 1892 3326 sermone
1948 3282 2091 3337 sum,

505 3385 618 3425 non
647 3377 831 3424 tamen
860 3367 1109 3424 scientia.
1142 3392 1160 3416 ›
1206 3363 1348 3421 199
1379 3367 1494 3422 Hoc
1531 3382 1641 3421 non
1698 3365 1769 3422 ad
1821 3365 2094 3437 apostolos

501 3457 766 3529 pertinet,
797 3457 928 3527 quia
982 3471 1094 3511 non
1149 3462 1306 3511 erant
1354 3455 1693 3526 eloquentes,
1739 3461 1928 3525 utpote
1973 3454 2092 3509 sine

501 3544 702 3600 litteris
723 3587 737 3611 ,
768 3544 914 3614 pleni
936 3551 1118 3599 tamen
1157 3542 1367 3614 Spiritu
1396 3550 1585 3597 sancto
1610 3560 1623 3597 :
1655 3542 1749 3597 sed
1769 3541 1870 3599 hos
1898 3543 2092 3616 tangit,

506 3650 644 3707 quos
674 3633 1036 3704 praeferebant
1067 3631 1365 3702 Corinthii,
1422 3648 1583 3689 causa
1610 3632 1849 3689 accurati
1879 3648 2094 3688 sermo—

504 3722 631 3789 nis;
671 3736 796 3779 cum
841 3720 899 3775 in
927 3720 1192 3791 religione
1226 3721 1313 3777 vis
1362 3720 1630 3779 sermonis
1658 3721 1960 3778 necessaria
1997 3719 2089 3788 sit,

499 3827 613 3867 non
668 3826 833 3866 sonus
879 3809 1056 3866 dulcis
1089 3811 1228 3882 (97).
1266 3810 1553 3878 Quomodo
1600 3817 1784 3866 tamen
1813 3826 1870 3867 se
1898 3809 2094 3866 humi-

493 3900 617 3968 liat,
638 3907 699 3955 ut
725 3898 1044 3970 imperitum
1072 3915 1129 3955 se
1157 3915 1272 3956 esse
1301 3900 1449 3957 dicat
1477 3900 1535 3955 in
1566 3915 1819 3956 sermone
1840 3899 1868 3955 ?
1898 3899 1969 3955 Et
1996 3898 2089 3955 ubi

507 3998 591 4047 est
637 3988 800 4058 illud,
833 3987 978 4061 quod
1019 3989 1211 4046 Festus
1240 3989 1316 4046 ait
1348 4009 1359 4045 :
1406 4012 1424 4036 ι
1454 3989 1639 4057 Paule,
1674 3989 1874 4060 inquit,
1905 3989 2089 4056 Paule,

504 4082 694 4138 multae
728 4081 922 4138 litterae
954 4089 1004 4138 te
1033 4080 1244 4139 faciunt
1278 4077 1568 4136 excordem
1602 4077 1718 4150 (98)
1755 4077 1893 4148 (Act.
1928 4094 2089 4144 xxvr,

506 4171 603 4241 24)
627 4171 676 4225 is
720 4171 836 4226 Hoc
873 4186 1000 4241 ergo
1029 4170 1238 4239 dicens,
1270 4185 1381 4225 non
1413 4184 1469 4225 se
1509 4166 1660 4241 loqui
1690 4167 1898 4223 nescire
1917 4167 2095 4225 voluit

506 4258 777 4329 intelligi:
812 4260 906 4313 sed
962 4266 1180 4331 prepter
1210 4275 1300 4315 eos
1351 4258 1446 4331 qui
1499 4274 1611 4313 non
1641 4273 1736 4329 per
1784 4256 1968 4325 ﬁdem,
1998 4259 2086 4314 sed

507 4360 607 4418 per
643 4345 1012 4417 eloquentiam
1068 4346 1440 4403 commendari
1496 4344 1773 4402 volebant.
1806 4346 1877 4400 Et
1937 4344 1994 4401 in
2027 4361 2090 4401 eo

493 4443 685 4491 tamen
716 4450 771 4489 se
823 4434 970 4489 dixit
999 4435 1318 4508 imperitum
1348 4437 1495 4510 quod
1525 4452 1634 4492 non
1666 4435 1830 4491 habet
1859 4435 2086 4503 crimen;

495 4523 558 4579 in
611 4538 676 4578 eo
723 4529 903 4578 autem
937 4523 1084 4596 quod
1124 4523 1393 4596 acquirrit
1420 4525 1650 4580 salutem
1688 4524 1827 4597 (99),
1858 4532 1911 4580 et
1929 4522 2090 4595 cujus

501 4611 810 4683 ignorantia
858 4627 971 4667 non
1017 4619 1164 4669 caret
1218 4611 1469 4682 crimine,
1509 4627 1620 4667 non
1668 4628 1725 4668 se
1768 4610 2082 4684 imperitum

500 4700 919 4772 pronuntiavit;
974 4700 1103 4773 quia
1132 4700 1227 4774 qui
1260 4700 1548 4773 imperitus
1593 4706 1676 4757 est
1727 4700 1785 4755 in
1813 4714 2082 4768 sermone,

489 4905 630 4976 quod
652 4911 848 4961 rectum
875 4905 946 4961 sit
971 4905 1139 4962 alium
1165 4908 1455 4975 Christum,
1491 4914 1588 4962 aut
1623 4907 1792 4963 alium
1824 4905 2085 4976 Spiritum

488 4977 741 5048 recipere,
775 4983 871 5032 aut
915 4978 1083 5033 aliam
1106 4979 1576 5048 prwdicationem;
1630 4977 1824 5048 quippe
1845 4977 1972 5031 dum
2005 4978 2077 5033 ad

495 5047 717 5104 Galatas
746 5048 887 5103 dicat
917 5066 933 5103 :
962 5049 1020 5104 Si
1050 5047 1168 5118 quis
1193 5050 1358 5114 vobis,
1388 5057 1494 5104 etc.

564 5118 680 5189 (94)
725 5119 874 5174 Idem
931 5118 1054 5174 cod.
1115 5118 1300 5188 Corb.,
1361 5120 1641 5175 anathema
1715 5118 1800 5173 sit.
1854 5120 1964 5174 Hoc
2011 5127 2085 5175 est

486 5188 699 5245 autem:
731 5192 879 5246 Recte
917 5190 1250 5260 pateremini,
1288 5191 1337 5245 si
1379 5191 1532 5245 aliud
1578 5188 1801 5244 audistis
1836 5191 1976 5259 quod
2010 5194 2083 5247 ad

488 5262 637 5316 nobis
669 5261 867 5315 dictum
917 5259 1022 5314 non
1053 5266 1129 5313 est
1148 5277 1164 5313 ς·
1193 5266 1290 5315 aut
1335 5261 1382 5315 si
1433 5261 1574 5317 alius
1628 5259 1868 5315 Christus
1908 5261 2083 5330 major

487 5333 552 5387 ab
601 5350 657 5388 eo
707 5348 857 5402 quem
896 5348 989 5385 nos
1015 5331 1391 5400 praedicamus,
1447 5331 1864 5385 annuntiaretur
1895 5334 2037 5387 vobis
2060 5352 2076 5388 :

487 5410 581 5457 aut
605 5410 785 5475 potior
814 5402 1048 5475 Spiritus
1076 5402 1231 5475 datus
1261 5403 1571 5475 eratqcolore
1593 5404 1955 5475 persuasionis
1974 5423 1995 5470 ;
2023 5411 2079 5458 ut

482 5472 867 5545 prwponeretis
895 5472 1044 5529 nobis
1075 5474 1201 5528 tales
1238 5472 1629 5544 praedicatores.
1676 5474 1850 5530 Porro
1883 5481 2075 5543 autem,

491 5551 597 5601 etc.

563 5616 680 5685 (95)
714 5616 871 5673 Rom.
903 5616 1060 5685 edit.,
1089 5617 1183 5687 qui
1203 5616 1435 5689 potiores
1462 5615 1793 5674 videbantur.

2204 3180 2433 3256 postolis
2481 3175 2682 3235 similis
2728 3171 3088 3240 inveniretur,
3140 3167 3235 3243 qui
3281 3182 3391 3225 non
3447 3166 3517 3224 ad
3563 3165 3803 3240 gloriam

2200 3270 2323 3338 Dei,
2355 3267 2449 3325 sed
2478 3265 2547 3322 ad
2592 3280 2745 3320 suam
2785 3262 3082 3320 utilitatem
3129 3256 3517 3332 praedicabant,
3567 3264 3627 3312 ut
3672 3272 3799 3313 non

2203 3358 2544 3415 occasionem
2584 3353 2893 3425 acciperent
2925 3346 3313 3422 depraedandi;
3346 3345 3456 3402 alio
3497 3346 3641 3401 enim
3668 3362 3795 3402 non

2202 3448 2522 3520 accipiente,
2574 3458 2688 3500 non
2718 3448 2897 3515 potest
2941 3441 3080 3497 alter
3107 3438 3345 3495 multum
3396 3444 3689 3509 expetere:
3737 3447 3803 3495 et

2202 3556 2270 3599 ne
2327 3540 2484 3612 vigor
2536 3534 2866 3607 evangelicae
2921 3532 3205 3607 potestatis
3260 3538 3621 3603 torpesceret;
3690 3530 3799 3600 qui

2201 3630 2350 3686 enim
2398 3645 2430 3685 a
2459 3624 2815 3701 peccantibus
2843 3623 3063 3696 accipit,
3112 3620 3377 3695 arguendi
3406 3618 3795 3676 auctoritatem

2202 3720 2432 3778 amittit.
2474 3718 2565 3775 Sic
2591 3732 2718 3788 ergo
2748 3714 3084 3779 exaltantur,
3139 3728 3266 3770 cum
3297 3710 3420 3768 ideo
3456 3708 3523 3765 ab
3550 3708 3628 3764 eis
3673 3723 3797 3765 non

2201 3809 2489 3881 accipitur,
2519 3814 2583 3863 ut
2607 3805 2845 3877 correpti
2895 3800 3272 3872 emendentur,
3309 3816 3343 3857 a
3375 3806 3549 3856 morte
3586 3796 3795 3854 elevati

2202 3898 2268 3955 ad
2296 3898 2488 3953 vitam.

2275 3986 2454 4057 (Vers.
2481 3983 2562 4054 8.)
2610 4006 2629 4031 ι
2657 3981 2810 4038 Alias
2855 3979 3131 4039 Ecclesias
3185 3975 3505 4052 exspoliavi,
3559 3986 3803 4048 accepto

2201 4074 2472 4147 stipendio
2501 4073 2569 4129 ad
2588 4071 2957 4128 ministerium
2979 4078 3246 4128 vestrum.
3278 4068 3350 4125 Et
3370 4082 3491 4124 cum
3514 4064 3663 4136 apud
3689 4081 3803 4119 vos

2201 4178 2395 4230 essem,
2442 4168 2497 4216 et
2538 4175 2771 4231 egerem,
2818 4157 2960 4215 nulli
3012 4157 3193 4229 gravis
3219 4155 3323 4211 fui.
3356 4180 3376 4206 ι
3417 4154 3622 4211 Onerat
3650 4168 3795 4221 eos;

2200 4252 2440 4310 ostendit
2469 4251 2617 4308 enim
2668 4265 2779 4306 non
2834 4249 3011 4305 solum
3054 4246 3297 4303 noluisse
3353 4260 3412 4302 se
3446 4242 3689 4314 accipere
3719 4243 3801 4297 ab

2199 4343 2297 4411 eis,
2332 4341 2427 4398 sed
2455 4349 2508 4398 et
2555 4340 2623 4396 ab
2667 4338 2792 4395 aliis
2836 4336 3126 4409 accepisse,
3182 4342 3237 4391 et
3292 4333 3371 4390 eis
3424 4333 3797 4389 ministrasse.

2199 4431 2271 4488 Et
2301 4440 2360 4488 ut
2394 4428 2631 4486 multum
2660 4426 2764 4483 hoc
2793 4423 3043 4481 ostendat
3066 4423 3255 4491 fuisse,
3285 4438 3395 4478 non
3428 4437 3642 4494 parum,
3673 4420 3752 4474 ait
3779 4437 3795 4474 :

2212 4545 2231 4568 ι
2266 4520 2420 4576 Alias
2464 4514 2771 4589 exspoliavi
2821 4512 3096 4569 Ecclesias
3134 4509 3201 4567 ad
3255 4509 3624 4566 ministerium
3679 4525 3809 4562 ve-

2193 4618 2388 4667 strum.
2420 4634 2439 4658 »
2481 4606 2603 4662 Non
2634 4619 2803 4677 parva
2831 4617 2959 4673 ergo
2985 4599 3257 4672 signiﬁcat
3283 4616 3340 4656 se
3369 4599 3427 4655 in
3458 4614 3550 4654 eos
3578 4598 3808 4668 impen-

2193 4698 2356 4767 disse;
2376 4713 2505 4756 cum
2526 4694 2673 4751 enim
2690 4692 2826 4750 dicit
2845 4690 3155 4764 exspoliavi,
3165 4689 3340 4746 multa
3357 4695 3580 4761 accepta
3597 4695 3649 4743 et
3661 4686 3816 4746 data

2265 4903 2380 4977 (96)
2422 4902 2547 4977 Vet.
2579 4901 2816 4977 edit.__et
2843 4911 2973 4977 mss.
3005 4895 3236 4970 aliquot,
3288 4895 3465 4952 electio
3491 4909 3612 4949 cum
3636 4894 3820 4948 testi-

2192 4971 2369 5049 monia
2392 4974 2480 5049 sit,
2511 4981 2558 5029 et
2585 4971 2835 5049 amplius,
2866 4976 2971 5049 etc.
3048 5040 3074 5049 -
3300 5037 3309 5047 υ

2263 5048 2390 5120 (97)
2422 5036 2540 5120 Non
2580 5036 2743 5120 serius
2798 5038 2987 5120 dulcis.
3040 5040 3107 5120 lu
3131 5109 3142 5120 .
3166 5037 3405 5120 omnibus
3449 5041 3642 5120 autem.
3705 5036 3829 5093 Ita

2192 5105 2322 5173 ms‘s.
2352 5105 2518 5174 Corb.
2576 5116 2634 5169 in
2660 5184 2663 5185 ν
2691 5128 2799 5185 quo
2829 5109 3099 5182 quidquid
3128 5109 3275 5165 inter
3303 5108 3423 5163 haec
3454 5105 3624 5162 verba
3653 5122 3825 5162 me—

2190 5190 2343 5245 dium
2373 5196 2475 5259 est,
2510 5184 2784 5259 emititur.
3386 5249 3399 5259 ,
3491 5256 3501 5259 _
3583 5247 3603 5259 ,
3673 5249 3683 5259 ,

2263 5259 2379 5332 (98)
2422 5247 2545 5313 Vet.
2580 5255 2713 5311 edit.
2745 5270 2870 5310 cum
2909 5268 3037 5308 mss.
3097 5265 3208 5305 non
3242 5249 3450 5323 paucis,
3484 5256 3529 5304 te
3569 5247 3831 5319 faciunt

2189 5337 2503 5472 “239381221
2528 5397 2659 5472 edit.
2694 5399 2851 5454 Rom.
2885 5402 2938 5472 et
2958 5410 3086 5472 mss.
3121 5392 3414 5472 nonnulli:
3444 5398 3565 5472 vet.
3599 5398 3837 5453 autem

2188 5463 2321 5527 edit.
2354 5463 2480 5527 cum
2509 5470 2632 5525 aliis
2653 5485 2783 5524 mss.
2817 5466 2993 5521 multo
3029 5465 3302 5537 pluribus,
3332 5463 3474 5537 quod
3494 5479 3613 5537 non
3632 5478 3839 5537 caret

2186 5543 2425 5608 crimine,
2455 5548 2502 5597 et
2538 5539 2771 5611 acquirit
2809 5533 3067 5611 salutem?
3095 5533 3532 5611 _rectius’Laud.
3566 5533 3849 5598 sublata

2188 5606 2475 5685 negatione
2506 5606 2655 5683 legit,
2688 5608 2829 5679 quod
2855 5613 3000 5663 caret
3026 5606 3262 5662 crimine.
3293 5612 3398 5662 etc.
