4090 6182
784 243 793 246 -
825 224 861 248 .3’
877 218 1085 249 521.54,

284 272 371 327 πει
1348 265 1705 325 COMMENT.
1747 267 1819 323 IN
1853 264 2069 323 EPIST.
2111 266 2160 323 II
2196 266 2293 322 AD
2332 265 2489 323 COR.

3446 278 3550 338 342

282 395 560 470 signiﬁcat,
590 408 700 449 non
735 397 977 447 extorta.
1010 390 1163 447 Unde
1192 390 1445 463 subjecit:
1470 395 1732 466 «Accepto
1756 393 1855 450 sti-
1891 395 1943 453 A
2047 391 2227 463 (Vera.
2262 390 2377 462 14.)
2421 415 2440 438 ε
2467 390 2579 449 Nec
2607 392 2800 468 utique
2826 394 3052 464 mirum,
3080 398 3193 468 ipse
3223 398 3368 455 enim
3396 401 3547 458 Sata-

282 487 500 562 pendio;
534 510 552 532 »
580 482 928 555 stipendium
949 490 1030 538 est
1047 480 1368 554 enim,quod
1393 482 1637 540 militans
1662 484 1862 558 accipit

280 578 345 634 ad
366 582 633 647 sumptus,
665 572 793 629 vice
819 570 1100 628 mercedis.
1139 571 1416 629 Ruborem
1464 590 1589 647 ergo
1628 574 1859 632 incussit

280 668 352 722 eis
380 684 394 733 ;
425 663 560 739 quia
583 678 702 718 non
749 661 938 734 utique
982 659 1110 717 dolo
1152 660 1434 730 refutavit,
1490 663 1707 735 quando
1745 664 1859 735 ipse

277 756 353 812 eis
410 750 775 818 ministravit,
813 758 865 806 et
906 757 970 805 ut
1014 767 1113 822 per
1156 749 1263 808 hoc
1286 752 1677 822 ministerium,
1711 752 1857 826 quod

278 844 663 917 promiserant,
712 838 928 896 facilius
971 838 1299 912 implerent,
1350 841 1581 898 scientes
1633 858 1690 898 se
1743 858 1859 898 esse

277 931 580 997 debitores;
611 936 669 985 ut
696 944 807 984 non
836 928 997 983 valde
1024 928 1320 1001 gloriosum
1345 928 1461 1000 jam
1490 930 1564 988 sit
1601 930 1839 987 ministe-

277 1022 420 1079 rium
449 1035 657 1087 eorum,
697 1016 792 1074 sed
820 1015 1095 1085 debitum;
1126 1034 1195 1074 ne
1226 1019 1313 1074 vel
1348 1018 1476 1075 inde
1495 1034 1552 1074 se
1565 1017 1857 1089 jactarent.

350 1108 534 1181 (Vers.
563 1106 648 1178 9.)
696 1131 714 1153 ι
734 1105 805 1161 Et
835 1121 959 1162 cum
986 1104 1131 1177 apud
1169 1122 1268 1161 vos
1297 1121 1489 1174 essem,
1522 1114 1576 1162 et
1624 1123 1856 1179 egerem,

279 1196 419 1253 nulli
453 1194 636 1269 gravis
662 1193 762 1249 fui.
793 1218 811 1239 ι
858 1194 920 1248 In
954 1200 1167 1249 tantum
1225 1195 1304 1251 eis
1351 1195 1611 1267 proﬁcere
1658 1196 1855 1264 voluit,

280 1294 342 1342 ut
371 1292 657 1357 egestatem
683 1297 835 1338 suam
866 1283 1243 1339 consolaretur
1268 1292 1488 1356 propter
1533 1299 1723 1340 eorum
1761 1300 1859 1341 sa-

281 1372 468 1429 lutem.
505 1374 699 1428 Passus
746 1370 895 1426 enim
934 1378 1229 1442 egestatem
1279 1379 1567 1428 contentus
1618 1372 1745 1438 fuit,
1792 1386 1861 1428 ne

280 1460 361 1516 illi
384 1461 607 1533 aliquod
640 1458 962 1516 scandalum
1005 1466 1341 1531 paterentur.
1393 1460 1497 1527 Qui
1547 1462 1694 1515 enim
1743 1460 1861 1528 dat,

278 1557 421 1624 putat
448 1565 506 1606 se
544 1549 798 1616 exaltari,
826 1555 880 1603 et
901 1548 1016 1620 jam
1060 1564 1117 1605 se
1159 1564 1272 1605 non
1317 1549 1524 1621 patitur
1570 1548 1724 1622 argui
1755 1548 1859 1619 (1).

290 1666 307 1688 ι
331 1641 460 1696 Nam
492 1639 862 1713 indigentiam
894 1653 1069 1694 meam
1098 1639 1491 1713 suppleverunt
1521 1640 1735 1711 fratres,
1761 1636 1862 1715 qui

1971 495 2069 538 nas
2095 479 2513 552 transﬁguratur
2541 481 2693 537 velut
2737 484 2960 555 angelus
3002 484 3245 543 luminis.
3286 510 3306 536 ι
3366 488 3554 545 Mani-

1972 570 2171 628 festum
2202 578 2283 629 est
2319 570 2450 643 quia
2489 570 2805 644 frequenter
2844 575 3049 631 multos
3110 575 3253 633 fallit
3303 578 3549 648 Satanas,

1972 660 2262 717 ostendens
2298 675 2355 716 se
2382 660 2495 717 illis
2545 660 2699 731 quasi
2735 663 2989 733 angelum
3034 665 3153 732 Dei,
3205 670 3267 721 ut
3315 666 3555 740 decipiat

1972 764 2081 806 eos.
2138 748 2292 806 Unde
2344 749 2497 805 Iesus
2546 750 2695 807 Nave
2751 751 3042 821 sollicitus,
3077 770 3196 826 quae
3251 754 3382 812 sivit
3429 757 3552 828 quis

1971 845 2108 894 esset
2156 838 2250 910 qui
2293 837 2344 894 ei
2393 838 2645 909 apparuit
2713 838 2909 909 (Iosue,
2974 859 3030 910 v,
3081 843 3191 913 13).
3266 843 3339 900 Et
3409 845 3551 917 Apo-

1971 925 2098 982 stoli
2150 925 2210 981 in
2250 925 2379 981 navi
2432 926 2711 997 perterriti
2742 927 3005 998 putabant
3050 929 3372 1000 phantasma
3413 948 3548 992 esse.

1976 1014 2127 1074 Unde
2153 1016 2344 1073 Petrus
2390 1017 2670 1087 apostolus
2719 1006 2923 1073 dicenti
2969 1019 3252 1078 Domino:
3308 1012 3553 1080 {Nolite

1971 1104 2184 1172 timere,
2222 1120 2321 1177 ego
2342 1120 2465 1160 sum
2499 1104 2709 1176 (Matth.
2742 1121 2860 1174 xw,
2892 1105 2983 1177 27)
3009 1125 3023 1174 ;
3055 1132 3073 1153 ι
3116 1122 3228 1164 non
3260 1109 3418 1168 facile
3438 1127 3553 1169 cre-

1973 1193 2127 1261 dens,
2158 1191 2272 1250 ait:
2320 1216 2339 1242 ι
2368 1191 2426 1249 Si
2463 1200 2525 1248 tu
2552 1208 2629 1258 es.
2655 1191 2787 1265 jube
2824 1209 2912 1249 me
2952 1194 3140 1251 venire
3183 1195 3251 1251 ad
3292 1204 3346 1254 te
3391 1215 3553 1273 super

1972 1297 2138 1354 aquas
2163 1280 2325 1351 (Ibid.
2361 1280 2478 1352 28),
2510 1304 2530 1331 ι
2570 1288 2633 1337 ut
2676 1281 2723 1337 si
2768 1279 2999 1338 ﬁrmiter
3047 1283 3313 1356 posuisset
3361 1288 3551 1359 pedem

1974 1387 2136 1443 super
2163 1385 2353 1442 aquas,
2369 1369 2535 1427 sciret
2563 1384 2757 1426 verum
2784 1385 2899 1428 esse
2928 1372 3057 1446 quia
3086 1383 3198 1430 non
3226 1379 3342 1430 erat
3369 1375 3554 1448 phan~

1972 1470 2167 1531 tasma,
2197 1462 2345 1536 quod
2371 1461 2679 1535 apparebat.

2049 1552 2230 1625 (Vers.
2265 1551 2379 1623 15.)
2423 1573 2443 1598 ι
2470 1550 2592 1607 Non
2638 1566 2765 1625 ergo
2807 1568 3087 1626 magnum,
3116 1556 3162 1612 si
3216 1566 3269 1615 et
3314 1558 3554 1617 ministri

1975 1640 2094 1714 ejus
2121 1639 2596 1712 transﬁgurantur,
2642 1640 2788 1698 sicut
2822 1642 3062 1699 ministri
3102 1641 3352 1715 justiﬁes.
3382 1672 3401 1695 ι
3442 1647 3557 1705 Μί-

279 1739 537 1788 venerunt
578 1747 611 1786 a
663 1727 1001 1788 Macedonia.
1044 1753 1065 1778 ι
1105 1729 1155 1785 Α
1208 1729 1600 1789 Macedonibus
1648 1749 1861 1806 semper
1890 1741 1938 1803 Β
1976 1729 2139 1787 nistri
2162 1728 2392 1801 justitiae
2428 1727 2661 1800 apostoli
2707 1736 2854 1797 sunt,
2903 1746 3135 1802 quorum
3179 1748 3236 1791 se
3279 1734 3337 1791 hi
3379 1735 3555 1793 socios

277 1820 510 1892 accepit;
542 1818 673 1892 quia
704 1817 861 1890 prius
885 1816 1025 1873 vitia
1050 1832 1151 1873 sua
1177 1828 1559 1877 correxerunt.
1604 1822 1675 1879 Et
1722 1822 1865 1881 sicut

282 1925 313 1965 a
334 1907 642 1967 Corinthiis
670 1906 1045 1980 accipiendum
1081 1924 1195 1964 non
1222 1919 1358 1978 erat,
1390 1926 1459 1966 ne
1486 1911 1597 1967 illis
1623 1911 1679 1966 in
1712 1929 1864 1969 scan-

280 1998 471 2056 dalum
501 1996 820 2071 proficeret;
852 1996 934 2053 sic
961 1996 1160 2053 iterum
1204 2014 1238 2052 a
1282 1998 1670 2055 Macedonibus
1711 2001 1865 2058 acci-

278 2088 540 2161 piendum
570 2093 703 2156 erat,
729 2101 800 2143 ne
826 2084 969 2142 bene
994 2086 1325 2144 seminantes
1364 2086 1610 2145 fructum
1653 2089 1865 2148 amitte-

278 2185 414 2235 rent.

344 2265 528 2338 (Vers.
566 2264 681 2336 10.)
736 2287 754 2311 ι
782 2265 855 2321 Et
910 2264 969 2320 in
1016 2265 1273 2322 omnibus
1315 2265 1433 2324 sine
1483 2283 1645 2325 onere
1683 2275 1864 2325 vestro

277 2368 356 2408 me
386 2352 574 2425 ipsum
600 2353 838 2420 servavi,
870 2361 925 2409 et
975 2354 1221 2409 servabo.
1253 2378 1273 2402 ι
1335 2355 1398 2410 In
1435 2370 1499 2410 eo
1555 2372 1768 2428 semper
1808 2372 1864 2413 se

277 2458 695 2515 permansurum
737 2442 892 2512 dicit,
946 2452 1008 2500 ut
1056 2444 1138 2502 sic
1180 2460 1237 2500 se
1292 2445 1586 2518 corrigant,
1647 2456 1866 2520 propter

278 2532 777 2608 pseudoapostolos,
810 2534 907 2608 qui
932 2534 1275 2593 occasionem
1306 2536 1621 2609 quaerebant
1648 2536 1864 2609 deprae-

279 2622 453 2679 dandi
483 2638 591 2679 eos.

353 2719 505 2776 200
545 2736 564 2761 ‹
590 2716 689 2773 Est
715 2715 918 2774 veritas
947 2714 1155 2774 Christi
1188 2715 1247 2772 in
1281 2732 1388 2785 me,
1413 2716 1671 2790 quoniam
1694 2718 1867 2790 gloria

276 2810 390 2867 hac
424 2826 537 2866 non
566 2806 900 2879 infringetur
928 2804 985 2860 in
1015 2821 1103 2860 me
1133 2805 1191 2860 in
1219 2805 1535 2879 regionibus
1562 2797 1802 2863 Achaiae.
1834 2832 1853 2854 ι

278 2897 543 2955 Hortatur
572 2912 789 2952 omnem
833 2892 1115 2962 Achaiam,
1146 2903 1208 2950 ut
1254 2893 1571 2950 ministrent
1616 2895 1818 2951 sanctis
1851 2912 1864 2951 :

277 2988 375 3045 sibi
438 2993 621 3043 autem
672 3000 783 3040 non
835 2982 1172 3055 permittere,
1217 2998 1287 3038 ne
1345 2991 1577 3055 coeptam
1637 2984 1868 3056 gloriam

1971 1827 2406 1896 mentiebuntur,
2450 1835 2515 1884 ut
2558 1826 2868 1899 deciperent
2911 1829 3209 1888 audientes.
3258 1856 3276 1879 ι
3312 1833 3553 1900 Quorum

1973 1917 2101 1974 ﬁnis
2128 1917 2232 1974 erit
2259 1915 2560 1973 secundum
2590 1931 2753 1989 opera
2779 1931 2989 1973 eorum.
3012 1941 3031 1966 ι
3069 1916 3197 1974 Sine
3218 1917 3405 1990 dubio,
3427 1922 3558 1994 quia

1968 2010 2364 2083 judicabuntur
2412 2006 2727 2080 hujusmodi
2772 2008 3071 2065 secundum
3118 2009 3288 2066 animi
3338 2012 3422 2068 sui
3465 2028 3556 2068 ne-

1973 2099 2225 2173 quitiam;
2246 2098 2374 2172 quia
2404 2113 2515 2154 non
2550 2104 2770 2170 propter
2799 2099 2993 2167 Deum,
3028 2098 3124 2155 sed
3154 2109 3374 2172 propter
3394 2117 3556 2159 suum

1974 2195 2224 2243 ventrem
2254 2185 2521 2242 simulant
2547 2200 2605 2241 se
2634 2185 2916 2240 ministros
2960 2186 3080 2243 Dei.
3130 2187 3321 2245 Finem
3372 2197 3556 2246 tamen

1974 2277 2195 2332 illorum
2242 2273 2542 2332 secundum
2589 2288 2753 2346 opera
2788 2274 3011 2332 illorum
3059 2274 3197 2333 dicit
3248 2293 3262 2334 :
3308 2284 3370 2334 ut
3415 2279 3559 2336 sicut

1975 2381 2137 2438 opera
2164 2371 2218 2421 et
2248 2380 2380 2421 cura
2409 2362 2623 2421 ventris
2649 2363 2861 2432 interit,
2901 2365 2978 2421 ita
2998 2370 3054 2421 et
3078 2364 3138 2421 hi
3191 2366 3416 2424 interire
3460 2367 3558 2424 in-

1972 2455 2314 2527 telligantur.

2049 2544 2228 2615 (Vers.
2257 2542 2370 2613 16.)
2421 2564 2441 2590 ε
2475 2543 2677 2599 Iterum
2707 2541 2833 2598 dico
2878 2558 2948 2598 ne
2984 2544 3109 2615 quis
3147 2544 3428 2602 existimet
3471 2561 3557 2602 me

1976 2633 2347 2706 insipientem,
2375 2631 2623 2704 alioquin
2652 2631 2805 2686 velut
2831 2631 3178 2703 insipientem
3201 2633 3429 2706 accipite
3449 2650 3554 2702 me;

1975 2729 2039 2777 ut
2070 2729 2122 2777 et
2147 2737 2247 2793 ego
2276 2718 2551 2776 modicum
2583 2717 2791 2791 aliquid
2816 2718 3033 2790 glorier.
3065 2744 3084 2768 ι
3127 2720 3299 2791 Supra
3330 2721 3472 2793 (cap.
3495 2739 3554 2790 II,

1978 2828 2117 2870 vers.
2154 2813 2207 2883 1)
2234 2810 2347 2882 jam
2388 2810 2533 2866 dixit
2564 2829 2577 2867 :
2626 2835 2646 2859 ι
2673 2809 2894 2867 Utinam
2923 2810 3264 2868 sustineretis
3295 2813 3557 2883 pusillum

1977 2898 2407 2973 imprudentiam
2438 2900 2654 2956 meam!
2686 2923 2707 2947 ι
2748 2898 2855 2955 hoc
2881 2912 3030 2956 nunc
3063 2900 3297 2971 repetit;
3349 2915 3559 2973 semper

1978 2991 2123 3048 enim
2158 2989 2416 3063 proponit
2445 2987 2591 3062 quod
2620 2994 2807 3061 postea
2835 2987 3026 3043 multis
3054 2986 3392 3060 interpositis
3421 3005 3560 3061 pro-

278 3093 383 3134 non
420 3075 713 3147 impleret;
769 3071 942 3145 gloria
969 3079 1071 3161 est
1120 3070 1267 3161 enim
1295 3086 1328 3161 a
1355 3070 1524 3161 licitis
1570 3070 1861 3142 abstinere,
1896 3100 1940 3161 ο
1977 3087 2253 3152 sequatur.
2287 3076 2443 3145 Quod
2471 3093 2601 3148 ergo
2629 3091 2797 3148 supra
2823 3075 3129 3148 proposuit,
3160 3075 3325 3133 modo
3365 3076 3561 3149 incipit

278 3166 523 3221 maxime
548 3163 616 3219 ad
641 3161 878 3218 aliorum
908 3159 1158 3215 salutem.
1192 3160 1255 3214 In
1288 3159 1510 3215 Achaiae
1540 3176 1666 3232 ergo
1691 3162 1863 3234 regio-

274 3253 445 3309 nibus
471 3251 657 3309 noluit
684 3250 787 3317 uti,
822 3248 879 3303 in
910 3246 1121 3304 caeteris
1148 3263 1279 3303 usus
1327 3254 1408 3303 est
1459 3266 1471 3302 :
1521 3255 1574 3303 et
1625 3249 1861 3322 amplius

273 3344 553 3416 promittit
603 3341 703 3397 sub
749 3337 1069 3394 testimonio
1112 3336 1343 3405 Christi,
1388 3338 1575 3394 dicens
1619 3339 1676 3394 in
1717 3354 1781 3395 eo
1809 3356 1866 3397 se

273 3446 640 3497 mansurum;
712 3443 784 3484 ne
834 3425 1129 3500 aliquando
1175 3425 1244 3481 ab
1285 3426 1507 3483 Achaiae
1554 3427 1868 3500 regionibus

270 3524 377 3580 acci
388 3537 460 3594 pe
467 3526 566 3577 ret.

334 3611 532 3685 (Vers.
568 3606 682 3679 11.)
728 3629 747 3654 ι
779 3605 956 3675 Quare
976 3605 1006 3661 ?
1032 3604 1173 3674 Quia
1200 3620 1314 3661 non
1335 3604 1508 3678 diligo
1536 3622 1635 3663 vos
1666 3607 1695 3664 ‘P
1722 3609 1867 3663 Deus

267 3699 390 3757 scit.
434 3723 450 3746 ι
494 3696 726 3753 Reddita
756 3694 967 3751 ratione
997 3693 1162 3749 etiam
1195 3692 1297 3749 Dei
1344 3693 1631 3749 scientiam
1674 3702 1863 3752 testem

267 3788 357 3845 dat
389 3785 717 3845 dilectionis
745 3801 877 3853 suae,
916 3799 1077 3859 quam
1135 3781 1367 3838 habebat
1409 3799 1534 3855 erga
1572 3799 1693 3850 eos;
1742 3783 1871 3857 quia

268 3893 382 3934 non
426 3874 550 3931 ideo
575 3873 794 3930 nolebat
823 3872 1090 3944 accipere,
1117 3870 1247 3943 quia
1276 3885 1387 3925 non
1419 3870 1544 3927 illos
1579 3870 1862 3944 diligebat;

264 3967 363 4025 sed
430 3962 557 4018 ideo
604 3962 793 4034 magis,
841 3961 970 4032 quia
1006 3959 1221 4016 amabat
1265 3976 1376 4031 eos,
1423 3968 1485 4017 ut
1528 3960 1634 4017 hoc
1686 3962 1865 4035 ipsum

265 4051 565 4128 prodesset
594 4050 723 4116 illis,
754 4048 897 4103 sicut
923 4047 1063 4103 dixi.

356 4137 549 4209 (Vere.
583 4137 693 4207 12.)
737 4161 754 4181 ι
788 4135 945 4202 Quod
974 4142 1155 4191 autem
1185 4137 1345 4206 facio,
1368 4148 1420 4195 et
1446 4140 1688 4196 facturus
1722 4154 1864 4206 sum;

268 4235 341 4286 ut
367 4230 657 4296 amputem
686 4224 1024 4279 occasionem
1049 4240 1237 4280 eorum
1265 4228 1358 4300 qui
1394 4230 1586 4285 volunt
1615 4227 1870 4286 occasio-

270 4332 437 4381 nem,
473 4321 535 4369 ut
564 4312 622 4368 in
653 4329 716 4369 eo
744 4312 891 4385 quod
922 4311 1242 4382 gloriantur,
1261 4314 1628 4386 inveniantur,
1658 4320 1800 4374 sicut
1817 4326 1870 4374 et

272 4425 405 4466 nos,
433 4429 453 4453 ο
498 4402 687 4458 Gloria
740 4400 1323 4474 pseudoapostolorum
1371 4403 1429 4457 in
1474 4407 1717 4476 pecuniis
1758 4416 1873 4464 erat

276 4491 644 4566 accipiendis.
678 4491 805 4547 Ideo
834 4489 1135 4563 Apostolus
1171 4489 1276 4545 hoc
1320 4490 1599 4562 refutavit,
1650 4511 1717 4551 ne
1762 4497 1876 4553 illis

276 4583 484 4643 similis
511 4582 821 4648 videretur;
854 4580 984 4654 quia
1014 4579 1122 4635 nisi
1155 4579 1262 4638 hoc
1291 4580 1360 4636 ab
1390 4582 1659 4653 Apostolo
1687 4585 1877 4642 fuisset

278 4679 543 4745 vitatum,
581 4674 753 4745 major
784 4672 994 4731 occasio
1028 4672 1139 4728 illis
1178 4673 1305 4729 data
1324 4673 1521 4729 fuisset
1552 4673 1871 4749 accipiendi,

280 4777 376 4824 aut
406 4765 581 4837 magis
611 4762 1000 4835 extorquendi;
1033 4761 1250 4836 quando
1298 4762 1356 4818 in
1400 4763 1504 4820 hac
1544 4779 1602 4820 re
1642 4764 1871 4823 formam

282 4857 350 4912 ab
383 4854 646 4927 Apostolo
676 4851 857 4907 datam
888 4850 1251 4907 ostenderent.

357 4945 540 5015 (Vera.
579 4942 691 5010 13.)
733 4963 750 4985 ε
774 4938 1096 5008 Hujusmodi
1119 4939 1265 4994 enim
1285 4941 1723 5014 pseudoapostoli
1744 4954 1872 5001 sunt

284 5028 544 5104 operarii,
591 5025 832 5093 subdoli,
883 5023 1327 5096 transfigurantes
1384 5043 1439 5082 se
1488 5027 1545 5082 in
1601 5033 1873 5103 apostolos

283 5117 513 5178 Christi.
543 5140 563 5165 ›
606 5113 835 5173 Subdoli
866 5120 1014 5179 sunt,
1057 5113 1184 5185 quia
1237 5115 1485 5171 avaritiae
1530 5132 1711 5186 causa,
1763 5126 1873 5175 non

284 5207 545 5279 religiosa
573 5212 752 5260 mente
779 5217 954 5275 neque
984 5199 1136 5257 missi
1168 5203 1538 5272 praedicabant
1568 5204 1871 5278 Christum,

286 5311 487 5352 nomen
520 5292 623 5350 sibi
660 5291 1017 5364 apostolicum
1050 5298 1393 5361 usurpantes.

366 5478 445 5547 (1)
478 5473 663 5533 Codex
690 5472 871 5547 rVall.,
901 5477 948 5526 et
976 5471 1095 5528 inde
1122 5488 1175 5527 se
1194 5471 1407 5547 patitur
1433 5473 1607 5547 argui.

364 5544 443 5620 ('2)
473 5548 597 5620 Mss.
630 5546 857 5617 aliquot,
884 5549 1135 5615 putarent
1180 5544 1430 5600 sublimes
1473 5544 1566 5601 hoc
1610 5552 1872 5620 concepto,

300 5618 427 5689 quia
460 5617 611 5685 nihil,
646 5622 746 5672 etc.

1902 4446 1952 4504 D

1974 3182 2265 3234 enarrare;
2302 3182 2429 3222 nam
2459 3181 2589 3223 vera
2612 3163 2883 3233 dicturus,
2932 3164 3086 3221 velut
3126 3165 3475 3237 insipientem
3502 3182 3561 3222 se

1975 3258 2130 3325 dicit,
2165 3256 2295 3329 quia
2331 3254 2593 3312 videntur
2620 3254 2689 3311 ad
2715 3253 2934 3311 laudem
2961 3253 3079 3327 ejus
3105 3254 3397 3326 pertinere.
3445 3278 3465 3302 ι
3490 3256 3564 3312 Ut

1976 3354 2031 3403 et
2053 3361 2150 3418 ego
2180 3342 2482 3411 modicum,
2508 3342 2712 3415 inquit,
2744 3341 3245 3414 glorier.Modicum
3269 3341 3375 3400 hoc
3392 3340 3558 3409 dixit,

1978 3432 2106 3505 quia
2133 3432 2191 3487 in
2211 3430 2414 3497 verbis,
2445 3444 2558 3484 non
2587 3429 2648 3485 in
2677 3445 2842 3486 sensu
2869 3437 2969 3487 est.
2998 3431 3119 3487 Non
3148 3445 3275 3502 ergo
3320 3445 3448 3486 vere
3491 3430 3559 3485 ad

1978 3520 2205 3595 gloriam
2235 3533 2390 3575 suam
2420 3517 2539 3574 haec
2566 3519 2836 3590 loquitur,
2865 3517 2960 3575 sed
2977 3518 3228 3575 vultillis
3254 3516 3559 3585 ostendere,

1981 3609 2109 3684 quia
2136 3624 2271 3682 quos
2293 3612 2489 3680 putant
2509 3605 2948 3678 gloriosos,nihil
2977 3607 3101 3678 plus
3119 3605 3187 3661 ab
3207 3605 3311 3663 hoc
3332 3605 3556 3673 habent;

1976 3712 2041 3755 ac
2066 3711 2162 3768 per
2189 3695 2296 3752 hoc
2327 3694 2375 3751 si
2405 3702 2672 3767 putantur
2708 3694 2769 3750 hi
2798 3694 3042 3767 gloriosi,
3076 3702 3129 3751 et
3157 3709 3275 3765 ego,
3308 3693 3507 3765 inquit.
3529 3718 3546 3741 -

1977 3784 2104 3841 Ideo
2129 3783 2442 3856 insipientis
2471 3782 2577 3840 hoc
2605 3798 2720 3839 esse
2750 3780 2906 3852 dicit,
2937 3790 3002 3839 ut
3038 3781 3106 3838 ad
3138 3781 3357 3837 laudem
3407 3796 3562 3836 suam

1977 3872 2186 3946 aliquid
2215 3880 2596 3944 prosequatur,
2625 3879 2896 3928 se‘autem
2943 3879 3192 3929 coactum
3236 3870 3341 3928 hoc
3388 3870 3560 3943 loqui.

1979 3961 2139 4017 Dolet
2164 3958 2312 4015 enim
2345 3959 2416 4027 ei,
2447 3966 2509 4013 ut
2537 3960 2665 4015 illos
2693 3966 2949 4032 putarent
2996 3960 3261 4016 sublimes
3290 3957 3396 4013 hoc
3422 3972 3563 4013 con—

1978 4056 2205 4120 tempto,
2234 4046 2328 4120 qui
2358 4046 2501 4102 nihil
2531 4048 2614 4118 (2)
2648 4049 2771 4121 plus
2794 4049 2863 4105 ab
2893 4063 2958 4104 eo
2986 4047 3268 4104 haberent.

2052 4136 2235 4207 (Vers.
2268 4134 2382 4205 17.)
2427 4157 2446 4182 ι
2475 4135 2633 4202 Quod
2663 4136 2877 4209 loquor,
2900 4151 3012 4191 non
3042 4137 3237 4208 loquor
3263 4132 3563 4191 secundum

1978 4225 2173 4282 Deum.
2207 4248 2227 4272 ι
2268 4222 2580 4280 Secundum
2606 4226 2781 4280 Deum
2830 4239 2943 4280 non
2988 4222 3273 4296 loquitur;
3323 4223 3451 4297 quia
3496 4223 3565 4280 ad

1980 4313 2161 4371 carnis
2203 4319 2477 4370 tumorem
2530 4311 2648 4370 haec
2694 4311 2990 4383 pertinent,
3040 4325 3141 4368 nec
3187 4309 3254 4367 de
3282 4310 3566 4368 inﬂatione

1981 4401 2124 4475 apud
2154 4402 2329 4458 Deum
2359 4399 2535 4472 surgit
2563 4398 2771 4472 gloria;
2803 4398 2934 4472 quia
2960 4397 3105 4472 apud
3146 4401 3321 4457 Deum
3372 4400 3569 4458 humi-

1982 4492 2107 4548 litas
2136 4490 2369 4563 gloriosa
2397 4495 2497 4546 est.
2542 4513 2561 4538 ι
2591 4488 2695 4546 Sed
2724 4488 2879 4563 quasi
2908 4488 2968 4545 in
2999 4488 3318 4563 insipientia
3356 4490 3417 4546 in
3466 4491 3569 4548 hac

1984 4578 2288 4637 substantia
2318 4577 2681 4652 gloriationis.
2703 4602 2722 4627 ι
2752 4579 2873 4637 Non
2893 4580 3109 4653 plenam
3136 4579 3282 4636 dixit
3307 4580 3567 4652 insipien.

1982 4669 2137 4740 tiam,
2167 4669 2262 4726 sed
2288 4686 2359 4726 ex
2386 4678 2538 4743 parte
2562 4688 2576 4739 ;
2596 4670 2810 4726 veritas
2840 4670 2987 4725 enim
3017 4676 3117 4725 est.
3150 4669 3253 4724 Sed
3284 4669 3411 4742 quia
3448 4669 3569 4725 ele-

1984 4757 2132 4816 vatio
2158 4758 2358 4815 vitiosa
2376 4774 2463 4815 res
2491 4766 2606 4827 est;
2641 4758 2788 4827 ideo,
2818 4757 3069 4831 quamvis
3100 4772 3291 4813 verum
3321 4758 3394 4813 sit
3422 4756 3569 4831 quod

1982 4844 2205 4915 dicitur,
2238 4845 2392 4919 quasi
2416 4844 2737 4917 insipientia
2764 4850 2948 4900 tamen
2999 4850 3081 4901 est
3125 4860 3570 4920 unumquemque

1982 4940 2203 4997 laudare
2231 4957 2308 4997 se.
2336 4940 2505 4997 Plena
2536 4946 2719 4995 autem
2750 4936 3070 5011 insipientia
3099 4946 3198 5008 est,
3237 4938 3283 4994 si
3316 4953 3373 4995 se
3418 4939 3569 4994 falsis

1983 5031 2107 5105 quis
2137 5029 2319 5086 laudet
2353 5028 2433 5102 (3)
2463 5046 2478 5097 ;
2513 5028 2606 5084 ille
2627 5026 2773 5085 enim
2805 5027 3072 5102 superbus
3101 5027 3169 5083 de
3198 5042 3329 5084 vero
3358 5032 3458 5094 est,
3480 5025 3569 5081 hic

1983 5118 2183 5176 stultus
2222 5116 2289 5173 de
2319 5116 2477 5186 falso;
2500 5116 2811 5175 substantia
2824 5122 3011 5173 tamen
3032 5113 3375 5189 gloriationis
3395 5114 3450 5169 in
3467 5112 3569 5167 hac

1982 5220 2145 5262 causa
2161 5205 2396 5261 carnalis
2423 5212 2504 5261 est
2534 5222 2549 5272 ;
2590 5204 2720 5277 quia
2745 5203 2888 5262 sicut
2935 5203 3035 5260 flos
3081 5203 3214 5277 feni,
3246 5204 3323 5261 ita
3365 5196 3567 5257 decidit

1985 5293 2157 5368 gloria
2183 5293 2307 5349 ista.

2057 5473 2139 5546 (3)
2171 5474 2328 5531 Rom.
2360 5472 2520 5544 edit.,
2548 5473 2666 5531 sise
2697 5473 2838 5547 falso
2868 5472 2984 5545 quis
3016 5467 3429 5547 laudet.lteruu_1
3455 5477 3567 5547 non

1986 5536 2161 5602 multo
2191 5554 2313 5616 post
2341 5536 2599 5600 nonnulli
2630 5536 2759 5600 mss.
2794 5536 2984 5614 legunt
3026 5536 3315 5591 carnalitas
3344 5539 3438 5607 est,
3470 5536 3567 5596 ubi

1986 5616 2082 5671 alii
2113 5623 2167 5671 et
2192 5615 2384 5671 omnes
2412 5616 2569 5685 edit.,
2599 5615 2835 5669 carnalis
2863 5617 2955 5667 est.
