4108 6184
530 219 633 281 343

1540 220 1639 276 AD
1675 215 1909 274 OPEBA
1946 215 2002 272 S.
2043 213 2373 273 AMBROSII
2410 212 2794 275 APPENDIX.‘

3712 217 3817 275 344

607 343 786 415 (Vers.
820 344 932 413 18.)
966 367 985 391 ε
1014 342 1153 409 Quia
1175 344 1334 400 multi
1360 342 1663 414 gloriantur
1682 341 1983 397 secundum
2008 358 2119 397 car-
2148 345 2201 403 A
2229 340 2333 409 hee,
2376 340 2750 398 obtrectabant
2794 340 3046 416 eis,quod
3093 350 3274 401 essent
3322 343 3723 415 incircumcisi,
3752 364 3815 405 se

531 448 681 499 nem,
713 440 764 487 et
795 450 892 501 ego
923 433 1221 503 gloriabor.
1261 459 1280 481 ι
1324 434 1436 486 Hoc
1462 431 1615 495 dicit,
1652 430 1911 502 quoniam
1939 430 2115 503 aliqui

531 535 599 576 ex
659 519 861 574 .ludaeis
910 520 1189 574 credentes
1252 518 1651 591 praesumedant
1697 518 1801 573 sibi
1848 519 1992 591 quod
2023 535 2117 574 es-

532 618 651 666 sent
683 610 783 663 ﬁlii
815 608 1066 664 Abrahae.
1108 611 1219 665 Hoc
1250 620 1328 665 est
1379 609 1679 665 secundum
1726 625 1943 663 carnem
1993 610 2119 679 glo-

532 698 683 764 riari,
719 697 1061 753 nobilitatem
1091 699 1193 753 sibi
1230 697 1409 752 carnis
1441 697 1740 752 vindicare.
1794 697 1926 752 Inde
1970 697 2116 751 enim

532 786 635 842 sibi
667 785 968 841 defendunt
1001 787 1212 856 generis
1242 786 1689 857 praerogativam;
1724 784 1852 856 quia
1872 784 1972 839 ﬁlii
2002 784 2118 855 ejus

494 858 497 869 l
532 878 913 949 dicuntur,qui
937 883 1072 939 201
1098 881 1210 933 Deo
1240 878 1592 935 crediderint:
1617 876 1773 933 tCum
1796 876 1979 930 anima
1998 891 2115 946 quae

493 988 498 1053 ζ
530 952 857 1049 peccaverit,
884 977 997 1048 ipsa
1027 978 1296 1031 moriatur
1321 976 1534 1046 (Ezech.
1560 973 1851 1043 xvm,20).
1878 973 1968 1028 :Si
1991 990 2116 1044 ergo

533 1064 649 1119 haec
681 1065 851 1136 gloria
880 1074 979 1131 est,
1016 1065 1215 1134 Inquit,
1239 1071 1291 1117 et
1320 1080 1418 1133 ego
1438 1061 1710 1134 gloriabor
1734 1079 1748 1126 ;
1780 1061 1908 1131 quia
1938 1068 1992 1115 et
2019 1075 2116 1131 ego

532 1153 683 1208 ﬁlius
712 1168 832 1206 sum
880 1150 1133 1205 Abrahae.
1182 1149 1283 1204 Sed
1324 1150 1465 1203 nihil
1516 1148 1734 1219 prodest
1777 1148 1953 1202 ﬁlium
2002 1164 2115 1202 esse

530 1242 763 1299 Abrahze
798 1241 941 1311 apud
976 1242 1177 1305 Deum‘;
1212 1240 1337 1311 quia
1376 1239 1509 1293 ﬁdes
1538 1247 1619 1294 est
1646 1255 1768 1310 quae
1788 1240 1980 1304 salvat,
2005 1254 2115 1293 non

531 1343 769 1399 prOpago
800 1327 1010 1397 generis
1039 1327 1293 1382 Abrahae.
1324 1328 1559 1399 Ideoque
1590 1328 1762 1397 gloria
1794 1326 1910 1382 haec
1937 1326 2117 1381 carnis

529 1426 611 1473 est
638 1417 831 1487 gloria,
862 1427 923 1473 ut
954 1426 1081 1489 puta
1110 1419 1155 1473 si
1188 1418 1405 1474 dicatur
1432 1417 1635 1473 nobilis
1665 1417 1811 1472 ﬁlius
1852 1416 2113 1472 hominis.

601 1506 784 1575 (Vers.
820 1506 905 1575 19,
940 1506 1056 1576 20.)
1101 1530 1121 1553 ι
1150 1506 1406 1561 Libenter
1436 1505 1581 1559 enim
1613 1504 1916 1570 sustinetis,
1972 1502 2119 1558 insi-

529 1594 741 1666 pientes
770 1594 875 1665 (4),
908 1611 1031 1649 cum
1081 1595 1203 1649 sitis
1251 1596 1354 1665 ipsi
1397 1594 1683 1664 sapientes.
1720 1618 1737 1641 ι
1794 1592 2117 1663 Insipientes

530 1683 785 1753 appellat,
816 1686 909 1754 qui
940 1682 1006 1735 de
1032 1682 1211 1736 carnis
1245 1680 1666 1736 circumcisione
1695 1680 2070 1751 gloriabantur
2103 1698 2114 1736 2
2148 1691 2194 1751 Β

476 1801 482 1809 -
530 1777 583 1824 et
612 1769 738 1838 quia
774 1785 805 1822 a
836 1768 1141 1823 Corinthiis
1170 1767 1551 1838 portabantur,
1598 1775 1660 1822 ut
1707 1768 1929 1837 gloriosi
1971 1767 2119 1824 vide-

529 1866 752 1922 rentur;
798 1855 920 1910 ideo
968 1857 1265 1925 Apostolus
1311 1857 1476 1911 etiam
1528 1872 1586 1911 se
1628 1856 1887 1911 sustineri
1935 1856 2002 1910 ab
2032 1856 2119 1911 his

527 1945 689 2010 vult;
723 1952 783 1998 ut
811 1951 863 1997 et
895 1943 1008 2013 ipse
1036 1942 1141 1999 hoc
1172 1960 1228 1999 se
1261 1960 1377 1999 esse
1408 1944 1738 2010 ostenderet,
1772 1943 1919 2015 quod
1964 1952 2118 2000 erant

530 2032 689 2098 hi,et
718 2047 827 2086 non
861 2038 1042 2085 tamen
1089 2031 1311 2100 gloriari
1358 2048 1426 2086 ex
1478 2031 1578 2087 hac
1622 2039 1771 2103 parte
1817 2032 2116 2088 secundum

529 2123 706 2177 Deum
733 2138 747 2186 ;
781 2119 925 2175 unde
956 2120 1185 2190 gloriam
1219 2120 1359 2177 hanc
1388 2120 1760 2190 insipientiam
1794 2120 2118 2178 vocat.Glo-

531 2210 665 2265 riari
700 2210 844 2264 enim
876 2226 931 2264 se
962 2209 1097 2264 dicit
1123 2210 1425 2267 secundum
1446 2226 1662 2266 carnem
1690 2229 1702 2276 ;
1736 2211 1831 2267 sed
1855 2212 1958 2267 hoc
1979 2212 2118 2267 stul-

532 2305 651 2352 tum
701 2312 814 2351 esse
844 2297 1149 2368 proﬁtetur,
1182 2305 1244 2353 ut
1271 2306 1325 2353 et
1355 2298 1582 2369 gloriam
1614 2299 1756 2355 hanc
1793 2299 2029 2354 inaniret
2065 2307 2119 2355 et

532 2402 590 2441 se
618 2393 864 2440 coactum
899 2387 954 2440 in
983 2387 1198 2441 laudem
1247 2388 1429 2443 carnis
1460 2387 1701 2458 erupisse
1738 2387 1914 2444 docet.
1947 2387 2119 2459 Igitur

534 2474 750 2530 insania
779 2484 859 2529 est
891 2475 1026 2531 haec.
1058 2477 1192 2531 Nam
1224 2476 1497 2548 quomodo
1527 2476 1824 2548 prudentes
1853 2484 2001 2543 sunt,
2022 2477 2119 2549 qui

536 2579 679 2633 saepe
709 2563 1229 2633 reprehenduntur?
1260 2581 1441 2620 nonne
1472 2566 1595 2635 plus
1624 2564 1764 2637 sapit
1805 2565 2120 2636 insipientia

530 2652 806 2722 Apostoli,
837 2667 1001 2723 quam
1032 2652 1227 2708 horum
1259 2653 1579 2724 prudentia?
1609 2654 1709 2711 llic
1736 2654 1881 2709 enim
1904 2654 2119 2724 sapiens

535 2742 773 2796 sustinet
802 2741 1196 2811 imprudentes,
1242 2744 1336 2814 qui
1385 2743 1647 2815 patientia
1683 2760 1780 2799 sua
1813 2745 1894 2815 (5)
1930 2743 2119 2799 suffert

528 2846 644 2894 eos,
692 2836 748 2882 ut
797 2830 1007 2898 possint
1055 2831 1361 2899 proﬁcere;
1419 2848 1486 2886 ne
1543 2848 1847 2902 provocans
1892 2849 1985 2888 eos
2025 2839 2118 2887 aut

528 2917 816 2987 adjiciens,
853 2916 1063 2986 pejores
1093 2917 1218 2973 illos
1248 2919 1427 2985 faciat,
1461 2927 1555 2974 aut
1583 2931 1726 2976 certe
1756 2923 1811 2976 in
1842 2923 1953 2978 illis
1983 2938 2120 2994 pro-

532 3003 694 3058 ﬁcere
724 3018 834 3057 non
865 3004 1121 3073 potuerit;
1157 3020 1311 3060 suam
1342 3005 1661 3060 modestiam
1696 3008 1953 3063 custodit.
1997 3009 2117 3063 Ho-
2147 3037 2192 3097 ο

529 3106 653 3146 rum
688 3090 747 3145 in
776 3090 1082 3148 Corinthiis
1112 3092 1253 3149 nihil
1286 3102 1385 3149 est.
1420 3094 1705 3162 Quomodo
1732 3112 1859 3168 ergo
1887 3098 2119 3155 libenter

527 3178 801 3235 sufferunt
848 3180 1244 3251 imprudentes,
1291 3199 1416 3238 cum
1473 3182 1577 3254 ipsi
1621 3185 1732 3239 sint
1781 3186 2049 3256 sapientes
2100 3206 2114 3255 ;

529 3266 639 3321 nisi
671 3268 800 3339 quia
831 3284 939 3324 non
968 3269 1049 3324 sic
1078 3272 1197 3325 vult
1223 3270 1481 3341 intelligi,
1510 3272 1653 3327 sicut
1681 3281 1877 3328 sonant
1906 3275 2071 3331 verba
2090 3276 2118 3331 ?

529 3354 648 3411 Hoc
695 3355 754 3411 in
799 3371 963 3412 sensu
1007 3367 1061 3415 et
1106 3360 1554 3430 pronuntiatione
1599 3367 1725 3427 est;
1774 3362 1903 3433 quia
1930 3364 2115 3419 eadem

527 3444 752 3514 quidem
784 3446 950 3500 verba
979 3461 1089 3501 non
1121 3448 1372 3503 eumdem
1425 3447 1628 3504 habent
1677 3466 1919 3515 sensum,
1959 3452 2117 3505 aliter

534 3531 860 3600 pronuntiat
891 3534 971 3601 (6)
1001 3551 1015 3598 ;
1048 3541 1108 3588 ut
1140 3535 1435 3605 aliquando
1463 3536 1770 3602 conﬁrmet,
1819 3538 2116 3609 aliquando

528 3625 711 3687 neget,
743 3618 888 3689 quod
920 3618 1072 3673 dicit.
1104 3621 1170 3674 Hi
1202 3622 1348 3677 enim
1384 3630 1444 3678 ut
1465 3623 1775 3695 prudentes,
1796 3623 2115 3696 insipientes

528 3705 862 3762 suﬁ'erebant
910 3706 1075 3761 falsos
1120 3712 1410 3780 apostolos.
1474 3735 1491 3757 ι
1529 3711 1822 3766 Sustinetis
1867 3713 2034 3781 enim,
2067 3715 2113 3769 si

530 3794 658 3866 quis
685 3812 783 3851 vos
813 3795 872 3850 in
909 3796 1227 3853 servitutem
1273 3798 1472 3870 redigit
1504 3818 1515 3854 :
1547 3824 1567 3849 ι
1609 3801 1723 3856 Hoc
1769 3816 1959 3856 verum
1999 3810 2109 3870 est;

532 3884 664 3955 quia
692 3883 1079 3955 redigebantur
1107 3886 1164 3940 in
1194 3888 1538 3955 servitutem,
1570 3903 1681 3943 non
1725 3904 1821 3959 per
1866 3889 2115 3961 pruden-

530 3972 691 4041 tiam,
727 3972 820 4029 sed
851 3989 947 4044 per
975 3973 1265 4029 stultitiam
1289 3992 1302 4040 ;
1336 3983 1397 4029 ut
1426 3975 1829 4032 famularentur
1855 3978 2112 4048 pseudoa-

524 4062 773 4131 postolis.
822 4085 842 4108 ι
871 4062 926 4117 Si
958 4063 1081 4133 quis
1110 4060 1353 4116 devorat.
1388 4087 1407 4109 ι
1446 4063 1555 4117 Nec
1602 4063 1707 4119 hoc
1752 4064 1949 4120 falsum
1991 4074 2108 4133 est;

496 4204 497 4207 η
528 4149 655 4219 quia
684 4150 928 4205 contenti
952 4157 1106 4207 erant
1134 4149 1386 4206 devorari
1416 4165 1501 4205 res
1530 4165 1654 4206 suas
1683 4167 1712 4205 a
1749 4151 1900 4208 falsis
1929 4153 2108 4209 docto-

523 4235 701 4290 ribus.
743 4260 764 4285 ι
791 4238 847 4292 Si
879 4240 1001 4309 quis
1031 4241 1248 4313 accipit.
1279 4264 1299 4288 ι
1334 4240 1595 4311 Accipere
1622 4248 1702 4296 est
1723 4242 1961 4315 aliquem
1983 4242 2110 4299 dolo

521 4336 745 4392 capere;
812 4325 1042 4395 ideoque
1069 4329 1341 4399 signiﬁcat
1370 4330 1468 4385 bos
1495 4331 1612 4402 capi
1656 4347 1687 4386 a
1731 4330 1934 4386 dolosis
1986 4348 2111 4388 ma-

519 4410 728 4481 gistris,
763 4419 814 4465 et
845 4412 985 4465 ferre
1023 4414 1169 4483 quod
1201 4432 1310 4469 non
1340 4418 1563 4487 expedit
1595 4419 1697 4488 (7).
1718 4442 1735 4463 ι
1767 4418 1822 4473 Si
1853 4419 1974 4491 quis
2002 4437 2110 4475 ex-

516 4499 758 4553 tollitur.
787 4522 806 4545 »
850 4499 1191 4554 Extollentia
1217 4504 1470 4571 superbia
1490 4513 1588 4559 est.
1615 4505 1725 4560 Hos
1753 4522 1878 4578 ergo
1908 4509 2100 4580 tangit,

517 4587 613 4658 qui
647 4587 865 4658 superbi
894 4595 1070 4655 erant,
1095 4590 1233 4643 male
1264 4596 1513 4646 taxantes
1541 4595 1859 4664 Apostolun:
1887 4614 1901 4663 ;
1936 4609 1988 4654 et
2015 4598 2101 4652 bis

516 4690 627 4730 non
657 4676 1035 4747 displicebant.
1077 4700 1096 4723 ι
1127 4678 1182 4732 Si
1213 4677 1336 4750 quis
1363 4678 1420 4733 in
1451 4680 1644 4737 faciem
1674 4701 1771 4739 vos
1799 4686 1977 4743 caedit.
2005 4688 2099 4743 -In

517 4761 716 4818 faciem
746 4765 994 4833 caeditur,
1022 4767 1079 4821 in
1110 4766 1267 4837 cujus
1292 4783 1352 4822 os
1377 4768 1581 4840 injuria
1623 4771 1912 4845 irrogatur.
1943 4776 2100 4833 Nunc

514 4847 618 4909 hos
646 4853 937 4924 signiﬁcat,
968 4855 1061 4927 qui
1090 4872 1153 4911 eo
1184 4856 1330 4928 quod
1360 4868 1537 4915 essent
1566 4858 1632 4916 de
1680 4877 1871 4932 genere
1914 4863 2099 4918 Abra-

584 5003 673 5079 (4)
696 5005 977 5079 Quidquid
1003 5007 1295 5063 intercedit
1324 5009 1467 5064 inter
1496 5011 1614 5068 haec
1644 5012 2097 5078 verba,sustinetis

511 5075 830 5150 insipientes,
857 5075 917 5134 et
946 5079 1052 5134 alia
1082 5080 1199 5147 illa,
1231 5081 1409 5136 ironia
1433 5087 1507 5136 est
1531 5084 1655 5150 hcec,
1689 5083 1748 5139 in
1774 5075 1897 5141 ced.
1928 5086 2093 5145 Corb.

510 5146 871 5205 desideratur.

583 5221 666 5290 (5)
688 5220 952 5293 Nonnulli
984 5236 1136 5289 mss.,
1175 5223 1267 5291 qui
1296 5224 1555 5293 sapientia
1586 5241 1708 5281 sua.

580 5293 665 5368 (ﬁ)
700 5292 824 5368 Mss.
844 5292 1073 5368 aliquot,
1095 5294 1283 5347 habent
1312 5292 1518 5348 sensum
1544 5296 1705 5351 aliter
1720 5299 2091 5368 pronuntiata.

581 5364 663 5443 (7)
696 5363 775 5442 Ita
806 5373 915 5443 vet.
948 5365 1080 5418 edit.
1116 5374 1168 5418 et
1194 5382 1353 5443 mss.,
1384 5377 1610 5443 excepto
1655 5363 1841 5443 (loro,
1875 5370 1933 5424 iu
1954 5388 2090 5443 quo,

508 5436 559 5484 et
588 5434 721 5502 ﬁeri,
752 5436 888 5503 quod
917 5452 1023 5513 non
1054 5437 1279 5506 appetit;
1319 5438 1474 5493 Rom.
1510 5434 1642 5493 edit.
1675 5434 1905 5508 sola,'at
1931 5434 2090 5513 ferri,

504 5516 606 5571 quo
638 5520 739 5558 non
764 5507 989 5578 expedit.

2232 430 2602 502 praeferentes,
2646 430 2745 487 hos
2775 430 3155 487 humiliantes.

2303 520 2485 584 (Vers.
2531 519 2648 589 2i.)
2714 543 2733 565 ε
2772 520 3082 576 Secundum
3129 520 3535 590 ignobilitatem
3584 523 3728 583 dico.
3782 552 3801 575 ι

2228 605 2628 674 Ignobilitatem
2689 607 2823 662 dicit
2871 608 2995 676 hoc,
3043 608 3192 681 quod
3241 626 3406 681 supra
3455 614 3533 683 (v.
3571 614 3658 686 18)
3691 616 3813 673 ait:

2242 715 2262 739 ‹
2292 694 2362 746 Et
2390 710 2489 764 ego
2520 694 2792 764 gloriabor
2817 695 3115 751 secundum
3149 713 3393 754 carnem.
3435 725 3453 747 ι
3513 702 3631 758 Non
3662 705 3813 760 enim

2228 777 2365 835 dicit
2403 780 2470 835 ad
2500 782 2712 837 Iaudem
2743 785 3032 853 pertinere,
3066 785 3197 856 quia
3227 786 3480 845 inﬁrmus
3529 806 3638 845 non
3676 802 3814 861 erat,

2226 866 2286 922 in
2314 883 2421 939 quo
2447 884 2502 924 se
2527 867 2826 938 jactabant,
2860 888 2995 942 quos
3053 873 3270 929 occulte
3317 878 3507 949 tangit.
3568 878 3722 934 Unde
3760 889 3815 937 et

2225 952 2425 1024 adjecit
2456 972 2467 1010 :
2525 980 2543 1002 ι
2569 956 2732 1022 Quasi
2761 974 2861 1013 nos
2891 958 3098 1014 inﬁrmi
3127 961 3388 1019 fuerimus
3407 964 3463 1019 in
3486 965 3589 1021 hac
3605 977 3804 1039 parte.-

2226 1040 2575 1098 Manifestum
2621 1054 2704 1100 est
2748 1046 2877 1117 quia
2925 1063 3034 1102 non
3087 1050 3286 1105 eratin
3319 1050 3418 1108 hac
3448 1054 3618 1124 gloria
3648 1056 3817 1112 inﬁr-

2228 1144 2368 1196 mus,
2425 1130 2481 1185 in
2533 1148 2641 1203 qua
2686 1149 2742 1188 se
2795 1135 3156 1205 praeferebant
3185 1140 3266 1210 (8)
3308 1141 3587 1197 credentes
3616 1144 3812 1213 Judaei,

2226 1233 2363 1290 quos
2392 1218 2448 1273 hi
2480 1221 2848 1290 patiebantur,
2881 1225 3036 1296 quasi
3068 1226 3363 1298 Apostolus
3403 1246 3593 1287 eorum
3627 1234 3682 1287 in
3713 1235 3813 1292 hac

2225 1324 2284 1363 re
2330 1316 2468 1363 esset
2510 1310 2832 1379 dissimilis;
2883 1314 3012 1386 quia
3058 1324 3111 1370 et
3157 1316 3272 1387 ipse
3325 1326 3440 1374 erat
3487 1320 3555 1375 de
3608 1324 3811 1383 semine

2225 1394 2481 1463 Abrahae,
2508 1412 2570 1453 ac
2600 1413 2694 1467 per
2719 1398 2825 1454 hoc
2855 1401 3109 1458 inﬁrmus
3132 1420 3242 1459 non
3271 1414 3385 1461 erat
3428 1408 3484 1462 in
3540 1407 3641 1466 hac
3687 1415 3812 1483 glo-

2224 1482 2307 1538 ria
2329 1484 2507 1538 carnis
2538 1484 2641 1555 (9).
2688 1486 2900 1542 Inﬁrmi
2942 1498 3123 1545 autem
3172 1491 3230 1546 hi
3267 1482 3806 1572 judicabantur,iqui

2226 1572 2485 1660 applicati
2521 1573 2736 1630 fuerant
2792 1579 2976 1647 generi
3026 1579 3278 1636 Abrahae.
3324 1584 3419 1638 Isti
3463 1586 3608 1642 enim
3659 1590 3812 1660 quasi

2226 1659 2434 1716 inﬁrmi
2463 1662 2520 1715 in
2549 1678 2614 1717 eo
2642 1664 2789 1735 quod
2820 1667 2902 1721 illi
2938 1683 2994 1723 se
3044 1670 3422 1741 praeferebant,
3452 1690 3515 1729 eo
3544 1659 3689 1747 quod
3717 1694 3814 1735 es-

2230 1757 2351 1804 sent
2396 1751 2675 1820 Israelitae,
2726 1754 2783 1808 in
2832 1754 2937 1811 hoc
2980 1757 3098 1828 ipso
3145 1760 3340 1815 volunt
3387 1778 3442 1817 se
3469 1766 3702 1822 suﬁerri.
3742 1769 3813 1825 Ut

2229 1837 2540 1894 ostenderet
2569 1840 2626 1894 in
2659 1840 2760 1897 hac
2795 1843 2967 1912 gloria
2994 1848 3175 1902 carnis
3216 1864 3328 1904 non
3376 1866 3432 1906 se
3483 1868 3595 1909 esse
3638 1855 3815 1912 dissi-

2228 1925 2389 1980 miles
2417 1935 2468 1981 et
2505 1927 2754 1985 inﬁrmos
2787 1932 2930 2001 (10),
2958 1949 3082 1988 cum
3111 1934 3177 1991 de
3218 1953 3317 1993 sua
3361 1954 3524 1995 causa
3550 1943 3809 2016 loquitur,

2228 2014 2546 2071 subinducit
2592 2026 2644 2073 et
2699 2019 2959 2076 Barnabaa
3003 2039 3288 2095 personam
3336 2029 3472 2084 socii
3509 2014 3635 2100 sui,
3662 2014 3811 2091 Unde

2228 2110 2282 2158 et
2306 2103 2363 2157 in
2395 2106 2571 2175 prima
2601 2106 2737 2162 dicit
2775 2110 3005 2181 epistola
3034 2129 3046 2166 :
3103 2137 3122 2161 ε
3162 2117 3274 2170 Aut
3307 2132 3404 2188 ego
3431 2120 3582 2175 solus
3612 2132 3664 2178 et
3679 2123 3811 2179 Bar-

2227 2193 2394 2249 nabas
2422 2210 2532 2249 non
2559 2195 2821 2252 habemus
2853 2208 3170 2270 potestatem
3193 2204 3298 2260 hoc
3319 2209 3577 2278 operandi
3606 2212 3659 2280 (Ι
3679 2211 3809 2271 Cor.

2227 2296 2308 2348 ιχ,
2338 2280 2439 2352 6)?
2468 2306 2486 2330 ι
2529 2284 2648 2339 Non
2681 2301 2807 2357 ergo
2837 2289 3077 2345 minores
3106 2300 3263 2347 erant
3290 2294 3347 2349 in
3380 2296 3482 2353 hac
3530 2299 3721 2370 gloria,
3751 2300 3809 2355 in

2227 2386 2333 2443 qua
2361 2387 2417 2426 se
2445 2373 2615 2429 Judaei
2636 2373 2936 2445 jactabant,
2988 2380 3083 2436 sed
3129 2398 3240 2438 non
3287 2384 3415 2441 inde
3460 2388 3809 2459 plaudebant.

2227 2460 2475 2551 Denique
2506 2462 2660 2518 dicit.
2707 2488 2724 2509 -
2754 2466 2818 2521 In
2866 2482 2975 2539 quo
3017 2470 3141 2541 quis
3188 2472 3349 2530 rudet
3376 2476 3405 2531 ‘i
3431 2476 3493 2532 In
3537 2479 3816 2551 insipien-

2226 2548 2359 2603 tiam
2390 2550 2536 2618 dico,
2570 2552 2748 2607 audeo
2769 2562 2822 2608 et
2846 2572 2945 2627 ego
2972 2576 2985 2623 ;
3018 2582 3036 2605 ι
3080 2559 3185 2616 hoc
3225 2569 3326 2627 est,
3358 2581 3468 2619 non
3510 2548 3675 2623 fuisse
3715 2568 3812 2623 in-

2215 2634 2447 2691 ﬁrmum
2481 2637 2538 2691 in
2570 2639 2761 2708 gloria,
2791 2658 2895 2714 qua
2926 2660 2982 2700 se
3017 2645 3294 2716 jactabant
3347 2652 3646 2722 Israelitae;
3708 2671 3809 2712 nec

2228 2723 2451 2796 quidem
2508 2725 2565 2781 in
2612 2727 2715 2783 hac
2758 2746 2813 2785 re
2853 2733 3171 2802 prudentem
3220 2735 3499 2807 indicari;
3560 2742 3814 2813 praeferre

2228 2814 2375 2869 enim
2397 2831 2453 2870 se
2484 2817 2681 2886 nolunt
2715 2821 3026 2891 prudentes.
3052 2825 3115 2878 In
3162 2824 3536 2895 insipientiam
3585 2845 3715 2903 ergo
3757 2847 3816 2888 se

2227 2901 2366 2958 dicit
2421 2905 2621 2961 audere
2669 2907 2725 2962 in
2773 2925 2836 2964 eo
2885 2909 3030 2981 quod
3077 2911 3278 2967 audent
3308 2915 3347 2968 ii
3395 2916 3487 2988 qui
3517 2932 3574 2971 se
3596 2901 3820 2987 jactant

2226 3007 2290 3047 eo
2318 2994 2464 3065 quod
2493 2995 2603 3050 sint
2632 2997 2734 3052 ﬁlii
2765 2998 2993 3054 Abrahae
3018 3018 3032 3066 ;
3065 3009 3126 3056 ut
3171 3002 3399 3072 gloriam
3442 3020 3631 3061 eorum
3682 3010 3816 3065 ina-

2227 3079 2345 3134 niat
2379 3099 2390 3135 :
2426 3081 2830 3153 imprudentem
2862 3104 2917 3142 se
2950 3091 3305 3160 pronuntiat;
3338 3108 3407 3148 ne
3437 3094 3519 3148 illi
3562 3097 3815 3167 pruden-

2226 3175 2306 3223 tes
2338 3168 2659 3227 viderentur
2687 3174 2743 3228 in
2779 3174 2880 3231 hac
2910 3185 3081 3247 parte,
3114 3186 3207 3233 aut
3235 3179 3466 3236 nobiles.

2298 3259 2481 3330 (Vers.
2518 3261 2633 3332 22.)
2676 3263 2929 3319 «Hebraei
2958 3274 3105 3333 sunt,
3128 3276 3181 3322 et
3207 3284 3305 3340 ego
3338 3287 3350 3324 :
3384 3270 3639 3328 Israelita:
3659 3283 3807 3340 sunt,

2226 3359 2279 3409 et
2307 3369 2406 3424 ego
2438 3372 2451 3409 :
2484 3372 2669 3413 semen
2711 3360 2945 3416 Abrahze
2987 3373 3136 3429 sunt,
3172 3373 3226 3419 et
3271 3382 3389 3437 ego.
3423 3393 3441 3417 ι
3500 3370 3561 3424 In
3592 3370 3678 3425 his
3705 3388 3808 3443 pa-

2226 3458 2339 3497 rem
2369 3460 2425 3499 se
2451 3460 2663 3515 eorum,
2697 3448 2764 3504 de
2803 3451 3003 3522 quibus
3024 3468 3188 3523 supra
3218 3453 3568 3526 signiﬁcavit,
3618 3468 3809 3515 osten-

2224 3529 2342 3616 dit:
2402 3540 2463 3587 ut
2518 3533 2880 3592 detractiones
2932 3555 3142 3608 eorum,
3192 3543 3391 3613 quibus
3428 3544 3686 3616 indignus
3738 3547 3809 3605 ab

2224 3615 2312 3673 his
2335 3617 2704 3691 judicabatur,
2737 3625 2897 3681 falsas
2926 3629 3251 3686 ostenderet.

2298 3705 2479 3777 (Vers.
2509 3710 2625 3782 23.)
2676 3735 2693 3758 ι
2722 3714 2960 3769 Ministri
2994 3716 3195 3774 Christi
3228 3727 3375 3788 sunt,
3406 3728 3460 3776 et
3510 3738 3607 3793 ego
3652 3723 3809 3779 velut

2222 3796 2489 3868 insipiens
2519 3800 2661 3870 dico,
2699 3805 2821 3874 plus
2846 3822 2963 3877 ego.
2998 3833 3017 3857 ›
3063 3810 3205 3866 Vera
3234 3811 3304 3866 de
3333 3828 3389 3867 se
3416 3812 3624 3882 dieens,
3658 3815 3809 3871 insi—

2222 3884 2461 3955 pientem
2517 3905 2574 3944 se
2617 3896 2957 3964 pronuntiat,
3009 3906 3072 3954 ut
3120 3900 3458 3974 intelligatur
3498 3913 3717 3961 coactus
3747 3906 3806 3963 in

2224 3974 2437 4031 laudem
2462 3994 2614 4034 suam
2646 3985 2975 4057 prorupisse.
3005 3988 3141 4045 Nam
3181 4006 3275 4063 qui
3296 4001 3485 4064 sponte
3524 4009 3585 4049 ea
3610 3994 3803 4065 refert,

2223 4066 2365 4124 202
2396 4081 2514 4138 quae
2547 4067 2615 4123 ad
2641 4069 2855 4126 laudem
2888 4073 3005 4145 ejus
3057 4080 3367 4149 proﬁciant,
3400 4082 3801 4153 imprudentem

2221 4175 2415 4250 senon
2444 4160 2599 4219 dicit.
2633 4164 2883 4225 Ostendit
2928 4186 3054 4244 ergo
3105 4191 3225 4248 quae
3272 4177 3403 4242 sint,
3434 4194 3551 4250 quae
3602 4179 3803 4236 faciant

2220 4246 2377 4303 illum
2408 4250 2725 4310 ministrum
2752 4256 2959 4314 Christi
2990 4246 3161 4335 magis
3187 4280 3319 4332 esse,
3353 4246 3515 4337 quam
3546 4274 3675 4323 sunt
3704 4283 3801 4323 re—

2220 4334 2356 4407 liqui
2399 4340 2798 4410 praedicatores.
2851 4334 3143 4406 Occasione
3190 4354 3335 4408 enim
3367 4334 3626 4422 inventa,
3670 4371 3799 4412 om-

2217 4425 2370 4480 nium
2421 4431 2597 4502 tangit
2651 4450 2927 4505 personas,
2959 4439 3122 4493 etiam
3155 4445 3553 4513 apostolorum,
3608 4444 3799 4502 dolens

2215 4518 2343 4585 quia
2389 4518 2488 4573 Dei
2536 4522 2708 4591 gratia
2750 4526 2932 4580 minor
2978 4526 3035 4579 in
3079 4527 3182 4583 hoc
3234 4528 3620 4599 judicabatur;
3672 4550 3797 4590 cum

2211 4603 2401 4661 eadem
2455 4620 2772 4680 operaretur
2828 4629 2946 4684 qua).
3008 4616 3191 4670 caeteri
3250 4622 3504 4691 apostoli,
3560 4632 3614 4678 et
3668 4622 3796 4677 ﬁdei

2209 4706 2369 4781 causa
2390 4694 2619 4781 majora
2659 4698 2829 4754 exitia
2878 4701 3152 4759 toleraret.
3179 4706 3332 4762 Unde
3381 4718 3437 4765 et
3466 4709 3523 4763 in
3552 4710 3660 4765 alia
3687 4710 3797 4781 epi-

2207 4779 2553 4939 stolaigicit:
2600 4808 2619 4830 ι
2649 4786 2779 4843 Pius
2810 4787 2924 4845 illis
2962 4791 3221 4849 omnibus
3268 4794 3516 4852 laboravi
3565 4799 3622 4868 (ι
3668 4779 3794 4856 σὸν.

2207 4879 2303 4935 xv,
2445 4912 2455 4924 .
2489 4893 2508 4919 ι

2206 4879 2303 4935 xv,
2345 4879 2455 4935 iU).
2489 4893 2508 4919 ι

2287 5016 2368 5104 _(8)
2394 5019 2554 5107 Corb.
2605 5025 2751 5107 cod.,
2807 5029 2865 5083 in
2920 5030 3026 5107 qua
3070 5048 3137 5107 se
3173 5032 3527 5107 praferebant
3571 5035 3793 5107 Judmis,

2205 5100 2333 5165 quia
2358 5100 2529 5168 etipsi
2556 5105 2709 5152 erant
2729 5115 2795 5153 ea:
2833 5100 3023 5157 semine
3067 5100 3317 5168 Abfaha‘,
3366 5106 3455 5159 sed
3507 5123 3615 5161 non
3672 5100 3793 5165 inde

2198 5164 2538 5244 ῂιᾳιέᾴερᾀπε.
2566 5169 2799 5244 Denique
2817 5172 2943 5227 dicit
2973 5191 2989 5228 :
3012 5175 3077 5229 In
3103 5192 3203 5244 quo
3232 5164 3350 5244 quis
3376 5177 3552 5244 audet,
3593 5185 3699 5235 etc.

2278 5236 2359 5316 (9)
2390 5237 2515 5322 Mss.
2546 5236 2821 5322 nonnulli,
2871 5245 3043 5322 inﬁmi
3072 5236 3187 5322 non
3235 5236 3388 5301 arant
3414 5248 3470 5303 in
3495 5236 3592 5304 hac
3611 5249 3795 5322 gloria

2204 5308 2384 5384 carnis
2410 5309 2653 5384 ,‘ALaudu
2684 5308 2856 5384 gloria
2884 5308 3102 5372 Christi.

2213 5448 2223 5458 .
2276 5380 2298 5458 (
2308 5378 2393 5448 10)
2422 5378 2650 5446 Quidem
2684 5378 2840 5458 mss.,
2880 5393 2937 5440 ut
2971 5389 3382 5445 ostenderent...
3419 5390 3701 5448 dissimiles
3738 5397 3793 5451 σι

2202 5450 2480 5524 infirmos;
2522 5450 2900 5524 nonnulli,'ut
2945 5460 3318 5517 ostenderet....
3369 5462 3694 5520 dissimilem.
3740 5450 3796 5522 et

2202 5519 2474 5590 inﬁrmum
2498 5541 2519 5587 ;
2547 5526 2742 5600 reliqui
2774 5519 2827 5583 et
2854 5526 2988 5586 edit.
3020 5538 3083 5586 ut
3116 5531 3175 5586 in
3205 5539 3379 5588 textu.
