  <div class='ocr_page' id='page_1' title='image "/cluster/home/n/w/nwhite01/storage/ocr_20150623/17/hvd.32044096580436/178.png"; bbox 0 0 4108 6184; ppageno 0'>
   <div class='ocr_carea' id='block_1_1' title="bbox 334 303 439 360">
    <p class='ocr_par' dir='ltr' id='par_1_1' title="bbox 334 303 439 360">
     <span class='ocr_line' id='line_1_1' title="bbox 334 303 439 360; baseline -0.01 0"><span class='ocrx_word' id='word_1_1' title='bbox 334 303 439 360; x_wconf 64' lang='grc'>345</span> 
     </span>
    </p>
   </div>
   <div class='ocr_carea' id='block_1_2' title="bbox 1408 301 2526 362">
    <p class='ocr_par' dir='ltr' id='par_1_2' title="bbox 1408 301 2526 362">
     <span class='ocr_line' id='line_1_2' title="bbox 1408 301 2526 362; baseline 0.004 -4"><span class='ocrx_word' id='word_1_2' title='bbox 1408 301 1766 358; x_wconf 81' lang='lat' dir='ltr'>COMMENT.</span> <span class='ocrx_word' id='word_1_3' title='bbox 1811 303 1882 358; x_wconf 90' lang='lat' dir='ltr'>IN</span> <span class='ocrx_word' id='word_1_4' title='bbox 1915 302 2129 358; x_wconf 85' lang='lat' dir='ltr'>EPIST.</span> <span class='ocrx_word' id='word_1_5' title='bbox 2162 303 2210 357; x_wconf 91' lang='grc' dir='ltr'>ΙΙ</span> <span class='ocrx_word' id='word_1_6' title='bbox 2239 304 2332 357; x_wconf 85' lang='lat' dir='ltr'>AD</span> <span class='ocrx_word' id='word_1_7' title='bbox 2372 301 2526 362; x_wconf 79' lang='lat' dir='ltr'>COR.</span> 
     </span>
    </p>
   </div>
   <div class='ocr_carea' id='block_1_3' title="bbox 3508 311 3608 370">
    <p class='ocr_par' dir='ltr' id='par_1_3' title="bbox 3508 311 3608 370">
     <span class='ocr_line' id='line_1_3' title="bbox 3508 311 3608 370; baseline 0 0"><span class='ocrx_word' id='word_1_8' title='bbox 3508 311 3608 370; x_wconf 67' lang='grc'>346</span> 
     </span>
    </p>
   </div>
   <div class='ocr_carea' id='block_1_4' title="bbox 421 426 3607 501">
    <p class='ocr_par' dir='ltr' id='par_1_4' title="bbox 421 426 3607 501">
     <span class='ocr_line' id='line_1_4' title="bbox 421 426 3607 501; baseline 0.002 -18"><span class='ocrx_word' id='word_1_9' title='bbox 421 452 439 476; x_wconf 72' lang='grc' dir='ltr'>ι</span> <span class='ocrx_word' id='word_1_10' title='bbox 467 431 526 483; x_wconf 92' lang='lat' dir='ltr'>In</span> <span class='ocrx_word' id='word_1_11' title='bbox 569 427 846 484; x_wconf 84' lang='lat' dir='ltr'>laboribus</span> <span class='ocrx_word' id='word_1_12' title='bbox 893 427 1166 501; x_wconf 84' lang='lat' dir='ltr'>plurimis.</span> <span class='ocrx_word' id='word_1_13' title='bbox 1199 453 1218 476; x_wconf 74' lang='grc' dir='ltr'>ι</span> <span class='ocrx_word' id='word_1_14' title='bbox 1274 428 1400 485; x_wconf 90' lang='lat' dir='ltr'>Ideo</span> <span class='ocrx_word' id='word_1_15' title='bbox 1454 429 1512 484; x_wconf 93' lang='lat' dir='ltr'>in</span> <span class='ocrx_word' id='word_1_16' title='bbox 1554 428 1802 500; x_wconf 84' lang='lat' dir='ltr'>pluribus</span> <span class='ocrx_word' id='word_1_17' title='bbox 1833 427 1910 483; x_wconf 91' lang='lat' dir='ltr'>ait</span> <span class='ocrx_word' id='word_1_18' title='bbox 1939 430 1989 488; x_wconf 82' lang='lat' dir='ltr'><strong>A</strong></span> <span class='ocrx_word' id='word_1_19' title='bbox 2026 427 2171 499; x_wconf 89' lang='lat' dir='ltr'>quod</span> <span class='ocrx_word' id='word_1_20' title='bbox 2200 426 2350 482; x_wconf 87' lang='lat' dir='ltr'>aliud</span> <span class='ocrx_word' id='word_1_21' title='bbox 2396 427 2503 484; x_wconf 90' lang='lat' dir='ltr'>fuit</span> <span class='ocrx_word' id='word_1_22' title='bbox 2545 429 2850 500; x_wconf 90' lang='lat' dir='ltr'>periculum</span> <span class='ocrx_word' id='word_1_23' title='bbox 2899 431 2958 488; x_wconf 90' lang='lat' dir='ltr'>in</span> <span class='ocrx_word' id='word_1_24' title='bbox 3005 433 3190 491; x_wconf 80' lang='lat' dir='ltr'>mari?</span> <span class='ocrx_word' id='word_1_25' title='bbox 3236 433 3342 490; x_wconf 90' lang='lat' dir='ltr'>Sed</span> <span class='ocrx_word' id='word_1_26' title='bbox 3389 433 3494 490; x_wconf 88' lang='lat' dir='ltr'>hoc</span> <span class='ocrx_word' id='word_1_27' title='bbox 3529 443 3607 491; x_wconf 88' lang='lat' dir='ltr'>est</span> 
     </span>
    </p>
   </div>
   <div class='ocr_carea' id='block_1_5' title="bbox 335 515 1913 590">
    <p class='ocr_par' dir='ltr' id='par_1_5' title="bbox 335 515 1913 590">
     <span class='ocr_line' id='line_1_5' title="bbox 335 515 1913 590; baseline 0.001 -19"><span class='ocrx_word' id='word_1_28' title='bbox 335 515 628 584; x_wconf 86' lang='lat' dir='ltr'>laboribus,</span> <span class='ocrx_word' id='word_1_29' title='bbox 662 517 794 590; x_wconf 90' lang='lat' dir='ltr'>quia</span> <span class='ocrx_word' id='word_1_30' title='bbox 837 525 891 573; x_wconf 90' lang='lat' dir='ltr'>et</span> <span class='ocrx_word' id='word_1_31' title='bbox 931 517 1012 572; x_wconf 89' lang='lat' dir='ltr'>illi</span> <span class='ocrx_word' id='word_1_32' title='bbox 1057 519 1461 588; x_wconf 88' lang='lat' dir='ltr'>laboraverunt,</span> <span class='ocrx_word' id='word_1_33' title='bbox 1506 518 1598 574; x_wconf 90' lang='lat' dir='ltr'>sed</span> <span class='ocrx_word' id='word_1_34' title='bbox 1642 534 1750 574; x_wconf 90' lang='lat' dir='ltr'>non</span> <span class='ocrx_word' id='word_1_35' title='bbox 1781 525 1913 574; x_wconf 89' lang='lat' dir='ltr'>tan-</span> 
     </span>
    </p>
   </div>
   <div class='ocr_carea' id='block_1_6' title="bbox 335 606 1912 679">
    <p class='ocr_par' dir='ltr' id='par_1_6' title="bbox 335 606 1912 679">
     <span class='ocr_line' id='line_1_6' title="bbox 335 606 1912 679; baseline 0.002 -22"><span class='ocrx_word' id='word_1_36' title='bbox 335 611 467 658; x_wconf 90' lang='lat' dir='ltr'>tum.</span> <span class='ocrx_word' id='word_1_37' title='bbox 501 606 602 662; x_wconf 84' lang='lat' dir='ltr'>Hic</span> <span class='ocrx_word' id='word_1_38' title='bbox 640 607 787 661; x_wconf 91' lang='lat' dir='ltr'>enim</span> <span class='ocrx_word' id='word_1_39' title='bbox 829 622 860 660; x_wconf 87' lang='lat' dir='ltr'>a</span> <span class='ocrx_word' id='word_1_40' title='bbox 910 621 1065 660; x_wconf 90' lang='lat' dir='ltr'>mane</span> <span class='ocrx_word' id='word_1_41' title='bbox 1093 623 1262 679; x_wconf 89' lang='lat' dir='ltr'>usque</span> <span class='ocrx_word' id='word_1_42' title='bbox 1312 609 1380 663; x_wconf 92' lang='lat' dir='ltr'>ad</span> <span class='ocrx_word' id='word_1_43' title='bbox 1428 607 1672 678; x_wconf 83' lang='lat' dir='ltr'>quintam</span> <span class='ocrx_word' id='word_1_44' title='bbox 1721 607 1912 661; x_wconf 88' lang='lat' dir='ltr'>horam</span> 
     </span>
    </p>
   </div>
   <div class='ocr_carea' id='block_1_7' title="bbox 333 691 1916 767">
    <p class='ocr_par' dir='ltr' id='par_1_7' title="bbox 333 691 1916 767">
     <span class='ocr_line' id='line_1_7' title="bbox 333 691 1916 767; baseline 0.002 -22"><span class='ocrx_word' id='word_1_45' title='bbox 333 691 540 748; x_wconf 82' lang='lat' dir='ltr'>victum</span> <span class='ocrx_word' id='word_1_46' title='bbox 587 693 840 749; x_wconf 91' lang='lat' dir='ltr'>manibus</span> <span class='ocrx_word' id='word_1_47' title='bbox 870 694 1164 767; x_wconf 77' lang='lat' dir='ltr'>quaerebat,</span> <span class='ocrx_word' id='word_1_48' title='bbox 1215 703 1268 750; x_wconf 92' lang='lat' dir='ltr'>et</span> <span class='ocrx_word' id='word_1_49' title='bbox 1309 696 1382 750; x_wconf 86' lang='lat' dir='ltr'>ita</span> <span class='ocrx_word' id='word_1_50' title='bbox 1415 695 1614 750; x_wconf 83' lang='lat' dir='ltr'>exinde</span> <span class='ocrx_word' id='word_1_51' title='bbox 1643 710 1813 764; x_wconf 88' lang='lat' dir='ltr'>usque</span> <span class='ocrx_word' id='word_1_52' title='bbox 1848 693 1916 748; x_wconf 89' lang='lat' dir='ltr'>ad</span> 
     </span>
    </p>
   </div>
   <div class='ocr_carea' id='block_1_8' title="bbox 330 779 1912 854">
    <p class='ocr_par' dir='ltr' id='par_1_8' title="bbox 330 779 1912 854">
     <span class='ocr_line' id='line_1_8' title="bbox 330 779 1912 854; baseline 0.001 -20"><span class='ocrx_word' id='word_1_53' title='bbox 330 779 601 836; x_wconf 86' lang='lat' dir='ltr'>decimam</span> <span class='ocrx_word' id='word_1_54' title='bbox 656 782 844 837; x_wconf 89' lang='lat' dir='ltr'>horam</span> <span class='ocrx_word' id='word_1_55' title='bbox 887 783 1202 854; x_wconf 78' lang='lat' dir='ltr'>disputabat</span> <span class='ocrx_word' id='word_1_56' title='bbox 1246 783 1467 853; x_wconf 87' lang='lat' dir='ltr'>publice</span> <span class='ocrx_word' id='word_1_57' title='bbox 1507 790 1662 836; x_wconf 91' lang='lat' dir='ltr'>tanto</span> <span class='ocrx_word' id='word_1_58' title='bbox 1711 781 1912 848; x_wconf 87' lang='lat' dir='ltr'>labore,</span> 
     </span>
    </p>
   </div>
   <div class='ocr_carea' id='block_1_9' title="bbox 330 873 1917 931">
    <p class='ocr_par' dir='ltr' id='par_1_9' title="bbox 330 873 1917 931">
     <span class='ocr_line' id='line_1_9' title="bbox 330 873 1917 931; baseline 0.001 -6"><span class='ocrx_word' id='word_1_59' title='bbox 330 881 393 926; x_wconf 92' lang='lat' dir='ltr'>ut</span> <span class='ocrx_word' id='word_1_60' title='bbox 422 874 919 930; x_wconf 84' lang='lat' dir='ltr'>contradicentibus</span> <span class='ocrx_word' id='word_1_61' title='bbox 956 876 1229 931; x_wconf 84' lang='lat' dir='ltr'>suaderet.</span> <span class='ocrx_word' id='word_1_62' title='bbox 1273 898 1291 919; x_wconf 75' lang='grc' dir='ltr'><strong>ι</strong></span> <span class='ocrx_word' id='word_1_63' title='bbox 1322 875 1382 928; x_wconf 91' lang='lat' dir='ltr'>In</span> <span class='ocrx_word' id='word_1_64' title='bbox 1406 873 1710 929; x_wconf 85' lang='lat' dir='ltr'>carceribus</span> <span class='ocrx_word' id='word_1_65' title='bbox 1736 873 1917 928; x_wconf 90' lang='lat' dir='ltr'>abun-</span> 
     </span>
    </p>
   </div>
   <div class='ocr_carea' id='block_1_10' title="bbox 331 957 1913 1032">
    <p class='ocr_par' dir='ltr' id='par_1_10' title="bbox 331 957 1913 1032">
     <span class='ocr_line' id='line_1_10' title="bbox 331 957 1913 1032; baseline 0.001 -20"><span class='ocrx_word' id='word_1_66' title='bbox 331 957 570 1016; x_wconf 91' lang='lat' dir='ltr'>dantius.</span> <span class='ocrx_word' id='word_1_67' title='bbox 602 985 618 1007; x_wconf 78' lang='grc' dir='ltr'><strong>ι</strong></span> <span class='ocrx_word' id='word_1_68' title='bbox 659 962 922 1032; x_wconf 87' lang='lat' dir='ltr'>Apertum</span> <span class='ocrx_word' id='word_1_69' title='bbox 967 969 1050 1016; x_wconf 89' lang='lat' dir='ltr'>est</span> <span class='ocrx_word' id='word_1_70' title='bbox 1096 962 1438 1032; x_wconf 81' lang='lat' dir='ltr'>frequentius</span> <span class='ocrx_word' id='word_1_71' title='bbox 1486 962 1649 1016; x_wconf 89' lang='lat' dir='ltr'>istum</span> <span class='ocrx_word' id='word_1_72' title='bbox 1689 961 1913 1016; x_wconf 91' lang='lat' dir='ltr'>missum</span> 
     </span>
    </p>
   </div>
   <div class='ocr_carea' id='block_1_11' title="bbox 333 1046 1914 1121">
    <p class='ocr_par' dir='ltr' id='par_1_11' title="bbox 333 1046 1914 1121">
     <span class='ocr_line' id='line_1_11' title="bbox 333 1046 1914 1121; baseline 0.004 -21"><span class='ocrx_word' id='word_1_73' title='bbox 333 1046 498 1103; x_wconf 91' lang='lat' dir='ltr'>fuisse</span> <span class='ocrx_word' id='word_1_74' title='bbox 544 1049 599 1103; x_wconf 93' lang='lat' dir='ltr'>in</span> <span class='ocrx_word' id='word_1_75' title='bbox 655 1065 931 1106; x_wconf 90' lang='lat' dir='ltr'>carcerem</span> <span class='ocrx_word' id='word_1_76' title='bbox 987 1065 1150 1120; x_wconf 90' lang='lat' dir='ltr'>quam</span> <span class='ocrx_word' id='word_1_77' title='bbox 1203 1050 1342 1105; x_wconf 93' lang='lat' dir='ltr'>illos.</span> <span class='ocrx_word' id='word_1_78' title='bbox 1391 1074 1410 1095; x_wconf 84' lang='grc'><strong>«</strong></span> <span class='ocrx_word' id='word_1_79' title='bbox 1438 1051 1497 1105; x_wconf 93' lang='lat' dir='ltr'>In</span> <span class='ocrx_word' id='word_1_80' title='bbox 1537 1049 1708 1121; x_wconf 83' lang='lat' dir='ltr'>plagis</span> <span class='ocrx_word' id='word_1_81' title='bbox 1754 1065 1914 1120; x_wconf 90' lang='lat' dir='ltr'>supra</span> 
     </span>
    </p>
   </div>
   <div class='ocr_carea' id='block_1_12' title="bbox 331 1135 1912 1210">
    <p class='ocr_par' dir='ltr' id='par_1_12' title="bbox 331 1135 1912 1210">
     <span class='ocr_line' id='line_1_12' title="bbox 331 1135 1912 1210; baseline 0.002 -22"><span class='ocrx_word' id='word_1_82' title='bbox 331 1135 627 1192; x_wconf 66' lang='lat' dir='ltr'>modum.»</span> <span class='ocrx_word' id='word_1_83' title='bbox 691 1137 821 1191; x_wconf 91' lang='lat' dir='ltr'>Ideo</span> <span class='ocrx_word' id='word_1_84' title='bbox 869 1153 1031 1208; x_wconf 89' lang='lat' dir='ltr'>supra</span> <span class='ocrx_word' id='word_1_85' title='bbox 1079 1137 1323 1202; x_wconf 90' lang='lat' dir='ltr'>modum,</span> <span class='ocrx_word' id='word_1_86' title='bbox 1376 1137 1504 1209; x_wconf 89' lang='lat' dir='ltr'>quia</span> <span class='ocrx_word' id='word_1_87' title='bbox 1556 1138 1699 1193; x_wconf 89' lang='lat' dir='ltr'>ultra</span> <span class='ocrx_word' id='word_1_88' title='bbox 1751 1154 1912 1210; x_wconf 88' lang='lat' dir='ltr'>quam</span> 
     </span>
    </p>
   </div>
   <div class='ocr_carea' id='block_1_13' title="bbox 330 1224 1909 1292">
    <p class='ocr_par' dir='ltr' id='par_1_13' title="bbox 330 1224 1909 1292">
     <span class='ocr_line' id='line_1_13' title="bbox 330 1224 1909 1292; baseline 0.002 -16"><span class='ocrx_word' id='word_1_89' title='bbox 330 1225 597 1292; x_wconf 85' lang='lat' dir='ltr'>oportuit.</span> <span class='ocrx_word' id='word_1_90' title='bbox 629 1224 763 1280; x_wconf 88' lang='lat' dir='ltr'>Nam</span> <span class='ocrx_word' id='word_1_91' title='bbox 809 1232 862 1279; x_wconf 91' lang='lat' dir='ltr'>et</span> <span class='ocrx_word' id='word_1_92' title='bbox 906 1226 986 1280; x_wconf 91' lang='lat' dir='ltr'>illi</span> <span class='ocrx_word' id='word_1_93' title='bbox 1031 1227 1150 1281; x_wconf 72' lang='lat' dir='ltr'>caesi</span> <span class='ocrx_word' id='word_1_94' title='bbox 1192 1232 1336 1291; x_wconf 89' lang='lat' dir='ltr'>sunt,</span> <span class='ocrx_word' id='word_1_95' title='bbox 1389 1224 1482 1280; x_wconf 89' lang='lat' dir='ltr'>sed</span> <span class='ocrx_word' id='word_1_96' title='bbox 1529 1240 1638 1279; x_wconf 90' lang='lat' dir='ltr'>non</span> <span class='ocrx_word' id='word_1_97' title='bbox 1678 1233 1909 1280; x_wconf 90' lang='lat' dir='ltr'>tantum.</span> 
     </span>
    </p>
   </div>
   <div class='ocr_carea' id='block_1_14' title="bbox 344 1311 1913 1385">
    <p class='ocr_par' dir='ltr' id='par_1_14' title="bbox 344 1311 1913 1385">
     <span class='ocr_line' id='line_1_14' title="bbox 344 1311 1913 1385; baseline 0.004 -22"><span class='ocrx_word' id='word_1_98' title='bbox 344 1331 365 1355; x_wconf 76' lang='grc' dir='ltr'>ι</span> <span class='ocrx_word' id='word_1_99' title='bbox 398 1312 458 1364; x_wconf 89' lang='lat' dir='ltr'>In</span> <span class='ocrx_word' id='word_1_100' title='bbox 499 1313 766 1367; x_wconf 88' lang='lat' dir='ltr'>mortibus</span> <span class='ocrx_word' id='word_1_101' title='bbox 812 1313 1026 1384; x_wconf 71' lang='lat' dir='ltr'>saepius.</span> <span class='ocrx_word' id='word_1_102' title='bbox 1062 1338 1080 1361; x_wconf 76' lang='grc' dir='ltr'><strong><em>ι</em></strong></span> <span class='ocrx_word' id='word_1_103' title='bbox 1124 1313 1326 1368; x_wconf 81' lang='lat' dir='ltr'>Verum</span> <span class='ocrx_word' id='word_1_104' title='bbox 1375 1320 1474 1380; x_wconf 89' lang='lat' dir='ltr'>est,</span> <span class='ocrx_word' id='word_1_105' title='bbox 1505 1313 1634 1385; x_wconf 88' lang='lat' dir='ltr'>quia</span> <span class='ocrx_word' id='word_1_106' title='bbox 1665 1312 1757 1368; x_wconf 90' lang='lat' dir='ltr'>hic</span> <span class='ocrx_word' id='word_1_107' title='bbox 1792 1311 1913 1369; x_wconf 85' lang='lat' dir='ltr'>fre-</span> 
     </span>
    </p>
   </div>
   <div class='ocr_carea' id='block_1_15' title="bbox 245 1401 1592 1473">
    <p class='ocr_par' dir='ltr' id='par_1_15' title="bbox 245 1401 1592 1473">
     <span class='ocr_line' id='line_1_15' title="bbox 245 1401 1592 1473; baseline 0 -15"><span class='ocrx_word' id='word_1_108' title='bbox 245 1449 260 1458; x_wconf 87' lang='lat'>.</span> <span class='ocrx_word' id='word_1_109' title='bbox 332 1401 590 1470; x_wconf 87' lang='lat' dir='ltr'>quentius</span> <span class='ocrx_word' id='word_1_110' title='bbox 617 1402 857 1472; x_wconf 88' lang='lat' dir='ltr'>pericula</span> <span class='ocrx_word' id='word_1_111' title='bbox 885 1401 1164 1467; x_wconf 88' lang='lat' dir='ltr'>sustinuit,</span> <span class='ocrx_word' id='word_1_112' title='bbox 1197 1417 1358 1473; x_wconf 89' lang='lat' dir='ltr'>quam</span> <span class='ocrx_word' id='word_1_113' title='bbox 1390 1402 1592 1458; x_wconf 64' lang='lat' dir='ltr'>caeteri.</span> 
     </span>
    </p>
   </div>
   <div class='ocr_carea' id='block_1_16' title="bbox 403 1487 1911 1562">
    <p class='ocr_par' dir='ltr' id='par_1_16' title="bbox 403 1487 1911 1562">
     <span class='ocr_line' id='line_1_16' title="bbox 403 1487 1911 1562; baseline 0.003 -20"><span class='ocrx_word' id='word_1_114' title='bbox 403 1487 584 1558; x_wconf 85' lang='lat' dir='ltr'>(Vers.</span> <span class='ocrx_word' id='word_1_115' title='bbox 635 1489 748 1559; x_wconf 80' lang='grc'>24.)</span> <span class='ocrx_word' id='word_1_116' title='bbox 810 1513 828 1536; x_wconf 85' lang='grc'><strong><em>‹</em></strong></span> <span class='ocrx_word' id='word_1_117' title='bbox 875 1491 922 1545; x_wconf 91' lang='grc' dir='ltr'><strong>Α</strong></span> <span class='ocrx_word' id='word_1_118' title='bbox 961 1489 1162 1545; x_wconf 68' lang='grc' dir='ltr'>Ιιιᾱωὶε</span> <span class='ocrx_word' id='word_1_119' title='bbox 1202 1489 1495 1562; x_wconf 86' lang='lat' dir='ltr'>quinquies</span> <span class='ocrx_word' id='word_1_120' title='bbox 1533 1488 1911 1562; x_wconf 84' lang='lat' dir='ltr'>quadraginta,</span> 
     </span>
    </p>
   </div>
   <div class='ocr_carea' id='block_1_17' title="bbox 328 1576 1916 1651">
    <p class='ocr_par' dir='ltr' id='par_1_17' title="bbox 328 1576 1916 1651">
     <span class='ocr_line' id='line_1_17' title="bbox 328 1576 1916 1651; baseline 0.001 -20"><span class='ocrx_word' id='word_1_121' title='bbox 328 1591 439 1631; x_wconf 91' lang='lat' dir='ltr'>una</span> <span class='ocrx_word' id='word_1_122' title='bbox 494 1576 676 1632; x_wconf 90' lang='lat' dir='ltr'>minus</span> <span class='ocrx_word' id='word_1_123' title='bbox 726 1579 927 1649; x_wconf 91' lang='lat' dir='ltr'>accepi.</span> <span class='ocrx_word' id='word_1_124' title='bbox 979 1603 998 1626; x_wconf 74' lang='grc' dir='ltr'><strong><em>ι</em></strong></span> <span class='ocrx_word' id='word_1_125' title='bbox 1066 1578 1181 1634; x_wconf 86' lang='lat' dir='ltr'>Hoc</span> <span class='ocrx_word' id='word_1_126' title='bbox 1227 1577 1384 1646; x_wconf 83' lang='lat' dir='ltr'>dicit,</span> <span class='ocrx_word' id='word_1_127' title='bbox 1439 1579 1568 1651; x_wconf 92' lang='lat' dir='ltr'>quia</span> <span class='ocrx_word' id='word_1_128' title='bbox 1623 1578 1916 1651; x_wconf 88' lang='lat' dir='ltr'>quinquies</span> 
     </span>
    </p>
   </div>
   <div class='ocr_carea' id='block_1_18' title="bbox 329 1664 1913 1739">
    <p class='ocr_par' dir='ltr' id='par_1_18' title="bbox 329 1664 1913 1739">
     <span class='ocr_line' id='line_1_18' title="bbox 329 1664 1913 1739; baseline 0.002 -19"><span class='ocrx_word' id='word_1_129' title='bbox 329 1664 632 1736; x_wconf 89' lang='lat' dir='ltr'>ﬂagellatus</span> <span class='ocrx_word' id='word_1_130' title='bbox 668 1675 748 1722; x_wconf 88' lang='lat' dir='ltr'>est</span> <span class='ocrx_word' id='word_1_131' title='bbox 795 1683 827 1722; x_wconf 86' lang='lat' dir='ltr'>a</span> <span class='ocrx_word' id='word_1_132' title='bbox 871 1666 1075 1722; x_wconf 64' lang='lat' dir='ltr'>Iudaeis</span> <span class='ocrx_word' id='word_1_133' title='bbox 1133 1666 1435 1723; x_wconf 90' lang='lat' dir='ltr'>secundum</span> <span class='ocrx_word' id='word_1_134' title='bbox 1487 1668 1658 1739; x_wconf 81' lang='lat' dir='ltr'>legem</span> <span class='ocrx_word' id='word_1_135' title='bbox 1689 1666 1913 1739; x_wconf 82' lang='lat' dir='ltr'>Moysis,</span> 
     </span>
    </p>
   </div>
   <div class='ocr_carea' id='block_1_19' title="bbox 2023 517 3607 592">
    <p class='ocr_par' dir='ltr' id='par_1_19' title="bbox 2023 517 3607 592">
     <span class='ocr_line' id='line_1_19' title="bbox 2023 517 3607 592; baseline 0.005 -20"><span class='ocrx_word' id='word_1_136' title='bbox 2023 517 2353 589; x_wconf 88' lang='lat' dir='ltr'>periculum,</span> <span class='ocrx_word' id='word_1_137' title='bbox 2398 517 2614 589; x_wconf 88' lang='lat' dir='ltr'>quando</span> <span class='ocrx_word' id='word_1_138' title='bbox 2645 520 2701 574; x_wconf 93' lang='lat' dir='ltr'>in</span> <span class='ocrx_word' id='word_1_139' title='bbox 2731 524 2888 589; x_wconf 91' lang='lat' dir='ltr'>mari,</span> <span class='ocrx_word' id='word_1_140' title='bbox 2920 522 3026 580; x_wconf 88' lang='lat' dir='ltr'>hoc</span> <span class='ocrx_word' id='word_1_141' title='bbox 3053 532 3154 592; x_wconf 89' lang='lat' dir='ltr'>est,</span> <span class='ocrx_word' id='word_1_142' title='bbox 3185 525 3240 580; x_wconf 92' lang='lat' dir='ltr'>in</span> <span class='ocrx_word' id='word_1_143' title='bbox 3269 525 3416 592; x_wconf 89' lang='lat' dir='ltr'>navi,</span> <span class='ocrx_word' id='word_1_144' title='bbox 3449 524 3607 580; x_wconf 89' lang='lat' dir='ltr'>mili-</span> 
     </span>
    </p>
   </div>
   <div class='ocr_carea' id='block_1_20' title="bbox 2025 607 3607 686">
    <p class='ocr_par' dir='ltr' id='par_1_20' title="bbox 2025 607 3607 686">
     <span class='ocr_line' id='line_1_20' title="bbox 2025 607 3607 686; baseline 0.004 -24"><span class='ocrx_word' id='word_1_145' title='bbox 2025 615 2106 663; x_wconf 87' lang='lat' dir='ltr'>tes</span> <span class='ocrx_word' id='word_1_146' title='bbox 2129 607 2502 678; x_wconf 82' lang='lat' dir='ltr'>cogitaverant</span> <span class='ocrx_word' id='word_1_147' title='bbox 2533 625 2718 664; x_wconf 92' lang='lat' dir='ltr'>omnes</span> <span class='ocrx_word' id='word_1_148' title='bbox 2747 613 3022 669; x_wconf 90' lang='lat' dir='ltr'>custodias</span> <span class='ocrx_word' id='word_1_149' title='bbox 3067 613 3349 681; x_wconf 90' lang='lat' dir='ltr'>occidere;</span> <span class='ocrx_word' id='word_1_150' title='bbox 3390 629 3458 669; x_wconf 89' lang='lat' dir='ltr'>ne</span> <span class='ocrx_word' id='word_1_151' title='bbox 3483 614 3607 686; x_wconf 91' lang='lat' dir='ltr'>quis</span> 
     </span>
    </p>
   </div>
   <div class='ocr_carea' id='block_1_21' title="bbox 2027 695 3606 774">
    <p class='ocr_par' dir='ltr' id='par_1_21' title="bbox 2027 695 3606 774">
     <span class='ocr_line' id='line_1_21' title="bbox 2027 695 3606 774; baseline 0.004 -24"><span class='ocrx_word' id='word_1_152' title='bbox 2027 705 2249 774; x_wconf 81' lang='lat' dir='ltr'>enatans</span> <span class='ocrx_word' id='word_1_153' title='bbox 2282 695 2559 767; x_wconf 81' lang='lat' dir='ltr'>effugeret.</span> <span class='ocrx_word' id='word_1_154' title='bbox 2608 696 2763 763; x_wconf 89' lang='lat' dir='ltr'>Quod</span> <span class='ocrx_word' id='word_1_155' title='bbox 2793 701 3094 770; x_wconf 89' lang='lat' dir='ltr'>periculum</span> <span class='ocrx_word' id='word_1_156' title='bbox 3134 702 3383 760; x_wconf 90' lang='lat' dir='ltr'>centurio</span> <span class='ocrx_word' id='word_1_157' title='bbox 3411 702 3606 773; x_wconf 90' lang='lat' dir='ltr'>prohi-</span> 
     </span>
    </p>
   </div>
   <div class='ocr_carea' id='block_1_22' title="bbox 2026 782 3604 858">
    <p class='ocr_par' dir='ltr' id='par_1_22' title="bbox 2026 782 3604 858">
     <span class='ocr_line' id='line_1_22' title="bbox 2026 782 3604 858; baseline 0.004 -20"><span class='ocrx_word' id='word_1_158' title='bbox 2026 782 2150 839; x_wconf 91' lang='lat' dir='ltr'>buit</span> <span class='ocrx_word' id='word_1_159' title='bbox 2179 784 2392 851; x_wconf 82' lang='lat' dir='ltr'>inferri,</span> <span class='ocrx_word' id='word_1_160' title='bbox 2427 800 2495 839; x_wconf 91' lang='lat' dir='ltr'>ne</span> <span class='ocrx_word' id='word_1_161' title='bbox 2542 785 2744 841; x_wconf 90' lang='lat' dir='ltr'>Paulus</span> <span class='ocrx_word' id='word_1_162' title='bbox 2773 788 3128 858; x_wconf 81' lang='lat' dir='ltr'>occideretur,</span> <span class='ocrx_word' id='word_1_163' title='bbox 3158 797 3220 846; x_wconf 89' lang='lat' dir='ltr'>ut</span> <span class='ocrx_word' id='word_1_164' title='bbox 3263 806 3388 847; x_wconf 90' lang='lat' dir='ltr'>eum</span> <span class='ocrx_word' id='word_1_165' title='bbox 3416 789 3604 844; x_wconf 87' lang='lat' dir='ltr'>vivum</span> 
     </span>
    </p>
   </div>
   <div class='ocr_carea' id='block_1_23' title="bbox 2026 870 3594 942">
    <p class='ocr_par' dir='ltr' id='par_1_23' title="bbox 2026 870 3594 942">
     <span class='ocr_line' id='line_1_23' title="bbox 2026 870 3594 942; baseline 0.004 -16"><span class='ocrx_word' id='word_1_166' title='bbox 2026 870 2254 927; x_wconf 83' lang='lat' dir='ltr'>Romam</span> <span class='ocrx_word' id='word_1_167' title='bbox 2285 873 2621 942; x_wconf 90' lang='lat' dir='ltr'>perduceret.</span> <span class='ocrx_word' id='word_1_168' title='bbox 2662 898 2680 920; x_wconf 80' lang='grc' dir='ltr'>ι</span> <span class='ocrx_word' id='word_1_169' title='bbox 2713 874 2978 930; x_wconf 89' lang='lat' dir='ltr'>Periculis</span> <span class='ocrx_word' id='word_1_170' title='bbox 3005 877 3059 932; x_wconf 91' lang='lat' dir='ltr'>in</span> <span class='ocrx_word' id='word_1_171' title='bbox 3090 877 3232 933; x_wconf 84' lang='lat' dir='ltr'>fictis</span> <span class='ocrx_word' id='word_1_172' title='bbox 3258 876 3538 933; x_wconf 85' lang='lat' dir='ltr'>fratribus.</span> <span class='ocrx_word' id='word_1_173' title='bbox 3575 900 3594 924; x_wconf 79' lang='grc' dir='ltr'><strong>ι</strong></span> 
     </span>
    </p>
   </div>
   <div class='ocr_carea' id='block_1_24' title="bbox 2027 959 3603 1033">
    <p class='ocr_par' dir='ltr' id='par_1_24' title="bbox 2027 959 3603 1033">
     <span class='ocr_line' id='line_1_24' title="bbox 2027 959 3603 1033; baseline 0.006 -19"><span class='ocrx_word' id='word_1_174' title='bbox 2027 959 2170 1014; x_wconf 91' lang='lat' dir='ltr'>Falsi</span> <span class='ocrx_word' id='word_1_175' title='bbox 2210 960 2402 1016; x_wconf 86' lang='lat' dir='ltr'>fratres</span> <span class='ocrx_word' id='word_1_176' title='bbox 2445 961 2484 1015; x_wconf 91' lang='lat' dir='ltr'>ii</span> <span class='ocrx_word' id='word_1_177' title='bbox 2532 971 2682 1028; x_wconf 91' lang='lat' dir='ltr'>sunt,</span> <span class='ocrx_word' id='word_1_178' title='bbox 2714 961 2782 1017; x_wconf 86' lang='lat' dir='ltr'>de</span> <span class='ocrx_word' id='word_1_179' title='bbox 2825 961 3026 1033; x_wconf 90' lang='lat' dir='ltr'>quibus</span> <span class='ocrx_word' id='word_1_180' title='bbox 3061 963 3197 1018; x_wconf 87' lang='lat' dir='ltr'>dicit</span> <span class='ocrx_word' id='word_1_181' title='bbox 3226 966 3293 1021; x_wconf 89' lang='lat' dir='ltr'>ad</span> <span class='ocrx_word' id='word_1_182' title='bbox 3334 967 3549 1023; x_wconf 86' lang='lat' dir='ltr'>Galatas</span> <span class='ocrx_word' id='word_1_183' title='bbox 3591 985 3603 1023; x_wconf 91' lang='lat'>:</span> 
     </span>
    </p>
   </div>
   <div class='ocr_carea' id='block_1_25' title="bbox 2038 1047 3610 1125">
    <p class='ocr_par' dir='ltr' id='par_1_25' title="bbox 2038 1047 3610 1125">
     <span class='ocr_line' id='line_1_25' title="bbox 2038 1047 3610 1125; baseline 0.003 -23"><span class='ocrx_word' id='word_1_184' title='bbox 2038 1069 2058 1093; x_wconf 72' lang='grc' dir='ltr'>ε</span> <span class='ocrx_word' id='word_1_185' title='bbox 2096 1048 2320 1119; x_wconf 88' lang='lat' dir='ltr'>Propter</span> <span class='ocrx_word' id='word_1_186' title='bbox 2361 1047 2809 1105; x_wconf 89' lang='lat' dir='ltr'>subintroductos</span> <span class='ocrx_word' id='word_1_187' title='bbox 2845 1059 3027 1106; x_wconf 91' lang='lat' dir='ltr'>autem</span> <span class='ocrx_word' id='word_1_188' title='bbox 3075 1050 3240 1106; x_wconf 88' lang='lat' dir='ltr'>falsos</span> <span class='ocrx_word' id='word_1_189' title='bbox 3278 1052 3486 1120; x_wconf 87' lang='lat' dir='ltr'>fratres,</span> <span class='ocrx_word' id='word_1_190' title='bbox 3515 1053 3610 1125; x_wconf 87' lang='lat' dir='ltr'>qui</span> 
     </span>
    </p>
   </div>
   <div class='ocr_carea' id='block_1_26' title="bbox 2024 1135 3609 1211">
    <p class='ocr_par' dir='ltr' id='par_1_26' title="bbox 2024 1135 3609 1211">
     <span class='ocr_line' id='line_1_26' title="bbox 2024 1135 3609 1211; baseline 0.003 -21"><span class='ocrx_word' id='word_1_191' title='bbox 2024 1135 2472 1190; x_wconf 89' lang='lat' dir='ltr'>subintraverunt</span> <span class='ocrx_word' id='word_1_192' title='bbox 2501 1137 2788 1207; x_wconf 89' lang='lat' dir='ltr'>explorare</span> <span class='ocrx_word' id='word_1_193' title='bbox 2820 1137 3129 1192; x_wconf 90' lang='lat' dir='ltr'>libertatem</span> <span class='ocrx_word' id='word_1_194' title='bbox 3161 1146 3420 1206; x_wconf 89' lang='lat' dir='ltr'>nostram,</span> <span class='ocrx_word' id='word_1_195' title='bbox 3452 1155 3609 1211; x_wconf 87' lang='lat' dir='ltr'>quam</span> 
     </span>
    </p>
   </div>
   <div class='ocr_carea' id='block_1_27' title="bbox 2023 1220 3613 1296">
    <p class='ocr_par' dir='ltr' id='par_1_27' title="bbox 2023 1220 3613 1296">
     <span class='ocr_line' id='line_1_27' title="bbox 2023 1220 3613 1296; baseline 0.006 -20"><span class='ocrx_word' id='word_1_196' title='bbox 2023 1220 2285 1280; x_wconf 88' lang='lat' dir='ltr'>habemus</span> <span class='ocrx_word' id='word_1_197' title='bbox 2330 1225 2386 1280; x_wconf 92' lang='lat' dir='ltr'>in</span> <span class='ocrx_word' id='word_1_198' title='bbox 2426 1224 2646 1282; x_wconf 90' lang='lat' dir='ltr'>Christo</span> <span class='ocrx_word' id='word_1_199' title='bbox 2673 1225 2800 1281; x_wconf 83' lang='lat' dir='ltr'>Jesu</span> <span class='ocrx_word' id='word_1_200' title='bbox 2841 1225 3049 1296; x_wconf 80' lang='lat' dir='ltr'>(Galat.</span> <span class='ocrx_word' id='word_1_201' title='bbox 3083 1243 3144 1293; x_wconf 82' lang='lat' dir='ltr'>ii,</span> <span class='ocrx_word' id='word_1_202' title='bbox 3175 1226 3256 1296; x_wconf 79' lang='grc'>4).</span> <span class='ocrx_word' id='word_1_203' title='bbox 3299 1253 3319 1276; x_wconf 75' lang='grc' dir='ltr'><strong><em>ι</em></strong></span> <span class='ocrx_word' id='word_1_204' title='bbox 3368 1229 3436 1283; x_wconf 87' lang='lat' dir='ltr'>Hi</span> <span class='ocrx_word' id='word_1_205' title='bbox 3467 1229 3613 1285; x_wconf 88' lang='lat' dir='ltr'>enim</span> 
     </span>
    </p>
   </div>
   <div class='ocr_carea' id='block_1_28' title="bbox 2023 1312 3614 1384">
    <p class='ocr_par' dir='ltr' id='par_1_28' title="bbox 2023 1312 3614 1384">
     <span class='ocr_line' id='line_1_28' title="bbox 2023 1312 3614 1384; baseline 0.004 -19"><span class='ocrx_word' id='word_1_206' title='bbox 2023 1312 2223 1384; x_wconf 88' lang='lat' dir='ltr'>partim</span> <span class='ocrx_word' id='word_1_207' title='bbox 2271 1312 2570 1369; x_wconf 87' lang='lat' dir='ltr'>Christiani</span> <span class='ocrx_word' id='word_1_208' title='bbox 2613 1321 2789 1381; x_wconf 90' lang='lat' dir='ltr'>erant,</span> <span class='ocrx_word' id='word_1_209' title='bbox 2833 1313 3034 1384; x_wconf 87' lang='lat' dir='ltr'>partim</span> <span class='ocrx_word' id='word_1_210' title='bbox 3070 1313 3267 1382; x_wconf 68' lang='lat' dir='ltr'>Judaei,</span> <span class='ocrx_word' id='word_1_211' title='bbox 3312 1315 3369 1370; x_wconf 91' lang='lat' dir='ltr'>in</span> <span class='ocrx_word' id='word_1_212' title='bbox 3420 1325 3614 1372; x_wconf 90' lang='lat' dir='ltr'>neutro</span> 
     </span>
    </p>
   </div>
   <div class='ocr_carea' id='block_1_29' title="bbox 2025 1400 3613 1473">
    <p class='ocr_par' dir='ltr' id='par_1_29' title="bbox 2025 1400 3613 1473">
     <span class='ocr_line' id='line_1_29' title="bbox 2025 1400 3613 1473; baseline 0.003 -17"><span class='ocrx_word' id='word_1_213' title='bbox 2025 1400 2273 1473; x_wconf 86' lang='lat' dir='ltr'>perfecti,</span> <span class='ocrx_word' id='word_1_214' title='bbox 2311 1401 2404 1473; x_wconf 90' lang='lat' dir='ltr'>qui</span> <span class='ocrx_word' id='word_1_215' title='bbox 2449 1400 2565 1457; x_wconf 90' lang='lat' dir='ltr'>zelo</span> <span class='ocrx_word' id='word_1_216' title='bbox 2613 1401 2748 1472; x_wconf 86' lang='lat' dir='ltr'>legis</span> <span class='ocrx_word' id='word_1_217' title='bbox 2793 1402 3060 1473; x_wconf 84' lang='lat' dir='ltr'>Apostolo</span> <span class='ocrx_word' id='word_1_218' title='bbox 3098 1403 3366 1459; x_wconf 84' lang='lat' dir='ltr'>invidiam</span> <span class='ocrx_word' id='word_1_219' title='bbox 3395 1405 3613 1460; x_wconf 89' lang='lat' dir='ltr'>excita-</span> 
     </span>
    </p>
   </div>
   <div class='ocr_carea' id='block_1_30' title="bbox 2025 1487 3614 1562">
    <p class='ocr_par' dir='ltr' id='par_1_30' title="bbox 2025 1487 3614 1562">
     <span class='ocr_line' id='line_1_30' title="bbox 2025 1487 3614 1562; baseline 0.003 -18"><span class='ocrx_word' id='word_1_220' title='bbox 2025 1487 2179 1556; x_wconf 87' lang='lat' dir='ltr'>bant,</span> <span class='ocrx_word' id='word_1_221' title='bbox 2211 1505 2275 1544; x_wconf 91' lang='lat' dir='ltr'>eo</span> <span class='ocrx_word' id='word_1_222' title='bbox 2317 1489 2484 1560; x_wconf 89' lang='lat' dir='ltr'>quod,</span> <span class='ocrx_word' id='word_1_223' title='bbox 2520 1489 2814 1561; x_wconf 70' lang='lat' dir='ltr'>praedicato</span> <span class='ocrx_word' id='word_1_224' title='bbox 2857 1488 3097 1558; x_wconf 86' lang='lat' dir='ltr'>Christo,</span> <span class='ocrx_word' id='word_1_225' title='bbox 3146 1491 3313 1562; x_wconf 83' lang='lat' dir='ltr'>legem</span> <span class='ocrx_word' id='word_1_226' title='bbox 3345 1491 3456 1562; x_wconf 91' lang='lat' dir='ltr'>jam</span> <span class='ocrx_word' id='word_1_227' title='bbox 3487 1507 3614 1549; x_wconf 83' lang='lat' dir='ltr'>ces—</span> 
     </span>
    </p>
   </div>
   <div class='ocr_carea' id='block_1_31' title="bbox 2024 1576 3612 1650">
    <p class='ocr_par' dir='ltr' id='par_1_31' title="bbox 2024 1576 3612 1650">
     <span class='ocr_line' id='line_1_31' title="bbox 2024 1576 3612 1650; baseline 0.003 -18"><span class='ocrx_word' id='word_1_228' title='bbox 2024 1593 2144 1633; x_wconf 87' lang='lat' dir='ltr'>sare</span> <span class='ocrx_word' id='word_1_229' title='bbox 2172 1577 2406 1634; x_wconf 89' lang='lat' dir='ltr'>dicebat.</span> <span class='ocrx_word' id='word_1_230' title='bbox 2430 1579 2678 1650; x_wconf 90' lang='lat' dir='ltr'>Denique</span> <span class='ocrx_word' id='word_1_231' title='bbox 2695 1576 2781 1633; x_wconf 89' lang='lat' dir='ltr'>bis</span> <span class='ocrx_word' id='word_1_232' title='bbox 2811 1578 3248 1650; x_wconf 87' lang='lat' dir='ltr'>perurgentibus,</span> <span class='ocrx_word' id='word_1_233' title='bbox 3267 1579 3612 1636; x_wconf 88' lang='lat' dir='ltr'>Timotheum</span> 
     </span>
    </p>
   </div>
   <div class='ocr_carea' id='block_1_32' title="bbox 2025 1666 3616 1738">
    <p class='ocr_par' dir='ltr' id='par_1_32' title="bbox 2025 1666 3616 1738">
     <span class='ocr_line' id='line_1_32' title="bbox 2025 1666 3616 1738; baseline 0.003 -17"><span class='ocrx_word' id='word_1_234' title='bbox 2025 1667 2342 1738; x_wconf 88' lang='lat' dir='ltr'>compulsus</span> <span class='ocrx_word' id='word_1_235' title='bbox 2387 1673 2470 1722; x_wconf 91' lang='lat' dir='ltr'>est</span> <span class='ocrx_word' id='word_1_236' title='bbox 2509 1666 2921 1723; x_wconf 88' lang='lat' dir='ltr'>circumcidere.</span> <span class='ocrx_word' id='word_1_237' title='bbox 2955 1666 3144 1723; x_wconf 89' lang='lat' dir='ltr'>Fictus</span> <span class='ocrx_word' id='word_1_238' title='bbox 3183 1683 3311 1738; x_wconf 88' lang='lat' dir='ltr'>ergo</span> <span class='ocrx_word' id='word_1_239' title='bbox 3340 1666 3616 1726; x_wconf 86' lang='lat' dir='ltr'>Christia-</span> 
     </span>
    </p>
   </div>
   <div class='ocr_carea' id='block_1_33' title="bbox 329 1752 3615 1827">
    <p class='ocr_par' dir='ltr' id='par_1_33' title="bbox 329 1752 3615 1827">
     <span class='ocr_line' id='line_1_33' title="bbox 329 1752 3615 1827; baseline 0 -19"><span class='ocrx_word' id='word_1_240' title='bbox 329 1755 602 1825; x_wconf 85' lang='lat' dir='ltr'>accipiens</span> <span class='ocrx_word' id='word_1_241' title='bbox 632 1755 816 1826; x_wconf 84' lang='lat' dir='ltr'>plagas</span> <span class='ocrx_word' id='word_1_242' title='bbox 844 1755 1074 1825; x_wconf 85' lang='lat' dir='ltr'>triginta</span> <span class='ocrx_word' id='word_1_243' title='bbox 1100 1769 1322 1822; x_wconf 89' lang='lat' dir='ltr'>novem,</span> <span class='ocrx_word' id='word_1_244' title='bbox 1351 1755 1494 1810; x_wconf 91' lang='lat' dir='ltr'>sicut</span> <span class='ocrx_word' id='word_1_245' title='bbox 1530 1755 1794 1826; x_wconf 89' lang='lat' dir='ltr'>scriptum</span> <span class='ocrx_word' id='word_1_246' title='bbox 1836 1762 1986 1827; x_wconf 81' lang='lat' dir='ltr'>estB</span> <span class='ocrx_word' id='word_1_247' title='bbox 2025 1768 2129 1808; x_wconf 89' lang='lat' dir='ltr'>nus</span> <span class='ocrx_word' id='word_1_248' title='bbox 2189 1760 2291 1819; x_wconf 92' lang='lat' dir='ltr'>est,</span> <span class='ocrx_word' id='word_1_249' title='bbox 2340 1753 2434 1825; x_wconf 92' lang='lat' dir='ltr'>qui</span> <span class='ocrx_word' id='word_1_250' title='bbox 2481 1752 2834 1808; x_wconf 58' lang='lat' dir='ltr'>aemulatione</span> <span class='ocrx_word' id='word_1_251' title='bbox 2891 1752 3026 1824; x_wconf 82' lang='lat' dir='ltr'>legis</span> <span class='ocrx_word' id='word_1_252' title='bbox 3075 1753 3419 1824; x_wconf 82' lang='lat' dir='ltr'>persequitur</span> <span class='ocrx_word' id='word_1_253' title='bbox 3462 1752 3615 1810; x_wconf 87' lang='lat' dir='ltr'>Chri-</span> 
     </span>
    </p>
   </div>
   <div class='ocr_carea' id='block_1_34' title="bbox 329 1842 1918 1916">
    <p class='ocr_par' dir='ltr' id='par_1_34' title="bbox 329 1842 1918 1916">
     <span class='ocr_line' id='line_1_34' title="bbox 329 1842 1918 1916; baseline 0.001 -19"><span class='ocrx_word' id='word_1_254' title='bbox 329 1842 390 1897; x_wconf 90' lang='lat' dir='ltr'>in</span> <span class='ocrx_word' id='word_1_255' title='bbox 419 1843 848 1898; x_wconf 88' lang='lat' dir='ltr'>Deuteronomio</span> <span class='ocrx_word' id='word_1_256' title='bbox 880 1843 1059 1912; x_wconf 85' lang='lat' dir='ltr'>(Deut.</span> <span class='ocrx_word' id='word_1_257' title='bbox 1092 1859 1229 1910; x_wconf 85' lang='lat' dir='ltr'>xxv,</span> <span class='ocrx_word' id='word_1_258' title='bbox 1257 1844 1336 1912; x_wconf 91' lang='lat'>3).</span> <span class='ocrx_word' id='word_1_259' title='bbox 1368 1842 1524 1910; x_wconf 89' lang='lat' dir='ltr'>Quod</span> <span class='ocrx_word' id='word_1_260' title='bbox 1555 1859 1650 1914; x_wconf 84' lang='lat' dir='ltr'>per</span> <span class='ocrx_word' id='word_1_261' title='bbox 1675 1842 1918 1916; x_wconf 87' lang='lat' dir='ltr'>quinque</span> 
     </span>
    </p>
   </div>
   <div class='ocr_carea' id='block_1_35' title="bbox 329 1928 1675 2000">
    <p class='ocr_par' dir='ltr' id='par_1_35' title="bbox 329 1928 1675 2000">
     <span class='ocr_line' id='line_1_35' title="bbox 329 1928 1675 2000; baseline 0.003 -16"><span class='ocrx_word' id='word_1_262' title='bbox 329 1943 462 2000; x_wconf 78' lang='lat' dir='ltr'>ergo</span> <span class='ocrx_word' id='word_1_263' title='bbox 492 1930 642 1985; x_wconf 83' lang='lat' dir='ltr'>vices</span> <span class='ocrx_word' id='word_1_264' title='bbox 669 1931 874 1984; x_wconf 86' lang='lat' dir='ltr'>factum</span> <span class='ocrx_word' id='word_1_265' title='bbox 905 1937 1004 1995; x_wconf 87' lang='lat' dir='ltr'>est,</span> <span class='ocrx_word' id='word_1_266' title='bbox 1035 1928 1126 1986; x_wconf 89' lang='lat' dir='ltr'>hic</span> <span class='ocrx_word' id='word_1_267' title='bbox 1145 1931 1459 1986; x_wconf 89' lang='lat' dir='ltr'>summatim</span> <span class='ocrx_word' id='word_1_268' title='bbox 1490 1931 1675 1988; x_wconf 86' lang='lat' dir='ltr'>refert.</span> 
     </span>
    </p>
   </div>
   <div class='ocr_carea' id='block_1_36' title="bbox 410 2017 1918 2093">
    <p class='ocr_par' dir='ltr' id='par_1_36' title="bbox 410 2017 1918 2093">
     <span class='ocr_line' id='line_1_36' title="bbox 410 2017 1918 2093; baseline 0.003 -21"><span class='ocrx_word' id='word_1_269' title='bbox 410 2017 590 2087; x_wconf 80' lang='lat' dir='ltr'>(Vers.</span> <span class='ocrx_word' id='word_1_270' title='bbox 625 2018 741 2087; x_wconf 76' lang='lat'>25.)</span> <span class='ocrx_word' id='word_1_271' title='bbox 778 2043 796 2064; x_wconf 78' lang='grc' dir='ltr'>ι</span> <span class='ocrx_word' id='word_1_272' title='bbox 825 2017 928 2072; x_wconf 90' lang='lat' dir='ltr'>Ter</span> <span class='ocrx_word' id='word_1_273' title='bbox 947 2017 1118 2088; x_wconf 84' lang='lat' dir='ltr'>virgis</span> <span class='ocrx_word' id='word_1_274' title='bbox 1152 2034 1322 2074; x_wconf 68' lang='lat' dir='ltr'>caesus</span> <span class='ocrx_word' id='word_1_275' title='bbox 1348 2035 1490 2074; x_wconf 90' lang='lat' dir='ltr'>sum.</span> <span class='ocrx_word' id='word_1_276' title='bbox 1515 2045 1534 2068; x_wconf 79' lang='grc' dir='ltr'><strong>ι</strong></span> <span class='ocrx_word' id='word_1_277' title='bbox 1578 2019 1693 2076; x_wconf 90' lang='lat' dir='ltr'>Hoc</span> <span class='ocrx_word' id='word_1_278' title='bbox 1719 2036 1752 2075; x_wconf 91' lang='lat' dir='ltr'>a</span> <span class='ocrx_word' id='word_1_279' title='bbox 1779 2035 1918 2093; x_wconf 92' lang='lat' dir='ltr'>gen-</span> 
     </span>
    </p>
   </div>
   <div class='ocr_carea' id='block_1_37' title="bbox 330 2104 1915 2179">
    <p class='ocr_par' dir='ltr' id='par_1_37' title="bbox 330 2104 1915 2179">
     <span class='ocr_line' id='line_1_37' title="bbox 330 2104 1915 2179; baseline 0.001 -18"><span class='ocrx_word' id='word_1_280' title='bbox 330 2104 481 2161; x_wconf 90' lang='lat' dir='ltr'>tibus</span> <span class='ocrx_word' id='word_1_281' title='bbox 511 2121 696 2176; x_wconf 87' lang='lat' dir='ltr'>passus</span> <span class='ocrx_word' id='word_1_282' title='bbox 743 2113 842 2161; x_wconf 90' lang='lat' dir='ltr'>est.</span> <span class='ocrx_word' id='word_1_283' title='bbox 897 2128 916 2151; x_wconf 76' lang='grc' dir='ltr'>ι</span> <span class='ocrx_word' id='word_1_284' title='bbox 960 2105 1137 2162; x_wconf 88' lang='lat' dir='ltr'>Semel</span> <span class='ocrx_word' id='word_1_285' title='bbox 1184 2107 1456 2179; x_wconf 90' lang='lat' dir='ltr'>lapidatus</span> <span class='ocrx_word' id='word_1_286' title='bbox 1500 2125 1642 2164; x_wconf 91' lang='lat' dir='ltr'>sum.</span> <span class='ocrx_word' id='word_1_287' title='bbox 1677 2133 1696 2156; x_wconf 77' lang='grc' dir='ltr'><strong>ι</strong></span> <span class='ocrx_word' id='word_1_288' title='bbox 1737 2109 1915 2164; x_wconf 76' lang='lat' dir='ltr'>Alu-</span> 
     </span>
    </p>
   </div>
   <div class='ocr_carea' id='block_1_38' title="bbox 329 2193 1912 2268">
    <p class='ocr_par' dir='ltr' id='par_1_38' title="bbox 329 2193 1912 2268">
     <span class='ocr_line' id='line_1_38' title="bbox 329 2193 1912 2268; baseline 0.001 -20"><span class='ocrx_word' id='word_1_289' title='bbox 329 2193 464 2248; x_wconf 73' lang='lat' dir='ltr'>daeis</span> <span class='ocrx_word' id='word_1_290' title='bbox 495 2193 764 2264; x_wconf 88' lang='lat' dir='ltr'>lapidatus</span> <span class='ocrx_word' id='word_1_291' title='bbox 809 2201 888 2249; x_wconf 90' lang='lat' dir='ltr'>est</span> <span class='ocrx_word' id='word_1_292' title='bbox 941 2194 998 2248; x_wconf 91' lang='lat' dir='ltr'>in</span> <span class='ocrx_word' id='word_1_293' title='bbox 1046 2193 1269 2251; x_wconf 84' lang='lat' dir='ltr'>civitate</span> <span class='ocrx_word' id='word_1_294' title='bbox 1307 2196 1581 2267; x_wconf 83' lang='lat' dir='ltr'>Lycaonia</span> <span class='ocrx_word' id='word_1_295' title='bbox 1615 2196 1754 2268; x_wconf 86' lang='lat' dir='ltr'>(Act.</span> <span class='ocrx_word' id='word_1_296' title='bbox 1796 2213 1912 2264; x_wconf 81' lang='lat' dir='ltr'>xrv,</span> 
     </span>
    </p>
   </div>
   <div class='ocr_carea' id='block_1_39' title="bbox 332 2283 1915 2358">
    <p class='ocr_par' dir='ltr' id='par_1_39' title="bbox 332 2283 1915 2358">
     <span class='ocr_line' id='line_1_39' title="bbox 332 2283 1915 2358; baseline 0.001 -19"><span class='ocrx_word' id='word_1_297' title='bbox 332 2284 447 2354; x_wconf 79' lang='lat' dir='ltr'>i8).</span> <span class='ocrx_word' id='word_1_298' title='bbox 509 2306 528 2329; x_wconf 85' lang='grc'><strong>‹</strong></span> <span class='ocrx_word' id='word_1_299' title='bbox 575 2284 678 2339; x_wconf 86' lang='lat' dir='ltr'>Ter</span> <span class='ocrx_word' id='word_1_300' title='bbox 723 2283 1068 2354; x_wconf 86' lang='lat' dir='ltr'>naufragium</span> <span class='ocrx_word' id='word_1_301' title='bbox 1111 2283 1236 2340; x_wconf 90' lang='lat' dir='ltr'>feci.</span> <span class='ocrx_word' id='word_1_302' title='bbox 1270 2308 1289 2332; x_wconf 78' lang='grc' dir='ltr'><strong><em>ι</em></strong></span> <span class='ocrx_word' id='word_1_303' title='bbox 1331 2285 1435 2352; x_wconf 89' lang='lat' dir='ltr'>Qui</span> <span class='ocrx_word' id='word_1_304' title='bbox 1475 2286 1624 2341; x_wconf 92' lang='lat' dir='ltr'>omni</span> <span class='ocrx_word' id='word_1_305' title='bbox 1674 2295 1915 2358; x_wconf 91' lang='lat' dir='ltr'>tempore</span> 
     </span>
    </p>
   </div>
   <div class='ocr_carea' id='block_1_40' title="bbox 332 2373 1916 2444">
    <p class='ocr_par' dir='ltr' id='par_1_40' title="bbox 332 2373 1916 2444">
     <span class='ocr_line' id='line_1_40' title="bbox 332 2373 1916 2444; baseline 0.001 -16"><span class='ocrx_word' id='word_1_306' title='bbox 332 2373 532 2444; x_wconf 87' lang='lat' dir='ltr'>legitur</span> <span class='ocrx_word' id='word_1_307' title='bbox 563 2374 861 2444; x_wconf 82' lang='lat' dir='ltr'>navigasse,</span> <span class='ocrx_word' id='word_1_308' title='bbox 912 2373 1154 2428; x_wconf 85' lang='lat' dir='ltr'>adversis</span> <span class='ocrx_word' id='word_1_309' title='bbox 1183 2375 1437 2444; x_wconf 90' lang='lat' dir='ltr'>procellis</span> <span class='ocrx_word' id='word_1_310' title='bbox 1484 2376 1644 2431; x_wconf 88' lang='lat' dir='ltr'>facile</span> <span class='ocrx_word' id='word_1_311' title='bbox 1690 2375 1798 2430; x_wconf 90' lang='lat' dir='ltr'>fuit</span> <span class='ocrx_word' id='word_1_312' title='bbox 1832 2382 1916 2430; x_wconf 90' lang='lat' dir='ltr'>ter</span> 
     </span>
    </p>
   </div>
   <div class='ocr_carea' id='block_1_41' title="bbox 331 2461 1916 2535">
    <p class='ocr_par' dir='ltr' id='par_1_41' title="bbox 331 2461 1916 2535">
     <span class='ocr_line' id='line_1_41' title="bbox 331 2461 1916 2535; baseline 0.002 -19"><span class='ocrx_word' id='word_1_313' title='bbox 331 2461 678 2532; x_wconf 85' lang='lat' dir='ltr'>naufragium</span> <span class='ocrx_word' id='word_1_314' title='bbox 720 2463 913 2517; x_wconf 89' lang='lat' dir='ltr'>facere.</span> <span class='ocrx_word' id='word_1_315' title='bbox 961 2485 977 2506; x_wconf 78' lang='grc' dir='ltr'>ι</span> <span class='ocrx_word' id='word_1_316' title='bbox 1004 2462 1172 2517; x_wconf 77' lang='lat' dir='ltr'>Nocte</span> <span class='ocrx_word' id='word_1_317' title='bbox 1193 2470 1246 2518; x_wconf 91' lang='lat' dir='ltr'>et</span> <span class='ocrx_word' id='word_1_318' title='bbox 1276 2463 1365 2517; x_wconf 90' lang='lat' dir='ltr'>die</span> <span class='ocrx_word' id='word_1_319' title='bbox 1401 2463 1458 2517; x_wconf 90' lang='lat' dir='ltr'>in</span> <span class='ocrx_word' id='word_1_320' title='bbox 1489 2464 1762 2535; x_wconf 87' lang='lat' dir='ltr'>profundo</span> <span class='ocrx_word' id='word_1_321' title='bbox 1795 2479 1916 2519; x_wconf 92' lang='lat' dir='ltr'>ma-</span> 
     </span>
    </p>
   </div>
   <div class='ocr_carea' id='block_1_42' title="bbox 333 2549 1918 2622">
    <p class='ocr_par' dir='ltr' id='par_1_42' title="bbox 333 2549 1918 2622">
     <span class='ocr_line' id='line_1_42' title="bbox 333 2549 1918 2622; baseline 0.002 -19"><span class='ocrx_word' id='word_1_322' title='bbox 333 2549 411 2604; x_wconf 90' lang='lat' dir='ltr'>ris</span> <span class='ocrx_word' id='word_1_323' title='bbox 464 2550 564 2604; x_wconf 89' lang='lat' dir='ltr'>fui.</span> <span class='ocrx_word' id='word_1_324' title='bbox 598 2574 618 2598; x_wconf 82' lang='grc'><strong>›</strong></span> <span class='ocrx_word' id='word_1_325' title='bbox 669 2551 784 2605; x_wconf 84' lang='lat' dir='ltr'>Hoc</span> <span class='ocrx_word' id='word_1_326' title='bbox 814 2551 1019 2604; x_wconf 88' lang='lat' dir='ltr'>factum</span> <span class='ocrx_word' id='word_1_327' title='bbox 1068 2557 1168 2617; x_wconf 92' lang='lat' dir='ltr'>est,</span> <span class='ocrx_word' id='word_1_328' title='bbox 1203 2550 1419 2622; x_wconf 89' lang='lat' dir='ltr'>quando</span> <span class='ocrx_word' id='word_1_329' title='bbox 1476 2551 1673 2605; x_wconf 89' lang='lat' dir='ltr'>missus</span> <span class='ocrx_word' id='word_1_330' title='bbox 1701 2558 1781 2605; x_wconf 91' lang='lat' dir='ltr'>est</span> <span class='ocrx_word' id='word_1_331' title='bbox 1815 2551 1918 2607; x_wconf 78' lang='lat' dir='ltr'>Ro-</span> 
     </span>
    </p>
   </div>
   <div class='ocr_carea' id='block_1_43' title="bbox 334 2646 1920 2720">
    <p class='ocr_par' dir='ltr' id='par_1_43' title="bbox 334 2646 1920 2720">
     <span class='ocr_line' id='line_1_43' title="bbox 334 2646 1920 2720; baseline 0.003 -20"><span class='ocrx_word' id='word_1_332' title='bbox 334 2662 478 2701; x_wconf 90' lang='lat' dir='ltr'>mam</span> <span class='ocrx_word' id='word_1_333' title='bbox 548 2647 686 2718; x_wconf 86' lang='lat' dir='ltr'>(Act.</span> <span class='ocrx_word' id='word_1_334' title='bbox 762 2663 958 2714; x_wconf 81' lang='lat' dir='ltr'>xxvn,</span> <span class='ocrx_word' id='word_1_335' title='bbox 1023 2646 1089 2702; x_wconf 89' lang='grc'>12</span> <span class='ocrx_word' id='word_1_336' title='bbox 1155 2648 1323 2718; x_wconf 88' lang='lat' dir='ltr'>seq.),</span> <span class='ocrx_word' id='word_1_337' title='bbox 1397 2663 1522 2702; x_wconf 90' lang='lat' dir='ltr'>cum</span> <span class='ocrx_word' id='word_1_338' title='bbox 1601 2649 1920 2720; x_wconf 84' lang='lat' dir='ltr'>appellasset</span> 
     </span>
    </p>
   </div>
   <div class='ocr_carea' id='block_1_44' title="bbox 334 2734 1918 2806">
    <p class='ocr_par' dir='ltr' id='par_1_44' title="bbox 334 2734 1918 2806">
     <span class='ocr_line' id='line_1_44' title="bbox 334 2734 1918 2806; baseline 0.001 -14"><span class='ocrx_word' id='word_1_339' title='bbox 334 2734 621 2792; x_wconf 77' lang='lat' dir='ltr'>Caesarem.</span> <span class='ocrx_word' id='word_1_340' title='bbox 687 2736 839 2792; x_wconf 88' lang='lat' dir='ltr'>Tunc</span> <span class='ocrx_word' id='word_1_341' title='bbox 891 2735 1267 2806; x_wconf 88' lang='lat' dir='ltr'>desperatione</span> <span class='ocrx_word' id='word_1_342' title='bbox 1322 2735 1450 2791; x_wconf 61' lang='lat' dir='ltr'>vita</span> <span class='ocrx_word' id='word_1_343' title='bbox 1507 2736 1562 2791; x_wconf 92' lang='lat' dir='ltr'>in</span> <span class='ocrx_word' id='word_1_344' title='bbox 1619 2739 1750 2805; x_wconf 91' lang='lat' dir='ltr'>alto,</span> <span class='ocrx_word' id='word_1_345' title='bbox 1816 2737 1918 2794; x_wconf 87' lang='lat' dir='ltr'>hoc</span> 
     </span>
    </p>
   </div>
   <div class='ocr_carea' id='block_1_45' title="bbox 333 2823 1920 2896">
    <p class='ocr_par' dir='ltr' id='par_1_45' title="bbox 333 2823 1920 2896">
     <span class='ocr_line' id='line_1_45' title="bbox 333 2823 1920 2896; baseline 0 -16"><span class='ocrx_word' id='word_1_346' title='bbox 333 2831 435 2890; x_wconf 90' lang='lat' dir='ltr'>est,</span> <span class='ocrx_word' id='word_1_347' title='bbox 485 2823 541 2879; x_wconf 93' lang='lat' dir='ltr'>in</span> <span class='ocrx_word' id='word_1_348' title='bbox 592 2823 864 2896; x_wconf 85' lang='lat' dir='ltr'>profundo</span> <span class='ocrx_word' id='word_1_349' title='bbox 917 2824 1084 2878; x_wconf 89' lang='lat' dir='ltr'>maris</span> <span class='ocrx_word' id='word_1_350' title='bbox 1121 2824 1248 2891; x_wconf 86' lang='lat' dir='ltr'>fuit,</span> <span class='ocrx_word' id='word_1_351' title='bbox 1294 2831 1527 2878; x_wconf 89' lang='lat' dir='ltr'>mortem</span> <span class='ocrx_word' id='word_1_352' title='bbox 1571 2832 1694 2879; x_wconf 90' lang='lat' dir='ltr'>ante</span> <span class='ocrx_word' id='word_1_353' title='bbox 1733 2825 1920 2880; x_wconf 89' lang='lat' dir='ltr'>oculos</span> 
     </span>
    </p>
   </div>
   <div class='ocr_carea' id='block_1_46' title="bbox 332 2910 1923 2981">
    <p class='ocr_par' dir='ltr' id='par_1_46' title="bbox 332 2910 1923 2981">
     <span class='ocr_line' id='line_1_46' title="bbox 332 2910 1923 2981; baseline -0.001 -15"><span class='ocrx_word' id='word_1_354' title='bbox 332 2911 560 2966; x_wconf 87' lang='lat' dir='ltr'>habens.</span> <span class='ocrx_word' id='word_1_355' title='bbox 592 2912 682 2967; x_wconf 89' lang='lat' dir='ltr'>Sic</span> <span class='ocrx_word' id='word_1_356' title='bbox 711 2912 856 2966; x_wconf 91' lang='lat' dir='ltr'>enim</span> <span class='ocrx_word' id='word_1_357' title='bbox 895 2912 1160 2981; x_wconf 85' lang='lat' dir='ltr'>scripturn</span> <span class='ocrx_word' id='word_1_358' title='bbox 1206 2917 1287 2963; x_wconf 90' lang='lat' dir='ltr'>est</span> <span class='ocrx_word' id='word_1_359' title='bbox 1332 2910 1388 2963; x_wconf 92' lang='lat' dir='ltr'>in</span> <span class='ocrx_word' id='word_1_360' title='bbox 1435 2910 1552 2979; x_wconf 89' lang='lat' dir='ltr'>ipso</span> <span class='ocrx_word' id='word_1_361' title='bbox 1585 2912 1702 2964; x_wconf 91' lang='lat' dir='ltr'>loco</span> <span class='ocrx_word' id='word_1_362' title='bbox 1736 2927 1747 2964; x_wconf 88' lang='lat'>:</span> <span class='ocrx_word' id='word_1_363' title='bbox 1797 2933 1815 2955; x_wconf 75' lang='grc' dir='ltr'>ι</span> <span class='ocrx_word' id='word_1_364' title='bbox 1843 2911 1923 2964; x_wconf 89' lang='lat' dir='ltr'>Ita</span> 
     </span>
    </p>
   </div>
   <div class='ocr_carea' id='block_1_47' title="bbox 333 2996 1909 3071">
    <p class='ocr_par' dir='ltr' id='par_1_47' title="bbox 333 2996 1909 3071">
     <span class='ocr_line' id='line_1_47' title="bbox 333 2996 1909 3071; baseline -0.008 -15"><span class='ocrx_word' id='word_1_365' title='bbox 333 3008 395 3056; x_wconf 85' lang='lat' dir='ltr'>ut</span> <span class='ocrx_word' id='word_1_366' title='bbox 424 3000 830 3071; x_wconf 88' lang='lat' dir='ltr'>desperaremus</span> <span class='ocrx_word' id='word_1_367' title='bbox 875 3016 976 3054; x_wconf 90' lang='lat' dir='ltr'>nos</span> <span class='ocrx_word' id='word_1_368' title='bbox 1013 3000 1179 3052; x_wconf 88' lang='lat' dir='ltr'>etiam</span> <span class='ocrx_word' id='word_1_369' title='bbox 1212 2998 1399 3050; x_wconf 87' lang='lat' dir='ltr'>vivere</span> <span class='ocrx_word' id='word_1_370' title='bbox 1433 2998 1517 3065; x_wconf 90' lang='grc' dir='ltr'>(ΙΙ</span> <span class='ocrx_word' id='word_1_371' title='bbox 1549 2997 1676 3051; x_wconf 84' lang='lat' dir='ltr'>Cor.</span> <span class='ocrx_word' id='word_1_372' title='bbox 1707 3014 1744 3063; x_wconf 86' lang='grc' dir='ltr'>Ι,</span> <span class='ocrx_word' id='word_1_373' title='bbox 1777 2996 1857 3068; x_wconf 90' lang='lat'>8).</span> <span class='ocrx_word' id='word_1_374' title='bbox 1889 3021 1909 3044; x_wconf 81' lang='grc'>›</span> 
     </span>
    </p>
   </div>
   <div class='ocr_carea' id='block_1_48' title="bbox 2023 1840 3616 1898">
    <p class='ocr_par' dir='ltr' id='par_1_48' title="bbox 2023 1840 3616 1898">
     <span class='ocr_line' id='line_1_48' title="bbox 2023 1840 3616 1898; baseline 0 -1"><span class='ocrx_word' id='word_1_375' title='bbox 2023 1841 2263 1897; x_wconf 89' lang='lat' dir='ltr'>stianum</span> <span class='ocrx_word' id='word_1_376' title='bbox 2297 1859 2309 1896; x_wconf 88' lang='lat'>:</span> <span class='ocrx_word' id='word_1_377' title='bbox 2345 1849 2398 1896; x_wconf 90' lang='lat' dir='ltr'>et</span> <span class='ocrx_word' id='word_1_378' title='bbox 2427 1840 2519 1898; x_wconf 89' lang='lat' dir='ltr'>hic</span> <span class='ocrx_word' id='word_1_379' title='bbox 2565 1850 2648 1897; x_wconf 92' lang='lat' dir='ltr'>est</span> <span class='ocrx_word' id='word_1_380' title='bbox 2689 1840 2861 1896; x_wconf 91' lang='lat' dir='ltr'>falsus</span> <span class='ocrx_word' id='word_1_381' title='bbox 2908 1840 3095 1895; x_wconf 89' lang='lat' dir='ltr'>frater.</span> <span class='ocrx_word' id='word_1_382' title='bbox 3129 1840 3186 1895; x_wconf 92' lang='lat' dir='ltr'>Si</span> <span class='ocrx_word' id='word_1_383' title='bbox 3214 1840 3363 1895; x_wconf 91' lang='lat' dir='ltr'>enim</span> <span class='ocrx_word' id='word_1_384' title='bbox 3400 1846 3616 1897; x_wconf 88' lang='lat' dir='ltr'>tantum</span> 
     </span>
    </p>
   </div>
   <div class='ocr_carea' id='block_1_49' title="bbox 2025 1928 3614 2001">
    <p class='ocr_par' dir='ltr' id='par_1_49' title="bbox 2025 1928 3614 2001">
     <span class='ocr_line' id='line_1_49' title="bbox 2025 1928 3614 2001; baseline 0.001 -16"><span class='ocrx_word' id='word_1_385' title='bbox 2025 1930 2200 1986; x_wconf 77' lang='lat' dir='ltr'>Judaei</span> <span class='ocrx_word' id='word_1_386' title='bbox 2247 1939 2401 1985; x_wconf 89' lang='lat' dir='ltr'>erant</span> <span class='ocrx_word' id='word_1_387' title='bbox 2441 1929 2522 1999; x_wconf 89' lang='lat' dir='ltr'>hi,</span> <span class='ocrx_word' id='word_1_388' title='bbox 2557 1937 2611 1984; x_wconf 90' lang='lat' dir='ltr'>et</span> <span class='ocrx_word' id='word_1_389' title='bbox 2651 1938 2871 2001; x_wconf 89' lang='lat' dir='ltr'>propter</span> <span class='ocrx_word' id='word_1_390' title='bbox 2917 1928 3258 1986; x_wconf 88' lang='lat' dir='ltr'>Judaismum</span> <span class='ocrx_word' id='word_1_391' title='bbox 3297 1929 3494 1986; x_wconf 83' lang='lat' dir='ltr'>fratres</span> <span class='ocrx_word' id='word_1_392' title='bbox 3522 1944 3614 1986; x_wconf 91' lang='lat' dir='ltr'>eos</span> 
     </span>
    </p>
   </div>
   <div class='ocr_carea' id='block_1_50' title="bbox 2027 2016 3610 2089">
    <p class='ocr_par' dir='ltr' id='par_1_50' title="bbox 2027 2016 3610 2089">
     <span class='ocr_line' id='line_1_50' title="bbox 2027 2016 3610 2089; baseline 0.001 -17"><span class='ocrx_word' id='word_1_393' title='bbox 2027 2017 2192 2072; x_wconf 87' lang='lat' dir='ltr'>falsos</span> <span class='ocrx_word' id='word_1_394' title='bbox 2231 2018 2488 2089; x_wconf 88' lang='lat' dir='ltr'>appellat,</span> <span class='ocrx_word' id='word_1_395' title='bbox 2520 2017 2653 2089; x_wconf 88' lang='lat' dir='ltr'>quid</span> <span class='ocrx_word' id='word_1_396' title='bbox 2696 2032 2832 2088; x_wconf 90' lang='lat' dir='ltr'>opus</span> <span class='ocrx_word' id='word_1_397' title='bbox 2859 2023 2973 2072; x_wconf 91' lang='lat' dir='ltr'>erat</span> <span class='ocrx_word' id='word_1_398' title='bbox 3010 2016 3254 2073; x_wconf 83' lang='lat' dir='ltr'>iterare?</span> <span class='ocrx_word' id='word_1_399' title='bbox 3297 2017 3414 2072; x_wconf 79' lang='lat' dir='ltr'>lam</span> <span class='ocrx_word' id='word_1_400' title='bbox 3462 2016 3610 2073; x_wconf 89' lang='lat' dir='ltr'>enim</span> 
     </span>
    </p>
   </div>
   <div class='ocr_carea' id='block_1_51' title="bbox 2028 2105 3616 2177">
    <p class='ocr_par' dir='ltr' id='par_1_51' title="bbox 2028 2105 3616 2177">
     <span class='ocr_line' id='line_1_51' title="bbox 2028 2105 3616 2177; baseline 0.001 -17"><span class='ocrx_word' id='word_1_401' title='bbox 2028 2105 2277 2177; x_wconf 90' lang='lat' dir='ltr'>superius</span> <span class='ocrx_word' id='word_1_402' title='bbox 2322 2105 2511 2162; x_wconf 81' lang='lat' dir='ltr'>dixit:</span> <span class='ocrx_word' id='word_1_403' title='bbox 2563 2129 2580 2151; x_wconf 78' lang='grc' dir='ltr'>ι</span> <span class='ocrx_word' id='word_1_404' title='bbox 2624 2105 2888 2161; x_wconf 89' lang='lat' dir='ltr'>Periculis</span> <span class='ocrx_word' id='word_1_405' title='bbox 2933 2120 3001 2160; x_wconf 91' lang='lat' dir='ltr'>ex</span> <span class='ocrx_word' id='word_1_406' title='bbox 3044 2121 3252 2176; x_wconf 90' lang='lat' dir='ltr'>genere.</span> <span class='ocrx_word' id='word_1_407' title='bbox 3303 2130 3322 2153; x_wconf 74' lang='grc' dir='ltr'><strong><em>ι</em></strong></span> <span class='ocrx_word' id='word_1_408' title='bbox 3382 2105 3487 2162; x_wconf 88' lang='lat' dir='ltr'>Sed</span> <span class='ocrx_word' id='word_1_409' title='bbox 3522 2119 3616 2161; x_wconf 86' lang='lat' dir='ltr'>se-</span> 
     </span>
    </p>
   </div>
   <div class='ocr_carea' id='block_1_52' title="bbox 2027 2192 3616 2261">
    <p class='ocr_par' dir='ltr' id='par_1_52' title="bbox 2027 2192 3616 2261">
     <span class='ocr_line' id='line_1_52' title="bbox 2027 2192 3616 2261; baseline 0.001 -12"><span class='ocrx_word' id='word_1_410' title='bbox 2027 2193 2270 2249; x_wconf 88' lang='lat' dir='ltr'>cundum</span> <span class='ocrx_word' id='word_1_411' title='bbox 2319 2209 2540 2249; x_wconf 89' lang='lat' dir='ltr'>carnem</span> <span class='ocrx_word' id='word_1_412' title='bbox 2574 2209 2686 2248; x_wconf 93' lang='lat' dir='ltr'>non</span> <span class='ocrx_word' id='word_1_413' title='bbox 2738 2201 2866 2247; x_wconf 89' lang='lat' dir='ltr'>sunt</span> <span class='ocrx_word' id='word_1_414' title='bbox 2907 2192 3029 2249; x_wconf 88' lang='lat' dir='ltr'>falsi</span> <span class='ocrx_word' id='word_1_415' title='bbox 3059 2193 3272 2261; x_wconf 86' lang='lat' dir='ltr'>fratres,</span> <span class='ocrx_word' id='word_1_416' title='bbox 3313 2193 3368 2248; x_wconf 90' lang='lat' dir='ltr'>in</span> <span class='ocrx_word' id='word_1_417' title='bbox 3398 2193 3616 2250; x_wconf 83' lang='lat' dir='ltr'>Christo</span> 
     </span>
    </p>
   </div>
   <div class='ocr_carea' id='block_1_53' title="bbox 2026 2280 3615 2354">
    <p class='ocr_par' dir='ltr' id='par_1_53' title="bbox 2026 2280 3615 2354">
     <span class='ocr_line' id='line_1_53' title="bbox 2026 2280 3615 2354; baseline 0.002 -19"><span class='ocrx_word' id='word_1_418' title='bbox 2026 2290 2204 2337; x_wconf 86' lang='lat' dir='ltr'>autem</span> <span class='ocrx_word' id='word_1_419' title='bbox 2246 2281 2371 2336; x_wconf 88' lang='lat' dir='ltr'>falsi</span> <span class='ocrx_word' id='word_1_420' title='bbox 2426 2291 2590 2348; x_wconf 89' lang='lat' dir='ltr'>sunt;</span> <span class='ocrx_word' id='word_1_421' title='bbox 2642 2280 2771 2354; x_wconf 91' lang='lat' dir='ltr'>quia</span> <span class='ocrx_word' id='word_1_422' title='bbox 2813 2297 2922 2336; x_wconf 92' lang='lat' dir='ltr'>non</span> <span class='ocrx_word' id='word_1_423' title='bbox 2965 2288 3079 2336; x_wconf 90' lang='lat' dir='ltr'>tota</span> <span class='ocrx_word' id='word_1_424' title='bbox 3109 2288 3287 2337; x_wconf 89' lang='lat' dir='ltr'>mente</span> <span class='ocrx_word' id='word_1_425' title='bbox 3317 2280 3615 2338; x_wconf 86' lang='lat' dir='ltr'>Christiani</span> 
     </span>
    </p>
   </div>
   <div class='ocr_carea' id='block_1_54' title="bbox 2025 2369 3616 2438">
    <p class='ocr_par' dir='ltr' id='par_1_54' title="bbox 2025 2369 3616 2438">
     <span class='ocr_line' id='line_1_54' title="bbox 2025 2369 3616 2438; baseline 0.001 -12"><span class='ocrx_word' id='word_1_426' title='bbox 2025 2378 2173 2426; x_wconf 90' lang='lat' dir='ltr'>sunt.</span> <span class='ocrx_word' id='word_1_427' title='bbox 2217 2371 2463 2426; x_wconf 87' lang='lat' dir='ltr'>Fuerunt</span> <span class='ocrx_word' id='word_1_428' title='bbox 2509 2377 2562 2425; x_wconf 93' lang='lat' dir='ltr'>et</span> <span class='ocrx_word' id='word_1_429' title='bbox 2612 2370 2706 2424; x_wconf 91' lang='lat' dir='ltr'>alii</span> <span class='ocrx_word' id='word_1_430' title='bbox 2756 2369 2882 2425; x_wconf 87' lang='lat' dir='ltr'>falsi</span> <span class='ocrx_word' id='word_1_431' title='bbox 2921 2369 3134 2438; x_wconf 87' lang='lat' dir='ltr'>fratres,</span> <span class='ocrx_word' id='word_1_432' title='bbox 3165 2370 3309 2426; x_wconf 86' lang='lat' dir='ltr'>sicut</span> <span class='ocrx_word' id='word_1_433' title='bbox 3343 2371 3538 2426; x_wconf 89' lang='lat' dir='ltr'>Demas</span> <span class='ocrx_word' id='word_1_434' title='bbox 3562 2379 3616 2428; x_wconf 90' lang='lat' dir='ltr'>et</span> 
     </span>
    </p>
   </div>
   <div class='ocr_carea' id='block_1_55' title="bbox 2027 2468 2908 2540">
    <p class='ocr_par' dir='ltr' id='par_1_55' title="bbox 2027 2468 2908 2540">
     <span class='ocr_line' id='line_1_55' title="bbox 2027 2468 2908 2540; baseline 0 -16"><span class='ocrx_word' id='word_1_435' title='bbox 2027 2469 2389 2540; x_wconf 88' lang='lat' dir='ltr'>Hermogenes</span> <span class='ocrx_word' id='word_1_436' title='bbox 2420 2469 2506 2539; x_wconf 92' lang='lat' dir='ltr'>(II</span> <span class='ocrx_word' id='word_1_437' title='bbox 2543 2469 2676 2524; x_wconf 89' lang='lat' dir='ltr'>Tim.</span> <span class='ocrx_word' id='word_1_438' title='bbox 2720 2484 2798 2534; x_wconf 82' lang='lat' dir='ltr'>iv,</span> <span class='ocrx_word' id='word_1_439' title='bbox 2827 2468 2908 2539; x_wconf 91' lang='lat'>9).</span> 
     </span>
    </p>
   </div>
   <div class='ocr_carea' id='block_1_56' title="bbox 2101 2555 3618 2627">
    <p class='ocr_par' dir='ltr' id='par_1_56' title="bbox 2101 2555 3618 2627">
     <span class='ocr_line' id='line_1_56' title="bbox 2101 2555 3618 2627; baseline 0 -15"><span class='ocrx_word' id='word_1_440' title='bbox 2101 2557 2279 2627; x_wconf 84' lang='lat' dir='ltr'>(Vers.</span> <span class='ocrx_word' id='word_1_441' title='bbox 2321 2557 2436 2626; x_wconf 92' lang='lat'>27.)</span> <span class='ocrx_word' id='word_1_442' title='bbox 2484 2581 2502 2602; x_wconf 74' lang='grc' dir='ltr'>ι</span> <span class='ocrx_word' id='word_1_443' title='bbox 2534 2558 2593 2610; x_wconf 90' lang='lat' dir='ltr'>In</span> <span class='ocrx_word' id='word_1_444' title='bbox 2627 2556 2810 2610; x_wconf 89' lang='lat' dir='ltr'>labore</span> <span class='ocrx_word' id='word_1_445' title='bbox 2843 2563 2898 2608; x_wconf 89' lang='lat' dir='ltr'>et</span> <span class='ocrx_word' id='word_1_446' title='bbox 2936 2557 3204 2612; x_wconf 89' lang='lat' dir='ltr'>molestia.</span> <span class='ocrx_word' id='word_1_447' title='bbox 3240 2579 3260 2603; x_wconf 76' lang='grc' dir='ltr'><strong><em>ι</em></strong></span> <span class='ocrx_word' id='word_1_448' title='bbox 3303 2555 3505 2612; x_wconf 83' lang='lat' dir='ltr'>Verum</span> <span class='ocrx_word' id='word_1_449' title='bbox 3535 2566 3618 2613; x_wconf 89' lang='lat' dir='ltr'>est</span> 
     </span>
    </p>
   </div>
   <div class='ocr_carea' id='block_1_57' title="bbox 2029 2642 3616 2719">
    <p class='ocr_par' dir='ltr' id='par_1_57' title="bbox 2029 2642 3616 2719">
     <span class='ocr_line' id='line_1_57' title="bbox 2029 2642 3616 2719; baseline -0.001 -19"><span class='ocrx_word' id='word_1_450' title='bbox 2029 2645 2157 2719; x_wconf 86' lang='lat' dir='ltr'>quia</span> <span class='ocrx_word' id='word_1_451' title='bbox 2185 2653 2360 2716; x_wconf 86' lang='lat' dir='ltr'>potest</span> <span class='ocrx_word' id='word_1_452' title='bbox 2403 2658 2518 2699; x_wconf 90' lang='lat' dir='ltr'>esse</span> <span class='ocrx_word' id='word_1_453' title='bbox 2567 2643 2722 2698; x_wconf 91' lang='lat' dir='ltr'>labor</span> <span class='ocrx_word' id='word_1_454' title='bbox 2755 2642 2872 2697; x_wconf 91' lang='lat' dir='ltr'>sine</span> <span class='ocrx_word' id='word_1_455' title='bbox 2910 2643 3162 2698; x_wconf 87' lang='lat' dir='ltr'>molestia</span> <span class='ocrx_word' id='word_1_456' title='bbox 3193 2660 3204 2696; x_wconf 88' lang='lat'>:</span> <span class='ocrx_word' id='word_1_457' title='bbox 3238 2643 3332 2698; x_wconf 88' lang='lat' dir='ltr'>sed</span> <span class='ocrx_word' id='word_1_458' title='bbox 3376 2643 3468 2699; x_wconf 89' lang='lat' dir='ltr'>hic</span> <span class='ocrx_word' id='word_1_459' title='bbox 3496 2644 3616 2698; x_wconf 91' lang='lat' dir='ltr'>ideo</span> 
     </span>
    </p>
   </div>
   <div class='ocr_carea' id='block_1_58' title="bbox 2030 2729 3615 2799">
    <p class='ocr_par' dir='ltr' id='par_1_58' title="bbox 2030 2729 3615 2799">
     <span class='ocr_line' id='line_1_58' title="bbox 2030 2729 3615 2799; baseline -0.002 -13"><span class='ocrx_word' id='word_1_460' title='bbox 2030 2732 2243 2792; x_wconf 86' lang='lat' dir='ltr'>addidit</span> <span class='ocrx_word' id='word_1_461' title='bbox 2277 2749 2287 2785; x_wconf 90' lang='lat'>:</span> <span class='ocrx_word' id='word_1_462' title='bbox 2339 2754 2357 2776; x_wconf 74' lang='grc' dir='ltr'><strong>ε</strong></span> <span class='ocrx_word' id='word_1_463' title='bbox 2386 2731 2457 2784; x_wconf 85' lang='lat' dir='ltr'>Et</span> <span class='ocrx_word' id='word_1_464' title='bbox 2499 2729 2768 2795; x_wconf 91' lang='lat' dir='ltr'>molestia,</span> <span class='ocrx_word' id='word_1_465' title='bbox 2807 2753 2826 2775; x_wconf 75' lang='grc' dir='ltr'><strong><em>ι</em></strong></span> <span class='ocrx_word' id='word_1_466' title='bbox 2868 2737 2930 2782; x_wconf 91' lang='lat' dir='ltr'>ut</span> <span class='ocrx_word' id='word_1_467' title='bbox 2975 2730 3211 2784; x_wconf 88' lang='lat' dir='ltr'>laborem</span> <span class='ocrx_word' id='word_1_468' title='bbox 3254 2733 3397 2789; x_wconf 84' lang='lat'>203</span> <span class='ocrx_word' id='word_1_469' title='bbox 3440 2731 3615 2799; x_wconf 89' lang='lat' dir='ltr'>ipsum</span> 
     </span>
    </p>
   </div>
   <div class='ocr_carea' id='block_1_59' title="bbox 2031 2822 3603 2894">
    <p class='ocr_par' dir='ltr' id='par_1_59' title="bbox 2031 2822 3603 2894">
     <span class='ocr_line' id='line_1_59' title="bbox 2031 2822 3603 2894; baseline -0.003 -12"><span class='ocrx_word' id='word_1_470' title='bbox 2031 2827 2326 2882; x_wconf 84' lang='lat' dir='ltr'>exitiosum</span> <span class='ocrx_word' id='word_1_471' title='bbox 2376 2823 2686 2879; x_wconf 88' lang='lat' dir='ltr'>ostenderet</span> <span class='ocrx_word' id='word_1_472' title='bbox 2716 2822 2856 2894; x_wconf 88' lang='grc'>(12).</span> <span class='ocrx_word' id='word_1_473' title='bbox 2907 2845 2926 2868; x_wconf 80' lang='grc' dir='ltr'>ι</span> <span class='ocrx_word' id='word_1_474' title='bbox 2973 2825 3035 2878; x_wconf 90' lang='lat' dir='ltr'>In</span> <span class='ocrx_word' id='word_1_475' title='bbox 3075 2823 3284 2894; x_wconf 87' lang='lat' dir='ltr'>vigiliis</span> <span class='ocrx_word' id='word_1_476' title='bbox 3336 2824 3542 2879; x_wconf 88' lang='lat' dir='ltr'>multis.</span> <span class='ocrx_word' id='word_1_477' title='bbox 3585 2849 3603 2870; x_wconf 78' lang='grc' dir='ltr'><strong>ι</strong></span> 
     </span>
    </p>
   </div>
   <div class='ocr_carea' id='block_1_60' title="bbox 2030 2910 3616 2982">
    <p class='ocr_par' dir='ltr' id='par_1_60' title="bbox 2030 2910 3616 2982">
     <span class='ocr_line' id='line_1_60' title="bbox 2030 2910 3616 2982; baseline -0.003 -12"><span class='ocrx_word' id='word_1_478' title='bbox 2030 2915 2217 2971; x_wconf 77' lang='lat' dir='ltr'>Multae</span> <span class='ocrx_word' id='word_1_479' title='bbox 2268 2912 2492 2968; x_wconf 91' lang='lat' dir='ltr'>fuerunt</span> <span class='ocrx_word' id='word_1_480' title='bbox 2540 2910 2655 2982; x_wconf 83' lang='lat' dir='ltr'>ejus</span> <span class='ocrx_word' id='word_1_481' title='bbox 2702 2910 2951 2982; x_wconf 85' lang='lat' dir='ltr'>vigiliae:</span> <span class='ocrx_word' id='word_1_482' title='bbox 2985 2910 3078 2966; x_wconf 91' lang='lat' dir='ltr'>sed</span> <span class='ocrx_word' id='word_1_483' title='bbox 3122 2911 3242 2966; x_wconf 63' lang='lat' dir='ltr'>alia:</span> <span class='ocrx_word' id='word_1_484' title='bbox 3273 2911 3616 2979; x_wconf 68' lang='lat' dir='ltr'>voluntariae,</span> 
     </span>
    </p>
   </div>
   <div class='ocr_carea' id='block_1_61' title="bbox 2031 2999 3614 3070">
    <p class='ocr_par' dir='ltr' id='par_1_61' title="bbox 2031 2999 3614 3070">
     <span class='ocr_line' id='line_1_61' title="bbox 2031 2999 3614 3070; baseline 0 -14"><span class='ocrx_word' id='word_1_485' title='bbox 2031 3002 2213 3057; x_wconf 80' lang='lat' dir='ltr'>alterae</span> <span class='ocrx_word' id='word_1_486' title='bbox 2259 3017 2327 3057; x_wconf 90' lang='lat' dir='ltr'>ex</span> <span class='ocrx_word' id='word_1_487' title='bbox 2373 2999 2729 3065; x_wconf 85' lang='lat' dir='ltr'>necessitate;</span> <span class='ocrx_word' id='word_1_488' title='bbox 2785 2999 2842 3053; x_wconf 93' lang='lat' dir='ltr'>in</span> <span class='ocrx_word' id='word_1_489' title='bbox 2899 3015 3149 3070; x_wconf 89' lang='lat' dir='ltr'>pressura</span> <span class='ocrx_word' id='word_1_490' title='bbox 3196 2999 3344 3054; x_wconf 90' lang='lat' dir='ltr'>enim</span> <span class='ocrx_word' id='word_1_491' title='bbox 3386 2999 3614 3070; x_wconf 90' lang='lat' dir='ltr'>positus,</span> 
     </span>
    </p>
   </div>
   <div class='ocr_carea' id='block_1_62' title="bbox 408 3082 3612 3165">
    <p class='ocr_par' dir='ltr' id='par_1_62' title="bbox 408 3082 3612 3165">
     <span class='ocr_line' id='line_1_62' title="bbox 408 3082 3612 3165; baseline 0.001 -22"><span class='ocrx_word' id='word_1_492' title='bbox 408 3089 586 3158; x_wconf 87' lang='lat' dir='ltr'>(Vers.</span> <span class='ocrx_word' id='word_1_493' title='bbox 621 3087 736 3154; x_wconf 88' lang='lat'>26.)</span> <span class='ocrx_word' id='word_1_494' title='bbox 804 3109 823 3130; x_wconf 74' lang='grc' dir='ltr'>ι</span> <span class='ocrx_word' id='word_1_495' title='bbox 873 3087 933 3138; x_wconf 92' lang='lat' dir='ltr'>In</span> <span class='ocrx_word' id='word_1_496' title='bbox 984 3082 1275 3138; x_wconf 86' lang='lat' dir='ltr'>itineribus</span> <span class='ocrx_word' id='word_1_497' title='bbox 1329 3097 1489 3152; x_wconf 86' lang='lat' dir='ltr'>saepe.</span> <span class='ocrx_word' id='word_1_498' title='bbox 1536 3107 1554 3128; x_wconf 84' lang='lat'><strong><em>-</em></strong></span> <span class='ocrx_word' id='word_1_499' title='bbox 1606 3083 1764 3139; x_wconf 88' lang='lat' dir='ltr'>Nunc</span> <span class='ocrx_word' id='word_1_500' title='bbox 1815 3085 1922 3140; x_wconf 89' lang='lat' dir='ltr'>alia</span> <span class='ocrx_word' id='word_1_501' title='bbox 1951 3102 2001 3165; x_wconf 71' lang='grc' dir='ltr'><strong>ρ</strong></span> <span class='ocrx_word' id='word_1_502' title='bbox 2031 3105 2246 3145; x_wconf 88' lang='lat' dir='ltr'>necesse</span> <span class='ocrx_word' id='word_1_503' title='bbox 2289 3098 2404 3145; x_wconf 90' lang='lat' dir='ltr'>erat</span> <span class='ocrx_word' id='word_1_504' title='bbox 2459 3095 2520 3143; x_wconf 89' lang='lat' dir='ltr'>ut</span> <span class='ocrx_word' id='word_1_505' title='bbox 2575 3088 2828 3158; x_wconf 80' lang='lat' dir='ltr'>vigilaret</span> <span class='ocrx_word' id='word_1_506' title='bbox 2872 3087 2968 3142; x_wconf 91' lang='lat' dir='ltr'>Dei</span> <span class='ocrx_word' id='word_1_507' title='bbox 3018 3102 3266 3160; x_wconf 67' lang='lat' dir='ltr'>quaerens</span> <span class='ocrx_word' id='word_1_508' title='bbox 3292 3088 3612 3146; x_wconf 88' lang='lat' dir='ltr'>auxilium:</span> 
     </span>
    </p>
   </div>
   <div class='ocr_carea' id='block_1_63' title="bbox 331 3169 1923 3244">
    <p class='ocr_par' dir='ltr' id='par_1_63' title="bbox 331 3169 1923 3244">
     <span class='ocr_line' id='line_1_63' title="bbox 331 3169 1923 3244; baseline -0.002 -12"><span class='ocrx_word' id='word_1_509' title='bbox 331 3184 602 3232; x_wconf 89' lang='lat' dir='ltr'>memorat</span> <span class='ocrx_word' id='word_1_510' title='bbox 654 3173 919 3244; x_wconf 90' lang='lat' dir='ltr'>pericula,</span> <span class='ocrx_word' id='word_1_511' title='bbox 950 3178 1012 3224; x_wconf 88' lang='lat' dir='ltr'>ut</span> <span class='ocrx_word' id='word_1_512' title='bbox 1068 3179 1212 3225; x_wconf 90' lang='lat' dir='ltr'>terra</span> <span class='ocrx_word' id='word_1_513' title='bbox 1258 3169 1502 3240; x_wconf 89' lang='lat' dir='ltr'>marique</span> <span class='ocrx_word' id='word_1_514' title='bbox 1557 3186 1654 3241; x_wconf 91' lang='lat' dir='ltr'>pro</span> <span class='ocrx_word' id='word_1_515' title='bbox 1704 3170 1923 3229; x_wconf 88' lang='lat' dir='ltr'>Christo</span> 
     </span>
    </p>
   </div>
   <div class='ocr_carea' id='block_1_64' title="bbox 331 3257 1923 3319">
    <p class='ocr_par' dir='ltr' id='par_1_64' title="bbox 331 3257 1923 3319">
     <span class='ocr_line' id='line_1_64' title="bbox 331 3257 1923 3319; baseline -0.002 0"><span class='ocrx_word' id='word_1_516' title='bbox 331 3270 597 3319; x_wconf 84' lang='lat' dir='ltr'>vexatum</span> <span class='ocrx_word' id='word_1_517' title='bbox 639 3276 697 3314; x_wconf 90' lang='lat' dir='ltr'>se</span> <span class='ocrx_word' id='word_1_518' title='bbox 746 3258 1042 3314; x_wconf 89' lang='lat' dir='ltr'>secundum</span> <span class='ocrx_word' id='word_1_519' title='bbox 1075 3273 1292 3313; x_wconf 91' lang='lat' dir='ltr'>carnem</span> <span class='ocrx_word' id='word_1_520' title='bbox 1333 3257 1599 3313; x_wconf 88' lang='lat' dir='ltr'>ostendat.</span> <span class='ocrx_word' id='word_1_521' title='bbox 1647 3283 1666 3306; x_wconf 73' lang='grc' dir='ltr'><strong>ι</strong></span> <span class='ocrx_word' id='word_1_522' title='bbox 1694 3260 1923 3317; x_wconf 89' lang='lat' dir='ltr'>Pericu-</span> 
     </span>
    </p>
   </div>
   <div class='ocr_carea' id='block_1_65' title="bbox 333 3345 1922 3420">
    <p class='ocr_par' dir='ltr' id='par_1_65' title="bbox 333 3345 1922 3420">
     <span class='ocr_line' id='line_1_65' title="bbox 333 3345 1922 3420; baseline 0.001 -16"><span class='ocrx_word' id='word_1_523' title='bbox 333 3351 428 3417; x_wconf 91' lang='lat' dir='ltr'>lis,</span> <span class='ocrx_word' id='word_1_524' title='bbox 477 3350 571 3414; x_wconf 88' lang='lat' dir='ltr'>ait,</span> <span class='ocrx_word' id='word_1_525' title='bbox 601 3348 910 3402; x_wconf 89' lang='lat' dir='ltr'>ﬂuminum.</span> <span class='ocrx_word' id='word_1_526' title='bbox 956 3372 976 3394; x_wconf 72' lang='grc' dir='ltr'><strong>ι</strong></span> <span class='ocrx_word' id='word_1_527' title='bbox 1026 3347 1081 3402; x_wconf 94' lang='lat' dir='ltr'>Si</span> <span class='ocrx_word' id='word_1_528' title='bbox 1131 3347 1388 3400; x_wconf 89' lang='lat' dir='ltr'>itinerum</span> <span class='ocrx_word' id='word_1_529' title='bbox 1430 3345 1669 3416; x_wconf 89' lang='lat' dir='ltr'>pericula</span> <span class='ocrx_word' id='word_1_530' title='bbox 1709 3350 1922 3420; x_wconf 89' lang='lat' dir='ltr'>recitat,</span> 
     </span>
    </p>
   </div>
   <div class='ocr_carea' id='block_1_66' title="bbox 332 3433 1923 3510">
    <p class='ocr_par' dir='ltr' id='par_1_66' title="bbox 332 3433 1923 3510">
     <span class='ocr_line' id='line_1_66' title="bbox 332 3433 1923 3510; baseline 0.001 -18"><span class='ocrx_word' id='word_1_531' title='bbox 332 3437 470 3510; x_wconf 88' lang='lat' dir='ltr'>quid</span> <span class='ocrx_word' id='word_1_532' title='bbox 519 3445 597 3491; x_wconf 90' lang='lat' dir='ltr'>est</span> <span class='ocrx_word' id='word_1_533' title='bbox 651 3445 710 3491; x_wconf 93' lang='lat' dir='ltr'>ut</span> <span class='ocrx_word' id='word_1_534' title='bbox 750 3435 936 3491; x_wconf 87' lang='lat' dir='ltr'>dicat:</span> <span class='ocrx_word' id='word_1_535' title='bbox 984 3458 1002 3480; x_wconf 79' lang='grc' dir='ltr'>ι</span> <span class='ocrx_word' id='word_1_536' title='bbox 1040 3434 1306 3490; x_wconf 90' lang='lat' dir='ltr'>Periculis</span> <span class='ocrx_word' id='word_1_537' title='bbox 1357 3433 1699 3491; x_wconf 78' lang='lat' dir='ltr'>ﬂuminum?</span> <span class='ocrx_word' id='word_1_538' title='bbox 1742 3463 1760 3485; x_wconf 72' lang='grc' dir='ltr'><strong>ι</strong></span> <span class='ocrx_word' id='word_1_539' title='bbox 1818 3439 1923 3494; x_wconf 89' lang='lat' dir='ltr'>Sed</span> 
     </span>
    </p>
   </div>
   <div class='ocr_carea' id='block_1_67' title="bbox 328 3525 1920 3598">
    <p class='ocr_par' dir='ltr' id='par_1_67' title="bbox 328 3525 1920 3598">
     <span class='ocr_line' id='line_1_67' title="bbox 328 3525 1920 3598; baseline 0.001 -15"><span class='ocrx_word' id='word_1_540' title='bbox 328 3527 515 3583; x_wconf 89' lang='lat' dir='ltr'>hieme</span> <span class='ocrx_word' id='word_1_541' title='bbox 544 3528 648 3582; x_wconf 88' lang='lat' dir='ltr'>iter</span> <span class='ocrx_word' id='word_1_542' title='bbox 676 3526 905 3591; x_wconf 88' lang='lat' dir='ltr'>faciens;</span> <span class='ocrx_word' id='word_1_543' title='bbox 942 3526 1069 3598; x_wconf 89' lang='lat' dir='ltr'>quia</span> <span class='ocrx_word' id='word_1_544' title='bbox 1098 3525 1289 3598; x_wconf 91' lang='lat' dir='ltr'>utique</span> <span class='ocrx_word' id='word_1_545' title='bbox 1319 3525 1520 3580; x_wconf 90' lang='lat' dir='ltr'>imbres</span> <span class='ocrx_word' id='word_1_546' title='bbox 1539 3526 1741 3581; x_wconf 89' lang='lat' dir='ltr'>assidui</span> <span class='ocrx_word' id='word_1_547' title='bbox 1771 3539 1920 3598; x_wconf 90' lang='lat' dir='ltr'>sunt,</span> 
     </span>
    </p>
   </div>
   <div class='ocr_carea' id='block_1_68' title="bbox 328 3613 1918 3688">
    <p class='ocr_par' dir='ltr' id='par_1_68' title="bbox 328 3613 1918 3688">
     <span class='ocr_line' id='line_1_68' title="bbox 328 3613 1918 3688; baseline 0.001 -16"><span class='ocrx_word' id='word_1_548' title='bbox 328 3615 736 3688; x_wconf 83' lang='lat' dir='ltr'>egredientibus</span> <span class='ocrx_word' id='word_1_549' title='bbox 815 3613 1137 3668; x_wconf 88' lang='lat' dir='ltr'>ﬂuminibus</span> <span class='ocrx_word' id='word_1_550' title='bbox 1214 3613 1532 3670; x_wconf 87' lang='lat' dir='ltr'>incurrebat</span> <span class='ocrx_word' id='word_1_551' title='bbox 1593 3617 1918 3686; x_wconf 90' lang='lat' dir='ltr'>periculum.</span> 
     </span>
    </p>
   </div>
   <div class='ocr_carea' id='block_1_69' title="bbox 342 3701 1922 3762">
    <p class='ocr_par' dir='ltr' id='par_1_69' title="bbox 342 3701 1922 3762">
     <span class='ocr_line' id='line_1_69' title="bbox 342 3701 1922 3762; baseline 0.001 -2"><span class='ocrx_word' id='word_1_552' title='bbox 342 3727 365 3752; x_wconf 79' lang='grc' dir='ltr'>ι</span> <span class='ocrx_word' id='word_1_553' title='bbox 391 3703 658 3761; x_wconf 88' lang='lat' dir='ltr'>Periculis</span> <span class='ocrx_word' id='word_1_554' title='bbox 701 3704 994 3757; x_wconf 86' lang='lat' dir='ltr'>latronum.</span> <span class='ocrx_word' id='word_1_555' title='bbox 1030 3727 1048 3751; x_wconf 78' lang='grc' dir='ltr'><strong><em>ι</em></strong></span> <span class='ocrx_word' id='word_1_556' title='bbox 1112 3701 1250 3759; x_wconf 89' lang='lat' dir='ltr'>Cum</span> <span class='ocrx_word' id='word_1_557' title='bbox 1308 3702 1365 3756; x_wconf 89' lang='lat' dir='ltr'>in</span> <span class='ocrx_word' id='word_1_558' title='bbox 1414 3703 1638 3758; x_wconf 87' lang='lat' dir='ltr'>civitate</span> <span class='ocrx_word' id='word_1_559' title='bbox 1670 3703 1922 3762; x_wconf 89' lang='lat' dir='ltr'>diabolus</span> 
     </span>
    </p>
   </div>
   <div class='ocr_carea' id='block_1_70' title="bbox 329 3796 1920 3869">
    <p class='ocr_par' dir='ltr' id='par_1_70' title="bbox 329 3796 1920 3869">
     <span class='ocr_line' id='line_1_70' title="bbox 329 3796 1920 3869; baseline -0.003 -14"><span class='ocrx_word' id='word_1_560' title='bbox 329 3814 456 3855; x_wconf 89' lang='lat' dir='ltr'>eum</span> <span class='ocrx_word' id='word_1_561' title='bbox 483 3798 729 3854; x_wconf 87' lang='lat' dir='ltr'>occidere</span> <span class='ocrx_word' id='word_1_562' title='bbox 761 3814 866 3852; x_wconf 90' lang='lat' dir='ltr'>non</span> <span class='ocrx_word' id='word_1_563' title='bbox 900 3806 1098 3869; x_wconf 89' lang='lat' dir='ltr'>posset,</span> <span class='ocrx_word' id='word_1_564' title='bbox 1134 3797 1371 3851; x_wconf 90' lang='lat' dir='ltr'>latrones</span> <span class='ocrx_word' id='word_1_565' title='bbox 1420 3796 1501 3851; x_wconf 90' lang='lat' dir='ltr'>illi</span> <span class='ocrx_word' id='word_1_566' title='bbox 1541 3797 1814 3852; x_wconf 87' lang='lat' dir='ltr'>excitabat</span> <span class='ocrx_word' id='word_1_567' title='bbox 1861 3797 1920 3851; x_wconf 93' lang='lat' dir='ltr'>in</span> 
     </span>
    </p>
   </div>
   <div class='ocr_carea' id='block_1_71' title="bbox 328 3886 1920 3958">
    <p class='ocr_par' dir='ltr' id='par_1_71' title="bbox 328 3886 1920 3958">
     <span class='ocr_line' id='line_1_71' title="bbox 328 3886 1920 3958; baseline -0.001 -16"><span class='ocrx_word' id='word_1_568' title='bbox 328 3888 444 3954; x_wconf 86' lang='lat' dir='ltr'>via,</span> <span class='ocrx_word' id='word_1_569' title='bbox 473 3902 599 3942; x_wconf 87' lang='lat' dir='ltr'>cum</span> <span class='ocrx_word' id='word_1_570' title='bbox 631 3886 770 3941; x_wconf 89' lang='lat' dir='ltr'>nihil</span> <span class='ocrx_word' id='word_1_571' title='bbox 803 3886 988 3955; x_wconf 85' lang='lat' dir='ltr'>ferret,</span> <span class='ocrx_word' id='word_1_572' title='bbox 1025 3903 1143 3958; x_wconf 87' lang='lat' dir='ltr'>quae</span> <span class='ocrx_word' id='word_1_573' title='bbox 1173 3887 1407 3940; x_wconf 88' lang='lat' dir='ltr'>latrones</span> <span class='ocrx_word' id='word_1_574' title='bbox 1435 3893 1712 3956; x_wconf 90' lang='lat' dir='ltr'>cuperent.</span> <span class='ocrx_word' id='word_1_575' title='bbox 1760 3909 1778 3930; x_wconf 73' lang='grc' dir='ltr'><strong>ε</strong></span> <span class='ocrx_word' id='word_1_576' title='bbox 1811 3887 1920 3941; x_wconf 81' lang='lat' dir='ltr'>Pe—</span> 
     </span>
    </p>
   </div>
   <div class='ocr_carea' id='block_1_72' title="bbox 330 3973 1916 4046">
    <p class='ocr_par' dir='ltr' id='par_1_72' title="bbox 330 3973 1916 4046">
     <span class='ocr_line' id='line_1_72' title="bbox 330 3973 1916 4046; baseline -0.001 -15"><span class='ocrx_word' id='word_1_577' title='bbox 330 3976 523 4031; x_wconf 89' lang='lat' dir='ltr'>riculis</span> <span class='ocrx_word' id='word_1_578' title='bbox 550 3991 619 4029; x_wconf 88' lang='lat' dir='ltr'>ex</span> <span class='ocrx_word' id='word_1_579' title='bbox 668 3990 878 4045; x_wconf 87' lang='lat' dir='ltr'>genere.</span> <span class='ocrx_word' id='word_1_580' title='bbox 910 3999 927 4021; x_wconf 73' lang='grc' dir='ltr'><strong>ι</strong></span> <span class='ocrx_word' id='word_1_581' title='bbox 973 3974 1283 4030; x_wconf 83' lang='lat' dir='ltr'>Judaeorum</span> <span class='ocrx_word' id='word_1_582' title='bbox 1330 3973 1467 4030; x_wconf 89' lang='lat' dir='ltr'>dicit</span> <span class='ocrx_word' id='word_1_583' title='bbox 1495 3974 1916 4046; x_wconf 87' lang='lat' dir='ltr'>persecutiones,</span> 
     </span>
    </p>
   </div>
   <div class='ocr_carea' id='block_1_73' title="bbox 335 4061 1922 4135">
    <p class='ocr_par' dir='ltr' id='par_1_73' title="bbox 335 4061 1922 4135">
     <span class='ocr_line' id='line_1_73' title="bbox 335 4061 1922 4135; baseline 0 -18"><span class='ocrx_word' id='word_1_584' title='bbox 335 4064 432 4135; x_wconf 91' lang='lat' dir='ltr'>qui</span> <span class='ocrx_word' id='word_1_585' title='bbox 463 4064 655 4117; x_wconf 88' lang='lat' dir='ltr'>fratres</span> <span class='ocrx_word' id='word_1_586' title='bbox 683 4062 801 4132; x_wconf 85' lang='lat' dir='ltr'>ejus</span> <span class='ocrx_word' id='word_1_587' title='bbox 847 4071 1000 4118; x_wconf 88' lang='lat' dir='ltr'>erant</span> <span class='ocrx_word' id='word_1_588' title='bbox 1050 4063 1348 4119; x_wconf 88' lang='lat' dir='ltr'>secundum</span> <span class='ocrx_word' id='word_1_589' title='bbox 1376 4077 1592 4118; x_wconf 88' lang='lat' dir='ltr'>carnem</span> <span class='ocrx_word' id='word_1_590' title='bbox 1618 4080 1631 4128; x_wconf 89' lang='lat'><strong>;</strong></span> <span class='ocrx_word' id='word_1_591' title='bbox 1664 4061 1922 4117; x_wconf 90' lang='lat' dir='ltr'>dolebant</span> 
     </span>
    </p>
   </div>
   <div class='ocr_carea' id='block_1_74' title="bbox 333 4149 1918 4223">
    <p class='ocr_par' dir='ltr' id='par_1_74' title="bbox 333 4149 1918 4223">
     <span class='ocr_line' id='line_1_74' title="bbox 333 4149 1918 4223; baseline -0.001 -17"><span class='ocrx_word' id='word_1_592' title='bbox 333 4153 502 4218; x_wconf 93' lang='lat' dir='ltr'>enim,</span> <span class='ocrx_word' id='word_1_593' title='bbox 534 4152 660 4223; x_wconf 87' lang='lat' dir='ltr'>quia</span> <span class='ocrx_word' id='word_1_594' title='bbox 708 4150 922 4206; x_wconf 86' lang='lat' dir='ltr'>deserta</span> <span class='ocrx_word' id='word_1_595' title='bbox 964 4151 1077 4223; x_wconf 89' lang='lat' dir='ltr'>lege</span> <span class='ocrx_word' id='word_1_596' title='bbox 1120 4151 1234 4221; x_wconf 89' lang='grc'>(11)</span> <span class='ocrx_word' id='word_1_597' title='bbox 1269 4151 1335 4206; x_wconf 91' lang='lat' dir='ltr'>ad</span> <span class='ocrx_word' id='word_1_598' title='bbox 1364 4151 1725 4222; x_wconf 90' lang='lat' dir='ltr'>Evangelium</span> <span class='ocrx_word' id='word_1_599' title='bbox 1757 4149 1918 4206; x_wconf 88' lang='lat' dir='ltr'>Chri-</span> 
     </span>
    </p>
   </div>
   <div class='ocr_carea' id='block_1_75' title="bbox 333 4237 1921 4308">
    <p class='ocr_par' dir='ltr' id='par_1_75' title="bbox 333 4237 1921 4308">
     <span class='ocr_line' id='line_1_75' title="bbox 333 4237 1921 4308; baseline -0.001 -15"><span class='ocrx_word' id='word_1_600' title='bbox 333 4240 406 4294; x_wconf 90' lang='lat' dir='ltr'>sti</span> <span class='ocrx_word' id='word_1_601' title='bbox 459 4255 514 4294; x_wconf 90' lang='lat' dir='ltr'>se</span> <span class='ocrx_word' id='word_1_602' title='bbox 567 4245 930 4293; x_wconf 88' lang='lat' dir='ltr'>converterat.</span> <span class='ocrx_word' id='word_1_603' title='bbox 978 4239 1288 4293; x_wconf 73' lang='lat' dir='ltr'>«Periculis</span> <span class='ocrx_word' id='word_1_604' title='bbox 1353 4254 1420 4292; x_wconf 86' lang='lat' dir='ltr'>ex</span> <span class='ocrx_word' id='word_1_605' title='bbox 1476 4237 1750 4308; x_wconf 90' lang='lat' dir='ltr'>gentibus.</span> <span class='ocrx_word' id='word_1_606' title='bbox 1799 4261 1817 4285; x_wconf 74' lang='grc' dir='ltr'><strong>ι</strong></span> <span class='ocrx_word' id='word_1_607' title='bbox 1872 4238 1921 4291; x_wconf 88' lang='grc' dir='ltr'>Α</span> 
     </span>
    </p>
   </div>
   <div class='ocr_carea' id='block_1_76' title="bbox 334 4327 1922 4399">
    <p class='ocr_par' dir='ltr' id='par_1_76' title="bbox 334 4327 1922 4399">
     <span class='ocr_line' id='line_1_76' title="bbox 334 4327 1922 4399; baseline -0.001 -17"><span class='ocrx_word' id='word_1_608' title='bbox 334 4328 588 4399; x_wconf 88' lang='lat' dir='ltr'>gentibus</span> <span class='ocrx_word' id='word_1_609' title='bbox 647 4327 1056 4398; x_wconf 88' lang='lat' dir='ltr'>persecutiones</span> <span class='ocrx_word' id='word_1_610' title='bbox 1111 4342 1299 4396; x_wconf 88' lang='lat' dir='ltr'>passus</span> <span class='ocrx_word' id='word_1_611' title='bbox 1340 4333 1420 4379; x_wconf 91' lang='lat' dir='ltr'>est</span> <span class='ocrx_word' id='word_1_612' title='bbox 1451 4334 1668 4396; x_wconf 89' lang='lat' dir='ltr'>propter</span> <span class='ocrx_word' id='word_1_613' title='bbox 1708 4333 1922 4395; x_wconf 89' lang='lat' dir='ltr'>myste—</span> 
     </span>
    </p>
   </div>
   <div class='ocr_carea' id='block_1_77' title="bbox 332 4412 1923 4479">
    <p class='ocr_par' dir='ltr' id='par_1_77' title="bbox 332 4412 1923 4479">
     <span class='ocr_line' id='line_1_77' title="bbox 332 4412 1923 4479; baseline -0.003 -8"><span class='ocrx_word' id='word_1_614' title='bbox 332 4416 482 4471; x_wconf 88' lang='lat' dir='ltr'>rium</span> <span class='ocrx_word' id='word_1_615' title='bbox 515 4415 904 4470; x_wconf 90' lang='lat' dir='ltr'>incarnationis</span> <span class='ocrx_word' id='word_1_616' title='bbox 954 4413 1176 4468; x_wconf 89' lang='lat' dir='ltr'>Domini</span> <span class='ocrx_word' id='word_1_617' title='bbox 1231 4413 1402 4466; x_wconf 91' lang='lat' dir='ltr'>nostri</span> <span class='ocrx_word' id='word_1_618' title='bbox 1439 4412 1565 4466; x_wconf 84' lang='lat' dir='ltr'>Jesu</span> <span class='ocrx_word' id='word_1_619' title='bbox 1604 4412 1831 4479; x_wconf 88' lang='lat' dir='ltr'>Christi,</span> <span class='ocrx_word' id='word_1_620' title='bbox 1868 4418 1923 4466; x_wconf 85' lang='lat' dir='ltr'>et</span> 
     </span>
    </p>
   </div>
   <div class='ocr_carea' id='block_1_78' title="bbox 332 4500 1910 4575">
    <p class='ocr_par' dir='ltr' id='par_1_78' title="bbox 332 4500 1910 4575">
     <span class='ocr_line' id='line_1_78' title="bbox 332 4500 1910 4575; baseline -0.003 -16"><span class='ocrx_word' id='word_1_621' title='bbox 332 4505 503 4560; x_wconf 91' lang='lat' dir='ltr'>unius</span> <span class='ocrx_word' id='word_1_622' title='bbox 527 4505 622 4558; x_wconf 91' lang='lat' dir='ltr'>Dei</span> <span class='ocrx_word' id='word_1_623' title='bbox 655 4503 1124 4575; x_wconf 65' lang='lat' dir='ltr'>prmdicalionem.</span> <span class='ocrx_word' id='word_1_624' title='bbox 1175 4526 1192 4547; x_wconf 76' lang='grc' dir='ltr'><strong>ε</strong></span> <span class='ocrx_word' id='word_1_625' title='bbox 1225 4501 1490 4556; x_wconf 91' lang='lat' dir='ltr'>Periculis</span> <span class='ocrx_word' id='word_1_626' title='bbox 1529 4500 1586 4553; x_wconf 93' lang='lat' dir='ltr'>in</span> <span class='ocrx_word' id='word_1_627' title='bbox 1615 4500 1857 4556; x_wconf 87' lang='lat' dir='ltr'>civitate.</span> <span class='ocrx_word' id='word_1_628' title='bbox 1891 4523 1910 4548; x_wconf 77' lang='grc' dir='ltr'><strong>ι</strong></span> 
     </span>
    </p>
   </div>
   <div class='ocr_carea' id='block_1_79' title="bbox 333 4587 1923 4663">
    <p class='ocr_par' dir='ltr' id='par_1_79' title="bbox 333 4587 1923 4663">
     <span class='ocr_line' id='line_1_79' title="bbox 333 4587 1923 4663; baseline -0.004 -15"><span class='ocrx_word' id='word_1_629' title='bbox 333 4591 518 4663; x_wconf 90' lang='lat' dir='ltr'>Usque</span> <span class='ocrx_word' id='word_1_630' title='bbox 560 4591 694 4646; x_wconf 84' lang='lat' dir='ltr'>adeo</span> <span class='ocrx_word' id='word_1_631' title='bbox 735 4592 1037 4662; x_wconf 90' lang='lat' dir='ltr'>periculum</span> <span class='ocrx_word' id='word_1_632' title='bbox 1088 4589 1194 4645; x_wconf 90' lang='lat' dir='ltr'>fuit</span> <span class='ocrx_word' id='word_1_633' title='bbox 1240 4589 1298 4643; x_wconf 89' lang='lat' dir='ltr'>in</span> <span class='ocrx_word' id='word_1_634' title='bbox 1342 4587 1586 4650; x_wconf 87' lang='lat' dir='ltr'>civitate,</span> <span class='ocrx_word' id='word_1_635' title='bbox 1616 4595 1677 4641; x_wconf 89' lang='lat' dir='ltr'>ut</span> <span class='ocrx_word' id='word_1_636' title='bbox 1706 4604 1801 4658; x_wconf 91' lang='lat' dir='ltr'>per</span> <span class='ocrx_word' id='word_1_637' title='bbox 1834 4588 1923 4642; x_wconf 89' lang='lat' dir='ltr'>fe-</span> 
     </span>
    </p>
   </div>
   <div class='ocr_carea' id='block_1_80' title="bbox 333 4674 1921 4749">
    <p class='ocr_par' dir='ltr' id='par_1_80' title="bbox 333 4674 1921 4749">
     <span class='ocr_line' id='line_1_80' title="bbox 333 4674 1921 4749; baseline -0.005 -13"><span class='ocrx_word' id='word_1_638' title='bbox 333 4689 574 4736; x_wconf 87' lang='lat' dir='ltr'>nestram</span> <span class='ocrx_word' id='word_1_639' title='bbox 617 4679 874 4749; x_wconf 81' lang='lat' dir='ltr'>effugeret</span> <span class='ocrx_word' id='word_1_640' title='bbox 921 4694 1112 4733; x_wconf 89' lang='lat' dir='ltr'>manus</span> <span class='ocrx_word' id='word_1_641' title='bbox 1157 4675 1482 4733; x_wconf 88' lang='lat' dir='ltr'>insidiantes</span> <span class='ocrx_word' id='word_1_642' title='bbox 1526 4674 1633 4729; x_wconf 88' lang='lat' dir='ltr'>sibi</span> <span class='ocrx_word' id='word_1_643' title='bbox 1669 4675 1809 4745; x_wconf 75' lang='lat' dir='ltr'>(Act.</span> <span class='ocrx_word' id='word_1_644' title='bbox 1842 4691 1921 4743; x_wconf 75' lang='grc' dir='ltr'>ιχ,</span> 
     </span>
    </p>
   </div>
   <div class='ocr_carea' id='block_1_81' title="bbox 334 4763 1925 4842">
    <p class='ocr_par' dir='ltr' id='par_1_81' title="bbox 334 4763 1925 4842">
     <span class='ocr_line' id='line_1_81' title="bbox 334 4763 1925 4842; baseline -0.006 -15"><span class='ocrx_word' id='word_1_645' title='bbox 334 4770 451 4842; x_wconf 76' lang='lat'>25).</span> <span class='ocrx_word' id='word_1_646' title='bbox 496 4793 516 4815; x_wconf 71' lang='grc' dir='ltr'><strong><em>ι</em></strong></span> <span class='ocrx_word' id='word_1_647' title='bbox 547 4769 810 4823; x_wconf 90' lang='lat' dir='ltr'>Periculis</span> <span class='ocrx_word' id='word_1_648' title='bbox 848 4769 905 4822; x_wconf 89' lang='lat' dir='ltr'>in</span> <span class='ocrx_word' id='word_1_649' title='bbox 935 4768 1166 4823; x_wconf 86' lang='lat' dir='ltr'>deserto.</span> <span class='ocrx_word' id='word_1_650' title='bbox 1199 4793 1216 4815; x_wconf 78' lang='grc' dir='ltr'><strong><em>ι</em></strong></span> <span class='ocrx_word' id='word_1_651' title='bbox 1262 4766 1574 4823; x_wconf 87' lang='lat' dir='ltr'>Periculum</span> <span class='ocrx_word' id='word_1_652' title='bbox 1623 4763 1729 4819; x_wconf 91' lang='lat' dir='ltr'>hoc</span> <span class='ocrx_word' id='word_1_653' title='bbox 1752 4780 1784 4818; x_wconf 88' lang='lat' dir='ltr'>a</span> <span class='ocrx_word' id='word_1_654' title='bbox 1819 4765 1925 4818; x_wconf 86' lang='lat' dir='ltr'>Ju-</span> 
     </span>
    </p>
   </div>
   <div class='ocr_carea' id='block_1_82' title="bbox 336 4852 1920 4928">
    <p class='ocr_par' dir='ltr' id='par_1_82' title="bbox 336 4852 1920 4928">
     <span class='ocr_line' id='line_1_82' title="bbox 336 4852 1920 4928; baseline -0.005 -15"><span class='ocrx_word' id='word_1_655' title='bbox 336 4858 470 4913; x_wconf 76' lang='lat' dir='ltr'>dzeis</span> <span class='ocrx_word' id='word_1_656' title='bbox 499 4857 606 4911; x_wconf 86' lang='lat' dir='ltr'>fuit</span> <span class='ocrx_word' id='word_1_657' title='bbox 637 4865 1003 4928; x_wconf 84' lang='lat' dir='ltr'>procuratum,</span> <span class='ocrx_word' id='word_1_658' title='bbox 1039 4858 1257 4928; x_wconf 89' lang='lat' dir='ltr'>quando</span> <span class='ocrx_word' id='word_1_659' title='bbox 1310 4873 1456 4923; x_wconf 91' lang='lat' dir='ltr'>eum,</span> <span class='ocrx_word' id='word_1_660' title='bbox 1495 4853 1651 4909; x_wconf 87' lang='lat' dir='ltr'>factis</span> <span class='ocrx_word' id='word_1_661' title='bbox 1683 4852 1920 4920; x_wconf 90' lang='lat' dir='ltr'>insidiis,</span> 
     </span>
    </p>
   </div>
   <div class='ocr_carea' id='block_1_83' title="bbox 335 4943 1924 5015">
    <p class='ocr_par' dir='ltr' id='par_1_83' title="bbox 335 4943 1924 5015">
     <span class='ocr_line' id='line_1_83' title="bbox 335 4943 1924 5015; baseline -0.003 -12"><span class='ocrx_word' id='word_1_662' title='bbox 335 4949 395 5003; x_wconf 90' lang='lat' dir='ltr'>in</span> <span class='ocrx_word' id='word_1_663' title='bbox 435 4947 524 5001; x_wconf 89' lang='lat' dir='ltr'>via</span> <span class='ocrx_word' id='word_1_664' title='bbox 548 4948 804 5002; x_wconf 87' lang='lat' dir='ltr'>volebant</span> <span class='ocrx_word' id='word_1_665' title='bbox 833 4946 1076 5000; x_wconf 90' lang='lat' dir='ltr'>occidere</span> <span class='ocrx_word' id='word_1_666' title='bbox 1111 4946 1251 5015; x_wconf 81' lang='lat' dir='ltr'>(Act.</span> <span class='ocrx_word' id='word_1_667' title='bbox 1285 4962 1462 5011; x_wconf 86' lang='lat' dir='ltr'>xxvn,</span> <span class='ocrx_word' id='word_1_668' title='bbox 1491 4943 1604 5014; x_wconf 77' lang='grc'>43).</span> <span class='ocrx_word' id='word_1_669' title='bbox 1649 4968 1667 4991; x_wconf 77' lang='grc' dir='ltr'><strong>ε</strong></span> <span class='ocrx_word' id='word_1_670' title='bbox 1694 4945 1924 4999; x_wconf 90' lang='lat' dir='ltr'>Pericu-</span> 
     </span>
    </p>
   </div>
   <div class='ocr_carea' id='block_1_84' title="bbox 335 5031 1925 5104">
    <p class='ocr_par' dir='ltr' id='par_1_84' title="bbox 335 5031 1925 5104">
     <span class='ocr_line' id='line_1_84' title="bbox 335 5031 1925 5104; baseline -0.003 -13"><span class='ocrx_word' id='word_1_671' title='bbox 335 5036 408 5091; x_wconf 91' lang='lat' dir='ltr'>lis</span> <span class='ocrx_word' id='word_1_672' title='bbox 439 5035 495 5089; x_wconf 92' lang='lat' dir='ltr'>in</span> <span class='ocrx_word' id='word_1_673' title='bbox 536 5034 691 5090; x_wconf 90' lang='lat' dir='ltr'>mari.</span> <span class='ocrx_word' id='word_1_674' title='bbox 723 5058 742 5081; x_wconf 79' lang='grc'>›</span> <span class='ocrx_word' id='word_1_675' title='bbox 799 5034 916 5088; x_wconf 85' lang='lat' dir='ltr'>Jam</span> <span class='ocrx_word' id='word_1_676' title='bbox 963 5034 1212 5104; x_wconf 74' lang='lat' dir='ltr'>superius</span> <span class='ocrx_word' id='word_1_677' title='bbox 1259 5031 1405 5086; x_wconf 88' lang='lat' dir='ltr'>dixit</span> <span class='ocrx_word' id='word_1_678' title='bbox 1447 5048 1458 5085; x_wconf 91' lang='lat'>:</span> <span class='ocrx_word' id='word_1_679' title='bbox 1515 5056 1534 5078; x_wconf 78' lang='grc' dir='ltr'>ι</span> <span class='ocrx_word' id='word_1_680' title='bbox 1564 5031 1666 5085; x_wconf 90' lang='lat' dir='ltr'>Ter</span> <span class='ocrx_word' id='word_1_681' title='bbox 1695 5032 1925 5087; x_wconf 89' lang='lat' dir='ltr'>naufra-</span> 
     </span>
    </p>
   </div>
   <div class='ocr_carea' id='block_1_85' title="bbox 335 5119 1912 5196">
    <p class='ocr_par' dir='ltr' id='par_1_85' title="bbox 335 5119 1912 5196">
     <span class='ocr_line' id='line_1_85' title="bbox 335 5119 1912 5196; baseline -0.007 -16"><span class='ocrx_word' id='word_1_682' title='bbox 335 5124 488 5196; x_wconf 90' lang='lat' dir='ltr'>gium</span> <span class='ocrx_word' id='word_1_683' title='bbox 534 5124 662 5192; x_wconf 89' lang='lat' dir='ltr'>feci,</span> <span class='ocrx_word' id='word_1_684' title='bbox 692 5131 852 5178; x_wconf 89' lang='lat' dir='ltr'>nocte</span> <span class='ocrx_word' id='word_1_685' title='bbox 897 5130 951 5177; x_wconf 93' lang='lat' dir='ltr'>et</span> <span class='ocrx_word' id='word_1_686' title='bbox 991 5119 1080 5175; x_wconf 88' lang='lat' dir='ltr'>die</span> <span class='ocrx_word' id='word_1_687' title='bbox 1127 5122 1185 5175; x_wconf 92' lang='lat' dir='ltr'>in</span> <span class='ocrx_word' id='word_1_688' title='bbox 1229 5119 1504 5192; x_wconf 87' lang='lat' dir='ltr'>profundo</span> <span class='ocrx_word' id='word_1_689' title='bbox 1543 5119 1709 5173; x_wconf 89' lang='lat' dir='ltr'>maris</span> <span class='ocrx_word' id='word_1_690' title='bbox 1745 5121 1860 5187; x_wconf 89' lang='lat' dir='ltr'>fui;</span> <span class='ocrx_word' id='word_1_691' title='bbox 1894 5146 1912 5169; x_wconf 80' lang='grc' dir='ltr'>ι.</span> 
     </span>
    </p>
   </div>
   <div class='ocr_carea' id='block_1_86' title="bbox 412 5314 1922 5388">
    <p class='ocr_par' dir='ltr' id='par_1_86' title="bbox 412 5314 1922 5388">
     <span class='ocr_line' id='line_1_86' title="bbox 412 5314 1922 5388; baseline -0.003 -15"><span class='ocrx_word' id='word_1_692' title='bbox 412 5318 530 5388; x_wconf 78' lang='lat' dir='ltr'>(ll)</span> <span class='ocrx_word' id='word_1_693' title='bbox 564 5319 653 5374; x_wconf 91' lang='lat' dir='ltr'>Sic</span> <span class='ocrx_word' id='word_1_694' title='bbox 695 5319 852 5374; x_wconf 80' lang='lat' dir='ltr'>Rom.</span> <span class='ocrx_word' id='word_1_695' title='bbox 906 5316 1066 5382; x_wconf 88' lang='lat' dir='ltr'>edit.,</span> <span class='ocrx_word' id='word_1_696' title='bbox 1113 5331 1239 5371; x_wconf 90' lang='lat' dir='ltr'>cum</span> <span class='ocrx_word' id='word_1_697' title='bbox 1277 5331 1404 5371; x_wconf 89' lang='lat' dir='ltr'>mss.</span> <span class='ocrx_word' id='word_1_698' title='bbox 1445 5314 1766 5388; x_wconf 90' lang='lat' dir='ltr'>nonnullis;</span> <span class='ocrx_word' id='word_1_699' title='bbox 1812 5321 1922 5388; x_wconf 84' lang='lat' dir='ltr'>vet.</span> 
     </span>
    </p>
   </div>
   <div class='ocr_carea' id='block_1_87' title="bbox 335 5385 1925 5459">
    <p class='ocr_par' dir='ltr' id='par_1_87' title="bbox 335 5385 1925 5459">
     <span class='ocr_line' id='line_1_87' title="bbox 335 5385 1925 5459; baseline -0.004 -14"><span class='ocrx_word' id='word_1_700' title='bbox 335 5385 473 5445; x_wconf 83' lang='lat' dir='ltr'>edit.</span> <span class='ocrx_word' id='word_1_701' title='bbox 507 5385 630 5444; x_wconf 84' lang='lat' dir='ltr'>cum</span> <span class='ocrx_word' id='word_1_702' title='bbox 682 5391 804 5444; x_wconf 92' lang='lat' dir='ltr'>aliis</span> <span class='ocrx_word' id='word_1_703' title='bbox 853 5406 1005 5457; x_wconf 89' lang='lat' dir='ltr'>mss.,</span> <span class='ocrx_word' id='word_1_704' title='bbox 1041 5388 1169 5459; x_wconf 77' lang='lat' dir='ltr'>quia</span> <span class='ocrx_word' id='word_1_705' title='bbox 1208 5395 1381 5457; x_wconf 86' lang='lat' dir='ltr'>spreta</span> <span class='ocrx_word' id='word_1_706' title='bbox 1415 5389 1556 5456; x_wconf 85' lang='lat' dir='ltr'>lege;</span> <span class='ocrx_word' id='word_1_707' title='bbox 1586 5387 1770 5453; x_wconf 87' lang='lat' dir='ltr'>Corb.,</span> <span class='ocrx_word' id='word_1_708' title='bbox 1801 5385 1925 5454; x_wconf 85' lang='lat' dir='ltr'>quia</span> 
     </span>
    </p>
   </div>
   <div class='ocr_carea' id='block_1_88' title="bbox 335 5461 718 5532">
    <p class='ocr_par' dir='ltr' id='par_1_88' title="bbox 335 5461 718 5532">
     <span class='ocr_line' id='line_1_88' title="bbox 335 5461 718 5532; baseline 0.003 -17"><span class='ocrx_word' id='word_1_709' title='bbox 335 5461 566 5515; x_wconf 77' lang='lat' dir='ltr'>adversa</span> <span class='ocrx_word' id='word_1_710' title='bbox 599 5464 718 5532; x_wconf 85' lang='lat' dir='ltr'>lege.</span> 
     </span>
    </p>
   </div>
   <div class='ocr_carea' id='block_1_89' title="bbox 413 5529 1930 5603">
    <p class='ocr_par' dir='ltr' id='par_1_89' title="bbox 413 5529 1930 5603">
     <span class='ocr_line' id='line_1_89' title="bbox 413 5529 1930 5603; baseline -0.005 -16"><span class='ocrx_word' id='word_1_711' title='bbox 413 5533 527 5603; x_wconf 69' lang='lat'>(1‘2)</span> <span class='ocrx_word' id='word_1_712' title='bbox 562 5529 659 5587; x_wconf 72' lang='lat' dir='ltr'>Ms.</span> <span class='ocrx_word' id='word_1_713' title='bbox 721 5533 906 5597; x_wconf 90' lang='lat' dir='ltr'>Corb.,</span> <span class='ocrx_word' id='word_1_714' title='bbox 963 5537 1010 5584; x_wconf 88' lang='lat' dir='ltr'>et</span> <span class='ocrx_word' id='word_1_715' title='bbox 1061 5531 1317 5586; x_wconf 80' lang='lat' dir='ltr'>molestia.</span> <span class='ocrx_word' id='word_1_716' title='bbox 1374 5529 1471 5584; x_wconf 82' lang='lat' dir='ltr'>llic</span> <span class='ocrx_word' id='word_1_717' title='bbox 1515 5530 1628 5583; x_wconf 81' lang='lat' dir='ltr'>ideo</span> <span class='ocrx_word' id='word_1_718' title='bbox 1675 5529 1842 5603; x_wconf 77' lang='lat' dir='ltr'>addit,</span> <span class='ocrx_word' id='word_1_719' title='bbox 1883 5531 1930 5580; x_wconf 87' lang='lat' dir='ltr'>et</span> 
     </span>
    </p>
   </div>
   <div class='ocr_carea' id='block_1_90' title="bbox 337 5601 1924 5674">
    <p class='ocr_par' dir='ltr' id='par_1_90' title="bbox 337 5601 1924 5674">
     <span class='ocr_line' id='line_1_90' title="bbox 337 5601 1924 5674; baseline -0.005 -12"><span class='ocrx_word' id='word_1_720' title='bbox 337 5601 673 5670; x_wconf 78' lang='lat' dir='ltr'>molestiam;</span> <span class='ocrx_word' id='word_1_721' title='bbox 724 5611 783 5659; x_wconf 83' lang='lat' dir='ltr'>ut</span> <span class='ocrx_word' id='word_1_722' title='bbox 824 5605 1052 5660; x_wconf 86' lang='lat' dir='ltr'>laborem</span> <span class='ocrx_word' id='word_1_723' title='bbox 1103 5605 1337 5674; x_wconf 82' lang='lat' dir='ltr'>ipsorum</span> <span class='ocrx_word' id='word_1_724' title='bbox 1372 5617 1584 5672; x_wconf 82' lang='lat' dir='ltr'>gravem</span> <span class='ocrx_word' id='word_1_725' title='bbox 1623 5601 1924 5654; x_wconf 78' lang='lat' dir='ltr'>ostenderet.</span> 
     </span>
    </p>
   </div>
   <div class='ocr_carea' id='block_1_91' title="bbox 2029 3175 3618 3244">
    <p class='ocr_par' dir='ltr' id='par_1_91' title="bbox 2029 3175 3618 3244">
     <span class='ocr_line' id='line_1_91' title="bbox 2029 3175 3618 3244; baseline 0.001 -13"><span class='ocrx_word' id='word_1_726' title='bbox 2029 3184 2084 3231; x_wconf 91' lang='lat' dir='ltr'>et</span> <span class='ocrx_word' id='word_1_727' title='bbox 2111 3193 2222 3232; x_wconf 90' lang='lat' dir='ltr'>non</span> <span class='ocrx_word' id='word_1_728' title='bbox 2265 3178 2441 3231; x_wconf 91' lang='lat' dir='ltr'>solum</span> <span class='ocrx_word' id='word_1_729' title='bbox 2495 3175 2707 3242; x_wconf 88' lang='lat' dir='ltr'>diebus,</span> <span class='ocrx_word' id='word_1_730' title='bbox 2738 3176 2832 3230; x_wconf 90' lang='lat' dir='ltr'>sed</span> <span class='ocrx_word' id='word_1_731' title='bbox 2875 3183 2930 3230; x_wconf 90' lang='lat' dir='ltr'>et</span> <span class='ocrx_word' id='word_1_732' title='bbox 2971 3175 3225 3232; x_wconf 89' lang='lat' dir='ltr'>noctibus</span> <span class='ocrx_word' id='word_1_733' title='bbox 3265 3175 3503 3244; x_wconf 91' lang='lat' dir='ltr'>doceret,</span> <span class='ocrx_word' id='word_1_734' title='bbox 3530 3177 3618 3232; x_wconf 87' lang='lat' dir='ltr'>si-</span> 
     </span>
    </p>
   </div>
   <div class='ocr_carea' id='block_1_92' title="bbox 2031 3263 3617 3334">
    <p class='ocr_par' dir='ltr' id='par_1_92' title="bbox 2031 3263 3617 3334">
     <span class='ocr_line' id='line_1_92' title="bbox 2031 3263 3617 3334; baseline -0.001 -13"><span class='ocrx_word' id='word_1_735' title='bbox 2031 3272 2126 3321; x_wconf 87' lang='lat' dir='ltr'>cut</span> <span class='ocrx_word' id='word_1_736' title='bbox 2153 3264 2290 3324; x_wconf 87' lang='lat' dir='ltr'>dicit</span> <span class='ocrx_word' id='word_1_737' title='bbox 2329 3264 2387 3318; x_wconf 91' lang='lat' dir='ltr'>in</span> <span class='ocrx_word' id='word_1_738' title='bbox 2418 3263 2650 3329; x_wconf 82' lang='lat' dir='ltr'>Actibus</span> <span class='ocrx_word' id='word_1_739' title='bbox 2686 3263 3077 3334; x_wconf 86' lang='lat' dir='ltr'>apostolorum.</span> <span class='ocrx_word' id='word_1_740' title='bbox 3123 3286 3142 3310; x_wconf 73' lang='grc' dir='ltr'>ι</span> <span class='ocrx_word' id='word_1_741' title='bbox 3173 3264 3234 3318; x_wconf 89' lang='lat' dir='ltr'>In</span> <span class='ocrx_word' id='word_1_742' title='bbox 3265 3263 3405 3320; x_wconf 89' lang='lat' dir='ltr'>fame</span> <span class='ocrx_word' id='word_1_743' title='bbox 3434 3272 3488 3319; x_wconf 89' lang='lat' dir='ltr'>et</span> <span class='ocrx_word' id='word_1_744' title='bbox 3523 3265 3617 3320; x_wconf 88' lang='lat' dir='ltr'>siti</span> 
     </span>
    </p>
   </div>
   <div class='ocr_carea' id='block_1_93' title="bbox 2035 3351 3618 3424">
    <p class='ocr_par' dir='ltr' id='par_1_93' title="bbox 2035 3351 3618 3424">
     <span class='ocr_line' id='line_1_93' title="bbox 2035 3351 3618 3424; baseline -0.001 -16"><span class='ocrx_word' id='word_1_745' title='bbox 2035 3351 2176 3424; x_wconf 86' lang='lat' dir='ltr'>(Act.</span> <span class='ocrx_word' id='word_1_746' title='bbox 2210 3369 2307 3420; x_wconf 88' lang='lat' dir='ltr'>xx,</span> <span class='ocrx_word' id='word_1_747' title='bbox 2333 3352 2447 3423; x_wconf 88' lang='grc'>31).</span> <span class='ocrx_word' id='word_1_748' title='bbox 2480 3377 2498 3398; x_wconf 81' lang='grc' dir='ltr'><strong><em>ι</em></strong></span> <span class='ocrx_word' id='word_1_749' title='bbox 2558 3353 2794 3422; x_wconf 88' lang='lat' dir='ltr'>Fugatus</span> <span class='ocrx_word' id='word_1_750' title='bbox 2841 3351 3154 3424; x_wconf 89' lang='lat' dir='ltr'>frequenter</span> <span class='ocrx_word' id='word_1_751' title='bbox 3182 3367 3214 3406; x_wconf 90' lang='lat' dir='ltr'>a</span> <span class='ocrx_word' id='word_1_752' title='bbox 3255 3351 3458 3407; x_wconf 64' lang='lat' dir='ltr'>Iudaeis</span> <span class='ocrx_word' id='word_1_753' title='bbox 3485 3368 3618 3423; x_wconf 91' lang='lat' dir='ltr'>per-</span> 
     </span>
    </p>
   </div>
   <div class='ocr_carea' id='block_1_94' title="bbox 2032 3439 3618 3514">
    <p class='ocr_par' dir='ltr' id='par_1_94' title="bbox 2032 3439 3618 3514">
     <span class='ocr_line' id='line_1_94' title="bbox 2032 3439 3618 3514; baseline 0 -18"><span class='ocrx_word' id='word_1_754' title='bbox 2032 3441 2407 3514; x_wconf 90' lang='lat' dir='ltr'>sequentibus,</span> <span class='ocrx_word' id='word_1_755' title='bbox 2457 3454 2674 3495; x_wconf 89' lang='lat' dir='ltr'>necesse</span> <span class='ocrx_word' id='word_1_756' title='bbox 2715 3446 2832 3494; x_wconf 89' lang='lat' dir='ltr'>erat</span> <span class='ocrx_word' id='word_1_757' title='bbox 2875 3446 2938 3492; x_wconf 88' lang='lat' dir='ltr'>ut</span> <span class='ocrx_word' id='word_1_758' title='bbox 2990 3439 3188 3493; x_wconf 88' lang='lat' dir='ltr'>famem</span> <span class='ocrx_word' id='word_1_759' title='bbox 3246 3445 3521 3509; x_wconf 89' lang='lat' dir='ltr'>pateretur</span> <span class='ocrx_word' id='word_1_760' title='bbox 3563 3449 3618 3496; x_wconf 90' lang='lat' dir='ltr'>et</span> 
     </span>
    </p>
   </div>
   <div class='ocr_carea' id='block_1_95' title="bbox 2031 3523 3618 3598">
    <p class='ocr_par' dir='ltr' id='par_1_95' title="bbox 2031 3523 3618 3598">
     <span class='ocr_line' id='line_1_95' title="bbox 2031 3523 3618 3598; baseline -0.001 -14"><span class='ocrx_word' id='word_1_761' title='bbox 2031 3529 2178 3584; x_wconf 90' lang='lat' dir='ltr'>sitim</span> <span class='ocrx_word' id='word_1_762' title='bbox 2227 3543 2322 3598; x_wconf 89' lang='lat' dir='ltr'>per</span> <span class='ocrx_word' id='word_1_763' title='bbox 2377 3526 2642 3598; x_wconf 90' lang='lat' dir='ltr'>inopiam.</span> <span class='ocrx_word' id='word_1_764' title='bbox 2689 3549 2708 3572; x_wconf 73' lang='grc' dir='ltr'>ι</span> <span class='ocrx_word' id='word_1_765' title='bbox 2739 3527 2799 3581; x_wconf 87' lang='grc' dir='ltr'>1η</span> <span class='ocrx_word' id='word_1_766' title='bbox 2851 3523 3080 3596; x_wconf 88' lang='lat' dir='ltr'>jejuniis</span> <span class='ocrx_word' id='word_1_767' title='bbox 3133 3540 3291 3597; x_wconf 72' lang='lat' dir='ltr'>saepe.</span> <span class='ocrx_word' id='word_1_768' title='bbox 3336 3547 3358 3572; x_wconf 74' lang='grc' dir='ltr'><strong><em>ι</em></strong></span> <span class='ocrx_word' id='word_1_769' title='bbox 3411 3525 3618 3598; x_wconf 75' lang='lat' dir='ltr'>Saepius</span> 
     </span>
    </p>
   </div>
   <div class='ocr_carea' id='block_1_96' title="bbox 2024 3612 3612 3689">
    <p class='ocr_par' dir='ltr' id='par_1_96' title="bbox 2024 3612 3612 3689">
     <span class='ocr_line' id='line_1_96' title="bbox 2024 3612 3612 3689; baseline -0.001 -17"><span class='ocrx_word' id='word_1_770' title='bbox 2024 3617 2316 3689; x_wconf 84' lang='lat' dir='ltr'>jejunavit,</span> <span class='ocrx_word' id='word_1_771' title='bbox 2346 3623 2408 3670; x_wconf 91' lang='lat' dir='ltr'>ut</span> <span class='ocrx_word' id='word_1_772' title='bbox 2466 3614 2561 3670; x_wconf 90' lang='lat' dir='ltr'>Dei</span> <span class='ocrx_word' id='word_1_773' title='bbox 2619 3612 2955 3669; x_wconf 89' lang='lat' dir='ltr'>adminiculo</span> <span class='ocrx_word' id='word_1_774' title='bbox 3011 3614 3219 3685; x_wconf 89' lang='lat' dir='ltr'>protegi</span> <span class='ocrx_word' id='word_1_775' title='bbox 3279 3621 3612 3672; x_wconf 88' lang='lat' dir='ltr'>mereretur:</span> 
     </span>
    </p>
   </div>
   <div class='ocr_carea' id='block_1_97' title="bbox 2023 3700 3618 3776">
    <p class='ocr_par' dir='ltr' id='par_1_97' title="bbox 2023 3700 3618 3776">
     <span class='ocr_line' id='line_1_97' title="bbox 2023 3700 3618 3776; baseline -0.001 -16"><span class='ocrx_word' id='word_1_776' title='bbox 2023 3704 2235 3776; x_wconf 85' lang='lat' dir='ltr'>jejunat</span> <span class='ocrx_word' id='word_1_777' title='bbox 2283 3703 2450 3770; x_wconf 90' lang='lat' dir='ltr'>enim,</span> <span class='ocrx_word' id='word_1_778' title='bbox 2500 3701 2596 3773; x_wconf 91' lang='lat' dir='ltr'>qui</span> <span class='ocrx_word' id='word_1_779' title='bbox 2650 3701 2781 3755; x_wconf 90' lang='lat' dir='ltr'>dum</span> <span class='ocrx_word' id='word_1_780' title='bbox 2824 3700 2986 3755; x_wconf 88' lang='lat' dir='ltr'>habet</span> <span class='ocrx_word' id='word_1_781' title='bbox 3041 3700 3188 3772; x_wconf 90' lang='lat' dir='ltr'>quod</span> <span class='ocrx_word' id='word_1_782' title='bbox 3245 3700 3388 3769; x_wconf 86' lang='lat' dir='ltr'>edat,</span> <span class='ocrx_word' id='word_1_783' title='bbox 3437 3700 3618 3759; x_wconf 89' lang='lat' dir='ltr'>absti-</span> 
     </span>
    </p>
   </div>
   <div class='ocr_carea' id='block_1_98' title="bbox 2029 3788 3618 3862">
    <p class='ocr_par' dir='ltr' id='par_1_98' title="bbox 2029 3788 3618 3862">
     <span class='ocr_line' id='line_1_98' title="bbox 2029 3788 3618 3862; baseline -0.001 -15"><span class='ocrx_word' id='word_1_784' title='bbox 2029 3801 2122 3848; x_wconf 90' lang='lat' dir='ltr'>net</span> <span class='ocrx_word' id='word_1_785' title='bbox 2160 3791 2300 3860; x_wconf 88' lang='grc'>(13).</span> <span class='ocrx_word' id='word_1_786' title='bbox 2347 3813 2366 3834; x_wconf 80' lang='grc' dir='ltr'>ι</span> <span class='ocrx_word' id='word_1_787' title='bbox 2397 3791 2459 3844; x_wconf 90' lang='lat' dir='ltr'>In</span> <span class='ocrx_word' id='word_1_788' title='bbox 2490 3790 2690 3859; x_wconf 82' lang='lat' dir='ltr'>frigore</span> <span class='ocrx_word' id='word_1_789' title='bbox 2739 3795 2793 3842; x_wconf 91' lang='lat' dir='ltr'>et</span> <span class='ocrx_word' id='word_1_790' title='bbox 2821 3788 3088 3844; x_wconf 89' lang='lat' dir='ltr'>nuditate.</span> <span class='ocrx_word' id='word_1_791' title='bbox 3115 3813 3133 3835; x_wconf 77' lang='grc' dir='ltr'><strong><em>ι</em></strong></span> <span class='ocrx_word' id='word_1_792' title='bbox 3175 3789 3238 3844; x_wconf 89' lang='lat' dir='ltr'>In</span> <span class='ocrx_word' id='word_1_793' title='bbox 3267 3789 3469 3862; x_wconf 91' lang='lat' dir='ltr'>frigore</span> <span class='ocrx_word' id='word_1_794' title='bbox 3511 3789 3618 3845; x_wconf 90' lang='lat' dir='ltr'>fuit</span> 
     </span>
    </p>
   </div>
   <div class='ocr_carea' id='block_1_99' title="bbox 2029 3876 3618 3950">
    <p class='ocr_par' dir='ltr' id='par_1_99' title="bbox 2029 3876 3618 3950">
     <span class='ocr_line' id='line_1_99' title="bbox 2029 3876 3618 3950; baseline -0.003 -15"><span class='ocrx_word' id='word_1_795' title='bbox 2029 3888 2083 3936; x_wconf 91' lang='lat' dir='ltr'>et</span> <span class='ocrx_word' id='word_1_796' title='bbox 2110 3879 2383 3944; x_wconf 89' lang='lat' dir='ltr'>nuditate,</span> <span class='ocrx_word' id='word_1_797' title='bbox 2414 3878 2633 3950; x_wconf 89' lang='lat' dir='ltr'>quando</span> <span class='ocrx_word' id='word_1_798' title='bbox 2672 3876 3018 3946; x_wconf 88' lang='lat' dir='ltr'>naufragium</span> <span class='ocrx_word' id='word_1_799' title='bbox 3072 3892 3261 3947; x_wconf 90' lang='lat' dir='ltr'>passus</span> <span class='ocrx_word' id='word_1_800' title='bbox 3295 3885 3395 3932; x_wconf 89' lang='lat' dir='ltr'>est.</span> <span class='ocrx_word' id='word_1_801' title='bbox 3440 3877 3618 3932; x_wconf 84' lang='lat' dir='ltr'>Deni-</span> 
     </span>
    </p>
   </div>
   <div class='ocr_carea' id='block_1_100' title="bbox 2029 3965 3619 4041">
    <p class='ocr_par' dir='ltr' id='par_1_100' title="bbox 2029 3965 3619 4041">
     <span class='ocr_line' id='line_1_100' title="bbox 2029 3965 3619 4041; baseline -0.004 -19"><span class='ocrx_word' id='word_1_802' title='bbox 2029 3984 2134 4041; x_wconf 89' lang='lat' dir='ltr'>que</span> <span class='ocrx_word' id='word_1_803' title='bbox 2164 3969 2343 4038; x_wconf 89' lang='lat' dir='ltr'>ignem</span> <span class='ocrx_word' id='word_1_804' title='bbox 2385 3968 2652 4033; x_wconf 87' lang='lat' dir='ltr'>fecerunt,</span> <span class='ocrx_word' id='word_1_805' title='bbox 2685 3965 2781 4030; x_wconf 88' lang='lat' dir='ltr'>ait,</span> <span class='ocrx_word' id='word_1_806' title='bbox 2813 3974 2866 4020; x_wconf 91' lang='lat' dir='ltr'>et</span> <span class='ocrx_word' id='word_1_807' title='bbox 2906 3966 3212 4020; x_wconf 90' lang='lat' dir='ltr'>refecerunt</span> <span class='ocrx_word' id='word_1_808' title='bbox 3246 3979 3367 4029; x_wconf 90' lang='lat' dir='ltr'>nos,</span> <span class='ocrx_word' id='word_1_809' title='bbox 3399 3970 3619 4033; x_wconf 88' lang='lat' dir='ltr'>propter</span> 
     </span>
    </p>
   </div>
   <div class='ocr_carea' id='block_1_101' title="bbox 2029 4047 3620 4127">
    <p class='ocr_par' dir='ltr' id='par_1_101' title="bbox 2029 4047 3620 4127">
     <span class='ocr_line' id='line_1_101' title="bbox 2029 4047 3620 4127; baseline -0.004 -17"><span class='ocrx_word' id='word_1_810' title='bbox 2029 4055 2273 4127; x_wconf 88' lang='lat' dir='ltr'>pluviam</span> <span class='ocrx_word' id='word_1_811' title='bbox 2305 4053 2682 4109; x_wconf 90' lang='lat' dir='ltr'>imminentem</span> <span class='ocrx_word' id='word_1_812' title='bbox 2731 4059 2784 4107; x_wconf 92' lang='lat' dir='ltr'>et</span> <span class='ocrx_word' id='word_1_813' title='bbox 2822 4051 3014 4121; x_wconf 88' lang='lat' dir='ltr'>frigus,</span> <span class='ocrx_word' id='word_1_814' title='bbox 3055 4049 3279 4102; x_wconf 90' lang='lat' dir='ltr'>Barbari</span> <span class='ocrx_word' id='word_1_815' title='bbox 3326 4049 3384 4100; x_wconf 91' lang='lat' dir='ltr'>in</span> <span class='ocrx_word' id='word_1_816' title='bbox 3438 4047 3620 4103; x_wconf 86' lang='lat' dir='ltr'>insula</span> 
     </span>
    </p>
   </div>
   <div class='ocr_carea' id='block_1_102' title="bbox 2029 4141 2757 4212">
    <p class='ocr_par' dir='ltr' id='par_1_102' title="bbox 2029 4141 2757 4212">
     <span class='ocr_line' id='line_1_102' title="bbox 2029 4141 2757 4212; baseline -0.007 -13"><span class='ocrx_word' id='word_1_817' title='bbox 2029 4142 2228 4199; x_wconf 80' lang='lat' dir='ltr'>Melitae</span> <span class='ocrx_word' id='word_1_818' title='bbox 2270 4143 2409 4212; x_wconf 74' lang='lat' dir='ltr'>(Act.</span> <span class='ocrx_word' id='word_1_819' title='bbox 2443 4158 2645 4206; x_wconf 81' lang='lat' dir='ltr'>xxvm,</span> <span class='ocrx_word' id='word_1_820' title='bbox 2678 4141 2757 4209; x_wconf 90' lang='lat'>2).</span> 
     </span>
    </p>
   </div>
   <div class='ocr_carea' id='block_1_103' title="bbox 2103 4216 3616 4301">
    <p class='ocr_par' dir='ltr' id='par_1_103' title="bbox 2103 4216 3616 4301">
     <span class='ocr_line' id='line_1_103' title="bbox 2103 4216 3616 4301; baseline -0.006 -16"><span class='ocrx_word' id='word_1_821' title='bbox 2103 4231 2284 4301; x_wconf 90' lang='lat' dir='ltr'>(Vers.</span> <span class='ocrx_word' id='word_1_822' title='bbox 2327 4228 2444 4298; x_wconf 89' lang='lat'>28.)</span> <span class='ocrx_word' id='word_1_823' title='bbox 2499 4252 2516 4273; x_wconf 78' lang='grc' dir='ltr'>ι</span> <span class='ocrx_word' id='word_1_824' title='bbox 2547 4229 2747 4281; x_wconf 83' lang='lat' dir='ltr'>Praeter</span> <span class='ocrx_word' id='word_1_825' title='bbox 2778 4225 2874 4278; x_wconf 88' lang='lat' dir='ltr'>illa</span> <span class='ocrx_word' id='word_1_826' title='bbox 2914 4237 3033 4292; x_wconf 64' lang='lat' dir='ltr'>qua:</span> <span class='ocrx_word' id='word_1_827' title='bbox 3089 4216 3433 4273; x_wconf 88' lang='lat' dir='ltr'>extrinsecus</span> <span class='ocrx_word' id='word_1_828' title='bbox 3467 4227 3616 4291; x_wconf 87' lang='lat' dir='ltr'>sunt,</span> 
     </span>
    </p>
   </div>
   <div class='ocr_carea' id='block_1_104' title="bbox 2031 4307 3618 4385">
    <p class='ocr_par' dir='ltr' id='par_1_104' title="bbox 2031 4307 3618 4385">
     <span class='ocr_line' id='line_1_104' title="bbox 2031 4307 3618 4385; baseline -0.006 -12"><span class='ocrx_word' id='word_1_829' title='bbox 2031 4318 2293 4375; x_wconf 90' lang='lat' dir='ltr'>instantia</span> <span class='ocrx_word' id='word_1_830' title='bbox 2341 4333 2486 4381; x_wconf 90' lang='lat' dir='ltr'>mea,</span> <span class='ocrx_word' id='word_1_831' title='bbox 2532 4313 2851 4385; x_wconf 90' lang='lat' dir='ltr'>quotidiana</span> <span class='ocrx_word' id='word_1_832' title='bbox 2880 4307 3198 4363; x_wconf 88' lang='lat' dir='ltr'>sollicitudo</span> <span class='ocrx_word' id='word_1_833' title='bbox 3229 4307 3476 4363; x_wconf 91' lang='lat' dir='ltr'>omnium</span> <span class='ocrx_word' id='word_1_834' title='bbox 3501 4309 3618 4368; x_wconf 80' lang='lat' dir='ltr'>Ec—</span> 
     </span>
    </p>
   </div>
   <div class='ocr_carea' id='block_1_105' title="bbox 1950 4395 3620 4494">
    <p class='ocr_par' dir='ltr' id='par_1_105' title="bbox 1950 4395 3620 4494">
     <span class='ocr_line' id='line_1_105' title="bbox 1950 4395 3620 4494; baseline -0.007 -30"><span class='ocrx_word' id='word_1_835' title='bbox 1950 4438 1997 4494; x_wconf 73' lang='grc' dir='ltr'>ι)</span> <span class='ocrx_word' id='word_1_836' title='bbox 2030 4409 2340 4462; x_wconf 89' lang='lat' dir='ltr'>clesiarum.</span> <span class='ocrx_word' id='word_1_837' title='bbox 2372 4429 2390 4450; x_wconf 75' lang='grc' dir='ltr'>ι»</span> <span class='ocrx_word' id='word_1_838' title='bbox 2436 4399 2762 4457; x_wconf 89' lang='lat' dir='ltr'>Sollicitudo</span> <span class='ocrx_word' id='word_1_839' title='bbox 2793 4399 2929 4494; x_wconf 48' lang='lat' dir='ltr'>huic,</span> <span class='ocrx_word' id='word_1_840' title='bbox 2955 4412 3123 4494; x_wconf 75' lang='lat' dir='ltr'>quam</span> <span class='ocrx_word' id='word_1_841' title='bbox 3155 4395 3295 4494; x_wconf 71' lang='lat' dir='ltr'>dicit</span> <span class='ocrx_word' id='word_1_842' title='bbox 3333 4398 3620 4494; x_wconf 69' lang='lat' dir='ltr'>quotidia-</span> 
     </span>
    </p>
   </div>
   <div class='ocr_carea' id='block_1_106' title="bbox 2034 4485 3619 4560">
    <p class='ocr_par' dir='ltr' id='par_1_106' title="bbox 2034 4485 3619 4560">
     <span class='ocr_line' id='line_1_106' title="bbox 2034 4485 3619 4560; baseline 0 -15"><span class='ocrx_word' id='word_1_843' title='bbox 2034 4508 2182 4560; x_wconf 89' lang='lat' dir='ltr'>nam,</span> <span class='ocrx_word' id='word_1_844' title='bbox 2212 4494 2280 4548; x_wconf 90' lang='lat' dir='ltr'>de</span> <span class='ocrx_word' id='word_1_845' title='bbox 2322 4488 2638 4546; x_wconf 88' lang='lat' dir='ltr'>traditionis</span> <span class='ocrx_word' id='word_1_846' title='bbox 2665 4503 2765 4542; x_wconf 89' lang='lat' dir='ltr'>usu</span> <span class='ocrx_word' id='word_1_847' title='bbox 2797 4485 2914 4557; x_wconf 76' lang='grc'>(14)</span> <span class='ocrx_word' id='word_1_848' title='bbox 2937 4485 3239 4553; x_wconf 88' lang='lat' dir='ltr'>descendit,</span> <span class='ocrx_word' id='word_1_849' title='bbox 3272 4492 3335 4541; x_wconf 93' lang='lat' dir='ltr'>ut</span> <span class='ocrx_word' id='word_1_850' title='bbox 3363 4486 3619 4545; x_wconf 81' lang='lat' dir='ltr'>omnibus</span> 
     </span>
    </p>
   </div>
   <div class='ocr_carea' id='block_1_107' title="bbox 2032 4575 3620 4647">
    <p class='ocr_par' dir='ltr' id='par_1_107' title="bbox 2032 4575 3620 4647">
     <span class='ocr_line' id='line_1_107' title="bbox 2032 4575 3620 4647; baseline 0 -14"><span class='ocrx_word' id='word_1_851' title='bbox 2032 4580 2225 4634; x_wconf 87' lang='lat' dir='ltr'>diebus</span> <span class='ocrx_word' id='word_1_852' title='bbox 2277 4578 2633 4635; x_wconf 68' lang='lat' dir='ltr'>commissum</span> <span class='ocrx_word' id='word_1_853' title='bbox 2689 4575 2793 4631; x_wconf 92' lang='lat' dir='ltr'>sibi</span> <span class='ocrx_word' id='word_1_854' title='bbox 2850 4577 3111 4647; x_wconf 91' lang='lat' dir='ltr'>populum</span> <span class='ocrx_word' id='word_1_855' title='bbox 3171 4575 3408 4629; x_wconf 88' lang='lat' dir='ltr'>instruat</span> <span class='ocrx_word' id='word_1_856' title='bbox 3453 4594 3464 4631; x_wconf 95' lang='lat'>:</span> <span class='ocrx_word' id='word_1_857' title='bbox 3521 4577 3620 4634; x_wconf 82' lang='lat' dir='ltr'>illa</span> 
     </span>
    </p>
   </div>
   <div class='ocr_carea' id='block_1_108' title="bbox 2031 4661 3620 4737">
    <p class='ocr_par' dir='ltr' id='par_1_108' title="bbox 2031 4661 3620 4737">
     <span class='ocr_line' id='line_1_108' title="bbox 2031 4661 3620 4737; baseline -0.003 -14"><span class='ocrx_word' id='word_1_858' title='bbox 2031 4674 2213 4723; x_wconf 88' lang='lat' dir='ltr'>autem</span> <span class='ocrx_word' id='word_1_859' title='bbox 2260 4683 2378 4737; x_wconf 86' lang='lat' dir='ltr'>quae</span> <span class='ocrx_word' id='word_1_860' title='bbox 2432 4681 2595 4736; x_wconf 88' lang='lat' dir='ltr'>supra</span> <span class='ocrx_word' id='word_1_861' title='bbox 2627 4672 2913 4729; x_wconf 88' lang='lat' dir='ltr'>memorat,</span> <span class='ocrx_word' id='word_1_862' title='bbox 2965 4661 3338 4732; x_wconf 88' lang='lat' dir='ltr'>superindicta</span> <span class='ocrx_word' id='word_1_863' title='bbox 3374 4671 3524 4730; x_wconf 89' lang='lat' dir='ltr'>sunt,</span> <span class='ocrx_word' id='word_1_864' title='bbox 3549 4678 3620 4720; x_wconf 85' lang='lat' dir='ltr'>ne</span> 
     </span>
    </p>
   </div>
   <div class='ocr_carea' id='block_1_109' title="bbox 2031 4749 3616 4837">
    <p class='ocr_par' dir='ltr' id='par_1_109' title="bbox 2031 4749 3616 4837">
     <span class='ocr_line' id='line_1_109' title="bbox 2031 4749 3616 4837; baseline -0.003 -25"><span class='ocrx_word' id='word_1_865' title='bbox 2031 4756 2282 4814; x_wconf 87' lang='lat' dir='ltr'>cessitate</span> <span class='ocrx_word' id='word_1_866' title='bbox 2327 4762 2573 4824; x_wconf 87' lang='lat' dir='ltr'>cogente.</span> <span class='ocrx_word' id='word_1_867' title='bbox 2623 4755 2749 4808; x_wconf 90' lang='lat' dir='ltr'>Dies</span> <span class='ocrx_word' id='word_1_868' title='bbox 2797 4751 2943 4837; x_wconf 82' lang='lat' dir='ltr'>enim</span> <span class='ocrx_word' id='word_1_869' title='bbox 2994 4751 3083 4837; x_wconf 79' lang='lat' dir='ltr'>ad</span> <span class='ocrx_word' id='word_1_870' title='bbox 3117 4765 3280 4820; x_wconf 90' lang='lat' dir='ltr'>opera</span> <span class='ocrx_word' id='word_1_871' title='bbox 3331 4749 3489 4808; x_wconf 89' lang='lat' dir='ltr'>datus</span> <span class='ocrx_word' id='word_1_872' title='bbox 3515 4758 3616 4837; x_wconf 54' lang='lat' dir='ltr'>est,</span> 
     </span>
    </p>
   </div>
   <div class='ocr_carea' id='block_1_110' title="bbox 2033 4835 3622 4912">
    <p class='ocr_par' dir='ltr' id='par_1_110' title="bbox 2033 4835 3622 4912">
     <span class='ocr_line' id='line_1_110' title="bbox 2033 4835 3622 4912; baseline -0.003 -13"><span class='ocrx_word' id='word_1_873' title='bbox 2033 4860 2144 4900; x_wconf 91' lang='lat' dir='ltr'>nox</span> <span class='ocrx_word' id='word_1_874' title='bbox 2173 4843 2241 4897; x_wconf 91' lang='lat' dir='ltr'>ad</span> <span class='ocrx_word' id='word_1_875' title='bbox 2281 4841 2525 4912; x_wconf 88' lang='lat' dir='ltr'>requiem</span> <span class='ocrx_word' id='word_1_876' title='bbox 2560 4856 2571 4892; x_wconf 93' lang='lat'>:</span> <span class='ocrx_word' id='word_1_877' title='bbox 2610 4839 2703 4892; x_wconf 92' lang='lat' dir='ltr'>sed</span> <span class='ocrx_word' id='word_1_878' title='bbox 2758 4838 2887 4909; x_wconf 86' lang='lat' dir='ltr'>quia</span> <span class='ocrx_word' id='word_1_879' title='bbox 2926 4835 3162 4891; x_wconf 84' lang='lat' dir='ltr'>instabat</span> <span class='ocrx_word' id='word_1_880' title='bbox 3204 4838 3512 4905; x_wconf 87' lang='lat' dir='ltr'>necessitas,</span> <span class='ocrx_word' id='word_1_881' title='bbox 3556 4835 3622 4896; x_wconf 76' lang='lat' dir='ltr'>ut</span> 
     </span>
    </p>
   </div>
   <div class='ocr_carea' id='block_1_111' title="bbox 2033 4923 3619 4994">
    <p class='ocr_par' dir='ltr' id='par_1_111' title="bbox 2033 4923 3619 4994">
     <span class='ocr_line' id='line_1_111' title="bbox 2033 4923 3619 4994; baseline -0.005 -6"><span class='ocrx_word' id='word_1_882' title='bbox 2033 4932 2288 4988; x_wconf 89' lang='lat' dir='ltr'>omnibus</span> <span class='ocrx_word' id='word_1_883' title='bbox 2317 4937 2678 4994; x_wconf 89' lang='lat' dir='ltr'>succurreret,</span> <span class='ocrx_word' id='word_1_884' title='bbox 2710 4927 2872 4981; x_wconf 88' lang='lat' dir='ltr'>etiam</span> <span class='ocrx_word' id='word_1_885' title='bbox 2901 4932 3064 4980; x_wconf 89' lang='lat' dir='ltr'>noctu</span> <span class='ocrx_word' id='word_1_886' title='bbox 3091 4923 3338 4980; x_wconf 89' lang='lat' dir='ltr'>docebat.</span> <span class='ocrx_word' id='word_1_887' title='bbox 3371 4927 3438 4981; x_wconf 91' lang='lat' dir='ltr'>Se</span> <span class='ocrx_word' id='word_1_888' title='bbox 3469 4923 3619 4980; x_wconf 85' lang='lat' dir='ltr'>enim</span> 
     </span>
    </p>
   </div>
   <div class='ocr_carea' id='block_1_112' title="bbox 2033 5010 3620 5093">
    <p class='ocr_par' dir='ltr' id='par_1_112' title="bbox 2033 5010 3620 5093">
     <span class='ocr_line' id='line_1_112' title="bbox 2033 5010 3620 5093; baseline -0.006 -16"><span class='ocrx_word' id='word_1_889' title='bbox 2033 5021 2270 5093; x_wconf 75' lang='lat' dir='ltr'>affligere</span> <span class='ocrx_word' id='word_1_890' title='bbox 2331 5033 2443 5073; x_wconf 91' lang='lat' dir='ltr'>non</span> <span class='ocrx_word' id='word_1_891' title='bbox 2498 5016 2820 5085; x_wconf 86' lang='lat' dir='ltr'>dubitabat,</span> <span class='ocrx_word' id='word_1_892' title='bbox 2862 5028 2930 5068; x_wconf 87' lang='lat' dir='ltr'>ne</span> <span class='ocrx_word' id='word_1_893' title='bbox 2984 5012 3085 5068; x_wconf 91' lang='lat' dir='ltr'>Dei</span> <span class='ocrx_word' id='word_1_894' title='bbox 3145 5013 3317 5084; x_wconf 85' lang='lat' dir='ltr'>gratia</span> <span class='ocrx_word' id='word_1_895' title='bbox 3368 5019 3509 5069; x_wconf 86' lang='lat' dir='ltr'>esset</span> <span class='ocrx_word' id='word_1_896' title='bbox 3557 5010 3620 5067; x_wconf 87' lang='lat' dir='ltr'>in</span> 
     </span>
    </p>
   </div>
   <div class='ocr_carea' id='block_1_113' title="bbox 2033 5112 2166 5167">
    <p class='ocr_par' dir='ltr' id='par_1_113' title="bbox 2033 5112 2166 5167">
     <span class='ocr_line' id='line_1_113' title="bbox 2033 5112 2166 5167; baseline 0.008 -1"><span class='ocrx_word' id='word_1_897' title='bbox 2033 5112 2166 5167; x_wconf 90' lang='lat' dir='ltr'>otio.</span> 
     </span>
    </p>
   </div>
   <div class='ocr_carea' id='block_1_114' title="bbox 2107 5292 3624 5377">
    <p class='ocr_par' dir='ltr' id='par_1_114' title="bbox 2107 5292 3624 5377">
     <span class='ocr_line' id='line_1_114' title="bbox 2107 5292 3624 5377; baseline -0.011 -11"><span class='ocrx_word' id='word_1_898' title='bbox 2107 5309 2222 5377; x_wconf 85' lang='grc'>(13)</span> <span class='ocrx_word' id='word_1_899' title='bbox 2255 5307 2374 5364; x_wconf 91' lang='lat' dir='ltr'>Non</span> <span class='ocrx_word' id='word_1_900' title='bbox 2406 5302 2564 5376; x_wconf 90' lang='lat' dir='ltr'>pauci</span> <span class='ocrx_word' id='word_1_901' title='bbox 2613 5318 2766 5369; x_wconf 90' lang='lat' dir='ltr'>mss.,</span> <span class='ocrx_word' id='word_1_902' title='bbox 2801 5301 2895 5372; x_wconf 81' lang='lat' dir='ltr'>qui</span> <span class='ocrx_word' id='word_1_903' title='bbox 2929 5316 3037 5356; x_wconf 77' lang='lat' dir='ltr'>non</span> <span class='ocrx_word' id='word_1_904' title='bbox 3064 5297 3216 5356; x_wconf 85' lang='lat' dir='ltr'>habet</span> <span class='ocrx_word' id='word_1_905' title='bbox 3237 5294 3377 5368; x_wconf 82' lang='lat' dir='ltr'>quod</span> <span class='ocrx_word' id='word_1_906' title='bbox 3407 5292 3545 5355; x_wconf 75' lang='lat' dir='ltr'>edat,</span> <span class='ocrx_word' id='word_1_907' title='bbox 3569 5295 3624 5350; x_wconf 72' lang='lat' dir='ltr'>et</span> 
     </span>
    </p>
   </div>
   <div class='ocr_carea' id='block_1_115' title="bbox 2034 5382 3615 5521">
    <p class='ocr_par' dir='ltr' id='par_1_115' title="bbox 2034 5382 3615 5521">
     <span class='ocr_line' id='line_1_115' title="bbox 2034 5382 3615 5521; baseline -0.006 -16"><span class='ocrx_word' id='word_1_908' title='bbox 2034 5382 2338 5521; x_wconf 32' lang='lat' dir='ltr'>abilvlllilftlta</span> <span class='ocrx_word' id='word_1_909' title='bbox 2385 5447 2630 5520; x_wconf 88' lang='lat' dir='ltr'>plerique</span> <span class='ocrx_word' id='word_1_910' title='bbox 2667 5443 2971 5521; x_wconf 84' lang='lat' dir='ltr'>m_ss.;__alii</span> <span class='ocrx_word' id='word_1_911' title='bbox 3024 5429 3615 5521; x_wconf 9' lang='lat' dir='ltr'>vero,_et7‘Y§l;-6(_1_i_t_._.r</span> 
     </span>
    </p>
   </div>
   <div class='ocr_carea' id='block_1_116' title="bbox 2035 5508 3622 5581">
    <p class='ocr_par' dir='ltr' id='par_1_116' title="bbox 2035 5508 3622 5581">
     <span class='ocr_line' id='line_1_116' title="bbox 2035 5508 3622 5581; baseline -0.012 -4"><span class='ocrx_word' id='word_1_912' title='bbox 2035 5508 2402 5578; x_wconf 48' lang='lat' dir='ltr'>detractionis.</span> <span class='ocrx_word' id='word_1_913' title='bbox 2429 5508 2569 5581; x_wconf 60' lang='lat' dir='ltr'>usu}</span> <span class='ocrx_word' id='word_1_914' title='bbox 2641 5517 2761 5572; x_wconf 86' lang='lat' dir='ltr'>cod.</span> <span class='ocrx_word' id='word_1_915' title='bbox 2808 5508 2972 5576; x_wconf 16' lang='lat' dir='ltr'>’Vat.,</span> <span class='ocrx_word' id='word_1_916' title='bbox 3039 5512 3100 5565; x_wconf 88' lang='lat' dir='ltr'>de</span> <span class='ocrx_word' id='word_1_917' title='bbox 3176 5508 3445 5562; x_wconf 68' lang='lat' dir='ltr'>tractionts</span> <span class='ocrx_word' id='word_1_918' title='bbox 3494 5518 3622 5572; x_wconf 73' lang='lat' dir='ltr'>usu;</span> 
     </span>
    </p>
   </div>
   <div class='ocr_carea' id='block_1_117' title="bbox 2036 5585 3053 5662">
    <p class='ocr_par' dir='ltr' id='par_1_117' title="bbox 2036 5585 3053 5662">
     <span class='ocr_line' id='line_1_117' title="bbox 2036 5585 3053 5662; baseline -0.014 -10"><span class='ocrx_word' id='word_1_919' title='bbox 2036 5595 2192 5652; x_wconf 82' lang='lat' dir='ltr'>Rom.</span> <span class='ocrx_word' id='word_1_920' title='bbox 2227 5593 2382 5660; x_wconf 90' lang='lat' dir='ltr'>edit.,</span> <span class='ocrx_word' id='word_1_921' title='bbox 2412 5592 2473 5645; x_wconf 84' lang='lat' dir='ltr'>de</span> <span class='ocrx_word' id='word_1_922' title='bbox 2502 5585 2907 5662; x_wconf 82' lang='lat' dir='ltr'>dispensationis</span> <span class='ocrx_word' id='word_1_923' title='bbox 2935 5597 3053 5638; x_wconf 84' lang='lat' dir='ltr'>usu.</span> 
     </span>
    </p>
   </div>
  </div>
