4090 6182
473 287 574 348 347

1483 272 1577 329 ΑΙ)
1618 271 1848 328 ΟΡΕΠΑ
1886 268 1939 325 S.
1983 265 2314 325 AMBROSII
2350 262 2726 321 APPENDIX.

3646 260 3751 321 348

540 405 716 479 (Vers.
748 399 866 472 29.)
911 396 1095 466 «Quis
1136 395 1464 459 inﬁrmatur,
1514 400 1567 447 et
1604 408 1701 462 ego
1740 406 1849 447 non
1880 390 2046 447 inﬁr-
2074 396 2123 455 Α
2152 387 2379 443 insidias
2408 385 2691 442 tendentes
2737 378 3021 453 Apostolo,
3054 379 3285 452 implere
3320 379 3501 435 voluit
3530 395 3632 452 per
3656 397 3751 453 po-

467 496 634 553 mor‘l
664 520 682 542 ι
724 489 975 561 Compati
1008 503 1064 541 se
1100 484 1236 542 dicit
1274 481 1547 549 omnibus,
1581 488 1635 536 et
1673 480 1959 537 condolere
1983 496 2047 535 eo

468 585 683 648 affectu,
739 594 847 651 quo
913 574 1197 647 provideat
1252 570 1468 626 vulneri
1526 568 1874 625 medicinam.
1935 570 2049 625 Hoc

470 681 647 730 autem
676 670 800 725 ideo
839 666 1207 739 prosequitur,
1237 667 1300 716 ut
1326 657 1575 715 ostendat
1604 674 1712 731 qua
1736 674 1866 714 cura
1891 673 2049 714 com-

467 761 689 816 missam
747 756 850 812 sibi
897 752 1194 811 Ecclesiam
1243 755 1463 805 tueatur
1516 755 1570 803 et
1619 756 1786 819 regat,
1842 763 1905 802 ac
1958 762 2051 817 per

469 847 668 906 hocin
716 847 869 902 nullo
898 858 957 899 se
1005 841 1276 897 minorem
1323 836 1520 894 debere
1564 835 1801 909 judicari
1846 835 2051 893 caeteris

469 936 765 1010 apostolis;
829 934 1027 1004 quippe
1092 929 1189 1001 qui
1253 926 1552 983 secundum
1609 927 1755 998 quod
1819 925 2053 981 declara-

468 1029 552 1082 vit
608 1025 747 1095 (15),
805 1022 929 1093 plus
975 1018 1088 1074 illis
1141 1016 1399 1072 omnibus
1456 1014 1805 1070 laboraverit.
1853 1012 2055 1083 Majore

469 1115 613 1171 enim
656 1109 870 1167 invidia
919 1105 1203 1162 laborabat
1248 1103 1390 1175 apud
1436 1103 1651 1159 Iudaeos
1704 1120 1803 1175 pro
1850 1103 2056 1159 caeteris

469 1201 768 1277 apostolis;
803 1198 931 1269 quia
962 1211 1087 1251 cum
1142 1199 1557 1265 persequeretur
1604 1192 1924 1259 Ecclesiam,
1972 1208 2057 1245 su-

469 1291 588 1349 bito
617 1289 958 1353 immutatus,
1004 1284 1181 1338 factus
1227 1288 1308 1337 est
1334 1282 1587 1337 defensor
1616 1280 1881 1351 ejusdem,
1912 1279 2058 1334 testi-

471 1379 643 1435 ﬁcans
664 1384 825 1446 atque
845 1371 1178 1429 conﬁrmans
1207 1370 1355 1442 quod
1383 1368 1687 1435 Christum,
1719 1384 1878 1440 quem
1912 1368 2060 1438 prius

471 1473 535 1523 ut
564 1463 844 1520 hominem
904 1462 1185 1515 mortuum
1242 1457 1563 1524 aestimabat,
1604 1458 1672 1512 de
1715 1458 1852 1512 coelo
1878 1471 2060 1512 secum

474 1563 718 1630 locutum
759 1551 995 1607 audierit
1039 1552 1178 1621 (Aet.
1212 1564 1294 1615 ix,
1333 1546 1366 1602 6
1393 1562 1498 1617 seq.
1527 1546 1571 1618 ).
1603 1543 1772 1616 Cujus
1806 1545 2063 1601 testimo—

472 1646 627 1702 nium
686 1641 993 1699 necessario
1040 1638 1200 1694 multi
1238 1641 1616 1709 sequerentur,
1666 1635 1898 1690 scientes
1938 1649 2062 1690 eum

2156 478 2408 546 tentiam,
2437 479 2637 534 malam
2659 473 3048 547 cogitatibnem
3070 486 3282 538 eorum,
3315 478 3377 525 ut
3408 471 3521 543 ipse
3553 471 3599 526 si
3632 488 3751 543 pos-

2158 576 2257 635 set,
2292 583 2416 623 eum
2445 563 2951 637 comprehenderet,
2983 567 3037 616 et
3078 568 3140 615 ut
3179 557 3384 614 Judzeis
3412 560 3669 631 placeret,
3699 570 3755 616 et

2159 663 2222 711 ut
2250 655 2484 727 diligens
2518 654 2575 708 in
2604 652 2784 708 ofﬁcio
2815 651 2920 707 sibi
2950 649 3162 707 credito
3191 648 3492 718 videretur,
3533 651 3579 705 si
3625 665 3753 706 eum

2161 758 2323 816 quem
2369 742 2587 814 publice
2615 741 3049 813 perturbatorem
3081 736 3318 806 audiret,
3355 753 3517 795 causa
3552 738 3754 813 quietis

2165 830 2493 889 interﬁceret
2525 831 2664 902 (18).
2713 829 2829 886 Hoc
2883 830 3027 884 inter
3083 828 3201 899 ipsa
3256 828 3576 900 primordia,
3621 836 3755 883 tunc

2165 920 2382 994 quando
2415 919 2666 992 apparuit
2688 916 2773 974 illi
2806 918 2865 973 in
2894 917 2985 974 via
3018 917 3287 973 Dominus
3331 918 3483 973 eunti
3534 919 3754 975 Damas-

2165 1027 2311 1078 cum,
2343 1010 2549 1068 incensi
2575 1016 2704 1064 sunt
2731 1008 2929 1078 Judaei,
2963 1008 3210 1064 videntes
3239 1023 3384 1075 eum,
3413 1006 3509 1078 qui
3539 1007 3756 1062 vinctos

2166 1099 2447 1158 credentes
2485 1098 2543 1153 in
2595 1096 2876 1155 Christum
2924 1103 3149 1153 venerat
3190 1101 3337 1158 204
3373 1095 3665 1167 perducere
3698 1096 3756 1149 in

2167 1196 2463 1252 Jerusalem
2516 1193 2656 1266 (Act.
2714 1210 2807 1261 1x,
2867 1193 2901 1250 2
2965 1193 3123 1264 seq.),
3180 1193 3477 1266 praidicare
3531 1198 3754 1257 sectam,

2169 1301 2330 1357 quam
2379 1290 2602 1338 venerat
2639 1280 3005 1337 condemnare
3039 1300 3051 1337 :
3090 1289 3143 1337 et
3174 1282 3254 1337 sic
3284 1282 3485 1336 factum
3522 1287 3601 1335 est
3631 1288 3691 1334 ut
3725 1294 3758 1332 a

2171 1372 2457 1443 discipulis
2489 1386 2585 1442 per
2630 1370 2922 1427 fenestram
2972 1387 3068 1441 per
3112 1386 3331 1425 murum
3364 1373 3421 1425 in
3451 1376 3631 1441 sporta
3668 1367 3759 1422 de-
3787 1393 3799 1403 ο

2174 1461 2371 1516 missus
2408 1459 2686 1532 effugeret.
2720 1458 2877 1525 Quod
2907 1458 3129 1532 quidam
3164 1459 3387 1529 indigne
3418 1459 3620 1514 factum
3662 1456 3761 1511 di-

2173 1561 2335 1619 cunt;
2370 1552 2501 1625 quia
2532 1568 2643 1607 non
2682 1551 2780 1607 Dei
2810 1551 3022 1607 auxilio
3054 1552 3315 1608 liberatus
3344 1557 3444 1606 est.
3479 1550 3583 1605 Sed
3612 1546 3761 1621 quod

2174 1644 2240 1700 ab
2269 1640 2585 1699 hominibus
2612 1640 2731 1695 ﬁeri
2782 1641 2984 1712 potuit,
3015 1640 3148 1713 quid
3193 1656 3328 1712 opus
3376 1646 3513 1707 erat,
3563 1644 3623 1693 ut
3658 1635 3759 1692 Dei

471 1734 540 1790 de
563 1737 905 1804 persecutore
952 1743 1065 1784 non
1095 1726 1285 1797 utique
1327 1725 1443 1780 sine
1490 1725 1701 1780 ratione
1730 1724 1934 1779 factum
1977 1724 2064 1780 de-

2174 1732 2431 1804 suﬁ‘ragio
2480 1729 2827 1796 liberaretur;
2863 1746 2989 1785 cum
3037 1729 3136 1786 Dei
3186 1727 3498 1800 suffragium
3530 1733 3661 1782 tunc
3684 1726 3763 1782 sit

473 1826 766 1882 fensorem.
804 1822 915 1877 Hac
935 1834 1098 1875 causa
1123 1816 1581 1873 excruciabantur
1606 1815 1798 1883 Judaei,
1831 1823 1885 1871 et
1908 1831 2067 1888 quae-

474 1914 670 1969 rebant
698 1926 823 1967 eum
871 1923 1102 1982 semper
1130 1905 1458 1962 interﬁcere.
1505 1930 1523 1951 ι
1553 1904 1688 1972 Quis
1722 1905 2068 1961 scandaliza—

475 2010 590 2069 tur,
645 2008 699 2056 et
755 2015 854 2071 ego
904 2012 1017 2053 non
1070 1996 1250 2051 uror?
1278 2018 1297 2043 a
1349 1991 1720 2050 Scandalizari
1769 1999 1850 2049 est
1886 1991 2067 2049 carnis

472 2090 588 2164 pati
619 2086 973 2155 desiderium,
1005 2090 1269 2157 quantum
1299 2081 1366 2137 ad
1423 2081 1573 2137 hunc
1602 2081 1782 2137 locum
1811 2081 2063 2153 pertinet.

473 2179 548 2236 Et
600 2179 731 2251 quia
783 2176 949 2232 etiam
1006 2172 1171 2229 inviti
1219 2171 1397 2228 solent
1454 2169 1839 2238 scandalizari,
1897 2170 2068 2227 illecti

477 2268 656 2325 forma
684 2274 777 2321 aut
800 2262 1214 2338 pulchritudine
1251 2261 1519 2332 corporis,
1549 2266 1645 2315 aut
1673 2260 1906 2332 propriae
1943 2276 2070 2316 car—

476 2358 564 2413 nis
592 2358 799 2412 calore:
824 2353 1122 2427 Apostolus
1154 2350 1537 2407 necessitatem
1578 2348 1837 2404 humanae
1863 2355 2067 2404 naturae

474 2446 856 2513 considerans,
886 2444 972 2499 uri
1006 2459 1061 2498 se
1089 2441 1227 2497 dicit
1259 2457 1271 2495 ε
1304 2446 1367 2495 ιιι
1392 2438 1643 2497 consulat
1666 2438 1890 2505 talibus,
1910 2454 2071 2494 com-

477 2537 691 2608 patiens
747 2532 1059 2589 inﬁrmitati
1115 2545 1304 2587 eorum
1339 2547 1351 2584 :
1391 2545 1494 2585 nec
1547 2528 1648 2585 hos
1675 2528 2066 2596 condemnans,

478 2626 571 2681 sed
633 2637 985 2680 commonens
1038 2620 1096 2675 in
1153 2618 1465 2675 humilitate
1514 2618 1812 2685 sermonis;
1861 2627 1923 2674 ut
1978 2634 2069 2689 spe

482 2712 739 2787 promissi
771 2709 980 2783 praemii
1011 2716 1314 2781 repugnent
1340 2706 1581 2763 stimulis
1609 2706 1822 2774 carnis;
1851 2722 1919 2762 ne
1949 2708 2071 2779 quis

487 2819 700 2866 eorum,
732 2799 827 2872 qui
873 2815 996 2856 eum
1051 2798 1305 2865 audiunt,
1354 2794 1640 2852 desideriis
1693 2795 1872 2851 carnis
1913 2795 2069 2864 victi,

486 2890 832 2961 desperantes
881 2887 947 2941 de
988 2902 1062 2952 se,
1105 2891 1359 2956 putantes
1379 2884 1493 2955 jam
1534 2898 1646 2939 non
1684 2892 1904 2956 accepto
1931 2885 2071 2941 ferre

487 2981 683 3044 Deum,
728 2977 773 3032 si
823 2976 1118 3046 corrigant,
1150 2980 1204 3029 et
1254 2974 1315 3028 in
1359 2972 1557 3028 iisdem
1584 2980 1883 3041 manentes,
1914 2973 2069 3045 depe-

485 3074 659 3123 reant.

555 3164 736 3235 (Vers.
771 3161 887 3233 30.)
934 3184 953 3208 ‹
982 3160 1039 3217 Si
1092 3159 1313 3232 gloriari
1369 3165 1605 3232 oportet,
1653 3158 1712 3217 in
1742 3160 1812 3217 iis
1841 3177 1960 3234 quae
1990 3162 2069 3217 in-

479 3254 759 3311 ﬁrmitatis
809 3267 943 3307 mea;
972 3256 1119 3317 sunt,
1159 3246 1450 3321 gloriabor.
1486 3273 1506 3298 ι
1550 3249 1667 3306 Hoc
1694 3250 1829 3307 dicit
1860 3252 1987 3324 quia
2024 3252 2072 3307 si

483 3341 828 3416 gloriandum
858 3348 938 3396 est
958 3337 1364 3405 Christiano,in
1385 3337 1698 3395 humilitate
1728 3341 2069 3412 gloriandum

481 3439 565 3488 est
595 3448 699 3503 qua
727 3424 991 3487 crescitur
1022 3426 1166 3500 apud
1196 3429 1390 3483 Deum.
1423 3428 1575 3483 Unde
1600 3429 1709 3483 alio
1740 3429 1859 3483 loco
1888 3428 2023 3484 dicit
2054 3447 2065 3484 :

494 3541 517 3568 ι
545 3519 681 3575 Cum
699 3518 968 3585 inﬁrmor,
1000 3526 1134 3572 tunc
1153 3526 1346 3587 potens
1376 3532 1498 3571 sum
1533 3516 1620 3587 (II
1648 3517 1770 3573 Cor.
1795 3534 1895 3584 xu,
1924 3518 2057 3587 10),.

482 3605 590 3661 hoc
617 3614 719 3672 est,
751 3621 874 3660 cum
908 3603 1175 3658 humilior
1202 3618 1299 3671 pro
1320 3602 1549 3657 fratrum
1585 3603 1760 3658 salute
1780 3604 1918 3673 (16),
1941 3614 2073 3663 tunc

482 3695 715 3750 exaltor.
750 3693 891 3748 Hinc
920 3689 1262 3762 gloriandum
1313 3697 1412 3757 est,
1469 3706 1579 3745 non
1626 3691 1694 3747 de
1745 3692 1923 3748 carnis
1952 3710 2072 3767 pro-

481 3783 659 3853 genie,
684 3782 812 3853 quia
842 3788 921 3835 est
946 3780 1068 3852 quis
1093 3796 1160 3835 ex
1189 3780 1393 3835 semine
1415 3778 1667 3838 Abrahae.

558 3877 740 3949 (Vers.
778 3875 894 3948 31.)
939 3898 957 3922 ι
986 3876 1130 3931 Deus
1160 3882 1212 3929 et
1259 3875 1416 3930 Pater
1462 3874 1683 3931 Domini
1736 3876 1907 3933 nostri
1946 3877 2071 3933 Jesu

484 3965 692 4025 Christi
741 3964 837 4037 qui
883 3970 963 4019 est
1018 3962 1335 4019 benedictus
1390 3963 1447 4017 in
1504 3966 1725 4034 smcula,
1775 3966 1878 4022 scit
1927 3966 2071 4039 quod

482 4072 594 4113 non
642 4055 896 4111 mentior.
934 4077 953 4100 ι
1014 4054 1189 4109 Deum
1233 4057 1424 4107 testem
1465 4051 1590 4121 dat,
1636 4061 1698 4108 ut
1750 4070 1871 4126 quae
1915 4055 2068 4123 dicit,

480 4144 643 4201 facile
681 4143 1007 4208 credantur;
1038 4148 1091 4196 et
1129 4146 1347 4213 propter
1388 4156 1481 4196 eos
1512 4140 1781 4197 duntaxat
1810 4143 1904 4214 qui
1948 4159 2069 4199 eum

483 4248 595 4288 non
624 4240 685 4285 ut
713 4248 904 4286 verum
934 4231 1241 4302 apostolum
1282 4227 1737 4285 honoriﬁcabant.

557 4329 737 4398 (Vers.
762 4329 850 4395 32,
884 4328 997 4400 33.)
1045 4353 1062 4374 α
1088 4329 1339 4385 Damasci
1373 4328 1624 4401 princeps
1653 4328 1829 4401 gentis
1855 4328 2071 4385 Aretlim

482 4414 625 4487 regis
671 4414 1011 4469 custodiebat
1046 4414 1324 4471 civitatem
1372 4418 1853 4486 Damascenorum,
1894 4426 1955 4474 ut
1988 4437 2072 4476 me

484 4502 971 4573 comprehenderet
1007 4519 1018 4556 :
1061 4509 1115 4557 et
1163 4519 1259 4575 per
1302 4504 1596 4561 fenestram
1638 4506 1698 4560 in
1750 4516 1931 4579 sporta
1968 4509 2071 4566 de-

486 4591 683 4647 missus
703 4607 825 4646 sum
856 4606 951 4662 per
981 4606 1225 4658 murum,
1256 4598 1309 4647 et
1334 4592 1497 4663 effugi
1527 4608 1721 4651 manus
1754 4593 1889 4668 ejus.
1914 4622 1933 4646 ι

1097 4733 1325 4792 CAPUT
1354 4735 1477 4793 XII.

560 4858 741 4933 (Vers.
790 4858 869 4931 1.)
923 4880 942 4905 ‹
970 4858 1028 4916 Si
1078 4860 1299 4932 gloriari
1346 4871 1577 4934 oportet,
1636 4865 1731 4922 sed
1784 4881 1896 4922 non
1937 4884 2072 4941 opus

485 4959 567 5008 est
597 4951 735 5007 mihi
769 4950 909 5023 (17).
939 4974 960 4999 ι
1002 4949 1260 5025 Princeps
1312 4954 1563 5011 Damasci
1611 4956 1804 5013 videns
1858 4957 2073 5015 Iudaeos

562 5094 678 5165 (15)
716 5091 938 5172 Amerb.
994 5090 1126 5147 edit.
1180 5106 1304 5147 cum
1354 5109 1481 5149 mss.
1533 5095 1761 5168 aliquot,
1792 5099 2072 5154 secundum

562 5166 627 5219 od
656 5166 869 5219 claruit.

523 5180 627 5220 uoct
656 5180 869 5219 ctarutt.

488 5181 627 5237 quoa
656 5181 869 5219 ctaruu.

558 5233 860 5311 _(lﬁ)_Cod_.
910 5232 1108 5311 haud”
1142 5248 1246 5303 pro
1289 5236 1464 5311 sqlute
1500 5238 1697 5311 immiti
1717 5256 1738 5303 ;
1776 5239 1943 5308 Vall.,
1969 5258 2071 5311 pro

489 5303 667 5363 salute
684 5305 895 5383 fratris.
918 5303 1064 5358 Idem
1096 5319 1227 5383 vero
1258 5305 1380 5383 cod.
1414 5306 1558 5383 vall.
1584 5316 1893 5383 postpauca
1922 5303 2068 5383 legit,

488 5395 594 5449 qua
625 5374 698 5433 est
724 5378 940 5451 quisque
972 5392 1038 5451 ea:
1080 5374 1270 5428 semine
1309 5375 1543 5432 Abra/ue
1561 5374 1601 5442 ί
1630 5374 1742 5433 111ιῖ
1778 5374 2001 5451 centeri:
2021 5374 2074 5438 et

490 5446 650 5516 edit,
684 5446 811 5521 quia
833 5454 905 5502 est
933 5446 1072 5515 quis,
1105 5452 1206 5501 etc.

565 5516 793 5593 (i7)r‘Ita
820 5521 1001 5591 plures
1047 5533 1119 5593 ac_
1158 5516 1393 5593 potiores
1423 5534 1615 5593 mss._a
1658 5520 1855 5593 quibus
1894 5523 1987 5577 alii
2018 5532 2069 5578 et

491 5586 604 5645 vet.
635 5586 765 5646 edit.
819 5586 928 5647 non
968 5587 1247 5656 recedunt,
1281 5586 1386 5642 nisi
1435 5590 1582 5663 quod
1622 5586 1938 5662 prmferunt,
1972 5613 2074 5650 non

2100 4460 2148 4519 D

2172 1820 2560 1888 necessarium,
2593 1820 2639 1875 si
2672 1819 2973 1875 humanum
3017 1818 3290 1875 auxilium
3350 1815 3608 1873 deﬁciat?
3635 1814 3763 1882 Quo

2174 1911 2318 1967 facto
2347 1924 2458 1965 non
2486 1907 2593 1964 sibi
2613 1908 2749 1965 dicit
2777 1907 3035 1980 expedire
3065 1906 3307 1981 gloriari,
3331 1905 3459 1980 quia
3480 1904 3762 1977 praesentis

2173 1997 2302 2054 vitae
2333 1995 2591 2069 gaudium
2640 1996 2833 2070 fragile
2872 2005 2983 2063 est;
3020 1994 3068 2052 si
3116 1996 3264 2052 enim
3316 2011 3428 2050 non
3482 1993 3758 2058 evasisset,

2175 2088 2501 2159 martyrium
2547 2086 2765 2144 fecerat.
2798 2086 2903 2143 Sed
2949 2086 3076 2159 quia
3123 2084 3443 2158 fugiendum
3485 2085 3542 2139 in
3572 2098 3762 2155 perse-

2176 2177 2396 2236 cutione
2446 2175 2764 2233 mandatum
2822 2183 2904 2232 est
2946 2176 3157 2248 (Matth.
3191 2192 3253 2244 x,
3292 2175 3406 2246 23),
3438 2173 3563 2230 data
3598 2187 3764 2245 opera

2176 2265 2384 2338 effugit,
2414 2279 2515 2323 nec
2557 2264 2704 2320 enim
2731 2262 2891 2321 debet
2921 2264 3121 2338 aliquis
3168 2268 3482 2336 eispectare
3510 2269 3570 2317 ut
3598 2261 3653 2316 in
3681 2275 3762 2315 se-

2178 2354 2470 2425 metipsum
2529 2362 2801 2425 peccetur.
2855 2355 3000 2424 Ergo
3056 2352 3399 2426 gloriandum
3448 2351 3603 2418 dicit,
3633 2348 3766 2421 quia

2178 2443 2349 2500 evasit
2374 2460 2385 2498 :
2411 2441 2505 2497 sed
2525 2458 2637 2498 non
2668 2441 2915 2514 expedit,
2949 2442 3151 2516 inquit,
3184 2451 3403 2515 propter
3430 2439 3759 2513 superbiam:

2179 2533 2307 2605 quia
2327 2532 2393 2588 de
2423 2530 2737 2588 humilitate
2758 2531 3108 2602 erescitur,et
3123 2531 3397 2588 auxilium
3416 2530 3515 2586 Dei
3539 2529 3781 2595 mitibus,

2177 2621 2416 2695 proﬁcit,
2448 2637 2559 2677 non
2608 2621 2783 2677 elatis.
2825 2621 3088 2676 Praeterea
3134 2622 3262 2692 quia
3309 2621 3577 2691 gloriatur
3622 2633 3769 2671 mor-

2178 2718 2288 2766 tem
2317 2726 2372 2765 se
2402 2709 2655 2777 evasisse,
2690 2726 2808 2781 quae
2838 2725 2934 2780 pro
2958 2707 3067 2762 ﬁde
3109 2707 3364 2775 infertur,
3397 2708 3559 2763 inane
3588 2704 3773 2760 videri

2179 2799 2449 2871 signiﬁcat
2480 2800 2596 2871 (19)
2649 2799 2760 2871 pati
2789 2814 2886 2871 pro
2924 2796 3179 2864 Christo;
3231 2796 3355 2851 ideo
3386 2812 3498 2852 non
3543 2794 3778 2867 expedit

2180 2892 2422 2964 gloriari.

2251 2992 2432 3062 (Vers.
2466 2990 2547 3062 2.)
2592 3013 2613 3039 ι
2644 2988 2872 3048 Veniam
2894 2995 3078 3046 autem
3110 2987 3180 3044 ad
3204 2978 3444 3043 visiones
3472 2994 3526 3043 et
3553 2986 3778 3041 revela-

2101 3104 2150 3166 ρ
2179 3079 2357 3136 tiones
2382 3081 2625 3136 Domini.
2650 3105 2669 3130 ι
2707 3080 2865 3136 Nunc
2895 3082 3216 3135 ostensurus
3251 3086 3352 3145 est,
3381 3094 3488 3149 quo
3517 3074 3778 3151 sublatus

2181 3177 2304 3226 est:
2339 3180 2400 3227 ut
2456 3169 2685 3242 proinde
2734 3174 2936 3243 quanta
2983 3175 3038 3224 et
3089 3167 3271 3241 qualia
3326 3166 3440 3220 sint
3485 3180 3575 3232 ne,
3625 3163 3777 3218 sicut

2181 3276 2301 3332 quae
2358 3259 2443 3315 illi
2483 3269 2697 3317 ostensa
2742 3267 2795 3315 et
2845 3260 2994 3317 dicta
3031 3264 3176 3325 sunt,
3211 3256 3421 3329 possint
3476 3253 3711 3325 intelligi
3755 3272 3770 3311 :

2181 3349 2506 3421 quibusdam
2538 3349 2844 3417 videbatur,
2891 3348 3074 3403 minor
3128 3345 3338 3403 caeteris
3367 3343 3626 3416 apostolis
3653 3357 3774 3398 cre-

2180 3436 2421 3494 deretur.
2484 3462 2501 3483 ‹
2528 3438 2673 3507 Scio,
2707 3437 2908 3512 inquit,
2959 3435 3240 3491 hominem
3287 3433 3345 3488 in
3377 3431 3595 3490 Christo
3638 3440 3775 3487 ante

2181 3542 2351 3581 annos
2384 3527 2819 3598 quatuordecim,
2861 3526 2975 3581 sive
3023 3523 3079 3579 in
3129 3538 3374 3595 corpore,
3407 3522 3621 3586 nescio;
3650 3520 3775 3575 sive

2181 3623 2336 3673 extra
2360 3632 2578 3687 corpus,
2614 3616 2819 3683 nescio,
2852 3616 2993 3669 Deus
3043 3614 3165 3681 scit,
3199 3620 3411 3684 raptum
3451 3608 3776 3682 hujusmodi

2180 3721 2351 3778 usque
2379 3703 2446 3759 ad
2478 3705 2701 3760 tertium
2746 3705 2966 3759 coelum.
3001 3728 3018 3750 ι
3063 3704 3367 3773 Utrumque
3396 3699 3773 3764 conﬁrmavit,

2182 3794 2307 3867 quia
2338 3800 2631 3864 utrumque
2662 3808 2814 3863 posse
2844 3792 2961 3846 fieri
3007 3807 3117 3846 non
3162 3790 3383 3861 negavit
3421 3807 3433 3844 ;
3465 3796 3527 3844 ιιι
3569 3794 3623 3843 et
3649 3788 3775 3843 sine

2182 3898 2407 3955 corpore
2444 3881 2559 3952 rapi
2600 3880 2887 3952 potuisset,
2922 3886 2975 3933 et
3002 3878 3061 3933 in
3090 3895 3333 3949 corpore.
3373 3878 3446 3932 Et
3475 3877 3614 3931 forte
3649 3877 3773 3949 qui-

2180 3971 2408 4029 busdam
2440 3968 2692 4023 videatur
2730 3983 2840 4021 non
2882 3983 3140 4039 magnum
3181 3982 3316 4035 esse,
3348 3965 3393 4021 si
3422 3965 3582 4020 homo
3607 3962 3775 4019 Chri-

2182 4061 2251 4117 sti
2298 4067 2485 4132 raptus
2527 4065 2607 4112 est
2655 4072 2825 4128 usque
2855 4055 2923 4112 ad
2975 4055 3198 4110 tertium
3248 4057 3481 4121 coelum;
3538 4068 3669 4107 cum
3711 4053 3773 4108 in

2180 4152 2343 4207 tertio
2371 4149 2579 4204 circulo
2608 4146 2822 4202 dicatur
2869 4145 2985 4217 (20)
3033 4146 3163 4200 luna
3213 4161 3346 4200 esse.
3392 4140 3496 4199 Sed
3540 4158 3652 4196 non
3694 4142 3775 4196 ita

2181 4248 2282 4307 est,
2311 4237 2439 4310 quia
2469 4238 2613 4291 ultra
2654 4234 2839 4289 omnia
2868 4233 3063 4288 mundi
3110 4233 3292 4289 sidera
3342 4237 3528 4303 raptus
3568 4230 3773 4285 intelli-

2182 4328 2371 4400 gitur:
2406 4333 2459 4382 et
2511 4326 2632 4382 ideo
2684 4324 3039 4396 magnificum
3090 4331 3141 4378 et
3189 4322 3440 4377 mirabile
3492 4326 3572 4375 est
3622 4320 3773 4391 quod

2182 4424 2366 4473 narrat
2412 4434 2423 4472 :
2484 4415 2755 4487 signiﬁcat
2810 4415 2956 4470 enim
3012 4429 3173 4485 supra
3228 4412 3655 4477 firmamentum,
3709 4410 3772 4465 in

2182 4506 2406 4563 tertium
2461 4521 2690 4560 numero
2736 4504 2935 4558 caelum
2990 4502 3059 4558 de
3114 4501 3454 4575 spiritalibus
3501 4499 3652 4557 caelis
3688 4514 3773 4555 ra-

2178 4601 2331 4667 ptum
2362 4595 2739 4665 semetipsum.

2254 4695 2433 4766 (Vers.
2462 4694 2516 4756 3,
2548 4691 2598 4758 7i,
2630 4691 2711 4761 5.)
2761 4712 2777 4735 ι
2807 4689 2878 4743 Ει
2927 4689 3041 4745 scio
3095 4689 3257 4746 talem
3308 4688 3616 4756 hominem,
3655 4687 3777 4743 sive

2175 4767 2239 4837 'in
2268 4795 2492 4850 corpore
2548 4778 2663 4832 sive
2710 4783 2865 4831 extra
2926 4792 3142 4848 corpus,
3194 4777 3400 4845 nescio,
3450 4778 3595 4832 Deus
3648 4775 3776 4843 scit,

2180 4872 2308 4946 quia
2348 4878 2533 4941 raptus
2587 4875 2667 4924 est
2708 4867 2766 4921 in
2824 4867 3162 4938 paradisum,
3202 4876 3255 4923 et
3310 4866 3525 4924 audivit
3578 4883 3781 4923 arcana

2180 4957 2346 5016 verba
2374 4974 2493 5031 quae
2537 4973 2648 5012 non
2680 4956 2809 5012 licet
2848 4954 3065 5011 homini
3106 4957 3278 5028 loqui.
3316 4956 3421 5011 Pro
3455 4953 3780 5028 hujusmodi

2181 5102 2387 5179 expedit
2414 5101 2561 5179 mihi,
2595 5115 2693 5179 pro
2722 5114 2827 5151 non
2854 5104 2935 5179 est,
2956 5115 3086 5179 opus
3112 5097 3364 5179 mihi..§t
3412 5098 3569 5179 Rom.
3603 5095 3770 5165 edit.,

2182 5168 2381 5243 rejecto
2416 5168 2943 5243 eodenitextupost
2974 5168 3234 5243 inferiora
3263 5168 3388 5243 illa,
3406 5169 3458 5243 si
3488 5170 3784 5222 humanum

2180 5239 2446 5300 auxilium
2476 5242 2700 5313 deficiet,
2737 5240 2941 5295 ibidem
2973 5241 3186 5313 orditur
3214 5255 3333 5311 cap.
3369 5239 3454 5295 12.

2255 5314 2370 5385 (18)
2407 5310 2560 5369 Boni.
2594 5311 2725 5367 edit.
2757 5313 2893 5376 sola,
2923 5311 3345 5384 perturbatorem
3373 5311 3586 5366 audiret
3619 5310 3785 5382 quie-

2184 5387 2249 5440 tis
2285 5386 2595 5452 interﬁcere.

2257 5457 2372 5597 219)
2404 5456 2609 5510 Eadem
2639 5455 2770 5510 edit.
2812 5455 2993 5522 Rom.,
3012 5454 3182 5535 inane
3208 5455 3417 5510 videtur
3448 5453 3776 5533 signiﬁtare.

2282 5527 2373 5597 20)
2406 5527 2590 5584 Codex
2640 5528 2826 5596 Corh.,
2857 5542 2974 5581 cum
3005 5543 3059 5580 ιη
3086 5533 3276 5597 quarto
3305 5528 3504 5582 circulo
3543 5525 3776 5581 dicatur.

2282 5527 2373 5597 20)
2406 5527 2590 5584 Codex
2640 5528 2826 5596 Corh.,
2857 5542 2974 5581 cum
3005 5524 3059 5580 in
3086 5533 3276 5597 quarto
3305 5524 3511 5582 circulo
3543 5524 3778 5581 dicatur.
