4108 6184
307 331 436 426 349'

1355 364 1715 424 COMMENT.
1758 365 1831 423 IN
1868 363 2084 420 EPIST.
2115 361 2164 418 II
2203 362 2296 417 AD
2336 359 2488 419 COB.

3451 367 3556 423 330

310 497 586 570 gloriabor.
615 521 634 545 ι
677 496 772 554 Bis
799 511 858 554 se
885 503 1102 570 raptum
1130 495 1286 565 dicit,
1311 495 1371 552 id
1397 505 1500 567 est,
1530 497 1710 569 primo
1739 495 1872 554 hinc
1901 496 1950 554 A
1980 491 2380 548 revelationnm
2419 490 2547 563 quia
2594 491 2824 549 otiosum
2858 498 3044 566 pectus
3074 508 3288 550 necesse
3318 491 3552 551 habebat

306 603 466 662 usque
508 587 578 644 ad
631 589 858 644 tertium
923 588 1139 655 emtum,
1197 585 1395 644 deinde
1447 588 1504 642 in
1560 586 1873 660 paradisum

303 675 667 748 cmlestem,|in
695 691 805 748 quo
841 676 1035 732 latroni
1055 676 1202 732 dixit
1228 676 1517 745 Dominus,
1552 678 1696 750 quod
1728 678 1874 734 futu-

302 781 390 822 rus
415 771 560 824 esset
607 780 730 821 cum
759 780 824 821 eo
869 765 924 820 in
972 765 1248 836 paradiso,
1297 766 1480 839 inquit
1520 765 1671 836 (Luc.
1711 783 1875 834 χχιιι,

298 852 413 926 43),
441 855 618 911 Patris
649 871 662 910 :
693 854 809 911 illic
836 853 931 910 ubi
953 855 1072 924 (21)
1096 863 1150 910 et
1175 854 1372 910 civitas
1397 855 1499 911 Dei
1529 855 1736 911 dicitur
1764 871 1878 911 esse

297 942 592 1002 Jerusalem
641 952 815 1001 mater
862 949 1050 998 nostra
1093 942 1244 1012 (Gal.
1285 959 1363 1008 ιν,
1407 943 1522 1014 26).
1562 943 1704 1010 Quid
1753 961 1878 1016 ergo

298 1035 498 1093 mirum
547 1037 596 1093 si
637 1043 760 1110 post
803 1035 1258 1092 resurrectionem
1290 1051 1485 1106 corpus
1519 1035 1631 1108 jam
1682 1035 1878 1108 expia-

295 1131 413 1181 tum
469 1131 631 1198 atque
689 1131 975 1180 tenuatum
1006 1123 1232 1192 factum,
1271 1125 1578 1180 immortale
1628 1125 1875 1180 futurum

294 1211 555 1272 credatur
599 1213 659 1269 in
704 1212 878 1280 caelis,
928 1211 1144 1284 quando
1173 1228 1280 1268 non
1325 1211 1538 1267 dubitat
1586 1214 1879 1284 Apostolus

297 1302 484 1359 adhuc
530 1303 758 1359 mortale
813 1318 1009 1374 corpus
1059 1302 1300 1372 potuisse
1355 1303 1523 1358 levari
1579 1303 1636 1358 in
1689 1305 1876 1373 caelos,

297 1398 356 1448 et
378 1392 502 1448 tolli
528 1391 585 1447 in
623 1391 934 1463 paradisum
963 1391 1061 1447 Dei
1089 1391 1264 1448 Patris
1291 1393 1563 1448 caelestem
1585 1393 1613 1448 ‘l
1641 1393 1748 1450 Pro
1778 1393 1878 1450 hu-

290 1480 534 1552 jusmodi
557 1481 798 1549 homine,
833 1481 889 1536 id
911 1488 1012 1548 est,
1044 1479 1140 1552 qui
1166 1489 1279 1536 tam
1316 1481 1514 1552 dignus
1544 1489 1621 1538 est
1651 1483 1784 1550 Deo,
1815 1489 1879 1539 ut

297 1568 402 1624 hoc
426 1568 785 1640 experiretur,
817 1569 1036 1642 gloriari
1063 1585 1118 1624 se
1147 1568 1314 1625 dicit:
1339 1578 1524 1626 etnon
1553 1570 1674 1626 vult
1694 1578 1878 1642 aperte

297 1655 476 1714 dicere
511 1657 641 1730 quia
681 1657 749 1713 de
800 1673 856 1713 se
906 1657 1174 1729 loquitur,
1217 1673 1285 1712 ne
1327 1656 1547 1713 laudare
1595 1673 1651 1715 se
1696 1660 1878 1717 videa-

293 1750 405 1802 tur.
435 1744 508 1801 Et
531 1745 766 1802 Joannes
795 1745 1094 1816 apostolus,
1112 1760 1237 1800 cum
1263 1744 1331 1801 de
1359 1761 1416 1802 se
1445 1746 1653 1802 sciatur
1683 1749 1834 1820 loqui
1863 1766 1875 1804 :

281 1847 328 1883 ἰ
353 1832 462 1890 Hic
508 1842 610 1901 est,
649 1833 749 1900 ait,
806 1833 1132 1903 discipulus,
1174 1849 1334 1905 quem
1391 1834 1654 1906 diligebat
1703 1837 1877 1906 Jesus,
1913 1853 1959 1911 Β

293 1921 394 1996 qui
423 1931 481 1980 et
523 1921 778 1978 recubuit
814 1921 872 1977 in
914 1937 1070 1978 coena
1111 1937 1274 1994 supra
1305 1931 1494 1995 pectus
1539 1923 1654 1995 ejus
1699 1925 1878 1996 (Joan.

282 2018 423 2080 ‘xxr,
452 2009 581 2082 20);
613 2033 634 2059 ι
675 2024 744 2066 ne
775 2009 1006 2082 gloriose
1029 2008 1096 2066 de
1123 2026 1178 2066 se
1207 2010 1358 2066 eﬁ‘ari
1388 2010 1684 2068 videretur.
1734 2037 1751 2058 ι
1779 2013 1882 2068 Pro

278 2088 387 2185 Eme
443 2107 626 2156 autem
681 2113 794 2155 non
847 2099 1141 2172 gloriabor,
1198 2100 1308 2156 nisi
1366 2101 1423 2156 in
1471 2099 1883 2158 infirmitatibus

279 2187 452 2270 :meis.
485 2210 506 2235 ιι
551 2186 642 2244 Sic
683 2185 752 2244 de
797 2202 854 2243 se
901 2203 1011 2243 non
1055 2187 1339 2259 gloriatur,
1373 2186 1502 2244 dum
1547 2205 1658 2245 non
1701 2194 1882 2261 aperte

293 2274 360 2332 de
389 2291 447 2332 se
473 2274 780 2348 proﬁtetur.
805 2276 866 2332 In
896 2275 1314 2333 inﬁrmitatibus
1341 2293 1488 2346 sane,
1521 2277 1723 2350 inquit,
1747 2276 1881 2332 meis

282 2335 592 2436 'gloriabor.
626 2366 915 2438 Exponere
962 2365 1109 2422 enim
1159 2381 1435 2437 pressuras
1480 2365 1794 2438 passionum
1828 2372 1880 2420 et

293 2451 647 2510 inﬁrmitates
689 2456 1085 2526 angustiarum,
1135 2471 1246 2510 non
1295 2455 1514 2511 videtur
1561 2456 1878 2527 gloriosum,

295 2541 389 2598 sed
435 2542 620 2598 ﬂebile
673 2543 812 2614 (22).
865 2544 1076 2600 Idcirco
1108 2558 1164 2599 se
1211 2545 1269 2598 in
1323 2542 1411 2598 his
1457 2543 1676 2614 gloriari
1724 2543 1878 2609 dicit,

281 2629 474 2692 sciens
525 2640 707 2687 tamen
745 2632 874 2704 quia
914 2632 982 2688 ad
1013 2632 1317 2703 profectum
1355 2630 1659 2704 perducunt
1687 2647 1881 2688 remu—

295 2721 645 2776 nerationem
675 2721 978 2777 cmlestium
1017 2721 1157 2792 (23).
1191 2719 1336 2788 Quid
1369 2720 1514 2776 enim
1545 2730 1654 2778 tam
1687 2721 1880 2792 glorio-

295 2822 418 2866 sum
449 2811 508 2865 in
528 2811 775 2867 futurum
801 2809 1136 2878 Christiano,
1162 2825 1325 2884 quam
1354 2810 1526 2867 exitia
1546 2828 1644 2883 pro
1665 2810 1884 2868 Christo

299 2897 452 2954 illata
478 2899 586 2955 sibi
619 2915 838 2955 narrare
856 2899 886 2956 ‘l

369 2991 555 3064 (Vers.
585 2990 667 3062 6.)
709 3013 728 3038 ε
755 2991 892 3046 Nam
935 2997 991 3046 et
1032 2989 1080 3044 si
1121 2991 1351 3044 voluero
1381 2988 1624 3060 gloriari,
1653 3003 1765 3042 non
1795 3000 1886 3041 ero

294 3080 538 3148 stultus;
573 3095 703 3135 nam
732 3067 1020 3136 veritatem
1051 3079 1253 3137 dicam.
1288 3101 1306 3124 ι
1351 3077 1468 3132 Hoc
1495 3075 1654 3144 dicit,
1689 3075 1818 3149 quia
1839 3076 1884 3132 si

295 3169 563 3224 meritum
587 3183 748 3224 suum
777 3167 1118 3237 proﬁteatur,
1148 3165 1296 3239 quod
1325 3165 1488 3222 habet
1515 3165 1657 3238 apud
1686 3169 1881 3231 Deum,

292 3270 418 3312 non
462 3255 570 3310 erit
609 3253 966 3327 imprudens;
1003 3271 1131 3311 vera
1174 3255 1322 3310 enim
1371 3255 1632 3329 loquitur.
1667 3257 1810 3329 Ergo
1839 3254 1884 3311 si

298 3344 435 3416 quis
483 3359 584 3415 pro
621 3342 832 3398 meritis
873 3343 1008 3411 suis,
1039 3359 1156 3417 qum
1205 3343 1310 3400 sibi
1353 3353 1567 3400 ostensa
1614 3353 1762 3410 sunt,
1793 3344 1885 3398 lo-

295 3431 516 3506 quitur,
547 3447 658 3488 non
705 3440 784 3488 est
830 3432 1020 3504 utique
1069 3433 1271 3488 stultus
1317 3453 1330 3490 :
1377 3435 1423 3490 si
1470 3440 1650 3490 autem
1687 3438 1882 3499 taceat,

294 3528 380 3577 est
420 3520 585 3576 etiam
632 3519 892 3592 prudens.
925 3519 1027 3576 Sed
1071 3537 1176 3593 qua
1224 3536 1384 3576 causa
1425 3521 1519 3577 hic
1556 3538 1666 3577 non
1704 3520 1878 3593 palam

297 3612 587 3684 glorietur,
615 3625 765 3668 nunc
801 3610 1029 3682 subjicit
1057 3611 1244 3668 dicens
1278 3630 1289 3666 :
1336 3635 1354 3658 ‹
1385 3613 1553 3668 Pareo
1581 3620 1784 3680 autem,
1815 3629 1882 3667 ne

297 3700 424 3774 quis
466 3715 556 3756 me
591 3699 872 3758 existimet
902 3715 1068 3773 supra
1112 3700 1167 3756 id
1199 3701 1346 3774 quod
1374 3701 1525 3758 videt
1563 3702 1620 3756 in
1649 3718 1754 3769 me,
1792 3710 1885 3757 aut

1916 3204 1958 3264 C

297 3789 452 3846 audit
500 3788 712 3862 aliquid
761 3806 830 3845 ex
871 3807 978 3846 me.
1012 3816 1031 3839 ι
1089 3791 1339 3846 Ostendit
1383 3791 1552 3862 igitur
1590 3807 1695 3864 qua
1723 3807 1916 3864 causa.

295 3893 405 3934 non
436 3886 625 3950 aperte
653 3879 917 3950 glorietur
949 3898 959 3935 :
990 3878 1068 3934 Ne
1099 3879 1222 3952 quis
1242 3895 1328 3934 me
1349 3880 1648 3948 existimet,
1680 3881 1882 3954 inquit,

296 3966 440 4025 ultra
491 3965 726 4038 gloriam
774 3983 949 4023 meam
996 3967 1239 4036 tendere,
1273 3984 1433 4041 quam
1477 3967 1634 4024 limes
1667 3968 1883 4024 merito-

295 4069 420 4112 rum
465 4052 738 4113 admittit.
789 4056 900 4112 Hos
954 4055 1248 4128 signiﬁcat,
1308 4073 1444 4130 quos
1495 4057 1885 4113 obtrectatores

297 4142 540 4201 habebat
577 4157 742 4202 causa
783 4144 936 4218 legis,
981 4144 1125 4202 sicut
1170 4161 1334 4216 supra
1380 4146 1702 4201 memoravi.
1747 4145 1883 4202 Nam

299 4235 490 4308 utique
532 4236 849 4290 meritorum
885 4235 1110 4305 gloriam
1158 4233 1367 4290 bonum
1418 4242 1499 4290 est
1526 4250 1639 4290 non
1667 4241 1882 4301 tacere;

297 4329 360 4378 ut
386 4321 704 4378 invitentur
730 4321 1032 4376 credentes.

375 4415 530 4474 205
560 4411 741 4480 (Vers.
775 4411 854 4482 7.)
891 4434 908 4457 ε
927 4411 998 4465 Et
1028 4425 1095 4466 ne
1125 4409 1462 4466 sublimitate
1491 4412 1885 4467 revelationum

296 4511 560 4577 extollar,
610 4509 768 4566 datus
817 4515 898 4565 est
946 4508 1085 4564 mihi
1126 4507 1383 4564 stimulus
1425 4509 1622 4575 carnis,
1665 4509 1889 4579 angelus

299 4596 537 4666 Satanae,
570 4607 631 4654 ut
661 4615 747 4654 me
774 4598 1076 4671 colaphizet
1109 4597 1248 4671 (24),
1284 4613 1350 4652 ne
1371 4596 1622 4651 extollar.
1656 4621 1674 4643 ι
1714 4598 1886 4651 Deum

298 4685 454 4744 bonis
509 4685 720 4742 meritis
766 4686 1053 4758 providere
1109 4692 1360 4752 testatur,
1431 4683 1560 4739 dum
1619 4684 1888 4756 permittit

297 4775 704 4834 tentationibus
717 4774 890 4830 bonos
908 4775 1164 4846 deprimi,
1189 4789 1299 4828 non
1330 4773 1509 4828 solum
1540 4788 1608 4828 ne
1637 4771 1886 4828 laborum

301 4879 529 4923 suorum
562 4863 833 4922 fructibus
870 4863 1213 4930 abdicantur,
1245 4878 1436 4917 verum
1479 4861 1642 4918 etiam
1690 4869 1752 4918 ut
1781 4877 1888 4917 au-

303 4962 532 5023 geantur
578 4952 666 5009 his
710 4952 777 5008 ad
807 4951 1089 5008 cumulum
1122 4950 1480 5022 possessionis
1508 4958 1742 5007 aeternae.
1774 4951 1888 5005 Hoc

303 5053 427 5113 ergo
472 5040 784 5096 remedium
832 5039 1019 5094 datum
1078 5047 1158 5093 est
1215 5037 1497 5108 Apostolo,
1555 5037 1614 5090 in
1667 5037 1887 5109 injuriis

303 5145 543 5202 pressus,
573 5131 760 5186 animo
799 5143 909 5183 non
958 5125 1129 5198 possit
1160 5125 1353 5180 extolli
1383 5141 1482 5196 pro
1511 5125 1888 5196 magnitudine

374 5324 496 5407 (21)
539 5323 697 5379 Rom.
741 5319 874 5375 edit.
921 5316 1054 5383 sola,
1095 5331 1215 5369 cum
1255 5331 1310 5370 eo
1347 5315 1403 5369 in
1429 5314 1688 5388 paradiso
1721 5331 1740 5370 :
1773 5317 1886 5374 illic

305 5395 568 5468 ubi,etc.4
624 5465 640 5468 _
757 5463 785 5468 _
854 5462 868 5468 _
1039 5461 1052 5468 _

401 5459 498 5526 22)
529 5465 716 5524 Codex
747 5462 935 5526 Corb.,
964 5461 1053 5516 sed
1081 5459 1262 5514 debile.

401 5469 471 5524 22
529 5469 716 5524 Codex
747 5469 935 5526 Corb.,
964 5469 1053 5516 sed
1081 5469 1262 5514 debite.

401 5469 499 5608 23)
528 5535 790 5593 Nonnulli
828 5549 954 5588 mss.
994 5529 1408 5586 remuneratione
1435 5532 1728 5587 caelestium.

375 5469 499 5678 in)
531 5608 658 5664 Post
686 5622 846 5662 voces
883 5610 941 5658 ut
989 5619 1067 5657 me
1111 5603 1418 5672 colaphizet,
1455 5603 1610 5662 Rom.
1643 5603 1728 5659 edi

402 5601 499 5679 24)
531 5608 658 5664 Post
686 5622 846 5662 voces
883 5610 941 5658 ut
989 5619 1067 5657 me
1111 5603 1418 5672 colaphizet,
1455 5603 1610 5662 Rom.
1643 5603 1774 5659 edit.
1801 5601 1889 5676 ju-

311 5679 588 5749 gulaverat
618 5696 683 5732 ne
708 5679 956 5732 extollar.

1917 4553 1965 4609 D

1984 581 2039 636 in
2071 580 2140 636 iis
2169 597 2288 652 qua)
2317 577 2550 646 viderat,
2580 581 2790 636 extolli.

2058 670 2236 740 (Vers.
2267 667 2319 737 8,
2351 667 2431 738 9.)
2479 691 2495 713 ι
2521 669 2746 740 Propter
2770 669 2874 727 hoc
2899 678 2983 727 ter
3011 672 3308 728 Dominum
3347 674 3553 745 rogavi,

1985 767 2047 813 ut
2074 757 2373 814 discederet
2403 774 2432 812 a
2459 772 2567 825 me,
2599 766 2652 812 et
2681 757 2755 812 ait
2801 760 2936 814 mihi
2967 779 2978 816 :
3010 759 3224 818 Suﬂicit
3252 761 3354 818 tibi
3387 763 3556 832 gratia

1989 863 2142 911 mea;
2177 863 2300 900 nam
2325 845 2578 900 virtusin
2612 845 2927 902 inﬁrmitate
2955 849 3252 919 perﬁcitur.
3282 877 3300 898 ι
3334 850 3553 906 Stimuli

1987 935 2212 1002 diaboli,
2247 951 2379 1007 quos
2407 933 2612 1005 perﬁde
2645 935 2762 1005 (25)
2803 935 3076 992 mentibus
3106 939 3339 995 inferens
3370 939 3432 994 ad
3468 956 3558 994 no-

1986 1025 2218 1081 cendum
2259 1023 2356 1078 Dei
2387 1023 2559 1079 servis
2588 1022 2833 1096 instigat,
2864 1033 2926 1081 ut
2971 1037 3242 1082 cessarent
3269 1028 3334 1082 ab
3363 1045 3447 1096 eo,
3483 1039 3561 1084 ter

1985 1113 2278 1170 Dominum
2311 1112 2654 1184 deprecatum
2705 1129 2760 1168 se
2803 1114 2990 1183 fuisse,
3030 1124 3084 1171 et
3115 1133 3222 1172 non
3251 1117 3563 1188 impetrasse

1985 1209 2214 1258 testatur
2252 1222 2262 1259 :
2296 1218 2405 1257 non
2449 1203 2577 1276 quia
2622 1202 2936 1275 despectum
2987 1221 3042 1259 se
3084 1204 3240 1274 dicit,
3294 1207 3386 1262 sed
3438 1207 3568 1280 quia

1986 1291 2194 1348 inscius
2225 1301 2414 1348 contra
2441 1307 2496 1348 se
2529 1291 2763 1364 petebat,
2795 1302 2856 1349 ut
2886 1303 3158 1350 cessarent
3185 1295 3253 1351 ab
3285 1312 3348 1350 eo
3381 1304 3464 1351 ten
3477 1305 3566 1351 ta-

1987 1380 2184 1449 tiones,
2232 1395 2327 1452 per
2371 1396 2504 1454 quas
2550 1381 2842 1452 perfectior
2887 1399 2942 1437 se
2987 1382 3168 1439 ﬁebat.
3207 1384 3332 1438 Ideo
3363 1385 3427 1439 ad
3465 1387 3562 1442 Ro-

1988 1485 2177 1526 manos
2227 1469 2362 1525 dicit
2399 1488 2412 1524 :
2457 1493 2475 1516 ι
2503 1470 2638 1526 Nam
2678 1470 2810 1542 quid
2855 1487 3090 1541 oremus,
3135 1474 3277 1529 sicut
3328 1483 3562 1548 oportet,

1987 1557 2262 1614 nescimus
2302 1557 2477 1627 (Rom.
2510 1573 2631 1622 VII],
2663 1557 2778 1629 26).
2811 1583 2829 1605 ›
2873 1558 3026 1614 Unde
3057 1559 3161 1616 hoc
3189 1560 3323 1617 dicit
3352 1563 3452 1618 sibi
3488 1580 3563 1622 rc-

1987 1662 2266 1718 sponsum,
2291 1655 2352 1702 ut
2384 1647 2654 1704 suﬂiceret
2691 1646 2793 1703 sibi
2825 1649 2994 1721 gratia
3016 1650 3136 1716 Dei,
3168 1668 3274 1723 qua
3302 1659 3394 1706 aut
3425 1652 3566 1708 Vires

1992 1736 2254 1792 tolerandi
2295 1736 2652 1806 addebantur,
2685 1746 2779 1794 aut
2821 1745 3036 1810 tempus
3067 1755 3328 1812 pressura:
3365 1742 3567 1799 ablue-

1988 1825 2274 1891 vlabatur;
2307 1832 2370 1880 ut
2388 1826 2609 1882 devotio
2637 1826 2765 1883 dum
2790 1827 3106 1884 inﬁrmitate
3132 1847 3393 1901 pressurae
3415 1831 3568 1887 acci—

1989 1911 2168 1968 dentis
2215 1930 2327 1969 non
2370 1914 2660 1986 frangitur,
2706 1916 2931 1988 probata
2969 1915 3240 1973 \ideatur.
3301 1942 3318 1962 ι
3369 1919 3564 1974 Libon-

1989 2001 2198 2057 tissime
2245 2003 2429 2075 itaque
2485 2005 2654 2074 magis
2707 2005 2978 2077 gloriabor
3034 2006 3091 2061 in
3150 2005 3566 2064 inﬁrmitatibus

1991 2091 2146 2158 meis,
2170 2098 2231 2146 ut
2261 2090 2528 2148 inhabitet
2555 2093 2608 2148 in
2635 2109 2718 2148 me
2749 2094 2866 2163 (26)
2897 2094 3072 2151 virtus
3093 2094 3317 2151 Christi.
3348 2123 3364 2144 ι
3399 2101 3565 2169 Aper-

1991 2183 2108 2232 tum
2148 2185 2227 2234 est
2257 2178 2383 2250 quia
2413 2187 2544 2234 tunc
2572 2179 2914 2252 gloriandum
2951 2181 3128 2249 docet,
3160 2183 3377 2255 quando
3408 2185 3566 2258 inju-

1992 2265 2090 2322 riis
2118 2266 2461 2323 humiliatur.
2495 2269 2544 2324 A
2591 2267 2809 2325 Christo
2846 2276 3028 2324 autem
3078 2271 3254 2326 virtus
3297 2274 3563 2330 tolerandi

1990 2354 2292 2427 praebetur;
2340 2365 2401 2412 ut
2441 2356 2567 2430 quia
2607 2357 2758 2428 prius
2786 2374 3007 2430 asperze,
3035 2374 3101 2416 ac
3143 2375 3238 2432 per
3267 2361 3371 2418 hoc
3400 2363 3566 2418 fasti-

1991 2446 2202 2503 diendae
2248 2446 2466 2518 injuriae
2513 2447 2861 2516 videbantur,
2892 2459 3076 2521 postea
3117 2450 3350 2508 libenter
3385 2453 3568 2509 susci—

1990 2535 2232 2606 piendae;
2265 2545 2326 2592 ut
2347 2536 2554 2592 Christi
2582 2538 2792 2592 auxilio
2819 2539 3139 2594 lenirentur.
3169 2540 3422 2597 Libenter
3441 2559 3568 2614 ergo

1991 2624 2123 2680 credi
2155 2641 2210 2680 se
2238 2624 2395 2691 dicit,
2427 2623 2728 2679 dummodo
2757 2641 2788 2680 a
2815 2624 3040 2680 Christo
3075 2636 3314 2695 curetur,
3348 2629 3569 2686 sciendo

1990 2715 2114 2784 plus
2160 2713 2356 2768 addere
2397 2711 2726 2768 medicinam
2770 2711 2975 2769 Christi
3022 2713 3092 2768 ad
3129 2715 3378 2784 salutem,
3407 2733 3570 2789 quam

1993 2799 2286 2854 inﬁrmitas
2314 2798 2554 2854 detrahit
2583 2800 2825 2856 sanitati.

2069 2888 2250 2956 (Vers.
2295 2887 2408 2960 10.)
2455 2910 2474 2932 ι
2504 2888 2843 2961 Quapropter
2879 2889 3066 2961 placeo
3091 2890 3228 2946 mihi
3257 2891 3311 2947 in
3347 2892 3574 2950 inﬁrmi-

1995 2969 2217 3043 tatibu's,
2263 2975 2322 3031 in
2360 2977 2743 3044 contumeliis;
2792 2994 2914 3034 cum
2961 2980 3107 3034 enim
3141 2978 3408 3048 inﬁrmor,
3443 2991 3574 3040 tunc

1995 3073 2184 3137 potens
2231 3081 2371 3122 sum.
2406 3090 2426 3114 ι
2468 3067 2672 3122 Verum
2714 3073 2814 3135 est,
2847 3068 2975 3139 quia
3008 3075 3142 3124 tunc
3179 3069 3355 3126 vincit
3401 3069 3574 3128 Chri-

1993 3155 2224 3221 stianus,
2253 3169 2374 3210 cum
2425 3155 2648 3227 perdere
2694 3162 2918 3228 putatur
2945 3173 2956 3210 :
2989 3164 3044 3211 et
3070 3165 3204 3213 tunc
3233 3158 3411 3230 perdit
3441 3177 3572 3232 per-

1994 3242 2144 3312 ﬁdia,
2175 3259 2300 3300 cum
2348 3260 2405 3301 se
2441 3244 2638 3302 vicisse
2669 3245 2988 3316 gratulatur.
3020 3245 3240 3302 Plaudit
3269 3264 3418 3320 ergo,
3446 3267 3571 3306 cum

1993 3332 2076 3386 illi
2103 3333 2434 3401 insultatur;
2466 3341 2520 3390 et
2545 3333 2741 3406 surgit,
2771 3350 2894 3390 cum
2928 3336 3216 3406 premitur.

2065 3431 2246 3503 (Vers.
2294 3432 2406 3502 11.)
2451 3455 2471 3478 ‹
2499 3431 2697 3489 Factus
2725 3447 2846 3488 sum
2879 3432 3162 3504 insipiens,
3195 3450 3296 3489 vos
3326 3450 3411 3491 me
3438 3453 3574 3494 coe-

1993 3518 2164 3589 gistis.
2197 3545 2216 3568 ι
2260 3519 2617 3592 Compulsum
2647 3536 2704 3576 se
2741 3519 2898 3589 dicit,
2930 3528 2990 3576 ut
3031 3520 3164 3594 quid
3193 3531 3352 3592 esset,
3382 3533 3574 3582 osten-

1991 3609 2160 3667 deret.
2208 3612 2280 3666 Et
2322 3627 2432 3668 non
2481 3612 2670 3684 utique
2717 3613 2919 3668 stultus
2957 3620 3057 3680 est,
3108 3613 3200 3684 qui
3248 3613 3314 3670 de
3352 3632 3407 3671 se
3447 3633 3571 3672 vera

1994 3699 2206 3756 locutus
2234 3708 2350 3768 est;
2383 3699 2477 3756 sed
2516 3699 2746 3757 inclinat
2773 3717 2848 3766 se,
2881 3709 2942 3756 ut
2969 3701 3277 3760 manifestet
3306 3707 3430 3776 quia
3462 3722 3570 3761 non

1992 3789 2273 3844 voluntate
2322 3791 2517 3846 merita
2553 3806 2650 3846 sua
2679 3789 2934 3845 ostendit.
2982 3814 3000 3836 ε
3028 3792 3142 3861 Ego
3171 3793 3315 3847 enim
3350 3792 3509 3848 debui
3543 3810 3573 3848 a

1992 3877 2149 3934 vobis
2177 3879 2570 3935 commendari.
2595 3905 2614 3930 ι
2653 3879 3002 3936 Manifestum
3027 3891 3126 3947 est,
3150 3882 3275 3954 quia
3301 3881 3353 3934 hi
3378 3882 3572 3937 debue-

1992 3974 2116 4022 rant
2156 3967 2536 4024 testimonium
2578 3967 2629 4024 ei
2671 3968 2960 4041 perhibere
3005 3969 3264 4024 adversus
3295 3968 3576 4023 obtrecta—

1995 4061 2137 4110 tores
2171 4055 2308 4126 ejus,
2340 4055 2482 4128 apud
2531 4073 2664 4131 quos
2709 4057 3010 4115 Ecclesiam
3063 4055 3373 4120 constituit,
3404 4061 3458 4107 ct
3503 4053 3572 4108 si-

1995 4160 2224 4217 gnorum
2285 4145 2533 4219 prodigia
2593 4148 2928 4218 apostolatus
3001 4141 3273 4205 ostendit;
3331 4147 3412 4206 ut,
3474 4140 3577 4200 hoc

1992 4239 2225 4301 tacente,
2251 4233 2332 4290 illi
2354 4251 2480 4290 eum
2511 4233 2865 4289 defenderent
2887 4244 3046 4302 quem
3071 4236 3274 4299 patrem
3306 4227 3576 4288 habebant

1995 4323 2052 4377 in
2079 4325 2381 4396 Evangelio
2402 4322 2630 4379 Christi.
2671 4344 2690 4367 ι
2719 4319 2870 4376 Nihil
2891 4317 3037 4373 enim
3061 4315 3242 4372 minus
3262 4316 3387 4387 feci,
3413 4336 3571 4392 quam

1995 4410 2080 4466 illi
2121 4412 2281 4467 valde
2320 4409 2579 4482 apostoli.
2625 4428 2650 4458 »
2683 4407 2876 4475 Valde,
2927 4406 3032 4462 hoc
3076 4413 3157 4462 est
3203 4406 3388 4475 nimis,
3433 4409 3576 4466 sicut

1999 4499 2324 4568 quibusdam
2377 4497 2703 4565 videbatur;
2763 4512 2888 4552 nam
2937 4495 3043 4554 hoc
3089 4503 3264 4565 erant,
3327 4497 3468 4570 quod
3523 4505 3576 4554 et

1996 4589 2272 4659 apostolus
2316 4589 2536 4644 Paulus.
2585 4587 2698 4644 Hoc
2743 4603 2870 4660 ergo
2899 4586 3054 4654 dicit,
3087 4587 3214 4658 quia
3248 4587 3428 4642 minor
3467 4604 3574 4643 non

1997 4685 2077 4732 est
2106 4693 2279 4750 neque
2305 4682 2362 4735 in
2393 4680 2802 4752 praedicatione,
2824 4695 2998 4751 neque
3021 4679 3078 4732 in
3099 4678 3273 4749 signis
3291 4678 3572 4749 faelendis,

1996 4767 2255 4838 apostolis
2299 4768 2718 4838 praecessoribus
2765 4767 2898 4834 suis,
2932 4781 3041 4820 non
3072 4765 3129 4820 in
3167 4765 3452 4838 dignitate,
3484 4766 3575 4822 scd

1995 4863 2258 4928 tempore.
2291 4857 2425 4910 Nam
2472 4857 2519 4911 si
2547 4855 2614 4910 de
2647 4863 2888 4926 tempore
2919 4855 3378 4926 praescribendum
3413 4865 3576 4927 puta-

1995 4951 2104 5013 tur,
2137 4950 2260 5000 ante
2289 4943 2457 5015 coepit
2493 4942 2728 4998 Joannes
2748 4941 3064 5015 praedicare,
3094 4960 3254 5017 quam
3287 4943 3572 5009 Christus;

1994 5040 2049 5090 et
2094 5051 2205 5092 non
2248 5032 2500 5092 Christus
2543 5034 2825 5102 Joannem,
2877 5030 2970 5087 sed
3025 5032 3258 5087 Joannes
3297 5030 3574 5088 Christum

1993 5127 2309 5199 baptizavit.
2356 5126 2498 5181 Num
2549 5141 2677 5198 ergo
2721 5124 2800 5180 sic
2841 5122 3057 5195 judicat
3102 5121 3290 5177 Deus?
3331 5120 3578 5190 Denique

2067 5319 2182 5391 (25)
2215 5319 2378 5376 Rom.
2399 5316 2574 5391 odit,
2605 5317 2661 5373 in
2690 5316 2998 5391 inﬁrmitate
3025 5317 3440 5391 consummatur.

1992 5378 2322 5462 mu‘loslquos
2351 5378 2592 5446 diabolus
2611 5378 2812 5462 perﬁde
2833 5397 2990 5462 ,'_ve_t.
3015 5386 3148 5440 edit.
3181 5401 3242 5440 ac
3265 5397 3392 5462 mss.
3421 5378 3578 5462 nobis

1995 5448 2518 5537 sull'i'agantur,‘nisi
2549 5448 2843 5535 qtfod'illae'
2865 5458 3068 5537 habent
3097 5471 3226 5537 cum,
3251 5448 3573 5537 cgdlletizttu

1995 5519 2298 5600 nonnullis,
2339 5519 2594 5602 stimulos,
2633 5540 2689 5586 et
2739 5547 2863 5585 mss.
2913 5529 3143 5598 aliquot,
3195 5519 3440 5590 pel'ﬁdt'S,
3487 5529 3578 5576 aut

1990 5605 2228 5675 perﬁdiw
2258 5604 2528 5675 mentibus.
2645 5672 2658 5675 _
2955 5671 2964 5675 _
3052 5660 3064 5675 ,
3110 5667 3120 5675 ,
3163 5657 3173 5667 ,

2069 5660 2185 5746 (26)
2218 5675 2378 5733 llom.
2419 5673 2552 5729 edit.
2584 5672 2718 5738 sola,
2751 5675 2808 5723 ut
2829 5660 3122 5736 prietendat
3154 5660 3208 5714 in
3238 5674 3332 5729 mc,
3365 5671 3468 5719 etc.
