4108 6184
481 287 602 364 ἐει

1541 302 1634 355 ΑΙ)
1675 299 1908 357 OPERA
1946 298 2001 353 S.
2032 295 2362 356 AMBROSII
2400 300 2778 358 APPENDIX.

3673 304 3780 366 352

493 430 649 507 prior
667 434 884 486 secutus
904 434 985 484 est
1004 425 1250 483 Andreas
1278 423 1641 491 Salvatorem,
1664 439 1824 494 quam
1850 424 2074 492 Petrus;
2105 425 2156 484 A
2183 439 2350 496 gnum
2407 434 2489 482 est
2542 433 2623 494 ut,
2680 424 2952 498 spiritalia
3013 425 3310 495 tradentes,
3370 438 3780 502 consequantur

496 527 551 577 et
595 526 777 576 tamen
819 517 1114 588 primatum
1163 531 1276 572 non
1315 514 1524 585 accepit
1555 513 1820 581 Andreas,
1853 514 1946 570 sed
1991 515 2083 569 Pe-

495 615 636 665 trus.
677 606 854 674 Quare
896 621 1023 678 ergo
1061 605 1337 677 apostolus
1366 601 1691 675 quibusdam
1724 619 1835 659 non
1864 602 2084 660 videba-

496 700 626 760 tur;
673 709 799 749 cum
847 692 1033 749 eadem
1079 699 1259 766 posset
1295 706 1390 764 per
1435 690 1536 747 Dei
1583 690 1831 762 gratiam,
1865 708 1984 764 quae
2031 700 2084 748 et

494 785 727 856 apostoli
750 786 778 841 ?
805 784 932 842 Ideo
961 785 1129 852 dolet,
1163 791 1218 839 et
1245 781 1564 854 compulsus
1596 781 1859 851 ostendit,
1892 781 2025 855 quid
2052 799 2084 839 a

494 871 812 944 dignatione
853 872 1075 929 Domini
1125 870 1242 943 (27)
1285 877 1577 926 mereatur.
1632 869 1773 926 Hinc
1819 878 1900 926 est
1938 869 2083 927 unde

494 977 608 1018 non
646 962 824 1018 solum
871 961 1138 1017 minorem
1184 975 1240 1015 se
1269 975 1382 1014 non
1413 974 1528 1014 esse
1561 967 1783 1015 coactus
1811 967 1892 1014 est
1921 960 2082 1032 proﬁ-

495 1051 619 1117 teri,
646 1049 740 1106 sed
773 1057 828 1105 et
865 1050 988 1122 plus
1019 1047 1274 1104 omnibus
1293 1047 1583 1102 laborasse.
1619 1047 1716 1102 His
1740 1063 1868 1119 ergo
1894 1048 2081 1120 displi-

494 1139 650 1197 cebat
675 1138 817 1209 (28),
839 1145 892 1191 et
912 1153 1023 1192 non
1046 1135 1336 1191 videbatur
1359 1149 1475 1190 esse
1490 1136 1767 1206 apostolus
1793 1137 1889 1209 qui
1917 1152 2082 1192 aemu-

495 1229 700 1285 latione
730 1232 968 1296 paternae
991 1222 1124 1293 legis
1146 1222 1592 1293 praadicationem
1623 1223 1740 1295 ejus
1774 1225 2079 1295 respuebat,

494 1313 652 1388 quasi
696 1312 912 1371 inimici
968 1309 1284 1366 traditionis
1339 1309 1578 1382 Moysis;
1636 1310 1764 1382 quia
1803 1326 1920 1368 eam
1965 1311 2079 1382 jam

495 1415 704 1460 cessare
746 1398 982 1467 dicebat,
1023 1397 1284 1470 apostolis
1333 1399 1502 1470 magis
1534 1398 1800 1465 faventes,
1833 1405 1887 1452 et
1915 1400 2079 1455 istum

494 1491 584 1548 his
612 1487 970 1546 humiliantes
994 1505 1006 1552 ;
1047 1486 1175 1558 quia
1218 1485 1303 1540 illi
1333 1501 1445 1542 non
1475 1495 1586 1543 tam
1615 1493 1927 1543 constanter
1953 1504 2078 1544 con-

469 1573 580 1658 ;tra
607 1579 779 1650 legem
807 1575 1016 1648 aliquid
1046 1575 1378 1631 asserebant.

570 1676 752 1749 (Vers.
778 1677 892 1746 12.)
925 1699 942 1721 ι
959 1677 1030 1730 Et
1059 1675 1103 1731 si
1126 1674 1266 1730 nihil
1297 1691 1444 1740 sum,
1468 1677 1623 1748 signa
1643 1685 1828 1735 tamen
1849 1679 2080 1752 apostoli

2193 513 2450 568 carnalia.
2495 513 2595 568 Hic
2641 521 2822 568 autem
2863 513 2919 568 in
2950 520 3164 570 tantum
3196 513 3390 585 probat
3417 531 3475 571 se
3505 518 3653 574 nolle
3680 534 3780 574 ac-

2193 600 2392 672 cipere,
2423 609 2486 657 ut
2512 601 2803 658 transferat
2832 618 3049 659 causam
3089 603 3327 660 carnalis
3373 606 3545 676 patris
3577 607 3645 663 ad
3670 610 3777 680 spi-

2193 691 2407 748 ritalem
2433 710 2446 760 ;
2478 701 2541 749 ut
2573 709 2684 749 non
2732 694 2908 749 solum
2938 709 3050 748 non
3079 694 3147 749 ab
3177 693 3268 749 his
3295 695 3546 766 accipiat,
3579 698 3673 755 sed
3701 707 3776 768 et,

2193 778 2240 834 si
2289 787 2468 850 potest
2518 781 2658 848 ﬁeri,
2716 781 2829 852 ipse
2873 781 2986 836 illis
3042 781 3273 846 tribuat,
3329 783 3472 839 sicut
3520 783 3636 855 jam
3691 801 3778 843 su-

2192 882 2290 938 pra
2349 867 2468 923 dixi
2519 887 2531 926 :
2595 892 2613 914 ι
2652 869 2802 924 Alias
2855 869 3126 926 Ecclesias
3181 871 3508 942 exspoliavi,
3559 883 3778 947 accepto

2193 956 2469 1028 stipendio
2489 956 2557 1013 ad
2583 957 2949 1013 ministerium
2980 966 3223 1014 vestrum
3257 960 3340 1030 (II
3359 960 3483 1017 Cor.
3517 979 3598 1030 χι,
3630 962 3712 1033 8).
3742 987 3761 1012 ι

2194 1044 2308 1101 Hoc
2357 1044 2504 1102 dicto
2547 1046 2720 1117 tangit
2756 1062 2866 1114 eos,
2899 1055 2961 1102 ut
3009 1047 3319 1119 intelligant
3353 1057 3590 1121 quantus
3629 1051 3701 1107 sit
3725 1061 3774 1108 et

2192 1137 2325 1209 quid
2373 1137 2410 1191 ii
2452 1144 2784 1206 mereantur,
2816 1137 2908 1209 qui
2945 1138 3080 1194 tanti
3112 1141 3343 1211 apostoli
3374 1142 3777 1212 providentiam

2192 1225 2569 1295 neglexerunt.

2264 1311 2443 1381 (Vers.
2479 1314 2592 1383 15.)
2638 1337 2656 1360 ι
2685 1315 2801 1386 Ego
2832 1330 2963 1369 vero
2996 1314 3355 1373 libentissime
3387 1317 3700 1389 impendam
3725 1327 3778 1375 et

2193 1402 2696 1476 superimpendam,
2745 1414 2799 1460 et
2848 1405 2962 1477 ipse
3012 1405 3296 1478 impendar
3343 1424 3442 1479 pro
3493 1409 3776 1466 animabus

2190 1491 2409 1548 vestris.
2467 1518 2485 1541 ι
2555 1493 2715 1549 Nunc
2765 1502 2948 1565 aperte
3003 1495 3257 1553 affectum
3314 1504 3369 1552 et
3431 1497 3774 1568 charitatem,

2191 1591 2352 1649 quam
2383 1581 2529 1637 circa
2572 1598 2663 1637 eos
2707 1581 2959 1651 habebat,
2992 1584 3267 1650 ostendit;
3305 1586 3522 1656 quando
3551 1603 3657 1642 non
3687 1604 3775 1645 so-

2190 1669 2303 1725 lum
2353 1687 2451 1727 sua
2495 1689 2593 1744 pro
2636 1673 2713 1728 eis
2760 1674 3094 1746 impendere,
3128 1684 3182 1731 et
3214 1677 3532 1747 propensius
3561 1677 3774 1750 impen-

468 1752 639 1823 'facta
670 1774 799 1821 sunt
827 1766 882 1819 in
905 1763 1062 1819 vobis
1085 1763 1141 1818 in
1169 1765 1328 1819 omni
1357 1764 1640 1836 patientia,
1673 1767 1864 1840 signis,
1887 1777 1940 1824 et
1959 1784 2080 1840 pro-
2118 1769 2163 1830 B
2193 1756 2319 1813 dere
2371 1768 2618 1830 paratum
2672 1777 2727 1817 se
2767 1762 2922 1831 dicit,
2973 1763 3066 1819 sed
3112 1772 3166 1819 et
3197 1764 3429 1836 seipsum
3467 1781 3565 1837 pro
3593 1767 3776 1824 salute

493 1853 678 1925 digiis,
721 1861 776 1909 et
813 1851 1135 1907 virtutibus.
1183 1875 1203 1899 ι
1267 1850 1357 1907 Sic
1385 1867 1441 1908 se
1471 1853 1751 1922 humiliat,
1782 1861 1844 1911 ut
1873 1855 2079 1927 erigat;

493 1941 815 2014 patientiam
865 1947 1046 1994 tamen
1091 1938 1323 2009 primam
1356 1949 1640 2010 memorat,
1677 1942 1806 2014 quia
1832 1942 1930 1998 diu
1957 1944 2083 2000 illos

495 2027 739 2101 portavit
773 2027 926 2100 quasi
977 2027 1324 2099 impatientes
1363 2045 1566 2100 aegros;
1596 2037 1658 2086 ut
1698 2029 1947 2086 adhibita
1975 2047 2084 2086 me-

498 2115 687 2172 dicina
731 2117 1010 2185 signorum
1050 2123 1211 2188 atque
1251 2116 1547 2186 virtutum,
1593 2127 1810 2175 curaret
1856 2118 2083 2175 vulnera

496 2204 698 2260 erroris
730 2203 954 2259 illorum
969 2247 981 2259 .

571 2301 754 2373 (Vers.
794 2300 906 2371 13.)
952 2324 969 2345 ι
991 2300 1134 2368 Quid
1154 2309 1235 2358 est
1265 2303 1412 2358 enim
1435 2303 1579 2375 quod
1610 2305 1793 2361 minus
1812 2303 2082 2362 habuistis

495 2388 709 2444 caeteris
750 2386 1033 2453 Ecclesiis,
1074 2387 1181 2441 nisi
1215 2389 1361 2461 quod
1409 2405 1507 2462 ego
1554 2391 1668 2463 ipse
1701 2408 1813 2448 non
1861 2392 2080 2465 gravavi

496 2491 598 2530 vos
619 2475 647 2530 ?
677 2476 885 2530 Donate
911 2472 1050 2540 mihi
1080 2473 1220 2530 hanc
1251 2476 1531 2547 injuriam.
1561 2501 1582 2525 ι
1627 2478 1824 2536 Adhuc
1858 2495 1954 2551 per
1982 2479 2080 2536 hu-

494 2562 789 2619 militatem
837 2578 893 2618 se
942 2561 1291 2619 commendat
1336 2563 1451 2635 (29)
1477 2583 1490 2631 ;
1521 2566 1762 2622 ostendit
1792 2567 1940 2622 enim
1970 2583 2081 2623 non

495 2655 640 2714 206
672 2653 856 2708 minus
886 2651 1011 2708 illos
1039 2651 1251 2725 aliquid
1282 2651 1536 2709 habuisse
1564 2656 1774 2712 caeteris
1799 2656 2078 2726 Ecclesiis,

470 2737 589 2807 dsed
636 2760 690 2808 et
737 2751 1011 2825 amplius;
1053 2751 1415 2825 Evangelium
1464 2753 1610 2809 enim
1654 2755 1752 2811 Dei
1801 2757 1966 2826 gratis
1994 2756 2082 2813 his

491 2839 838 2912 praedicavit,
889 2839 1036 2913 quod
1082 2841 1252 2896 nullis
1299 2857 1617 2898 concessum
1665 2853 1744 2899 est
1796 2844 2077 2912 Ecclesiis,

494 2926 711 2982 dicente
740 2927 980 2980 Domino
1005 2944 1018 2981 :
1066 2949 1084 2972 ε
1119 2927 1329 2996 Dignus
1358 2937 1440 2982 est
1466 2929 1610 2984 enim
1635 2931 1913 3001 operarius
1942 2948 2079 2989 mer-

497 3012 628 3068 cede
657 3028 756 3068 sua
788 3013 940 3081 (an.
983 3028 1042 3079 χ,
1077 3013 1156 3083 7).
1191 3038 1210 3062 ιι
1253 3014 1308 3069 Si
1339 3029 1466 3087 ergo
1493 3033 1592 3088 pro
1620 3019 1766 3074 bono
1793 3036 1952 3091 opere
1985 3021 2079 3076 in—

2193 1846 2499 1904 animarum
2543 1866 2731 1906 eorum
2779 1852 2939 1908 etiam
2998 1853 3159 1920 mori,
3203 1853 3346 1909 sicut
3391 1862 3444 1910 et
3499 1856 3775 1927 apostolus

2191 1933 2426 1992 Joannes
2469 1937 2606 1995 dicit
2640 1958 2650 1996 :
2685 1939 2824 2007 Quia
2865 1942 3116 2012 exemplo
3163 1941 3463 1999 Salvatoris
3519 1960 3616 2016 pro
3671 1945 3770 2002 fra-

2194 2023 2370 2080 tribus
2417 2027 2579 2082 etiam
2633 2031 2841 2085 animas
2888 2039 3101 2087 nostras
3149 2031 3413 2088 debemus
3472 2050 3671 2106 ponere
3723 2037 3776 2108 (Ι

2191 2110 2349 2167 Joan.
2412 2131 2492 2184 nr,
2554 2116 2666 2188 16).
2713 2141 2731 2163 ι
2765 2119 3072 2175 Plurimum
3128 2135 3227 2176 vos
3281 2120 3538 2193 diligens,
3592 2125 3774 2181 minus

2193 2196 2414 2271 diligor.
2456 2228 2474 2251 ι
2535 2203 2800 2262 Provocat
2842 2223 2933 2263 eos
2970 2207 3039 2263 ad
3085 2225 3324 2265 amorem
3361 2211 3492 2282 quia
3521 2211 3622 2284 ipsi
3651 2214 3775 2285 plus

2191 2285 2349 2342 illum
2393 2288 2654 2348 deberent
2699 2293 2945 2365 diligere,
2981 2296 3222 2354 maxime
3258 2313 3354 2370 per
3375 2315 3543 2374 quem
3574 2299 3774 2358 didice-

2193 2383 2323 2432 runt
2352 2377 2497 2433 viam
2527 2381 2739 2450 salutis,
2766 2399 2861 2454 per
2905 2399 3067 2456 quem
3115 2393 3169 2441 et
3197 2386 3456 2458 acquisiti
3485 2399 3613 2446 sunt
3641 2392 3768 2459 Deo,

2189 2479 2259 2519 ex
2314 2465 2536 2535 perﬁdis
2591 2468 2721 2525 facti
2772 2469 2984 2539 ﬁdeles,
3009 2479 3061 2527 et
3095 2489 3164 2528 ex
3203 2476 3595 2534 contaminatis
3625 2478 3770 2550 puri-

2194 2551 2361 2611 ﬁcati.

2271 2653 2450 2725 (Vers.
2488 2657 2600 2729 16.)
2653 2683 2670 2705 ι
2697 2657 2802 2714 Sed
2831 2666 2966 2728 esto,
2997 2675 3094 2732 ego
3118 2675 3215 2716 vos
3243 2677 3356 2717 non
3386 2665 3646 2734 gravavi;
3681 2665 3774 2722 sed

2188 2756 2251 2804 ut
2296 2754 2508 2803 astutus
2553 2745 2681 2802 dolo
2726 2763 2824 2803 vos
2852 2747 2989 2819 cepi.
3025 2771 3046 2796 ι
3088 2747 3286 2804 Omnia
3311 2766 3433 2822 quas
3459 2761 3679 2823 possent
3705 2769 3772 2808 ex

2189 2837 2416 2893 adverso
2448 2835 2700 2907 proponi,
2731 2850 2839 2890 non
2895 2841 3055 2898 tacet,
3106 2842 3168 2889 ut
3207 2851 3263 2890 se
3297 2847 3490 2908 purget
3518 2855 3615 2909 per
3646 2856 3778 2896 om-

2187 2925 2316 2992 nia;
2349 2924 2478 2996 quia
2499 2923 2639 2978 nihil
2670 2937 2764 2993 per
2790 2921 3314 2977 circumventionem
3347 2926 3460 2994 agit
3489 2925 3632 2996 apud
3653 2942 3775 2996 eos,

2187 3013 2282 3069 sed
2314 3012 2371 3068 in
2401 3011 2769 3083 simplicitate,
2805 3009 2908 3064 sibi
2952 3011 3118 3065 semel
3158 3011 3515 3082 prospiciens,
3545 3013 3637 3069 his
3665 3014 3772 3072 du-

493 3098 664 3170 juria,
723 3097 923 3170 inquit,
981 3096 1180 3169 dignus
1229 3114 1374 3166 sum,
1421 3101 1684 3172 ignoscite
1731 3103 1868 3159 mihi
1909 3103 2026 3176 (30)
2063 3123 2074 3162 :
2115 3123 2158 3182 C
2189 3102 2321 3173 plici
2365 3117 2588 3173 genere;
2635 3107 2697 3155 ut
2737 3106 2790 3154 et
2835 3098 2979 3171 apud
3022 3101 3196 3155 Deum
3245 3101 3561 3172 provideret
3587 3102 3687 3168 eis,
3721 3111 3773 3158 et

498 3186 682 3242 omnis
726 3187 872 3243 enim
921 3188 1124 3244 stultus
1151 3187 1284 3244 boni
1315 3198 1596 3246 accusator
1624 3199 1723 3248 est.
1758 3193 1827 3248 Ut
1856 3194 1956 3251 hos
1985 3211 2080 3250 er-

493 3292 560 3349 go
589 3276 874 3347 imperitos
916 3274 1188 3341 ostendat,
1218 3276 1434 3334 veniam
1463 3280 1531 3336 ab
1578 3279 1666 3336 his
1697 3282 1935 3353 postulat
1963 3283 2080 3355 ejus

487 3363 644 3431 facti,
676 3363 743 3420 de
773 3380 881 3438 quo
913 3364 1071 3420 laude
1100 3364 1298 3436 dignus
1327 3376 1434 3424 est.

565 3462 746 3533 (Vers.
773 3460 887 3533 14.)
932 3484 951 3508 ι
982 3462 1122 3518 Ecce
1151 3463 1318 3519 tertio
1348 3463 1453 3522 hoc
1480 3474 1701 3537 paratus
1740 3482 1862 3524 sum
1893 3469 2079 3525 venire

487 3549 556 3605 ad
590 3567 708 3618 vos,
741 3557 797 3606 et
824 3566 935 3606 non
975 3567 1075 3607 vos
1121 3553 1376 3623 gravabo.
1409 3579 1430 3603 ι
1467 3555 1546 3610 Ne
1593 3556 1733 3612 forte
1787 3556 1893 3613 hoc
1938 3557 2080 3614 inter

490 3639 655 3695 initia
701 3639 892 3696 fecisse
930 3648 1214 3712 putaretur
1243 3643 1312 3699 ad
1339 3644 1869 3700 commendationem
1901 3662 2077 3715 suam,

493 3734 619 3800 post
672 3735 853 3784 autem
920 3729 1226 3787 mercedem
1286 3733 1614 3805 evangelica:
1676 3733 2080 3805 praedicationis

493 3816 640 3872 velle
687 3817 952 3889 accipere,
984 3818 1224 3874 ostendit
1252 3819 1310 3874 in
1340 3835 1403 3875 ea
1449 3836 1506 3876 se
1534 3823 1815 3878 voluntate
1844 3823 2073 3891 durare;

493 3917 564 3959 ne
619 3903 826 3961 factum
870 3921 1030 3962 suum
1097 3915 1284 3978 postea
1327 3909 1616 3966 emendare
1672 3910 1970 3980 videretur,
2027 3919 2080 3967 et

496 4001 637 4050 esset
701 3993 850 4068 quod
913 3993 982 4050 ab
1046 3993 1504 4054 obtrectatoribus
1567 4000 2076 4071 reprehenderetur.

509 4107 530 4133 ι
563 4084 686 4141 Νοη
731 4084 880 4141 enim
928 4101 1114 4159 quaero
1160 4100 1280 4158 qua;
1327 4092 1507 4142 vestra
1543 4095 1693 4155 sunt,
1730 4089 1824 4144 sed
1866 4103 1989 4143 vos.
2045 4113 2064 4136 ι

493 4170 751 4229 Ostendit
780 4173 902 4230 ideo
931 4191 988 4230 se
1016 4175 1162 4230 nolle
1191 4173 1436 4246 accipere
1464 4174 1536 4230 ab
1561 4174 1661 4242 eis,
1690 4183 1751 4230 ut
1769 4175 1906 4232 ‘illos
1932 4175 2078 4246 ipsos

492 4258 833 4327 lucraretur;
878 4269 940 4316 ut
965 4261 1335 4334 intelligentes
1364 4261 1492 4334 quia
1535 4263 1780 4334 pecunia;
1809 4263 2078 4334 praeponit

493 4359 606 4412 eos,
649 4345 871 4401 tandem
919 4357 1311 4418 cognoscerent
1355 4350 1610 4406 affectum
1661 4349 1813 4406 illius
1847 4365 1972 4422 erga
1998 4366 2073 4406 se.

501 4453 524 4481 ι
578 4435 688 4491 Nec
735 4435 879 4490 enim
933 4434 1134 4491 debent
1179 4439 1282 4494 ﬁlii
1329 4439 1646 4510 parentibus
1685 4439 2069 4508 thesaurizare,

487 4523 582 4579 sed
625 4533 879 4596 parentes
923 4522 1075 4579 ﬁliis.
1122 4549 1141 4572 ι
1195 4525 1409 4582 Patrem
1456 4544 1513 4584 se
1555 4545 1740 4584 eorum
1781 4529 2069 4602 signiﬁcat,

484 4610 631 4667 sicut
661 4611 716 4666 in
749 4611 926 4683 prima
955 4611 1186 4684 epistola
1207 4611 1342 4668 dicit
1376 4632 1388 4670 :
1431 4638 1450 4661 ι
1481 4615 1584 4669 Per
1607 4617 1949 4688 evangelium
1975 4633 2072 4689 ego

480 4714 581 4756 vos
613 4700 776 4772 genui
810 4701 866 4772 (Ι
893 4700 1018 4758 Cor.
1055 4717 1132 4770 IV,
1171 4700 1282 4773 15).
1312 4724 1331 4748 ι
1375 4700 1634 4759 Carnales
1660 4710 1843 4760 tamen
1884 4721 2072 4777 paren-

478 4794 562 4844 tes
606 4797 757 4858 sunt,
805 4789 900 4862 qui
956 4789 1089 4846 ﬁliis
1142 4789 1543 4860 thesaurizant;
1607 4809 1734 4850 nam
1801 4795 2072 4866 spiritales

478 4893 513 4934 a
575 4878 704 4934 ﬁliis
772 4878 1000 4950 dignum
1060 4888 1143 4937 est
1193 4889 1256 4938 ut
1309 4883 1485 4956 accipi
1540 4893 1635 4940 aut
1689 4894 1939 4956 sumptus
2002 4883 2071 4940 ad

478 4965 890 5024 sustentandam
944 4967 1118 5023 vitam
1171 4979 1514 5040 praesentem.
1573 4971 1695 5027 Non
1749 4974 1895 5028 enim
1951 4987 2070 5027 ma-

575 5180 667 5252 27)
699 5180 828 5238 Mss.
860 5180 1089 5252 aliquot,
1120 5179 1193 5236 ad
1219 5179 1541 5252 agnitionem
1561 5182 1798 5251 Domini,
1826 5191 1930 5240 etc.

577 5251 668 5332 28)
704 5252 838 5332 Cod.
861 5251 1067 5332 _Corb.,_
1095 5252 1209 5332 .I_Iis
1248 5251 1369 5332 ergo
1397 5253 1722 5332 displicebat,
1755 5262 1802 5332 et
1842 5271 1946 5309 non
1975 5256 2066 5332 vi-

477 5321 700 5378 debatur
722 5341 743 5388 ;
768 5331 816 5396 et
853 5323 1009 5396 istum
1050 5321 1104 5377 hi
1133 5321 1671 5396 hittmiliantes'erant,
1702 5321 1794 5394 qui
1821 5327 2068 5396 apostoli-

476 5409 599 5466 cam,
629 5394 1053 5466 praedicationem
1082 5393 1405 5466 ref-uitabant.
1439 5397 1512 5450 Et
1549 5397 1594 5450 si
1630 5393 1766 5450 nili-il
1794 5393 1929 5466 sum,
1961 5406 2064 5453 etc.

554 5462 670 5535 (29)
702 5465 850 5520 Idem
901 5465 1020 5520 cod.
1071 5462 1257 5532 Corb.,
1300 5481 1352 5518 se
1397 5469 1636 5532 exultat;
1684 5462 2067 5523 ostendit'enim

476 5538 784 5611 non-minus
829 5537 951 5592 illos
994 5535 1204 5611 aliquid
1231 5535 1436 5611 habere,
1467 5544 1516 5592 et
1547 5545 1665 5592 tunc
1691 5539 1872 5609 prodit
1893 5541 2067 5611 perﬁ-

476 5602 642 5675 diam,
682 5623 799 5661 cum
847 5625 901 5661 se
951 5602 1132 5662 vicisse
1171 5602 1499 5680 gratulatur.
1536 5602 1759 5666 Plaudit
1794 5602 1912 5683 ergo
1952 5602 2068 5668 cum

2188 3189 2281 3245 hic
2311 3204 2532 3245 censum
2583 3187 2807 3242 illorum
2838 3201 2948 3240 non
2979 3193 3242 3257 quaereret
3281 3205 3292 3244 :
3325 3187 3431 3243 sibi
3461 3195 3640 3244 autem
3671 3189 3771 3246 hoc

2189 3277 2433 3334 suﬂicere
2467 3275 2612 3350 quod
2666 3292 2697 3330 a
2743 3276 2856 3331 Deo
2898 3274 3230 3346 promissum
3277 3282 3358 3331 est
3416 3275 3472 3330 in
3503 3275 3767 3332 futurum.

2189 3366 2348 3422 Forte
2379 3365 2527 3420 enim
2576 3363 2984 3436 suspicarentur
3023 3361 3145 3418 ideo
3176 3362 3333 3418 illum
3361 3365 3766 3435 contempsisse,

2188 3453 2316 3525 quia
2345 3467 2513 3524 parva
2542 3458 2718 3520 erant,
2754 3465 2874 3522 quae
2903 3449 3288 3518 oﬁ‘erebantur,
3320 3458 3383 3506 ut
3413 3451 3622 3524 majora
3645 3467 3769 3508 con-

2188 3551 2540 3616 sequeretur;
2575 3550 2634 3596 ut
2672 3538 3121 3610 circumSpiciens
3154 3539 3347 3595 merita
3388 3557 3504 3609 sua,
3531 3557 3639 3596 non
3669 3556 3770 3612 pe-

2187 3632 2394 3687 curiam
2442 3631 2704 3686 refutaret
2734 3627 2875 3699 (31),
2904 3625 2998 3682 sed
3026 3641 3316 3682 numerum
3346 3627 3636 3700 indignum
3663 3630 3767 3686 sibi

2188 3720 2462 3776 aestimans
2491 3723 2881 3776 contemneret.

2261 3817 2443 3888 (Vcrs.
2478 3816 2590 3886 17.)
2639 3839 2656 3861 κ
2687 3814 2824 3870 Num
2848 3829 2945 3885 per
2972 3814 3212 3886 aliquem
3241 3828 3451 3882 eorum,
3483 3829 3617 3886 quos
3644 3817 3770 3873 misi

2187 3903 2255 3961 ad
2283 3920 2400 3972 vos,
2433 3901 2772 3959 circumveni
2793 3901 2934 3956 vos?
2956 3925 2976 3950 ι
3018 3900 3135 3957 Hoc
3162 3909 3264 3968 est,
3288 3900 3435 3974 quod
3464 3901 3616 3968 dicit,
3640 3905 3774 3976 quia

2187 4008 2322 4066 quos
2352 3990 2522 4058 misit,
2555 4005 2668 4044 non
2707 3988 2820 4044 illis
2861 3987 2967 4044 hoc
2994 3987 3345 4058 intimarunt,
3378 3997 3457 4057 ut,
3487 3990 3532 4045 si
3561 3992 3772 4050 vellent

2186 4087 2436 4153 pacatum
2481 4077 2680 4132 habere
2736 4075 3082 4146 Apostolum,
3130 4074 3351 4147 dignam
3407 4079 3769 4150 quantitatem

2186 4185 2427 4243 personae
2462 4167 2614 4222 illius
2655 4164 2948 4232 offerrent;
2990 4163 3119 4236 quia
3165 4163 3290 4220 ideo
3330 4166 3596 4223 noluisset
3630 4170 3770 4225 acci-

2186 4271 2329 4328 pere,
2373 4253 2503 4326 quia
2546 4252 2729 4308 minus
2775 4267 2937 4324 quam
2975 4249 3205 4322 dignum
3243 4260 3376 4321 erat,
3420 4254 3764 4312 offerebatur.

2185 4343 2340 4412 Quod
2370 4343 2733 4415 compositum
2763 4341 3012 4414 Apostoli
3043 4342 3243 4398 astutia
3271 4343 3674 4416 intelligerent;
3707 4353 3771 4401 ut

2187 4431 2331 4505 quod
2360 4432 2488 4503 egit,
2524 4446 2634 4485 non
2677 4446 2774 4502 per
2807 4435 3204 4501 contemptum,
3235 4429 3329 4486 sed
3358 4447 3455 4502 per
3481 4433 3766 4490 avaritiam

2186 4522 2355 4596 egisse
2382 4521 2721 4594 probaretur.

2257 4621 2439 4692 (Vers.
2471 4619 2582 4690 l8.)
2630 4644 2647 4666 ι
2677 4616 2884 4689 Rogavi
2913 4614 3119 4683 Titum,
3149 4622 3202 4671 et
3228 4616 3355 4673 misi
3383 4634 3510 4675 cum
3543 4621 3638 4675 illo
3662 4621 3765 4676 fra-

2181 4717 2341 4766 trem.
2374 4708 2654 4780 Numquid
2706 4723 2903 4762 avarus
2944 4704 3003 4760 in
3046 4720 3143 4760 vos
3183 4704 3290 4760 fuit
3327 4706 3530 4764 Titus?
3575 4709 3766 4766 Nonne

2178 4795 2370 4852 eodem
2417 4797 2615 4867 spiritu
2655 4793 3105 4850 ambulavimus?
3153 4809 3333 4850 nonne
3366 4794 3558 4851 iisdem
3589 4798 3767 4853 vesti-

2180 4885 2325 4956 giis?
2353 4910 2370 4933 ι
2414 4885 2682 4956 Apertum
2710 4893 2792 4940 est
2821 4883 2949 4956 quia
2979 4881 3197 4954 quando
3223 4883 3290 4940 ab
3321 4883 3388 4939 iis
3417 4901 3555 4957 quos
3585 4886 3760 4953 misit,

2177 4972 2320 5028 nihil
2360 4974 2470 5029 tale
2507 4973 2719 5030 dictum
2759 4979 2853 5027 aut
2886 4971 3093 5027 factum
3125 4978 3236 5039 est;
3269 4987 3380 5027 una
3424 4988 3615 5029 eorum
3645 4989 3763 5031 sen-

2173 5187 2262 5243 illi
2303 5187 2630 5242 insit—(tantur
2675 5184 2916 5241 habuisse
2950 5183 3207 5252 condigna
3254 5182 3451 5238 steteris
3497 5185 3761 5253 Ecclesiis,

2176 5259 2368 5314 dicente
2397 5258 2620 5313 Domino
2654 5275 2664 5312 :
2697 5257 2901 5328 Dignus
2926 5263 3000 5313 est
3027 5255 3163 5328 enim
3195 5255 3495 5328 operarius,
3527 5263 3630 5312 etc.

2411 5330 2567 5410 Rom.
2594 5325 2997 5410 .edit.,:injm_‘ia
3042 5325 3232 5393 dignus
3256 5341 3390 5394 sum,
3431 5327 3635 5395 donate,
3667 5329 3764 5382 in-

2174 5397 2308 5471 quit,
2339 5397 2430 5454 hoc
2459 5407 2552 5464 est,
2583 5400 2826 5469 ignoscite
2846 5397 3015 5471 'ntihi.

2249 5471 2364 5540 (31)
2418 5472 2498 5526 Ita
2538 5465 2667 5528 mss.
2715 5479 2771 5526 at
2817 5470 2972 5536 edit.,
3021 5475 3252 5539 excepto
3279 5465 3401 5523 cod.
3442 5468 3628 5536 Corb.,
3662 5468 3760 5524 ubi

2175 5539 2407 5614 habetur
2454 5559 2559 5596 mm
2596 5541 2874 5614 pecuniam
2928 5544 3240 5609 reputaret;
3287 5545 3342 5594 et
3398 5540 3553 5605 Rom.
3599 5539 3758 5611 edit.,

2175 5612 2293 5682 ubi,
2325 5614 2414 5670 sed
2439 5612 2630 5670 manus
2656 5613 2955 5683 indignum,
2976 5617 3080 5666 etc.
