4108 6184
290 302 393 362 353

1340 300 1701 359 COMMENT.
1744 299 1817 357 IN
1852 295 2071 360 EPIST.
2110 296 2161 357 II
2198 300 2293 356 AD
2330 301 2483 359 COH.

3464 305 3567 365 384

287 426 452 484 tentia
476 425 736 500 probatur
787 425 849 483 in
890 424 1061 493 bono,
1106 424 1331 485 exclusa
1372 426 1686 498 suspicione
1726 442 1869 481 ava-
1896 429 1949 488 Α
1980 435 2115 483 runt
2144 426 2545 498 paenitentiam,
2574 427 2715 485 sicut
2743 428 2966 503 quidam
2998 443 3134 502 quos
3160 428 3429 502 significat
3453 447 3562 486 non

289 516 441 573 ritie.

355 606 527 677 (Vers.
562 608 680 680 19.)
725 631 745 656 ι
772 609 973 665 Iterum
996 607 1199 680 putatis
1227 606 1375 681 quod
1402 623 1727 664 excusemus
1771 622 1873 662 nos

285 694 421 767 apud
449 696 591 754 vos?
618 721 639 745 ι
690 697 806 753 Hoc
842 705 940 764 est,
972 696 1117 769 quod
1174 695 1312 753 dicit
1356 713 1371 751 :
1420 696 1567 752 Olim
1617 695 1685 750 de
1713 692 1874 767 nobis

283 781 598 851 dubitastis,
655 784 979 842 arbitrantes
1028 785 1146 857 (32)
1202 783 1335 857 quia
1386 800 1500 839 non
1548 782 1875 854 simpliciter

279 888 502 945 agamus
536 874 842 932 vobiscum.
874 876 923 931 A
964 872 1435 947 pseudoapostolis
1488 872 1634 927 enim
1683 870 1878 943 exagi-

280 960 557 1030 tabantur,
590 963 719 1035 quia
745 962 996 1019 volentes
1032 960 1334 1031 depraedari
1382 976 1493 1026 eos,
1542 959 1876 1027 tergiversa-

276 1048 430 1105 tione
482 1049 587 1107 hoc
641 1066 800 1122 agere
855 1048 1181 1120 Apostolum
1239 1046 1565 1112 asserebant,
1618 1046 1772 1117 quasi
1811 1054 1876 1102 ut

278 1136 407 1207 plus
435 1137 612 1209 possit
639 1137 905 1209 accipere.
953 1159 972 1182 ι
1010 1135 1202 1193 Coram
1231 1136 1345 1190 Deo
1393 1134 1451 1189 in
1507 1132 1726 1190 Christo
1782 1133 1876 1187 lo-

276 1225 506 1297 quimur
569 1242 583 1281 :
641 1226 826 1281 omnia
876 1232 1082 1292 autem,
1141 1221 1471 1289 charissimi,
1536 1237 1636 1293 pro
1696 1230 1876 1278 vestra

277 1313 663 1370 aediﬁcatione.
696 1338 714 1360 ι
772 1313 862 1370 Sic
901 1312 1055 1384 cupit
1100 1311 1226 1367 illos
1270 1325 1463 1366 verum
1494 1317 1547 1365 et
1575 1309 1712 1364 bene
1738 1324 1877 1364 sen-

285 1404 387 1458 tire
418 1402 485 1458 de
513 1418 592 1471 se,
623 1410 684 1457 ut
712 1408 766 1457 et
792 1402 1005 1457 ratione
1041 1408 1096 1456 et
1144 1398 1528 1456 testiﬁcatione
1576 1398 1707 1454 satis
1761 1396 1876 1453 illis

276 1487 481 1557 faciat;
534 1489 665 1563 quia
708 1505 819 1545 non
869 1497 933 1545 ut
970 1487 1077 1545 sibi
1124 1487 1317 1561 prosit,
1347 1487 1512 1543 talem
1541 1502 1597 1542 se
1634 1485 1827 1559 probet
1857 1517 1871 1554 ;

276 1578 369 1635 sed
428 1585 493 1634 ut
559 1578 627 1635 ad
680 1578 1103 1635 aediﬁcationem
1152 1592 1343 1634 eorum
1390 1580 1535 1639 207
1589 1574 1871 1648 proﬁciat;

276 1679 338 1729 ut
389 1673 480 1729 vel
535 1673 616 1731 sic
671 1690 913 1731 amorem
972 1674 1197 1730 illorum
1268 1672 1417 1729 circa
1486 1686 1545 1728 se
1592 1676 1875 1742 provocet,

1981 516 2153 588 egisse
2186 515 2326 586 (35),
2355 532 2505 571 nunc
2531 525 2782 588 agerent;
2835 526 2899 575 ut
2945 518 3170 574 veniens
3196 517 3314 575 sine
3340 518 3567 575 tristitia

1982 612 2123 660 esset
2149 620 2274 660 cum
2308 603 2407 659 eis.
2441 603 2576 661 Cum
2610 606 2754 661 enim
2787 607 2924 664 dicit
2956 625 2970 663 :
3013 629 3033 654 ι
3059 607 3132 663 Et
3161 607 3371 678 lugeam
3412 606 3567 662 mul-

1985 702 2069 751 tos
2098 711 2167 750 ex
2196 695 2285 763 iis,
2304 694 2400 768 qui
2429 703 2554 751 ante
2585 706 2962 767 peccaverunt,
2993 704 3049 754 et
3075 713 3188 754 non
3213 705 3438 770 egerunt
3456 713 3566 768 por.-

1985 782 2293 849 nitentiam,
2323 808 2341 830 ι
2405 781 2600 855 probat
2650 783 2913 856 quosdam
2958 802 3027 842 ex
3058 786 3146 842 his
3172 784 3343 858 egisse
3382 784 3568 856 poeni-

1985 871 2236 938 tentiam,
2305 870 2570 945 quosdam
2627 886 2738 925 non
2807 871 2995 942 egisse.
3056 871 3212 938 Quod
3261 872 3567 929 Novatiano

1985 959 2273 1015 adversum
2339 968 2441 1026 est,
2499 959 2595 1030 qui
2646 958 2787 1015 dicit
2837 957 3194 1014 fornicatores
3248 975 3359 1015 non
3413 975 3569 1031 posse

1984 1062 2237 1119 peragere
2299 1046 2698 1119 paenitentiam,
2763 1053 2817 1102 et
2871 1046 3044 1119 recipi
3106 1046 3165 1101 in
3218 1046 3568 1102 communio-

1984 1150 2129 1190 nem.
2188 1135 2289 1190 Hic
2342 1133 2536 1205 probat
2597 1133 2889 1206 peregisse,
2958 1149 3023 1189 ac
3096 1149 3191 1205 per
3265 1131 3372 1188 hoc
3431 1147 3571 1187 rece-

1984 1231 2107 1296 ptos
2133 1239 2248 1279 esse
2277 1222 2336 1277 in
2363 1238 2491 1294 pace
2520 1220 2797 1278 Ecclesiae.
2840 1222 2972 1277 Tres
3024 1237 3151 1292 ergo
3199 1221 3403 1277 formas
3453 1235 3573 1291 pec-

1985 1324 2230 1370 catorum
2248 1312 2457 1385 probat,
2472 1329 2598 1369 cum
2616 1312 3057 1381 fornicationem,
3074 1320 3127 1369 et
3143 1309 3569 1383 impudicitiam,

1986 1411 2041 1459 et
2068 1402 2477 1458 immunditiam
2512 1401 2778 1458 nominat.

2587 1550 2815 1609 CAPUT
2843 1550 2992 1606 XIII.

2058 1681 2240 1752 (Vers.
2282 1680 2361 1751 1.)
2424 1703 2443 1726 ι
2471 1677 2716 1735 Tertium
2752 1677 2859 1735 hoc
2900 1675 3065 1732 venio
3092 1674 3161 1731 ad
3190 1690 3305 1730 vos.
3340 1698 3359 1722 ι
3408 1674 3572 1745 Supe-

276 1759 409 1818 dum
456 1778 570 1819 non
598 1770 788 1835 gravat
833 1778 1057 1819 censum
1106 1762 1329 1817 illorum
1385 1767 1442 1816 Θῐ
1492 1760 1870 1817 auctoritatem
1899 1774 1947 1835 B
1984 1769 2099 1825 rius
2127 1774 2487 1841 prmparatum
2529 1782 2587 1822 se
2615 1765 2780 1833 dixit,
2828 1780 2979 1820 nunc
3021 1762 3137 1835 jam
3170 1768 3466 1817 venturum
3504 1759 3574 1816 si.

276 1850 565 1922 potestatis
624 1849 684 1905 in
740 1849 1034 1921 arguendis
1068 1848 1226 1904 vitiis
1281 1864 1394 1904 non
1444 1847 1695 1904 inclinat.
1746 1846 1876 1901 Sine

275 1938 454 1995 dubio
482 1936 632 1995 enim
660 1939 882 2010 prodest
911 1938 980 2006 ei,
1013 1937 1109 2010 qui
1137 1937 1453 2009 corripitur,
1485 1943 1548 1992 ut
1577 1933 1827 1991 emendet
1859 1951 1872 1989 :

276 2027 326 2083 si
356 2027 685 2100 praepositus
711 2026 837 2083 ideo
865 2026 1045 2082 oblata
1082 2026 1306 2094 refutet,
1353 2032 1416 2082 ut
1453 2024 1623 2081 libere
1664 2032 1872 2096 arguat.

351 2117 541 2188 (Vers.
573 2115 689 2187 20.)
734 2142 753 2163 ι
784 2116 972 2171 Timeo
999 2113 1169 2183 enim,
1201 2129 1291 2182 ne,
1339 2129 1465 2170 cum
1514 2127 1733 2181 venero,
1765 2128 1876 2168 non

275 2206 468 2278 quales
498 2204 650 2273 volo,
699 2202 981 2260 inveniam
1017 2220 1133 2259 vos.
1165 2226 1185 2249 ι
1236 2200 1507 2269 Quoniam
1538 2217 1648 2256 non
1687 2216 1877 2256 omnes

275 2293 460 2350 adhuc
491 2308 630 2365 quos
658 2291 716 2347 in
746 2291 925 2364 prima
952 2289 1183 2363 epistola
1219 2289 1488 2361 corripuit
1536 2289 1875 2346 emendave-

277 2391 398 2440 rant
426 2399 512 2450 se,
538 2381 599 2437 in
627 2381 830 2454 quibus
873 2381 1091 2436 fuerant
1146 2378 1301 2435 vitiis
1355 2377 1707 2451 reprehensi;
1751 2376 1875 2433 ideo

276 2488 400 2527 cum
430 2469 761 2527 auctoritate
789 2469 914 2527 vult
957 2467 1134 2523 videri
1182 2467 1362 2523 iturus
1402 2467 1470 2523 ad
1500 2467 1646 2533 illos,
1681 2472 1744 2521 ut
1772 2472 1876 2519 ter-

278 2561 369 2618 riti
406 2559 762 2631 corrigantur
784 2575 799 2626 ;
820 2565 885 2614 ut
916 2557 1047 2613 tales
1071 2557 1198 2612 illos
1225 2554 1492 2621 inveniat,
1516 2555 1704 2628 quales
1732 2553 1874 2608 vult.

290 2672 309 2694 ε
337 2649 409 2703 Et
444 2663 551 2719 ego
596 2644 850 2701 inveniar
899 2660 931 2700 a
977 2642 1154 2710 vobis,
1204 2659 1317 2699 non
1360 2642 1576 2716 qualem
1621 2640 1810 2697 vultis.
1842 2663 1864 2690 ι

278 2735 394 2792 Hoc
423 2733 585 2800 dicit,
615 2740 678 2789 ut
719 2733 857 2789 tales
902 2748 959 2789 se
1000 2731 1298 2805 praebeant,
1354 2738 1416 2787 ut
1462 2729 1756 2786 conveniat
1801 2727 1880 2784 eis

278 2837 403 2879 cum
434 2821 724 2893 Apostolo,
771 2827 834 2877 ut
882 2819 1119 2876 invicem
1175 2818 1551 2891 congaudeant
1603 2817 1729 2872 sibi.
1782 2817 1882 2871 Ille

279 2910 432 2965 enim
462 2908 682 2965 invenit
732 2909 993 2981 aliquem,
1043 2910 1259 2981 qualem
1298 2924 1411 2963 non
1473 2907 1616 2972 vult,
1678 2904 1775 2976 qui
1828 2918 1885 2959 se

1984 1857 2222 1932 gniﬁcat.
2268 1878 2287 1903 ι
2317 1856 2381 1911 In
2410 1870 2505 1911 ore
2533 1853 2767 1910 duorum
2797 1851 2884 1908 vel
2916 1851 3085 1908 trium
3135 1852 3361 1906 testium
3408 1847 3575 1907 stabit

1984 1962 2145 2003 omne
2174 1943 2423 2000 verbum.
2456 1966 2478 1990 ι
2520 1942 2638 2000 Hoc
2664 1938 2968 1999 secundum
3009 1939 3182 2011 legem
3209 1937 3357 1994 dixit
3388 1936 3569 2007 (Deut.

1984 2051 2106 2099 χιχ,
2138 2033 2250 2104 15),
2292 2039 2352 2087 ut
2377 2030 2579 2101 aliquis
2627 2028 2843 2086 duobus
2869 2037 2965 2085 aut
2991 2027 3171 2084 tribus
3198 2025 3449 2093 testibus,
3479 2031 3574 2080 aut

1984 2128 2266 2194 purgetur,
2294 2125 2389 2175 aut
2415 2118 2836 2175 condemnetur:
2871 2116 2951 2173 ita
2974 2122 3029 2171 et
3054 2114 3112 2171 hi
3141 2114 3305 2171 tertio
3334 2112 3573 2170 adventu

1984 2209 2255 2283 Apostoli,
2286 2215 2349 2264 ut
2376 2206 2592 2280 purgati
2621 2206 2995 2272 inveniantur,
3022 2212 3353 2261 commonet.

2056 2300 2236 2372 (Vers.
2261 2297 2341 2369 2.)
2387 2322 2406 2345 ι
2448 2296 2686 2353 Praedixi
2714 2295 2863 2352 enim
2892 2302 2946 2351 et
2974 2292 3232 2366 praedico,
3260 2301 3322 2348 ut
3340 2308 3574 2365 praesens

1985 2387 2223 2446 secundo
2282 2386 2543 2455 adventu,
2607 2392 2662 2442 et
2716 2384 2912 2442 absens
2944 2397 3094 2439 nunc
3139 2380 3321 2439 scribo
3369 2381 3439 2436 iis
3479 2379 3575 2453 qui

1986 2484 2111 2532 ante
2138 2484 2520 2548 peccaverunt,
2574 2480 2631 2530 et
2685 2472 2895 2530 caeteris
2941 2469 3220 2539 omnibus,
3250 2469 3382 2543 quia
3408 2468 3454 2523 si
3484 2483 3573 2523 ve-

1987 2580 2119 2620 nero
2178 2564 2400 2628 iterum,
2458 2576 2571 2616 non
2623 2574 2863 2630 parcam.
2894 2581 2913 2603 ι
2986 2558 3204 2613 Pridem
3260 2573 3317 2613 se
3369 2555 3575 2612 dixisse

1989 2651 2260 2724 signiﬁcat
2312 2654 2657 2721 praesentem,
2709 2653 2772 2700 ut
2811 2642 3148 2714 corrigerent
3189 2657 3277 2709 se;
3334 2658 3404 2697 ne
3449 2659 3574 2699 cum

1990 2740 2197 2813 pudore
2252 2737 2689 2806 corriperentur;
2740 2739 2796 2786 et
2846 2744 2996 2785 nunc
3047 2729 3247 2784 iterum
3300 2728 3577 2786 absentem

1992 2842 2050 2881 se
2104 2823 2291 2880 eadem
2352 2821 2533 2876 dicere
2584 2823 2953 2882 contestatur;
2993 2822 3056 2871 ut
3110 2823 3233 2887 post
3285 2813 3575 2871 secundam

1995 2911 2413 2984 correptionem,
2444 2908 2493 2965 si
2547 2922 2605 2963 se
2648 2919 2760 2963 non
2807 2902 3239 2973 emendaverint,
3301 2902 3449 2975 parci
3501 2902 3580 2958 eis

279 2997 448 3053 talem
503 2996 656 3065 facit,
697 3003 760 3051 ut
806 2995 1084 3052 discordet
1132 2995 1201 3050 ab
1258 2994 1377 3050 illo.
1420 3016 1439 3039 ε
1466 2994 1546 3049 Ne
1588 2992 1730 3047 forte
1774 2989 1888 3055 sint
1995 3017 2106 3059 non
2133 2999 2345 3056 debeat,

278 3083 428 3178 inter
458 3101 560 3178 vos
594 3084 997 3178 contentiones,
1046 3080 1443 3176 aemulationes,
1489 3078 1880 3160 animositates,
1915 3116 1960 3178 ο
2067 3090 2248 3162 (Vers.
2277 3087 2365 3158 3,)
2407 3084 2730 3155 «Quomodo
2748 3081 3126 3157 probationem
3155 3079 3402 3154 qum-itis
3435 3077 3575 3151 ejus,

276 3172 678 3237 dissensiones,
723 3168 1109 3235 detractiones,
1151 3166 1569 3234 susurrationes,
1621 3174 1880 3233 tumores,

275 3259 610 3318 seditiones.
639 3280 661 3305 ι
702 3255 861 3311 Nunc
906 3270 1115 3311 errores
1158 3261 1443 3322 memorat,
1490 3271 1628 3328 quos
1672 3255 1732 3310 in
1781 3272 1883 3313 su—

277 3348 507 3422 periore
524 3345 756 3419 epistola
782 3343 1165 3416 reprehendit;
1220 3343 1439 3416 quando
1491 3344 1739 3416 personis
1793 3344 1882 3402 de-

275 3436 545 3502 ferentes,
573 3442 627 3490 et
654 3433 890 3489 alterum
918 3431 1077 3487 alteri
1122 3438 1500 3504 praeponentes
1545 3430 1885 3489 dissidebant

272 3522 345 3581 ab
371 3521 637 3579 invicem.

348 3610 541 3683 (Vers.
573 3608 690 3681 21.)
739 3632 759 3658 ι
786 3609 865 3666 Ne
910 3607 1133 3675 iterum,
1181 3622 1307 3664 cum
1356 3622 1580 3674 venero,
1625 3605 1883 3664 humiliet

271 3712 362 3754 me
386 3699 540 3754 Deus
567 3695 714 3768 apud
755 3711 874 3763 vos,
922 3701 977 3750 et
1018 3694 1231 3766 lugeam
1288 3694 1495 3750 multos
1548 3710 1618 3749 ex
1669 3693 1738 3749 iis
1786 3708 1882 3766 qui

273 3794 402 3843 ante
459 3792 845 3859 peccaverunt,
905 3789 960 3839 et
1021 3799 1134 3838 non
1207 3790 1434 3855 egerunt
1501 3782 1880 3854 pmnitentiam

274 3890 437 3949 super
467 3871 849 3940 immunditia,
880 3878 935 3927 et
982 3870 1366 3939 fornicatione,
1415 3878 1470 3926 et
1513 3869 1880 3943 impudicitia,

275 3978 437 4037 quam
501 3966 806 4033 gesserunt.
836 3982 858 4007 ›
920 3958 1035 4015 Hoc
1090 3966 1415 4031 praemonet,
1474 3963 1538 4012 ut
1588 3971 1701 4012 non
1755 3956 1882 4013 illos

276 4053 412 4108 tales
438 4050 713 4117 inveniat,
763 4047 952 4120 quales
992 4046 1203 4102 dudum
1250 4047 1537 4102 invenerat
1565 4061 1692 4101 cum
1732 4044 1883 4100 vitiis

276 4139 519 4197 diversis
551 4153 779 4210 operum
836 4133 1274 4201 immundorum,
1323 4133 1412 4188 vel
1478 4132 1652 4203 magis
1707 4131 1882 4188 nomi-

278 4243 447 4295 num;
513 4225 641 4300 quia
696 4237 859 4279 omne
884 4237 1022 4294 opus
1050 4220 1169 4276 sine
1207 4218 1439 4277 crimine
1484 4228 1566 4276 est
1600 4218 1741 4291 (33),
1788 4218 1884 4276 sed

280 4313 713 4372 inordinationis
769 4325 973 4366 nomen
1011 4307 1153 4364 facit
1194 4308 1424 4364 crimen.
1457 4306 1610 4362 Tunc
1637 4306 1783 4362 enim
1803 4314 1886 4363 est

280 4405 568 4471 illicitum,
600 4417 726 4459 cum
756 4399 917 4455 aliter
944 4397 1008 4452 ﬁt
1056 4410 1219 4467 quam
1259 4409 1578 4450 concessum
1621 4402 1721 4450 est.
1765 4395 1884 4450 Illis

278 4513 406 4571 ergo
436 4492 814 4569 peccantibus,
846 4506 903 4547 se
934 4486 1221 4545 humiliari
1269 4484 1444 4551 dicit;
1492 4484 1621 4557 quia
1668 4485 1883 4557 incipit,

279 4596 342 4643 ut
369 4585 503 4659 pius
535 4590 706 4655 pater,
738 4585 959 4653 peccata
1004 4576 1247 4632 ﬁliorum
1273 4571 1493 4629 deﬂere.
1550 4572 1685 4638 Quis
1729 4573 1876 4628 enim

282 4686 433 4751 pater
463 4692 580 4733 non
611 4673 860 4746 gaudeat,
889 4671 1028 4727 bene
1050 4667 1338 4742 agentibus
1358 4666 1490 4721 ﬁliis
1507 4666 1535 4722 ἱ)
1558 4665 1650 4722 Sic
1678 4665 1878 4722 iterum

284 4780 507 4824 necesse
541 4771 624 4819 est
653 4764 854 4833 lugeat,
897 4761 944 4817 si
989 4775 1155 4832 prave
1208 4764 1498 4813 versentur
1555 4754 1695 4828 (34).
1752 4752 1880 4811 Ideo

285 4855 566 4921 admonet,
614 4860 679 4909 ut
732 4850 779 4907 si
831 4851 924 4923 qui
974 4849 1371 4922 praeteritarum
1428 4845 1878 4915 fornicationum,

281 4953 379 5004 aut
406 4941 639 5002 alterius
690 4938 1059 4999 immunditiae
1107 4939 1195 4996 vel
1234 4935 1593 5009 impudicitiae
1620 4952 1733 4993 non
1762 4949 1881 5008 ege-

359 5180 484 5254 (32)
526 5177 712 5238 Codex
740 5174 934 5243 Laud,
984 5173 1234 5229 dubitatis
1276 5172 1417 5245 quod
1470 5188 1706 5228 excusem
1741 5171 1883 5228 arbi-

292 5258 512 5317 trantes,
545 5259 649 5307 etc.

361 5313 622 5396 (33)'Ms.
670 5318 856 5388 Corb.,
887 5317 1012 5388 quia
1064 5331 1211 5370 omne
1248 5331 1377 5385 opus
1416 5315 1604 5373 bonum
1631 5314 1742 5370 sine
1768 5313 1886 5369 cri—

290 5399 663 5537 m'iiai‘ihem
692 5458 867 5537 οράοι
896 5457 1083 5527 Cori)»
1114 5458 1164 5513 εί
1188 5461 1574 5537 ιἐνυθνίαηθπ·

366 5525 485 5607 (35)
516 5535 642 5592 Vet.
670 5532 806 5591 edit.
849 5545 974 5589 cum
1021 5525 1150 5587 mss.
1182 5525 1294 5587 non
1321 5528 1529 5601 paucis,
1558 5544 1686 5601 quos
1714 5525 1890 5602 signi-

294 5606 422 5678 licet
444 5607 623 5680 egisse.

1992 3178 2089 3254 qui
2117 3179 2175 3234 in
2203 3192 2290 3232 me
2318 3176 2581 3249 loquitur,
2623 3171 2956 3233 Christus?»
3014 3168 3400 3226 Probationem
3434 3184 3576 3242 quae-

1992 3276 2122 3326 runt
2151 3266 2355 3325 Christi
2382 3264 2658 3337 loquentis
2692 3262 2751 3318 in
2801 3260 3088 3333 Apostolo,
3116 3259 3249 3316 dum
3296 3257 3578 3330 praeceptis

1992 3373 2106 3413 non
2138 3354 2425 3422 obediunt,
2458 3352 2705 3407 volentes
2740 3348 2992 3421 probare,
3023 3347 3071 3403 si
3097 3345 3243 3402 ausit
3268 3344 3573 3411 vindicari;
3608 3363 3620 3371 ·

1992 3452 2055 3502 ut
2082 3459 2178 3516 per
2205 3440 2263 3497 id
2291 3439 2633 3511 intelligatur
2674 3450 2790 3493 esse
2815 3433 2941 3490 ﬁdat
2970 3430 3312 3490 auctoritatis
3338 3428 3478 3501 (36),
3517 3436 3580 3486 ut

1992 3533 2060 3590 de
2083 3538 2279 3589 caetero
2307 3531 2586 3586 timeatur.
2631 3524 2740 3594 Qui
2772 3522 2920 3580 enim
2958 3520 3278 3593 magistrum
3323 3524 3580 3575 contem-

1992 3622 2096 3689 nit,
2125 3617 2401 3676 emendari
2431 3632 2487 3673 se
2520 3613 2733 3688 quaerit.
2798 3635 2818 3660 ε
2848 3610 2957 3679 Qui
2985 3609 3046 3665 in
3076 3606 3234 3664 vobis
3274 3622 3386 3664 non
3425 3606 3577 3663 inﬁr-

1993 3714 2191 3775 matur,
2223 3706 2318 3763 sed
2348 3713 2542 3780 potens
2569 3710 2651 3759 est
2678 3701 2736 3757 in
2765 3698 2943 3756 vobis.
2975 3723 2995 3748 ι
3037 3697 3237 3754 Potens
3263 3703 3346 3753 est
3391 3695 3450 3752 in
3488 3694 3578 3752 his

1992 3796 2276 3863 Christus;
2318 3795 2446 3868 quia
2479 3792 2740 3849 viderunt
2794 3787 2853 3844 in
2904 3787 3127 3843 nomine
3164 3785 3281 3857 ejus
3331 3790 3578 3840 mortuos

1991 3884 2279 3952 excitatos,
2351 3882 2625 3938 daemones
2686 3878 2918 3949 fugatos,
2982 3874 3314 3947 paralyticos
3365 3886 3578 3928 conva-

1993 3975 2181 4044 luisse,
2202 3972 2395 4029 surdos
2413 3971 2649 4038 audisse,
2670 3967 2839 4024 mutis
2858 3964 3136 4033 redditum
3166 3963 3410 4027 effatum,
3431 3960 3577 4044 clau-

1993 4065 2093 4122 dos
2119 4062 2446 4130 cucurrisse,
2474 4076 2646 4118 caecos
2691 4056 2916 4116 vidisse.
2936 4055 3064 4110 Haec
3119 4051 3306 4107 omnia
3356 4043 3579 4101 virtutis

1993 4160 2143 4220 sunt,
2166 4166 2281 4207 non
2309 4147 2646 4205 inﬁrmitatis
2677 4163 2690 4205 :
2724 4143 2960 4214 denique
3002 4140 3107 4194 hac
3154 4150 3317 4193 causa
3361 4130 3577 4188 attracti

1992 4242 2062 4300 ad
2089 4240 2253 4297 ﬁdem
2280 4246 2429 4295 sunt.

2067 4329 2246 4402 (Vers.
2278 4326 2359 4399 4.)
2392 4349 2409 4372 ε
2429 4325 2568 4381 Nam
2585 4318 2688 4377 etsi
2705 4315 3006 4375 cruciﬁxus
3028 4318 3130 4402 est,
3169 4326 3238 4365 ex
3258 4307 3578 4402 inﬁrmitate

1993 4397 2198 4486 nostra,
2229 4397 2496 4472 sedvivit
2519 4425 2589 4466 ex
2624 4405 2833 4462 virtute
2861 4403 2982 4460 Dei.
3014 4428 3032 4451 ι
3084 4400 3291 4459 Verum
3320 4404 3420 4465 est,
3449 4397 3578 4470 quia

1994 4483 2213 4576 propter
2239 4506 2459 4575 peccata
2493 4502 2681 4553 nostra
2724 4490 3021 4550 cruciﬁxus
3067 4496 3167 4576 est,
3197 4483 3480 4576 Christus;
3516 4493 3580 4541 ut

1988 4571 2220 4645 mortem
2240 4571 2570 4654 —destruens,
2617 4583 2896 4641 credentes
2947 4577 3054 4635 sibi
3112 4575 3370 4632 liberaret
3395 4571 3464 4629 ab
3492 4588 3573 4629 ea.

1988 4677 2262 4734 lnﬁrmari
2290 4694 2414 4750 ergo
2442 4694 2499 4733 se
2526 4691 2716 4749 passus
2742 4678 2826 4729 est
2866 4674 3085 4742 propter
3136 4681 3257 4732 nos,
3305 4671 3367 4719 ut
3421 4677 3578 4718 mor-

1988 4775 2099 4826 tem
2131 4768 2377 4824 vinceret
2420 4766 2597 4822 nobis.
2633 4758 2976 4820 Descendens
3025 4754 3173 4812 enim
3228 4752 3297 4810 ad
3352 4751 3575 4823 inferos,

1991 4857 2086 4932 qui
2125 4855 2355 4914 omnino
2390 4861 2673 4927 peccatum
2729 4845 3022 4914 nesciebat,
3067 4854 3119 4902 et
3147 4840 3302 4918 quasi
3331 4848 3579 4913 peccator

1991 4947 2224 5020 occisus,
2253 4941 2682 5018 chirographum
2735 4936 2870 4996 Adae
2909 4936 3154 5002 delevit;
3199 4940 3264 4990 ut
3288 4932 3357 4988 de
3384 4937 3579 4988 caetero

2771 5154 2896 5226 ﬁdes
2932 5146 3294 5226 auctoritatis.
3314 5137 3575 5226 Sequenti

1994 5216 2179 5294 anieth
2203 5216 2552 5291 ibis'ri'iiérh.
2573 5216 2708 5285 edit.
2750 5216 3062 5296 reposuerat
3100 5216 3420 5296 magistrum
3448 5224 3579 5296 cer

2207 5279 2537 5376 quae-dam
2566 5279 2883 5376 Paris.,“itd
2920 5279 3581 5376 Mgtflru‘llt“.€0ﬂttef:1jf

1997 5324 2176 5376 tenatt,
2207 5324 2261 5363 Θῐ
2326 5324 2537 5361 Πωαὶιιῐι
2566 5324 2763 5365 rerum,
2810 5324 2883 5352 (ιω
2920 5324 3126 5371 'Ilmycou
3147 5324 3232 5342 mu
3286 5324 3577 5340 πίννη--.πη

1994 5381 2091 5436 ubi
2117 5386 2227 5434 vet.
2260 5324 2392 5434 egit.
2422 5392 2485 5432 ac
2513 5389 2643 5429 mss.
2675 5368 2893 5435 melius,
2950 5371 3042 5436 ut_
3067 5376 3126 5415 1n
3176 5350 3582 5436 te_xtu.uglnt:er-:

1996 5416 2488 5523 ﬁiétiﬁiipiﬁ"¥ci5
2513 5416 2835 5507 “emendari,
2876 5416 3048 5509 ’quasi
3104 5432 3246 5483 esset
3292 5416 3493 5488 corripi
3527 5420 3583 5471 et

1995 5521 2268 5595 castigari.
