4090 6182
427 276 538 336 356

1457 265 1554 320 ΑΙ)
1579 259 1812 318 OPERA
1847 259 1902 315 S.
1944 255 2276 316 AMBROSII
2315 253 2690 312 APPENDIX.

3605 196 3712 308 3'56

425 395 669 461 defuncti
693 391 796 450 sub
821 390 940 464 ejus
967 387 1209 457 nomine,
1243 391 1385 451 203
1414 402 1444 440 a
1483 393 1656 440 morte
1695 400 1805 439 non
1844 392 2004 438 tene-
2037 387 2088 445 Α
2115 391 2280 439 testas
2327 397 2438 437 non
2479 389 2560 437 est
2604 380 2728 436 data
2773 385 2966 434 contra
3017 375 3340 442 veritatem,
3367 383 3432 430 ut
3479 387 3714 446 arguant

425 502 634 561 rentur,
697 488 791 548 sed
846 487 1111 544 haberent
1165 485 1426 542 ﬁduciam
1483 480 1648 536 eundi
1705 480 1773 535 ad
1824 481 2008 536 caelos.

423 585 650 655 Propter
679 577 1061 636 inﬁrmitatem
1109 592 1236 648 ergo
1267 581 1508 630 nostram
1561 570 1773 627 occisus
1809 571 2014 626 revixit

424 679 629 734 virtute
659 675 835 732 Patris
859 693 874 741 ;
903 681 966 730 ut
995 669 1282 744 discipulis
1319 667 1576 740 probaret
1605 682 1726 739 quae
1756 665 2014 722 docuerat

425 781 540 823 esse
591 779 740 833 vera,
797 763 1048 835 exemplo
1103 760 1163 816 in
1207 775 1264 814 se
1320 764 1556 812 ostenso.
1621 778 1638 802 ε
1665 755 1880 810 Etenim
1913 768 2014 807 nos

425 855 775 912 inﬁrmamur
801 851 860 906 in
897 852 1016 907 illo.
1048 871 1068 897 ι
1123 847 1240 903 Hoc
1286 845 1356 902 ad
1411 845 1780 916 apostolorum
1830 858 2012 914 perso-

427 961 554 1002 nam
615 941 870 1015 pertinet,
928 937 1023 1009 qui
1077 951 1224 1006 eum,
1283 935 1342 992 id
1399 943 1480 991 est
1526 933 1826 996 Christum,
1867 947 2014 1003 prae-

425 1032 668 1089 dicantes
723 1025 1175 1090 inﬁrmabantur;
1235 1022 1366 1079 dum
1426 1022 1643 1094 injuriis
1696 1021 2013 1092 agebantur,

424 1119 840 1185 claudebantur,
888 1115 1254 1172 caedebantur.
1317 1137 1336 1161 ι
1371 1112 1476 1168 Sed
1511 1112 1752 1167 vivimus
1781 1127 1904 1166 cum
1951 1125 2014 1164 eo

426 1224 496 1264 ex
526 1207 732 1262 virtute
761 1205 860 1260 Dei
890 1219 1015 1274 erga
1042 1218 1160 1258 vos.
1193 1227 1212 1251 ι
1252 1201 1600 1258 Manifestum
1630 1208 1710 1256 est
1736 1199 1866 1271 quia
1905 1197 1951 1253 si
1982 1213 2016 1252 a

426 1293 653 1368 perﬁdis
706 1291 1131 1348 iuﬁrmabantur
1184 1289 1328 1362 apud
1381 1289 1702 1345 credentes:
1734 1303 1843 1343 non
1901 1292 2016 1341 erat

428 1383 546 1438 haec
573 1381 887 1447 inﬁrmitas,
921 1379 1014 1434 sed
1045 1378 1353 1449 profectus;
1387 1378 1516 1448 quia
1559 1376 1691 1432 hinc
1733 1374 2015 1447 potentio-

426 1487 512 1527 res
545 1469 685 1524 ﬁunt
724 1467 930 1534 fideles,
964 1467 1095 1521 dum
1127 1465 1498 1520 inﬁrmantur.
1528 1465 1686 1519 Illata
1721 1479 1846 1532 ergo
1871 1476 2016 1515 mors

427 1576 458 1615 a
479 1557 700 1632 perﬁdis
723 1557 862 1628 (37),
897 1557 1013 1610 vita
1033 1558 1112 1610 eSt
1141 1571 1266 1627 erga
1294 1555 1610 1621 credentes;
1644 1553 1847 1608 virtute
1867 1553 2014 1608 enim

426 1647 526 1704 Dei
556 1653 858 1716 resurgent,
889 1651 951 1700 ut
979 1643 1174 1699 vivant
1203 1657 1330 1699 cum
1359 1641 1598 1700 Christo.

2119 477 2258 534 bene
2286 477 2564 532 viventem
2599 493 2610 530 :
2660 473 2752 529 sed
2801 488 2898 544 pro
2946 470 3194 535 veritate,
3229 476 3290 524 ut
3332 468 3621 526 vindicent
3652 469 3712 525 in

2121 581 2246 621 eum
2276 565 2371 637 qui
2418 563 2675 619 inimicus
2729 569 2808 616 est
2854 558 3008 631 legis.
3048 557 3286 629 Ideoque
3329 557 3566 614 cessabit
3619 574 3714 630 ρο-

2121 667 2307 727 testas,
2339 659 2384 714 si
2437 659 2582 732 quod
2631 657 2837 712 bonum
2893 663 2974 711 est
3029 652 3278 710 fecerint.
3334 651 3490 710 Unde
3536 663 3592 709 et
3647 655 3714 712 ad

2123 749 2394 807 Romanos
2422 749 2500 803 ait
2531 765 2544 802 :
2607 770 2626 794 ι
2653 746 2754 803 Vis
2804 761 2917 802 non
2961 745 3156 800 timere
3203 749 3521 814 potestatem
3545 743 3574 799 7
3599 744 3717 799 Bo-

2123 858 2257 897 num
2283 842 2392 910 fac,
2417 847 2471 896 et
2501 837 2726 894 habebis
2755 839 2969 894 laudem
3001 853 3070 892 ex
3100 838 3198 892 illa
3226 836 3402 906 (Rom.
3436 853 3563 906 xm,
3581 837 3661 910 3).
3684 863 3703 886 ι

2124 930 2262 990 Cum
2317 947 2444 1003 ergo
2497 944 2610 984 non
2649 929 2809 984 timet
2855 927 3062 984 bonum
3111 926 3408 998 operando,
3456 935 3719 984 evacuata

2123 1028 2204 1076 est
2261 1019 2407 1092 apud
2455 1035 2580 1074 eum
2626 1025 2902 1090 potestas;
2946 1015 3052 1072 hoc
3086 1023 3168 1072 est
3221 1015 3372 1088 quasi
3425 1015 3718 1088 reprobum

2124 1124 2270 1176 esse;
2303 1108 2432 1181 quia
2464 1107 2570 1164 hoc
2610 1107 2670 1162 in
2717 1123 2782 1163 eo
2827 1113 3018 1175 cessat,
3068 1103 3214 1162 unde
3259 1104 3522 1178 probatur
3569 1112 3721 1178 pote-

2125 1207 2253 1256 stas.

2196 1288 2378 1360 (Vers.
2413 1287 2494 1359 9.)
2535 1311 2553 1334 ‹
2579 1286 2892 1344 Gaudemus
2934 1287 3104 1355 enim,
3149 1302 3277 1343 cum
3334 1301 3434 1340 nos
3477 1283 3720 1340 inﬁrma-

2125 1391 2286 1442 mur;
2320 1393 2417 1432 vos
2444 1384 2625 1432 autem
2665 1377 2834 1433 fortes
2881 1375 3030 1432 estis.
3061 1400 3080 1424 ι
3137 1374 3253 1431 Hoc
3297 1379 3380 1430 est
3425 1371 3717 1442 inﬁrmari,

2125 1480 2235 1520 non
2263 1480 2515 1521 exercere
2543 1473 2866 1538 potestatem
2908 1482 2920 1520 :
2969 1463 3071 1520 hos
3116 1471 3296 1519 autem
3347 1469 3498 1536 optat
3555 1464 3724 1519 fortes

2125 1569 2276 1622 esse;
2309 1561 2371 1608 ut
2399 1553 2536 1609 bene
2564 1561 2784 1627 agentes
2812 1553 2950 1608 vitia
2991 1555 3216 1610 vincant
3256 1559 3311 1608 et
3340 1552 3664 1624 prohibeant
3690 1567 3724 1607 a

2125 1659 2181 1698 se
2235 1642 2540 1698 vindictam
2600 1650 2695 1698 aut
2728 1642 3150 1714 correptionem.
3200 1663 3221 1688 ‹
3253 1642 3368 1699 Hoc
3404 1648 3457 1696 et
3499 1656 3723 1696 oramus

502 1737 684 1807 (Vere.
714 1734 796 1804 5.)
839 1755 860 1780 ι
890 1732 1002 1789 Vos
1035 1732 1185 1802 ipsos
1235 1737 1459 1797 tentate,
1501 1730 1548 1786 si
1599 1729 1730 1786 estis
1773 1729 1830 1784 in
1871 1729 2012 1784 ﬁde:
2051 1743 2096 1802 Β
2125 1739 2180 1787 et
2214 1740 2452 1788 vestram
2500 1730 3050 1788 consummationem.
3087 1755 3104 1779 ι
3151 1729 3295 1786 Petit
3341 1745 3496 1787 orans
3545 1737 3607 1786 ut
3657 1729 3720 1784 in

426 1825 533 1897 ipsi
561 1840 660 1880 vos
688 1820 926 1892 probate.
949 1845 969 1868 ι
1029 1818 1272 1876 Invicem
1303 1827 1364 1875 ut
1391 1834 1448 1875 se
1474 1817 1668 1876 fratres
1697 1818 2013 1885 discutiant,

427 1910 675 1985 precipit
700 1928 712 1976 ;
743 1907 1094 1965 sollicitiores
1109 1906 1251 1964 fiunt
1289 1907 1458 1975 enim,
1489 1907 1534 1963 si
1563 1921 1749 1964 secum
1779 1905 1863 1962 im
1883 1905 2015 1960 icem

427 2002 732 2059 conferant.
816 1998 1194 2055 Tentationem
1272 2013 1399 2069 ergo
1456 1996 1598 2054 hanc
1643 1995 2014 2068 probationmn

428 2091 608 2147 voluit
627 2088 890 2160 intelligi;
916 2087 1044 2160 quia
1059 2087 1238 2144 omnis
1255 2087 1503 2159 probatio
1524 2086 1753 2142 tentatio
1770 2093 1851 2141 est
1870 2104 1882 2152 ;
1909 2101 2018 2138 nun

428 2188 614 2236 tamen
642 2179 824 2236 omnis
850 2177 1082 2234 tentatio
1102 2176 1372 2250 probatio.
1397 2176 1454 2233 Si
1477 2177 1624 2232 enim
1649 2177 1794 2232 Deus
1813 2181 2019 2230 tentare

431 2268 658 2336 dicitur,
692 2267 940 2341 probatio
969 2274 1052 2323 est
1085 2285 1096 2322 :
1131 2266 1178 2322 si
1211 2273 1391 2322 autem
1443 2264 1696 2321 diabolus
1727 2263 1840 2335 (38)
1891 2271 2021 2318 ten—

432 2370 548 2418 tare
585 2360 820 2426 dicatur,
851 2358 1234 2424 tentatiovest;
1266 2357 1397 2430 quia
1431 2362 1673 2412 evertere
1704 2354 1920 2410 nititur.
1953 2353 2023 2406 Et

431 2450 600 2507 homo
626 2448 924 2522 aliquando
961 2454 1156 2514 tentat,
1204 2453 1268 2500 ut
1311 2444 1544 2517 probet;
1603 2443 1917 2516 aliquando,
1962 2448 2023 2495 ut

430 2537 630 2610 capiat.
688 2559 707 2582 ε
757 2537 844 2590 An
885 2549 998 2589 non
1040 2531 1367 2604 cognoscitis
1415 2546 1532 2596 vos,
1573 2530 1720 2601 quod
1775 2528 2025 2584 Christus

434 2625 592 2681 Jesus
621 2624 679 2679 in
717 2622 877 2678 vobis
904 2628 1006 2688 est,
1035 2619 1144 2676 nisi
1173 2617 1391 2690 reprobi
1431 2617 1562 2674 estis
1583 2617 1611 2672 i’
1653 2643 1670 2666 ι
1705 2617 1819 2672 Hoc
1870 2616 2024 2682 dicit,

438 2713 568 2786 quia
596 2713 644 2769 si
668 2710 898 2784 probare
923 2725 1024 2765 vos
1052 2707 1291 2764 invicem
1335 2706 1576 2775 nescitis,
1601 2721 1710 2762 non
1750 2704 2026 2777 cognosci-

437 2803 511 2859 tis
563 2803 692 2875 quia
739 2802 894 2858 Jesus
939 2797 1192 2858 Christus
1212 2804 1292 2853 est
1327 2797 1386 2852 in
1417 2795 1593 2863 vobis,
1623 2803 1678 2851 et
1706 2794 1811 2850 hoc
1840 2804 1920 2850 est
1950 2811 2027 2847 rc-

433 2891 666 2963 probum
698 2906 834 2958 esse,
881 2887 1092 2944 nescire
1142 2885 1425 2956 religionis
1456 2892 1512 2942 et
1537 2883 1890 2957 professionis
1918 2901 2028 2939 suae

436 2979 622 3034 ﬁdem.
653 2977 762 3045 Qui
802 2977 951 3032 enim
992 2975 1121 3031 ﬁdei
1157 2990 1271 3032 suae
1301 2988 1519 3030 sensum
1551 2973 1612 3029 in
1638 2973 1799 3029 corde
1844 2972 2026 3040 habet,

448 3070 542 3127 hic
565 3069 666 3126 scit
695 3065 975 3125 Christum
999 3065 1184 3121 Iesum
1214 3063 1272 3120 in
1301 3079 1357 3120 se
1383 3078 1516 3120 esse.

510 3157 695 3228 (Vers.
728 3155 812 3226 6.)
830 3179 873 3228 Ac
903 3153 1073 3227 Spero
1087 3161 1268 3210 autem
1297 3153 1612 3226 cognituros
1641 3167 1738 3208 vos
1762 3151 1889 3224 quia
1913 3167 2022 3205 non

435 3224 626 3302 sumus
662 3224 900 3317 reprobi.
935 3224 962 3294 ξ
1004 3243 1273 3300 Provocat
1301 3224 1394 3298 eos
1439 3243 1508 3298 ad
1545 3241 1826 3301 scientiam
1875 3240 2021 3307 fidei,

428 3341 487 3391 et
515 3341 679 3392 rectae
707 3333 856 3390 vitae.
905 3331 1046 3391 Cum
1079 3331 1225 3388 enim
1277 3331 1543 3404 coeperint
1596 3331 1736 3387 scire
1795 3329 2025 3400 apostoli

433 3423 520 3480 sui
555 3431 756 3479 certam
815 3421 1199 3480 auctoritatem
1259 3427 1314 3476 et
1368 3419 1625 3476 meritum
1655 3417 1799 3490 apud
1831 3420 2024 3482 Deum,

433 3519 693 3583 poterunt
721 3520 776 3568 et
800 3512 948 3570 circa
974 3527 1032 3568 se
1066 3527 1183 3568 esse
1212 3509 1457 3566 solliciti.

504 3607 688 3680 (Vere.
727 3608 807 3678 7.)
850 3630 870 3654 ι
899 3608 1009 3664 Oro
1047 3615 1228 3664 autem
1265 3609 1440 3661 Deum
1468 3621 1536 3660 ne
1568 3604 1865 3676 quidquam
1897 3605 2024 3660 mali

432 3694 689 3750 faciatis:
745 3708 856 3748 non
904 3700 968 3749 ut
1023 3709 1124 3750 nos
1159 3693 1374 3766 probati
1407 3708 1781 3765 appareamus,
1819 3693 1913 3749 sed
1966 3703 2028 3748 ut

431 3797 532 3838 vos
560 3779 707 3854 quod
739 3779 946 3838 bonum
975 3789 1076 3850 est,
1112 3781 1326 3839 faciatis
1360 3799 1372 3838 :
1406 3798 1506 3838 nos
1536 3789 1738 3850 autem,
1775 3790 1834 3836 ut
1869 3799 1938 3854 qu
1981 3785 2025 3839 si

431 3871 648 3942 reprobi
681 3871 874 3928 simus.
904 3896 923 3920 ι
981 3870 1064 3926 Eo
1119 3870 1316 3928 affectu
1370 3888 1480 3945 quo
1533 3887 1747 3943 semper
1783 3880 1900 3926 orat
1930 3888 2026 3943 pro

433 3959 534 4028 eis,
564 3967 628 4016 ut
673 3975 706 4015 a
735 3959 895 4015 malis
949 3965 1272 4031 temperent.
1333 3983 1354 4008 ι
1398 3959 1518 4015 Νοη
1567 3968 1628 4016 ut
1672 3971 1790 4030 nos,
1826 3961 2026 4032 inquit,

431 4047 648 4120 probati
689 4063 1066 4121 appareamus,
1095 4070 1114 4094 ι
1164 4046 1220 4102 id
1251 4053 1353 4116 est,
1383 4063 1492 4102 non
1523 4057 1583 4103 ut
1612 4048 1667 4102 in
1700 4048 2026 4105 auctoritate

434 4135 742 4206 videamur,
791 4137 950 4194 vobis
993 4133 1365 4210 peccantibus.
1432 4160 1450 4182 ε
1635 4146 1684 4187 ut
1994 4137 2022 4190 .1

432 4225 639 4282 bonum
681 4234 783 4294 est,
823 4227 1036 4285 faciatis
1073 4243 1086 4282 :
1119 4243 1218 4282 nos
1249 4233 1454 4294 autem,
1505 4233 1564 4280 ut
1611 4243 1707 4298 qu-
1750 4227 1756 4268 ἒ
1813 4245 1884 4296 :2,
1913 4229 2024 4281 ,λνυί

435 4314 630 4371 simus.
661 4337 680 4361 ι
723 4315 869 4381 Quid
897 4325 976 4374 est
1007 4316 1157 4374 hoc?
1181 4317 1312 4374 Orat
1351 4317 1648 4389 Apostolus
1669 4326 1730 4372 ut
1768 4315 2026 4387 reprobus

433 4402 554 4458 sit?
599 4404 722 4459 Non
761 4420 890 4460 sane
929 4423 940 4461 :
992 4406 1084 4462 sed
1129 4405 1234 4462 hoc
1286 4416 1426 4475 orat,
1469 4412 1552 4475 ut,
1584 4406 1670 4462 his
1698 4407 1834 4462 bene
1868 4422 2023 4477 agcn-

432 4491 604 4559 tibus,
636 4491 766 4546 dum
819 4508 930 4546 non
980 4492 1242 4546 auderent
1296 4496 1587 4564 corripere,
1648 4494 1798 4565 quasi
1849 4494 2025 4549 humi-

435 4579 660 4648 lientur,
692 4587 745 4635 et
775 4578 1053 4635 humiliati
1084 4581 1168 4634 vel
1199 4581 1412 4652 reprobi
1449 4593 1762 4654 appareant.
1809 4580 2027 4640 l‘robati

433 4667 582 4724 enim
635 4685 666 4722 a
713 4670 826 4725 Deo
877 4670 1155 4738 videntur,
1213 4671 1344 4726 dum
1385 4669 1636 4743 judicant
1699 4681 2022 4746 peccatores.

436 4755 760 4813 auctoritate
811 4774 1086 4816 concessa.
1146 4758 1203 4816 Si
1252 4776 1378 4832 ergo
1423 4777 1558 4833 quos
1606 4759 1878 4832 judicent,
1915 4779 2024 4816 non

435 4846 566 4911 sint,
625 4854 871 4902 cessante
927 4848 986 4903 in
1038 4847 1126 4904 his
1181 4850 1530 4918 auctoritate,
1601 4853 1752 4922 quasi
1810 4852 2027 4922 reprobi

435 4933 721 4990 videntur.

508 5031 688 5099 (Vers.
722 5031 804 5102 8.)
851 5055 868 5080 ι
889 5030 1008 5088 Non
1039 5033 1185 5088 enim
1219 5049 1508 5103 possumus
1535 5034 1743 5105 aliquid
1766 5033 2023 5088 adtersus

436 5119 747 5184 veritatem,
777 5119 871 5176 sed
902 5136 1000 5191 pro
1051 5121 1299 5178 veritate.
1335 5148 1354 5171 ι
1417 5122 1531 5177 Hoc
1571 5123 1726 5189 dicit,
1761 5123 1886 5194 quia
1917 5140 2022 5192 po—

435 5369 492 5424 di
493 5297 817 5424 920601³1).
851 5297 1044 5366 codex,
1089 5298 1156 5354 In
1203 5299 1334 5354 tales
1388 5316 1508 5372 ergo
1567 5317 1710 5355 mors
1761 5320 1794 5355 α
1849 5303 2023 5372 φωτε-

463 5380 756 5509 λῗέἰὲῗλῐδ.
804 5439 988 5509 Corb.,
1021 5441 1068 5496 si
1105 5446 1276 5496 autem
1322 5441 1564 5498 diabolus
1610 5449 1785 5508 enatat,
1819 5445 2016 5500 evertit.

435 5510 648 5584 Annon
681 5513 1002 5584 cognoscitis,
1035 5520 1137 5570 etc.

509 5580 626 5653 (39)
678 5580 946 5644 Nonnulli
995 5601 1150 5653 mss.,
1186 5590 1249 5640 ut
1291 5584 1580 5652 correctio;
1613 5586 1858 5660 quidam,
1905 5605 2019 5644 cor-

2125 1838 2188 1877 eo
2217 1821 2594 1892 perﬁciantun,
2642 1837 2743 1876 nec
2788 1827 3014 1892 peccent
3071 1818 3432 1876 consummati
3478 1819 3538 1874 in
3591 1816 3714 1872 vir-

2125 1917 2239 1966 tute
2267 1909 2422 1966 bonae
2451 1909 2599 1979 vitae,
2631 1909 3015 1981 etincorrupta
3037 1909 3161 1964 fide.

2199 1998 2378 2069 (Vers.
2416 1997 2530 2067 10.)
2574 2021 2594 2044 ι
2631 1996 2842 2054 Idcirco
2887 1997 3003 2054 haec
3049 1995 3241 2053 absens
3279 1996 3480 2064 scribo,
3517 2004 3716 2052 utnon

2127 2103 2361 2158 praesens
2375 2086 2568 2142 durius
2593 2101 2766 2158 agam.
2789 2111 2810 2136 ι
2847 2087 3112 2158 Apertum
3135 2092 3216 2142 est
3235 2086 3365 2158 quia
3391 2085 3512 2142 ideo
3531 2085 3723 2141 absens

2129 2183 2458 2242 commonet,
2481 2182 2544 2230 ut
2563 2175 2918 2231 correctiores
2943 2174 3060 2246 (39)
3081 2173 3206 2230 illos
3233 2173 3502 2242 inveniat,
3533 2183 3586 2229 et
3605 2189 3717 2228 non

2131 2264 2249 2320 illic
2300 2265 2510 2334 positus
2557 2263 2801 2335 increpet
2847 2279 2969 2319 cum
3015 2262 3250 2334 pudore;
3305 2271 3366 2318 ut
3426 2262 3724 2326 erubescat,

2131 2353 2227 2426 qui
2249 2360 2455 2424 peccat,
2491 2351 2550 2407 in
2601 2361 2744 2408 coetu
2793 2351 3054 2408 fraterno.
3103 2378 3121 2399 ‹
3150 2351 3460 2409 Secundum
3494 2359 3726 2424 potesta-

2130 2449 2241 2500 tem
2298 2458 2460 2515 quam
2505 2442 2775 2498 Dominus
2811 2441 2966 2498 dedit
3011 2441 3150 2498 mihi
3195 2441 3254 2497 in
3281 2441 3722 2510 aediﬁcationem,

2133 2540 2185 2587 et
2213 2548 2322 2587 non
2355 2531 2412 2586 in
2452 2531 2902 2589 destructionem.
2943 2556 2962 2580 ι
3001 2532 3128 2588 Hec
3156 2539 3394 2604 potestas
3432 2540 3530 2599 est,
3563 2547 3727 2605 quam

2134 2621 2382 2694 superius
2410 2627 2562 2692 optat
2600 2628 2740 2677 esset
2787 2624 3036 2689 otiosam,
3082 2621 3170 2676 his
3211 2621 3349 2678 bene
3389 2621 3722 2693 agentibus:

2133 2709 2182 2767 si
2209 2727 2316 2780 quo
2347 2711 2552 2779 minus,
2583 2727 2835 2768 exercere
2872 2727 2926 2767 se
2979 2711 3036 2766 in
3093 2709 3214 2776 hac,
3273 2717 3337 2766 ut
3383 2711 3732 2768 aedificentur

2135 2799 2389 2872 correpti,
2465 2817 2575 2856 non
2627 2801 2937 2857 mortiﬁcati
3014 2807 3341 2872 peccatores.
3397 2802 3520 2856 Non
3575 2801 3732 2856 enim

2136 2889 2510 2958 destruuntur,
2568 2890 2662 2962 qui
2711 2895 3031 2962 arguuntur,
3079 2897 3142 2946 ut
3181 2888 3527 2960 corrigantur
3566 2907 3578 2944 ε
3627 2888 3738 2946 sed

2136 2975 2480 3032 aedificantur
2507 2977 2575 3033 ad
2615 2977 2804 3033 vitam.
3145 2967 3148 2969 Δ

2208 3064 2388 3135 (Vere.
2427 3066 2538 3136 Il.)
2569 3092 2586 3114 ε
2615 3067 2691 3120 De
2721 3075 2935 3134 caetero,
2966 3065 3180 3137 fratres,
3213 3066 3460 3141 gaudete,
3493 3063 3733 3140 perfecti

2134 3161 2326 3222 estote,
2391 3157 2818 3215 consolationem
2863 3157 3144 3231 percipite,
3212 3158 3356 3217 idem
3427 3159 3617 3233 sapite,
3667 3159 3732 3216 in

2134 3262 2264 3319 pace
2293 3247 2474 3320 agite;
2503 3257 2556 3302 et
2583 3251 2727 3304 Deus
2758 3247 2906 3322 pacis
2939 3256 2994 3305 et
3030 3248 3346 3306 dilectionis
3383 3249 3488 3305 erit
3533 3247 3733 3306 vobis-

2134 3351 2283 3391 cum.
2316 3360 2334 3384 ι
2379 3335 2650 3390 Gaudium
2687 3335 2793 3415 hoc
2823 3336 2891 3392 de
2915 3336 3296 3394 emendatione
3325 3337 3452 3404 erit,
3487 3337 3630 3394 unde
3670 3345 3730 3394 et

2135 3425 2334 3495 poterit
2367 3426 2658 3497 provenire
2685 3425 2950 3497 perfectio
2991 3445 3003 3482 :
3040 3426 3136 3482 sed
3187 3435 3314 3484 ante
3369 3425 3474 3482 erit
3524 3443 3732 3484 conso-

2137 3513 2291 3581 latio,
2323 3520 2384 3568 ut
2420 3529 2514 3586 spe
2544 3513 2858 3568 futurorum
2909 3513 3162 3570 deserant
3205 3522 3529 3588 praesentem
3580 3514 3726 3572 ohle-

2136 3601 2459 3658 ctationem.
2498 3625 2517 3648 ι
2547 3602 2696 3658 Idem
2718 3601 2890 3674 sapite
2914 3619 2928 3669 ;
2952 3627 2970 3650 ›
2999 3601 3104 3660 hoc
3118 3603 3214 3671 ait,
3239 3611 3460 3677 propter
3487 3611 3728 3661 veterem

2137 3689 2498 3758 discordiam;
2530 3698 2593 3747 ut
2615 3690 2731 3763 jam
2773 3695 2916 3754 209
2943 3706 3116 3746 unum
3163 3690 3422 3748 sentiant.
3467 3714 3485 3738 σ
3512 3691 3574 3746 In
3597 3706 3729 3763 pace

2135 3787 2296 3858 agite.
2328 3812 2348 3837 ι
2412 3787 2469 3842 Si
2524 3787 2819 3843 concordes
2875 3787 3104 3856 fuerint,
3160 3785 3440 3846 habebunt
3513 3802 3725 3860 pacem.

2148 3901 2166 3925 ε
2193 3879 2265 3934 Et
2301 3879 2446 3932 Deus
2478 3878 2624 3948 pacis
2667 3883 2722 3932 et
2764 3875 3078 3932 dilectionis
3133 3877 3260 3946 erit,
3301 3875 3498 3950 inquit,
3545 3876 3728 3934 vobis-

2134 3982 2280 4024 cum.
2313 3989 2332 4014 ›
2373 3966 2522 4022 Deus
2548 3965 2696 4038 pacis
2721 3973 2802 4020 est
2830 3963 3081 4021 Christus
3109 3966 3205 4038 qui
3249 3965 3394 4022 dixit
3421 3982 3434 4020 :
3481 3989 3497 4011 ι
3528 3963 3730 4024 Pacem

2137 4072 2310 4112 meam
2339 4054 2410 4110 do
2438 4054 2616 4121 vobis,
2652 4069 2838 4127 pacem
2886 4054 3140 4126 relinquo
3177 4053 3336 4110 vobis
3387 4053 3566 4124 (Joan.
3600 4069 3728 4124 xxv,

2135 4143 2250 4217 27).
2281 4169 2298 4192 ι
2341 4143 2459 4216 Ipse
2485 4151 2564 4200 est
2587 4151 2639 4199 et
2678 4144 2823 4198 Deus
2860 4141 3175 4198 dilectionis
3197 4159 3212 4210 ;
3236 4141 3365 4216 quia
3384 4141 3582 4198 iterum
3601 4142 3682 4199 ait
3709 4159 3728 4200 ;

2149 4234 2404 4290 cNovum
2433 4232 2752 4288 mandatum
2811 4231 2882 4288 do
2931 4231 3112 4300 vobis,
3167 4239 3230 4287 ut
3281 4231 3522 4303 diligatis
3583 4231 3729 4287 invi-

2135 4338 2272 4377 cem.
2307 4321 2378 4376 Et
2406 4321 2464 4376 in
2496 4321 2622 4390 hoc,
2653 4320 2860 4394 inquit,
2888 4327 3218 4393 cognoscent
3245 4335 3432 4376 omnes
3462 4319 3590 4392 quia
3617 4319 3729 4376 dis-

2137 4409 2306 4481 cipuli
2344 4410 2452 4466 mei
2481 4410 2632 4478 estis,
2661 4410 2708 4467 si
2733 4409 3106 4477 dilectionem,
3140 4423 3247 4481 qua
3271 4407 3443 4464 dilexi
3473 4425 3590 4476 vos,
3619 4407 3730 4482 ha—

2138 4499 2366 4556 bueritis
2396 4501 2634 4558 invicem
2661 4500 2838 4571 (Joan.
2873 4516 2997 4569 xm,
3029 4499 3118 4568 34,
3149 4497 3264 4568 35).
3301 4523 3319 4547 ›
3377 4497 3503 4554 Alia
3543 4505 3732 4554 tamen

2144 4607 2248 4662 pax
2277 4591 2396 4659 Dei,
2427 4592 2536 4646 alia
2566 4589 2759 4645 mundi
2789 4596 2869 4643 est
2893 4606 2907 4655 ;
2937 4587 3066 4660 quia
3110 4594 3164 4642 et
3202 4586 3430 4659 maligni
3461 4594 3514 4641 et
3543 4589 3728 4659 spurci

2142 4679 2344 4735 habent
2375 4696 2556 4750 pacem
2587 4678 2726 4749 (40),
2757 4677 2850 4732 sed
2871 4676 3311 4744 damnationem;
3345 4675 3551 4734 Christi
3578 4676 3728 4732 enim

2140 4785 2246 4840 pax
2302 4768 2470 4822 libera
2521 4773 2602 4820 est
2652 4782 2684 4821 a
2729 4765 2983 4837 peccatis.
3037 4764 3328 4820 Perﬁdiam
3385 4779 3510 4835 ergo
3564 4763 3729 4836 fugit,

2139 4856 2325 4910 dolum
2365 4852 2594 4926 spernit,
2625 4851 2785 4908 factis
2821 4852 2980 4908 malis
2999 4859 3284 4924 repugnat.
3316 4849 3443 4906 Haec
3472 4851 3585 4906 Deo
3616 4851 3730 4922 pla-

2139 4947 2244 5002 cita
2273 4953 2354 4998 est
2379 4951 2433 4998 et
2463 4943 2656 5012 amica,
2685 4943 2905 4998 diabolo
2937 4951 3120 4998 autem
3164 4941 3410 4998 inimica.
3455 4941 3608 4997 Hanc
3633 4941 3732 5014 qui

2139 5033 2412 5101 habuerit,
2448 5032 2670 5088 habebit
2723 5041 2777 5088 et
2831 5031 3182 5088 dilectionem
3222 5030 3388 5088 simul
3438 5036 3493 5084 et
3547 5030 3726 5086 Deum

2138 5138 2326 5178 eorum
2355 5122 2423 5177 ad
2451 5121 2742 5178 tuitionem
2783 5128 3120 5194 perpetuam.

2135 5301 2304 5374 rcptio
2333 5300 2574 5374 rectiores
2603 5299 2725 5374 {itas
2753 5298 3002 5355 inveniat.

2210 5372 2323 5442 (40)
2352 5372 2552 5426 Omnes
2582 5370 2712 5425 edit.
2741 5387 2803 5426 ac
2836 5387 2962 5426 mss.
2995 5369 3224 5442 aliquot,
3256 5375 3303 5422 et
3332 5367 3505 5440 spurii
3535 5368 3727 5442 habent

2130 5439 2344 5515 pacem,-
2379 5443 2556 5515 aptius
2605 5442 2697 5497 alii
2755 5443 2878 5498 cod.
2938 5439 3215 5508 nonnulli,
3271 5446 3318 5495 et
3354 5439 3569 5512 spurci,
3623 5439 3732 5497 hoc

2137 5513 2237 5585 est,
2266 5513 2552 5586 impudici,
2582 5515 2796 5586 molles,
2829 5520 2936 5570 etc.
