4108 6184
328 292 427 351 337

1385 296 1723 357 COMMENT
1763 301 1834 357 ΙΝ
1872 302 2087 358 EPIST.
2128 303 2222 359 AD
2262 304 2513 361 GALAT.

3478 318 3579 376 9.38

404 442 424 467 ι
459 419 694 477 Salutate
741 437 840 479 vos
886 421 1124 479 invicem
1149 422 1208 479 in
1238 425 1424 481 osculo
1460 436 1665 483 sancto.
1698 451 1718 477 ι
1761 429 1889 486 Ilaec
1917 432 1965 489 A
1996 430 2116 497 Dei,
2167 437 2220 485 et
2263 430 2689 491 communicatio
2715 432 2954 504 Spiritus
2978 435 3152 493 sancti
3180 436 3250 494 sit
3289 456 3413 497 cum
3445 460 3576 501 om-

321 510 565 566 salutatio
586 512 956 569 ecclesiastica
999 522 1113 580 est;
1145 518 1285 576 120
1342 516 1472 587 quia
1531 517 1717 574 oscula
1771 517 1891 575 haec

317 621 421 662 non
466 609 729 677 carnalia,
780 609 873 665 sed
929 609 1196 682 spiritalia
1241 619 1391 681 sunt,
1440 628 1559 681 quae
1606 614 1897 686 complexu

315 715 601 772 corporum
648 700 860 757 animos
910 704 1169 770 copulant
1216 719 1330 762 non
1379 702 1654 761 desiderio
1692 704 1895 772 carnis,

310 789 401 844 sed
444 790 690 862 spiritus.
757 816 776 841 ι
816 792 1067 849 Salutant
1116 810 1218 849 vos
1265 794 1439 849 sancti
1470 808 1677 849 omnes.
1710 816 1729 839 ι
1771 793 1896 849 Pro-

310 886 467 933 vocat
512 895 603 935 eos
648 878 711 935 ad
757 882 1133 951 sanctitatem,
1180 890 1246 938 ut
1289 889 1344 938 et
1372 882 1475 954 ipsi
1504 881 1737 938 audeant
1765 881 1898 938 red-

310 963 440 1021 dere
466 966 636 1022 vicem
667 969 871 1025 sanctis
902 970 958 1023 in
996 969 1359 1037 salutatione;
1395 968 1515 1024 ideo
1540 968 1683 1025 enim
1707 986 1737 1024 a
1763 985 1896 1025 san-

306 1053 410 1109 ctis
439 1055 766 1120 salutantur,
799 1064 861 1110 ut
894 1056 1019 1111 illos
1051 1056 1354 1112 imitentur.

389 1165 410 1189 ε
456 1142 646 1199 Gratia
687 1144 913 1201 Domini
952 1144 1125 1201 nostri
1172 1144 1298 1202 Iesu
1327 1143 1553 1214 Christi,
1584 1152 1639 1202 et
1665 1143 1892 1202 dilectio

2006 517 2171 576 nibus
2207 517 2383 573 vobis.
2418 520 2613 574 Amen.
2651 543 2670 567 ι
2713 521 2997 579 Trinitatis
3024 524 3115 582 hic
3141 530 3444 600 complexio
3473 541 3575 602 est,

2007 615 2060 663 et
2116 607 2299 664 unitas
2345 607 2646 680 potestatis,
2694 610 2818 681 quia
2864 613 3037 669 totius
3081 616 3273 671 salutis
3320 622 3576 685 perfectio

2008 710 2108 759 est.
2152 702 2390 760 Dilectio
2433 703 2579 759 enim
2628 702 2725 758 Dei
2770 705 2917 761 misit
2944 708 3104 764 nobis
3134 709 3464 768 Salvatorem
3495 715 3575 770 Ie-

2007 806 2148 858 sum,
2210 790 2366 863 cujus
2423 791 2596 862 gratia
2640 792 2836 847 salvati
2875 810 3081 853 sumus.
3115 799 3183 855 Ut
3211 800 3576 866 possidea'mts

2008 877 2151 935 hanc
2207 880 2434 950 gratiam
2489 880 2701 946 salutis,
2762 884 3183 942 communicatio
3234 890 3363 944 facit
3406 890 3574 945 sueti

2005 969 2240 1039 Spiritus
2268 985 2279 1020 :
2314 967 2408 1023 hic
2441 969 2587 1024 enim
2635 967 2868 1027 dilectos
2897 986 2927 1025 a
2950 972 3081 1041 Deo,
3115 983 3167 1031 et
3193 978 3426 1033 salvatos
3467 996 3575 1046 gra-

2004 1056 2080 1110 tia
2110 1056 2315 1112 Christi
2340 1063 2562 1123 tuetur;
2597 1064 2657 1111 ut
2688 1057 2855 1115 trium
2894 1059 3160 1131 perfectio
3183 1068 3578 1122 consummatio

2002 1143 2073 1198 sit
2101 1142 2341 1199 hominis
2367 1142 2425 1198 in
2454 1143 2708 1201 salutem.

306 1329 3582 1361 ___.___._.______.__________________________________

441 1503 577 1590 IN
665 1501 1434 1591 EPISTOLAM
1534 1506 1928 1591 BEATI
2021 1508 2418 1595 PAULI
2510 1513 2677 1598 AD
2777 1514 3434 1611 GALATAS.

910 1820 1291 1879 PROLOGUS.

282 1948 287 1961 τ
374 1926 575 1984 Omnis
622 1925 849 1983 credens
896 1926 953 1981 in
984 1926 1285 1996 Christum,
1320 1933 1374 1983 et
1395 1926 1689 1984 observans
1714 1928 1889 1999 legem

300 2013 596 2084 factorum,
636 2016 775 2069 male
808 2014 1069 2086 intelligit
1109 2015 1390 2072 Christum
1424 2032 1435 2070 :
1470 2016 1611 2073 sicut
1639 2024 1689 2071 et
1721 2017 1891 2089 Sym-

297 2101 603 2171 machiani,
649 2102 743 2174 qui
797 2119 864 2157 ex
911 2102 1199 2159 Pharisaeis
1227 2103 1492 2175 originem
1524 2104 1769 2172 trahunt,
1795 2104 1889 2177 qui

294 2198 518 2249 servata
546 2190 696 2246 omni
730 2190 1218 2262 lege,Christianos
1242 2208 1299 2248 se
1327 2192 1540 2261 dicunt,
1573 2208 1723 2249 more
1751 2191 1890 2249 Pho-

292 2279 396 2335 tini
458 2278 739 2336 Christum
802 2296 910 2335 non
968 2281 1139 2335 Deum
1198 2288 1252 2337 et
1291 2280 1591 2352 hominem,
1648 2281 1742 2338 sed
1792 2281 1886 2338 ho-

294 2368 504 2424 minem
535 2367 920 2424 tantummodo
956 2366 1299 2425 deﬁnientes.
1331 2369 1391 2426 Si
1419 2368 1565 2425 enim
1596 2370 1771 2425 Deum
1803 2368 1885 2425 in-

292 2455 604 2526 telligerent
645 2454 947 2523 Christum,
997 2455 1139 2510 nihil
1185 2457 1254 2513 de
1297 2458 1413 2529 lege
1459 2458 1726 2513 factorum
1770 2472 1886 2529 spc-

296 2551 507 2612 rarent,
561 2542 617 2598 id
660 2551 761 2610 est,
807 2543 874 2598 de
918 2542 1252 2612 Neomeniis,
1299 2544 1556 2612 Sabbato,
1587 2544 1887 2602 circumci-

294 2632 474 2701 sione,
520 2639 575 2687 et
620 2630 950 2688 discretione
992 2647 1265 2700 escarum;
1318 2632 1447 2706 quia
1493 2633 1587 2707 qui
1630 2634 1802 2690 Deum
1833 2640 1889 2689 et

299 2720 601 2775 Dominum
653 2720 784 2789 legis
831 2720 984 2788 colit,
1016 2736 1180 2793 supra
1209 2721 1385 2794 legem
1415 2728 1533 2778 est:
1577 2736 1678 2777 nec
1707 2728 1888 2793 potest

293 2807 543 2879 judicari
573 2824 600 2864 a
638 2809 771 2879 lege,
812 2809 906 2880 qui
948 2824 1071 2864 cum
1106 2808 1410 2881 legislatore
1439 2808 1753 2865 concordat.
1785 2809 1885 2862 De-

299 2898 469 2969 nique
518 2912 627 2953 non
677 2898 900 2953 illorum
938 2912 1100 2953 causa
1152 2898 1242 2951 lex
1270 2897 1397 2951 data
1450 2903 1549 2963 est,
1589 2895 1685 2966 qui
1711 2896 1889 2950 Deum

300 2986 591 3042 colebant:
639 2985 733 3042 sed
761 3001 949 3040 eorum
980 2984 1075 3056 qui
1105 2986 1246 3039 male
1274 2991 1327 3040 et
1350 2981 1642 3039 credebant
1671 2990 1725 3037 et
1752 2996 1888 3053 age-

294 3073 433 3130 bant
478 3073 546 3128 ad
582 3079 957 3142 contemptum
1007 3070 1297 3126 Creatoris.
1346 3069 1504 3125 Unde
1530 3069 1665 3126 dicit
1691 3069 1758 3125 ad
1786 3068 1890 3124 Ti-

1920 1805 1967 1865 B
2002 1805 2135 1875 56);
2190 1829 2211 1856 ι
2270 1814 2518 1881 tempore
2561 1810 2710 1867 enim
2756 1828 2864 1886 quo
2894 1812 3059 1874 simul
3088 1816 3268 1877 adhuc
3297 1832 3451 1879 erant
3478 1823 3579 1880 ﬁlii

2000 1893 2160 1951 Israel
2210 1894 2267 1951 in
2307 1913 2509 1967 eremo,
2538 1910 2827 1974 antequam
2858 1903 3029 1960 vicini
3059 1914 3240 1963 essent
3267 1910 3577 1982 gentilium,

1998 1997 2110 2037 non
2160 1991 2289 2039 sunt
2319 1986 2648 2044 circumcisi.
2698 1992 2772 2045 At
2801 1990 2899 2046 ubi
2929 1994 3271 2051 commisceri
3303 1995 3579 2055 habebant

2003 2071 2275 2141 gentibus,
2318 2082 2452 2133 tunc
2489 2093 2520 2132 a
2564 2078 2689 2133 Iesu
2718 2078 2865 2135 Nave
2911 2081 3221 2139 circumcisi
3249 2095 3376 2142 sunt
3406 2086 3470 2141 de
3492 2104 3578 2158 pe-

2000 2165 2088 2248 tra
2143 2161 2323 2231 (Iosue
2359 2180 2415 2233 v,
2474 2164 2553 2237 3),
2612 2182 2733 2239 quae
2775 2168 3047 2240 signiﬁcat
3100 2171 3378 2230 Christum
3410 2176 3574 2248 (il):

2012 2270 2033 2293 ι
2060 2247 2201 2315 Quia
2231 2260 2400 2321 petra,
2433 2252 2634 2326 inquit,
2668 2265 2782 2312 erat
2811 2256 3065 2314 Christus
3101 2260 3165 2329 (Ι
3190 2261 3314 2318 Cor.
3344 2280 3402 2330 x,
3434 2247 3515 2335 li),
3548 2290 3567 2313 ι

1996 2343 2059 2392 ut
2086 2336 2393 2411 designaret
2413 2358 2510 2413 per
2529 2342 2810 2401 Christum
2841 2346 3083 2403 futuram
3104 2348 3576 2407 circumcisionem

1994 2426 2191 2495 cordis,
2223 2430 2367 2485 sicut
2401 2430 2617 2488 dixerat
2646 2433 2883 2507 Moyses,
2915 2444 2969 2491 et
2998 2437 3262 2494 Ieremias
3282 2439 3571 2511 propheta:

2010 2535 2030 2559 α
2057 2511 2444 2572 Circumcidite
2476 2536 2574 2573 vos
2606 2521 2739 2587 Deo,
2774 2530 2829 2575 et
2856 2524 3235 2580 circumcidite
3250 2532 3575 2599 praeputium

1993 2600 2180 2657 cordis
2209 2606 2374 2659 vestri
2428 2606 2608 2675 (Deut.
2652 2623 2713 2672 x,
2749 2607 2850 2672 16;
2901 2609 3088 2664 Jerem.
3120 2628 3198 2678 Iv,
3229 2611 3286 2682 4)
3323 2632 3336 2679 ;
3371 2623 3430 2669 ut
3454 2632 3578 2670 ain-

1992 2697 2181 2760 putata
2226 2693 2485 2763 caligine,
2529 2708 2628 2763 per
2668 2693 3047 2750 remissionem
3076 2707 3351 2769 acceptam
3382 2717 3580 2771 pecca-

1998 2785 2175 2833 torum
2228 2780 2381 2850 digni
2424 2782 2619 2837 ﬁerent
2648 2781 2836 2837 videre
2869 2784 3097 2854 gloriam
3126 2786 3249 2852 Dei,
3288 2803 3448 2859 quam
3479 2791 3579 2845 sub

1998 2867 2114 2936 lege
2160 2869 2330 2939 positi
2375 2869 2564 2925 videre
2609 2871 2975 2943 nequiverant
3025 2888 3186 2930 causa
3227 2877 3452 2946 peccati.
3512 2879 3580 2933 Ut

1997 2968 2124 3025 ergo
2172 2962 2227 3011 et
2272 2955 2553 3016 Christum
2600 2959 2775 3016 Deum
2802 2961 3059 3033 signaret,
3090 2969 3145 3018 et
3170 2978 3281 3019 non
3307 2979 3362 3020 se
3387 2966 3455 3020 ab
3485 2965 3577 3021 ho-

1997 3043 2146 3101 mine
2186 3061 2249 3104 ea
2294 3047 2551 3108 didicisse
2581 3065 2703 3127 quas
2731 3049 2984 3124 docebat,
3011 3062 3292 3124 assereret,
3324 3055 3401 3114 ita
3428 3056 3579 3116 inci-

293 3162 588 3217 motheum
616 3176 630 3213 :
676 3183 694 3205 ι
718 3131 829 3214 Nec
856 3158 1001 3213 enim
1030 3157 1179 3227 justo
1210 3156 1299 3213 lex
1328 3158 1503 3230 posita
1532 3168 1633 3224 est,
1664 3158 1758 3215 sed
1786 3159 1883 3215 in—
1911 3144 1958 3205 Ο
1992 3131 2075 3204 pit
2108 3149 2121 3188 ³

284 3247 485 3319 justis,
544 3254 597 3301 et
652 3246 794 3300 male
839 3243 1184 3300 versantibus
1241 3246 1297 3313 (Ι
1350 3246 1484 3301 Tim.
1537 3264 1576 3314 ι,
1622 3247 1702 3316 9).
1743 3270 1763 3294 ι
1814 3247 1888 3303 Et

288 3335 519 3403 Moyses
576 3331 656 3389 sic
682 3331 865 3403 inquit
897 3347 908 3384 :
958 3356 975 3378 ι
1003 3331 1277 3388 Timentes
1308 3333 1519 3390 facietis
1548 3333 1693 3389 ﬁlios
1722 3334 1885 3390 Israel

294 3421 495 3493 (Leuit.
547 3437 647 3489 xv,
697 3419 810 3491 31).
861 3444 881 3469 ι
935 3418 1087 3475 Unde
1139 3427 1191 3475 et
1225 3421 1449 3490 Galatae,
1480 3422 1566 3477 vel
1597 3422 1637 3477 ii
1671 3422 1886 3495 quieos

287 3507 718 3575 subvertebant,
762 3506 943 3563 adhuc
997 3507 1194 3564 erroris
1225 3510 1425 3565 nebula
1452 3517 1762 3565 contectum
1792 3526 1887 3567 cor

289 3596 581 3664 habentes,
608 3611 721 3650 non
751 3601 982 3651 cernunt
1004 3612 1220 3652 sensum
1252 3598 1403 3654 Isaias
1433 3598 1712 3670 prophetae
1742 3598 1885 3655 inter

287 3693 492 3742 caetera
538 3683 806 3740 dicentis:
866 3706 885 3729 ι
934 3683 1171 3739 Verbum
1214 3686 1360 3739 enim
1409 3700 1797 3741 consummans
1829 3692 1884 3740 et

284 3771 555 3830 brevians
585 3772 643 3827 in
690 3771 1100 3845 mquitate;quia
1129 3771 1357 3827 verbum
1386 3772 1692 3828 breviatum
1722 3772 1885 3828 faciet

283 3862 566 3919 Dominus
599 3877 762 3935 super
792 3870 990 3917 terram
1026 3861 1159 3930 (Isa.
1190 3877 1251 3929 x,
1285 3860 1373 3928 23;
1406 3862 1556 3919 Rom.
1590 3877 1670 3929 ix,
1703 3861 1819 3933 27).
1849 3884 1872 3909 ι

286 3951 343 4009 Si
386 3968 523 4025 ergo
572 3951 685 4006 haec
738 3949 883 4006 dicta
928 3948 1317 4020 intelligerent,
1350 3964 1381 4003 a
1408 3950 1521 4020 lege
1546 3947 1883 4018 recederent,

285 4039 532 4095 scientes
588 4055 621 4094 a
660 4038 1049 4110 praedicatione
1114 4037 1339 4092 Ioannis
1390 4037 1648 4109 Baptistae
1704 4038 1877 4108 legem

278 4124 391 4198 jam
443 4141 665 4183 cessare
690 4144 704 4193 ;
737 4134 799 4181 ut
825 4125 942 4181 sola
970 4123 1102 4179 ﬁdes
1134 4124 1368 4180 sufﬁciat
1396 4124 1463 4180 ad
1493 4126 1747 4192 salutem,
1777 4123 1884 4181 ah-

282 4213 541 4281 breviata
570 4231 639 4270 ex
670 4215 808 4285 lege.
836 4214 897 4269 In
930 4214 1044 4283 lego
1073 4212 1217 4266 enim
1246 4220 1299 4266 et
1329 4213 1395 4267 de
1426 4214 1538 4269 Deo
1550 4214 1789 4280 Patre,et
1817 4211 1883 4268 de

281 4300 515 4358 Christo
563 4301 679 4356 ﬁlio
725 4300 864 4371 ejus,
915 4307 967 4353 et
1011 4299 1076 4353 dc
1106 4299 1314 4370 Spiritu
1355 4308 1544 4355 sancto
1573 4300 1885 4356 continetur

283 4390 744 4461 prmdestinatum
786 4388 843 4443 in
880 4395 1149 4458 tempore,
1182 4386 1327 4457 quod
1366 4388 1775 4445 manifestatum
1804 4397 1888 4447 est

2516 3233 2743 3295 CAPUT
2772 3236 3062 3296 PRIMUM.

2071 3317 2340 3393 (Vers.I.)
2392 3342 2412 3368 ι
2448 3320 2651 3379 Paulus
2692 3327 2971 3397 apostolus
2995 3342 3107 3382 non
3146 3326 3214 3382 ab
3235 3326 3573 3394 hominibus,

1996 3422 2174 3479 neque
2223 3425 2319 3481 per
2363 3408 2666 3479 hominem,
2712 3411 2806 3469 sed
2852 3429 2947 3484 per
2965 3413 3148 3472 Iesum
3187 3413 3487 3484 Christum,
3520 3426 3573 3473 et

1993 3498 2167 3554 Deum
2235 3500 2472 3569 Patrem,
2530 3502 2624 3574 qui
2681 3502 2968 3560 suscitavit
3014 3519 3136 3560 eum
3180 3520 3212 3559 a
3266 3508 3510 3562 mortuis.
3542 3532 3560 3555 ι

1993 3587 2319 3659 Apostolum
2350 3606 2406 3645 se
2435 3605 2545 3645 non
2573 3588 2641 3646 ab
2666 3589 2986 3648 hominibus
3015 3593 3327 3662 electum,et
3348 3596 3573 3652 missum

1993 3674 2061 3730 ad
2090 3675 2499 3747 praedicandum
2527 3686 2779 3749 testatur,
2802 3680 2946 3737 sicut
2974 3689 3128 3738 erant
3157 3682 3399 3754 quidam,
3433 3689 3573 3747 210

1993 3770 2087 3843 qui
2138 3773 2296 3828 electi
2349 3774 2414 3829 ab
2463 3776 2722 3846 apostolis
2771 3776 3131 3834 mittebantur
3172 3778 3241 3833 ad
3304 3780 3573 3835 Ecclesias

1993 3857 2368 3926 roborandas;
2414 3877 2591 3934 neque
2638 3863 2779 3919 sicut
2828 3862 2945 3930 alii,
2978 3864 3127 3937 quia
3154 3865 3357 3920 Iudaeis
3397 3868 3573 3922 mitte-

1991 3944 2194 4003 bantur
2247 3949 2315 4005 ad
2358 3948 2743 4008 disturbandas
2797 3954 3090 4022 Ecclesias,
3133 3970 3268 4025 quos
3315 3955 3573 4024 pseudoa-

1991 4038 2238 4109 postolos
2266 4047 2465 4097 vocat:
2498 4042 2591 4097 sed
2616 4042 2808 4098 aFilio
2842 4044 2940 4097 Dei
2974 4043 3201 4096 missum
3232 4056 3483 4112 so,que;.i
3509 4040 3563 4094 in

1992 4123 2096 4182 hac
2148 4142 2311 4183 causa
2350 4127 2558 4186 idcirco
2612 4130 2895 4186 hominem
2926 4143 3122 4197 negare
3147 4126 3365 4180 videtur
3397 4143 3411 4190 ;
3445 4124 3573 4195 quia

1990 4221 2261 4285 praecepta
2290 4216 2443 4287 quasi
2473 4219 2618 4272 Deus
2647 4215 2936 4281 dedit,non
2965 4212 3119 4286 quasi
3147 4211 3313 4267 homo
3343 4220 3395 4267 et
3414 4229 3572 4285 quem

1992 4301 2155 4372 elegit
2187 4301 2328 4372 (42),
2362 4303 2554 4358 divino
2576 4301 2789 4373 judicio
2808 4299 2989 4373 elegit.
3014 4300 3115 4355 Per
3143 4299 3288 4373 quod
3315 4299 3571 4358 idoneum

1992 4396 2047 4444 et
2089 4388 2311 4443 ﬁrmum
2359 4405 2415 4443 se
2462 4387 2872 4459 praedicatorem
2901 4385 3213 4459 signiﬁcat;
3241 4389 3370 4462 quia
3401 4391 3572 4447 multo

282 4477 340 4534 in
379 4479 813 4551 praedicatione;
866 4492 991 4531 nam
1024 4475 1069 4530 si
1100 4474 1367 4546 signaculi
1405 4492 1566 4533 causa
1591 4478 1879 4535 circumci-
1912 4483 1962 4544 D
1991 4475 2181 4547 utique
2233 4476 2429 4532 melior
2474 4484 2574 4544 est,
2625 4492 2782 4548 quem
2824 4478 2969 4532 Deus
3006 4477 3187 4549 elegit,
3220 4494 3381 4550 quam
3413 4496 3571 4548 quem

284 4568 571 4624 debantur
598 4566 701 4621 ﬁlii
744 4566 930 4634 Israel,
971 4572 1034 4619 ut
1062 4563 1262 4619 exinde
1290 4571 1610 4635 apparerent
1638 4564 1741 4619 ﬁlii
1771 4580 1885 4621 esse

285 4656 530 4715 Abrahae
567 4655 728 4726 juxta
773 4669 1011 4721 carnem,
1057 4653 1162 4708 rite
1202 4668 1412 4709 cessare
1445 4652 1607 4709 debet
1656 4654 1885 4709 circum-

288 4747 468 4814 cisno;
512 4745 642 4818 quia
684 4744 895 4815 signum
944 4743 1145 4798 habent
1191 4743 1473 4800 credentes
1516 4742 1709 4797 mortis
1738 4741 1887 4798 devi-

287 4843 404 4903 ctae,
436 4851 557 4907 quo
580 4834 975 4905 dignoscuntur
1006 4832 1108 4887 ﬁlii
1139 4848 1253 4887 esse
1281 4831 1535 4900 Abrahae,
1564 4831 1657 4888 sed
1695 4848 1885 4889 secun-

289 4920 418 4978 dum
477 4922 643 4978 ﬁdem
673 4941 684 4978 :
733 4921 964 4976 Abrahae
1011 4920 1157 4975 enim
1191 4920 1492 4991 promissus
1519 4929 1619 4990 est,
1650 4923 1746 4996 qui
1774 4938 1883 4978 ve-

288 5012 452 5068 niens
500 5011 747 5066 vinceret
790 5015 1042 5063 mortem.
1079 5007 1328 5079 Denique
1358 5007 1510 5064 hunc
1536 5010 1887 5081 exspectabat

290 5099 593 5166 Abraham,
626 5114 787 5171 quem
818 5096 875 5150 in
909 5096 1107 5166 spiritu
1134 5096 1375 5151 sentiens
1405 5103 1613 5164 natum,
1665 5098 1886 5168 gavisus

290 5196 391 5255 est,
423 5188 610 5245 sciens
639 5204 694 5243 se
723 5186 781 5241 in
812 5184 964 5241 brevi
988 5184 1264 5240 introduci
1296 5185 1351 5239 in
1372 5186 1551 5241 caelos.
1586 5187 1738 5243 Unde
1751 5187 1886 5245 dicit

292 5275 570 5332 Dominus
616 5276 684 5332 ad
729 5273 980 5330 Iudaeos:
1038 5296 1057 5320 ι
1099 5270 1377 5329 Abraham
1425 5273 1639 5347 cupivit
1696 5275 1885 5331 videre

296 5361 443 5421 diem
492 5381 710 5431 meum;
756 5372 810 5418 et
850 5361 1011 5428 vidit,
1053 5367 1107 5416 et
1145 5361 1362 5431 gavisus
1417 5368 1497 5417 est
1540 5362 1723 5434 (Joan.
1754 5379 1880 5433 vm,

372 5537 492 5607 (41)
521 5537 682 5593 Rom.
711 5532 867 5600 edit.,
899 5529 1192 5607 circumcisi
1218 5535 1340 5584 sunt
1367 5529 1552 5588 cultris
1576 5531 1637 5588 de
1657 5535 1885 5604 petra...

302 5612 363 5662 ut
384 5605 780 5679 signiﬁcaretur
812 5621 910 5675 per
950 5605 1241 5669 Christum,
1271 5610 1380 5658 etc.

1993 4562 2182 4620 homo.
2248 4588 2267 4612 ι
2307 4565 2512 4638 Neque,
2564 4564 2763 4637 inquit,
2796 4582 2893 4638 per
2931 4566 3231 4634 hominem,
3264 4592 3282 4616 ι
3324 4576 3465 4623 srcut
3493 4586 3573 4624 ar-

1994 4652 2344 4709 bitrabantur
2384 4655 2450 4709 de
2500 4655 2740 4721 Christo,
2775 4656 2867 4727 qui
2908 4655 3007 4710 hos
3035 4655 3299 4725 cogebant
3325 4657 3573 4713 circum—

1996 4740 2141 4807 cidi;
2171 4740 2263 4795 sed
2291 4757 2386 4811 per
2412 4744 2708 4797 Dominum
2747 4745 2927 4796 Iesum
2960 4740 3262 4810 Christum,
3295 4743 3351 4798 id
3381 4754 3457 4798 est
3483 4763 3573 4815 per

1996 4845 2122 4885 eum
2170 4828 2266 4900 qui
2321 4830 2467 4883 Deus
2513 4837 2566 4883 et
2608 4829 2771 4883 homo
2817 4836 2914 4883 est.
2964 4827 3119 4894 Quod
3163 4835 3344 4885 statim
3377 4834 3568 4901 aperit,

1994 4933 2121 4976 cum
2163 4916 2337 4973 dicit:
2380 4940 2399 4963 ‹
2428 4918 2500 4973 Et
2530 4918 2703 4973 Deum
2735 4917 2968 4985 Patrem,
3001 4919 3095 4990 qui
3134 4920 3419 4975 suscitavit
3450 4937 3569 4974 eum

1995 5024 2029 5064 a
2054 5005 2307 5063 mortuis.
2346 5030 2364 5055 ι
2418 5005 2536 5061 Hoc
2561 5003 2729 5073 dicto,
2764 5004 2899 5061 duas
2929 5005 3160 5063 haereses
3190 5007 3492 5077 damnavit,
3521 5018 3573 5065 et

1993 5094 2283 5152 Manichaei
2328 5104 2383 5151 et
2434 5093 2695 5161 Photini;
2748 5094 2876 5166 quia
2919 5094 3250 5151 Manichacus
3295 5095 3568 5151 Christum

1996 5182 2275 5239 hominem
2326 5190 2506 5254 negat,
2536 5190 2590 5238 et
2628 5198 2738 5237 non
2768 5191 2926 5255 negat
2956 5182 3281 5240 cruciﬁxum
3310 5198 3321 5235 :
3354 5189 3406 5235 et
3437 5181 3570 5234 Pho-

1993 5272 2146 5328 tinus
2187 5270 2469 5327 Christum
2501 5273 2675 5327 Deum
2707 5286 2824 5326 esse
2851 5287 2958 5326 non
2992 5270 3273 5336 concedit;
3312 5277 3362 5322 et
3392 5275 3569 5321 tamen

1996 5358 2175 5431 ipsum
2222 5375 2299 5427 se,
2344 5359 2449 5415 hoc
2483 5366 2564 5415 est
2601 5375 2797 5430 corpus
2844 5376 3025 5427 suum,
3070 5359 3332 5415 excitasse
3364 5370 3393 5407 a
3431 5367 3569 5407 mor-

2072 5530 2188 5603 (42)
2223 5531 2409 5591 Codex
2438 5531 2607 5602 νειμ,
2638 5530 2950 5603 etquoniam
2977 5527 3156 5584 divino
3169 5518 3374 5593 judicio
3401 5519 3568 5593 elegit.
