4090 6182
295 255 391 311 361

1365 256 1728 318 COMMENT.
1768 262 1840 321 IN
1875 263 2092 322 EPIST.
2135 265 2232 322 AD
2271 265 2528 326 GALAT.

3487 279 3591 343 362

285 387 474 444 dentes
499 386 629 460 quia
656 385 766 441 nisi
793 385 1323 446 circumciderentur
1368 408 1520 448 more
1546 393 1773 468 Moysis,
1823 407 1876 455 et
1913 401 1965 460 A
1993 397 2098 454 Sed
2153 399 2292 455 forte
2344 410 2535 457 contra
2591 403 2790 476 aliquis
2844 405 3023 464 dicat:
3056 410 3202 483 Ergo
3259 413 3354 485 qui
3413 414 3586 486 legem

277 476 651 550 judaizarent,
688 476 836 534 salvi
864 495 980 536 esse
1010 495 1120 536 non
1145 490 1387 552 possent.

355 569 538 639 (Vers.
565 567 646 638 7.)
684 592 704 615 ι
733 568 894 636 Quod
929 585 1039 625 non
1062 577 1144 626 est
1165 570 1340 641 aliud,
1371 573 1479 628 nisi
1533 575 1706 649 aliqui
1735 587 1884 647 sunt,

277 656 374 729 qui
402 657 752 713 conturbant
782 673 900 724 vos,
942 665 994 714 et
1021 661 1220 716 volunt
1257 670 1575 719 convertere
1624 666 1886 738 Evange-

276 746 419 802 lium
464 745 683 803 Christi
707 745 844 818 (46).
868 770 884 792 ι
918 747 1185 819 Apertum
1216 757 1298 806 est
1341 753 1471 824 quia
1501 752 1606 810 hoc
1632 755 1881 826 agebant,

272 845 340 892 ut
399 844 791 894 converterent
832 838 1197 911 Evangelium
1253 841 1461 899 Christi
1523 843 1880 903 immutantes

269 926 636 995 traditiones,
666 935 725 982 ut
750 925 854 981 sub
883 929 1108 984 nomine
1139 929 1344 986 Christi
1373 943 1553 989 essent
1590 934 1797 1002 Judaei;
1830 944 1881 993 et

266 1016 387 1073 hoc
419 1024 502 1072 est
530 1025 848 1073 convertere
877 1017 1243 1092 Evangelium
1271 1020 1480 1079 Christi
1508 1024 1565 1078 in
1597 1025 1790 1097 legem.

350 1116 538 1186 (Vera.
569 1113 622 1183 8,
656 1115 733 1186 9.)
779 1138 798 1162 ι
825 1115 931 1171 Sed
964 1125 1017 1172 et
1039 1117 1086 1173 si
1112 1135 1234 1189 vos,
1266 1127 1362 1175 aut
1392 1123 1618 1194 angelus
1648 1123 1714 1179 de
1742 1127 1882 1181 coelo

270 1204 744 1277 evangelizaverit
789 1204 971 1273 vobis,
1018 1214 1378 1280 praeterquam
1411 1211 1557 1282 quod
1595 1213 1882 1285 evangeli-

273 1295 549 1361 zavimus,
601 1291 898 1350 anathema
951 1296 1041 1364 sit,
1074 1297 1219 1352 sicut
1243 1298 1625 1369 praediximus,
1647 1309 1701 1357 et
1730 1317 1882 1359 nunc

277 1386 482 1440 iterum
501 1383 626 1440 dico
651 1400 663 1438 :
699 1383 756 1439 Si
795 1384 921 1457 quis
951 1385 1108 1443 vobis
1137 1388 1616 1460 evangelizaverit,
1647 1401 1882 1463 praeter-

268 1491 439 1548 quam
468 1473 615 1546 quod
654 1473 966 1545 accepistis,
999 1475 1294 1533 anathema
1322 1477 1414 1535 sit.
1445 1505 1463 1526 ι
1495 1479 1666 1536 Nemo
1702 1481 1880 1537 mire—

267 1574 367 1620 tur
395 1565 745 1636 Apostolum,
778 1564 875 1636 qui
923 1565 1197 1622 feritatem
1231 1585 1448 1624 morum
1479 1571 1876 1644 mansuetabat,

267 1658 354 1714 sic
396 1671 514 1711 esse
558 1663 942 1711 commotum:
988 1673 1086 1729 pro
1141 1658 1458 1716 Galatarum
1498 1662 1647 1718 enim
1704 1665 1879 1721 salute

265 1747 597 1819 indignatur
625 1745 892 1802 adversus
922 1746 1180 1805 inimicos
1201 1749 1510 1822 disciplinae
1538 1751 1873 1810 christianae.
1910 1776 1957 1836 B

261 1836 590 1908 Indignatio
638 1836 782 1891 enim
841 1835 960 1892 haec
1006 1837 1250 1894 ostendit
1296 1855 1408 1896 non
1447 1840 1567 1897 leve
1593 1850 1876 1914 peccatum

262 1941 395 1982 esse
424 1933 550 1998 post
579 1933 846 1998 acceptam
880 1925 1046 1982 ﬁdem
1077 1928 1330 1984 converti
1370 1928 1438 1985 ad
1477 1930 1651 2003 legem
1679 1950 1693 2000 ;
1748 1949 1874 1988 nam

265 2023 392 2071 tam
442 2014 666 2070 ﬁrmum
715 2023 873 2089 atque
922 2031 1115 2072 verum
1168 2018 1556 2091 Evangelium,
1594 2020 1741 2094 quod
1796 2021 1875 2078 eis

261 2102 690 2177 praedicaverat,
742 2104 969 2172 asserit;
1030 2116 1091 2162 ut
1153 2107 1319 2162 etiam
1375 2107 1606 2180 seipsos,
1674 2109 1730 2165 id
1794 2121 1875 2170 est

261 2195 568 2266 apostolos,
611 2193 892 2249 immutati
939 2194 1081 2251 forte
1137 2195 1298 2252 aliter
1330 2197 1712 2268 praedicarent,
1761 2217 1872 2257 non

261 2283 448 2340 audiri
487 2284 729 2351 doceret,
782 2301 1018 2357 quorum
1075 2286 1267 2358 utique
1319 2287 1463 2343 fama
1491 2288 1640 2362 quod
1694 2297 1875 2347 essent

259 2375 505 2447 apostoli
535 2373 768 2442 Christi,
798 2383 1181 2447 peragraverat
1206 2393 1426 2433 omnem
1461 2380 1666 2436 locum.
1693 2380 1806 2436 Aut
1826 2382 1875 2438 si

259 2465 416 2520 forte
467 2463 718 2521 diabolus
763 2467 1018 2538 angelum
1071 2471 1216 2530 212
1258 2468 1358 2523 Dei
1411 2485 1468 2524 se
1521 2469 1754 2542 ﬁngens,
1810 2479 1874 2529 ut

257 2562 440 2617 facile
490 2563 657 2634 possit
699 2562 900 2631 audiri,
932 2565 999 2620 de
1027 2564 1182 2620 coelis
1221 2575 1504 2638 appareret
1532 2576 1725 2624 contra
1754 2567 1874 2627 haec

254 2649 598 2724 pmdicans,
621 2652 855 2708 sciretur
869 2669 983 2709 esse
1003 2654 1364 2724 contrarium,
1382 2664 1435 2712 et
1450 2665 1513 2712 ut
1532 2656 1871 2716 abominatio

256 2740 584 2798 haberetur.
631 2741 688 2798 Si
720 2759 848 2815 ergo
895 2745 1170 2814 apostolos
1215 2744 1442 2814 Christi,
1474 2763 1709 2818 quorum
1756 2756 1868 2806 tam

259 2832 530 2904 praeclara
550 2832 741 2904 opinio
770 2831 828 2886 in
854 2833 1027 2906 signis
1054 2842 1108 2890 et
1137 2834 1406 2908 prodigiis
1435 2843 1549 2892 erat
1576 2837 1867 2906 faciendis,
1912 2885 1920 2892 .

257 2929 324 2976 et
373 2921 624 2992 angelum
665 2921 732 2978 de
786 2924 945 2990 coelo,
985 2939 1146 2996 quem
1190 2925 1364 2996 possit
1417 2923 1682 2997 spiritalis
1728 2927 1868 2984 ratio

255 3008 675 3078 commendare,
734 3011 895 3066 aliter
952 3010 1227 3079 docentes,
1288 3029 1450 3086 quam
1497 3013 1565 3069 ab
1622 3017 1868 3087 apostolo

1997 488 2387 560 praedicabant,
2408 507 2569 563 quam
2591 494 2735 551 Deus
2755 495 2961 553 dicitur
2989 497 3226 571 dedisse,
3268 501 3592 562 hominibus

1998 579 2327 636 serviebant.
2379 580 2666 648 Quomodo
2715 602 2842 659 ergo
2875 587 3072 648 idonea
3103 592 3191 648 lex
3221 609 3336 650 esse
3363 593 3591 666 dicitur,

1937 719 1950 730 ,
1996 666 2154 738 cujus
2196 669 2510 741 pradicatio
2566 674 2867 730 secundum
2931 677 3220 736 hominum
3277 685 3594 742 voluntates

1997 765 2253 814 narratur
2303 763 2650 833 temperata?
2687 765 2830 821 Ante
2883 767 3181 827 adventum
3227 773 3452 830 Domini
3501 775 3592 832 lex

1989 844 2154 916 juxta
2206 848 2304 904 Dei
2340 851 2680 908 voluntatem
2715 854 3151 928 praedicabatur;
3189 869 3402 934 tempus
3441 865 3588 920 enim

1994 938 2043 991 ei
2087 937 2408 1009 debebatur,
2452 951 2511 998 ut
2539 954 2848 1002 servaretur
2878 965 2889 1003 :
2924 956 2979 1004 at
3012 949 3107 1006 ubi
3139 953 3292 1008 venit
3318 955 3590 1022 meinus

1995 1027 2296 1095 promissus
2343 1029 2400 1084 in
2451 1031 2584 1103 lege,
2630 1048 2838 1092 cessare
2885 1037 3130 1109 oportuit
3188 1041 3383 1113 legem,
3425 1042 3592 1114 juxta

1993 1114 2310 1184 praedictam
2379 1121 2708 1178 sententiam
2768 1125 3177 1196 prophetarum.
3247 1131 3402 1189 Unde
3452 1133 3591 1191 dicit

1993 1204 2294 1262 Dominus:
2342 1232 2360 1254 ι
2392 1210 2504 1265 Lex
2551 1220 2606 1268 et
2659 1213 2940 1285 prophetae
2995 1233 3167 1291 usque
3217 1219 3285 1275 ad
3322 1221 3593 1280 Joannem

1997 1295 2148 1367 (Luc.
2193 1313 2309 1366 xvi,
2342 1297 2430 1371 16)
2457 1317 2509 1366 ;-
2556 1317 2655 1358 nec
2710 1304 2858 1359 enim
2907 1305 3138 1379 dignum
3185 1315 3299 1364 erat
3327 1317 3389 1366 ut
3439 1328 3589 1384 prae-

1992 1395 2143 1442 sente
2190 1389 2428 1447 Domino
2473 1392 2608 1464 legis
2662 1396 2960 1454 auctoritas
2994 1409 3325 1458 servaretur.
3355 1403 3590 1478 Ideoque

1992 1476 2039 1532 si
2070 1477 2194 1548 quis
2223 1477 2291 1533 de
2327 1487 2523 1537 caetero
2557 1483 2730 1555 legem
2778 1488 3104 1546 servandam
3129 1499 3306 1562 putat,
3331 1491 3446 1564 jam
3476 1476 3591 1551 non

1990 1565 2216 1655 Domini
2264 1569 2538 1627 voluntati
2569 1571 2931 1648 obtemperat,
2962 1578 3058 1635 sed
3087 1590 3389 1655 repugnat;
3422 1583 3590 1640 simi-

1991 1652 2137 1710 libus
2177 1655 2325 1712 enim
2354 1659 2469 1714 suis
2497 1661 2784 1721 satisfecit.

2065 1745 2246 1815 (Vers.
2283 1747 2369 1817 11,
2405 1749 2519 1822 12.)
2554 1751 2789 1810 ιΝοῐιιω
2806 1762 2988 1813 autem
3009 1757 3167 1816 vobis
3188 1759 3350 1831 facio,
3371 1762 3584 1834 fratres,

1987 1833 2370 1907 Evangelium,
2416 1840 2562 1912 quod
2601 1842 2954 1914 praedicatum
2995 1854 3076 1904 est
3103 1864 3134 1905 a
3164 1865 3269 1919 me,
3313 1851 3441 1925 quia
3474 1833 3586 1911 non

1986 1933 2066 1981 est
2097 1927 2398 1984 secundum
2442 1929 2745 2003 hominem;
2771 1952 2948 2010 neque
2977 1940 3125 1996 enim
3146 1958 3244 2014 ego
3265 1943 3333 2000 ab
3363 1941 3588 2003 homine

1986 2015 2168 2086 accepi
2200 2016 2365 2086 illud,
2389 2027 2484 2075 aut
2512 2019 2716 2091 didici;
2754 2025 2845 2081 sed
2878 2043 2976 2100 per
3013 2031 3406 2089 revelationem
3435 2033 3590 2091 Jesus

1985 2103 2213 2198 Christi.
2245 2132 2263 2154 ι
2303 2109 2463 2167 Nunc
2516 2112 2789 2186 principia
2842 2118 3087 2189 epistolae
3143 2123 3354 2196 aperit;
3405 2125 3586 2198 ipsum

1985 2193 2132 2250 enim
2163 2212 2382 2254 sensum
2419 2202 2542 2256 vult
2573 2203 2944 2278 manifestare,
2975 2210 3104 2282 quia
3149 2193 3213 2268 ea
3260 2229 3381 2286 quae
3415 2193 3588 2271 doce-

1983 2282 2095 2353 bat,
2127 2302 2239 2342 non
2272 2287 2339 2344 ab
2368 2288 2594 2348 homine
2625 2291 2896 2353 didicerat
2921 2316 2934 2366 ;
2965 2314 3034 2354 ne
3065 2299 3206 2357 forte
3240 2282 3589 2362 dubitaretur

1983 2370 2049 2428 de
2106 2373 2174 2431 iis
2213 2392 2334 2449 quae
2375 2377 2624 2438 docebat.
2677 2383 2862 2458 Neque
2918 2389 3220 2446 secundum
3278 2390 3584 2451 humanum

1976 2461 2252 2555 judicium
2296 2475 2478 2540 aptata
2531 2479 2647 2528 erat
2689 2472 2807 2544 ejus
2835 2476 3187 2547 praedicatio:
3245 2489 3308 2537 ut
3358 2481 3586 2555 indigna

1981 2551 2174 2610 divina
2212 2559 2538 2616 auctoritate
2577 2561 2895 2621 videretur:
2934 2567 3027 2622 sed
3077 2584 3107 2622 a
3135 2569 3234 2624 Dei
3260 2569 3403 2626 Filio
3447 2551 3584 2630 dicit

1980 2659 2037 2698 se
2067 2642 2324 2702 didicisse
2354 2663 2450 2719 per
2479 2650 2894 2721 revelationem,
2923 2669 3049 2710 cum
3085 2654 3198 2726 jam
3253 2667 3376 2728 post
3406 2676 3582 2717 resur-

1979 2734 2277 2792 rectionem
2337 2745 2478 2793 esset
2524 2738 2582 2793 in
2625 2739 2798 2809 caelis,
2827 2741 2971 2798 sicut
3023 2749 3484 2816 praememoravi;
3526 2758 3580 2806 et

1978 2836 2041 2874 ea
2089 2836 2210 2894 quae
2257 2821 2475 2894 didicit,
2527 2828 2826 2884 convenire
2872 2829 3147 2887 voluntati
3197 2831 3578 2909 majestatique

1978 2907 2114 2980 ejus,
2167 2927 2198 2965 a
2245 2927 2353 2984 quo
2403 2928 2460 2968 se
2505 2912 2765 2972 didicisse
2810 2925 3060 2975 testatur.
3100 2919 3381 2992 Spiritalia
3427 2907 3573 2982 enim

1977 3007 2128 3063 sunt,
2150 3016 2270 3072 quae
2293 3008 2508 3056 servata
2525 3004 2782 3060 meritum
2804 3005 3078 3063 collocant
3097 3009 3241 3081 apud
3262 3011 3456 3068 Deum:
3478 3013 3575 3070 illa

263 3099 450 3154 Paulo
478 3098 657 3156 edocti
679 3106 852 3167 erant,
889 3097 1338 3156 anathematizari
1362 3104 1640 3175 prmoepit;
1661 3086 1868 3176 quanto

1984 3086 2124 3142 enim
2159 3089 2402 3145 carnalia
2432 3098 2582 3160 sunt,
2616 3109 2737 3165 quae
2766 3101 3014 3167 tempore
3054 3112 3156 3154 suo
3184 3109 3419 3167 servata,
3473 3117 3574 3159 nec

255 3191 446 3261 magis
491 3206 626 3263 quos
672 3189 889 3246 nanum
937 3190 1316 3247 testimonium
1372 3191 1440 3248 ad
1495 3193 1867 3251 seducendum
1900 3186 1942 3202 υ
1977 3186 2238 3235 meritum
2267 3196 2369 3237 nec
2397 3186 2738 3239 immeritum
2769 3186 3144 3256 praestiterunt
3184 3189 3330 3262 apud
3356 3191 3570 3249 Deum:

251 3289 449 3354 potest
477 3279 862 3336 commendare
883 3280 910 3336 ?
939 3279 1068 3337 Ideo
1099 3288 1282 3337 autem
1313 3281 1475 3338 iterat
1503 3284 1868 3340 contestatio-

252 3388 421 3439 nem,
449 3381 510 3428 ut
536 3371 826 3429 conﬁrmet
863 3387 955 3428 eos
987 3371 1045 3427 in
1083 3373 1262 3445 prima
1293 3373 1626 3444 traditione;
1675 3376 1870 3433 iterata

250 3461 418 3519 enim
453 3462 540 3516 lex
573 3461 930 3518 sollicitiores
959 3461 1142 3518 reddit
1169 3462 1523 3535 negligentes.

342 3560 526 3632 (Vers.
580 3560 693 3631 10.)
729 3583 747 3608 ε
777 3559 941 3618 Μοᾶο
980 3561 1129 3616 enim
1191 3559 1513 3616 hominibus
1568 3561 1867 3632 satisfacio,

246 3656 368 3707 aut
391 3649 542 3706 Deo?
562 3674 580 3696 ι
623 3650 729 3706 hoc
758 3657 860 3718 est,
895 3649 1169 3723 numquid
1214 3650 1539 3707 hominibus
1569 3651 1868 3722 satisfacio,

245 3737 548 3797 suadendo
579 3739 736 3796 vobis
763 3741 966 3797 reverti
997 3739 1066 3796 ad
1097 3739 1328 3812 gratiam
1358 3740 1587 3810 Christi,
1621 3757 1690 3798 an
1709 3744 1823 3798 Deo
1843 3741 1872 3798 ?

1977 3283 2087 3322 non
2132 3278 2346 3325 servata
2393 3269 2730 3328 obfuerunt:
2776 3274 2906 3345 quia
2947 3282 3000 3331 et
3048 3276 3144 3348 qui
3192 3292 3302 3332 non
3335 3277 3578 3337 facerant

1980 3357 2170 3427 legem,
2231 3357 2334 3413 sub
2379 3357 2672 3416 maledicto
2710 3369 2902 3418 erant:
2949 3371 3004 3419 et
3032 3365 3124 3436 qui
3155 3363 3416 3436 fecerant,
3465 3384 3576 3425 non

1971 3443 2423 3517 justiﬁcabantur
2437 3449 2582 3520 apud
2614 3451 2809 3520 Deum,
2830 3452 2960 3524 quia
2983 3451 3167 3524 justus
3191 3471 3261 3511 ex
3287 3455 3393 3513 ﬁde
3412 3459 3577 3518 vivit.

1978 3539 2079 3594 Illa
2104 3539 2251 3595 enim
2289 3549 2353 3596 ut
2382 3542 2537 3599 oneri
2576 3551 2778 3614 essent,
2827 3545 3098 3602 servanda
3125 3547 3384 3604 mandata
3427 3557 3580 3617 sunt,

1978 3645 2088 3686 non
2118 3631 2394 3704 dignitati.

2055 3728 2237 3802 (Vers.
2295 3730 2409 3803 13.)
2484 3755 2501 3780 ι
2557 3732 2810 3790 Audistis
2880 3735 3028 3792 enim
3105 3739 3580 3795 conversationem

1982 3833 2156 3874 meam
2207 3818 2507 3894 aliquando
2552 3822 2609 3878 in
2653 3823 2958 3894 Judaismo,
2996 3826 3128 3899 quia
3160 3825 3323 3900 supra
3353 3826 3579 3884 modum

1981 3910 2345 3984 persequebar
2391 3911 2695 3969 Ecclesiam
2743 3915 2863 3984 Dei,
2913 3923 2968 3972 et
3001 3919 3387 3990 expugnabam
3436 3934 3579 3984 eam,

1983 4007 2038 4056 et
2066 4001 2418 4073 proﬁciebam
2450 4003 2508 4058 in
2537 4004 2821 4064 Judaismo
2850 4024 3016 4080 super
3048 4010 3253 4066 multos
3277 4016 3579 4065 coaetaneos

1984 4107 2134 4147 meos
2155 4091 2412 4164 ingenere
2441 4110 2584 4164 meo,
2603 4094 2975 4152 abundantius
2996 4096 3284 4152 aemulator
3309 4097 3579 4154 exsistens

1983 4187 2334 4252 paternarum
2398 4199 2642 4239 mearum
2709 4183 3094 4241 traditionum.
3151 4211 3169 4233 ι
3228 4185 3576 4258 Propositum

1983 4285 2166 4338 suum,
2213 4286 2322 4343 quo
2365 4271 2519 4343 prius
2556 4269 2721 4343 juxta
2747 4288 2967 4329 carnem
2998 4273 3238 4347 vigebat,
3270 4290 3580 4347 repugnans

1983 4357 2269 4428 Ecclesiae,
2302 4358 2548 4416 breviter
2575 4369 2844 4417 memorat
2870 4379 2880 4417 :
2928 4362 3023 4419 sed
3051 4369 3114 4418 ut
3149 4362 3392 4419 famulus
3421 4361 3578 4420 Chri-

1985 4447 2058 4502 sti
2104 4455 2263 4517 esset,
2320 4447 2428 4505 hoc
2481 4466 2537 4506 se
2576 4449 2863 4524 reliquisse
2911 4450 3067 4509 dicit.
3118 4452 3288 4524 Magis
3334 4452 3482 4508 enim
3521 4469 3578 4509 se

1981 4536 2262 4606 devotum,
2309 4554 2472 4612 quam
2515 4539 2641 4596 illos
2680 4539 2738 4595 in
2787 4539 3123 4598 vindicando
3181 4541 3350 4614 legem
3409 4541 3580 4598 fuisse

1983 4627 2232 4702 designat
2256 4647 2269 4697 ;
2291 4647 2403 4686 non
2431 4639 2615 4688 tamen
2643 4639 2865 4705 propter
2883 4632 3174 4688 hominum
3197 4632 3460 4703 favorem,
3485 4633 3582 4690 sed

1985 4716 2090 4774 hoc
2114 4726 2314 4790 putans
2339 4719 2477 4776 utile
2497 4720 2642 4793 apud
2675 4723 2870 4777 Deum.
2894 4721 2995 4776 Per
3014 4721 3380 4794 ignorantiam
3407 4723 3578 4792 enim,

1983 4824 2110 4863 cum
2160 4807 2492 4864 humanitati
2551 4811 2808 4881 placeret,
2839 4810 2953 4866 Deo
2995 4825 3051 4866 se
3094 4810 3300 4867 servire
3331 4811 3580 4884 putabat,

1986 4897 2217 4954 liberam
2264 4897 2474 4956 habens
2510 4898 2933 4967 conscientiam;
2987 4897 3264 4956 nesciebat
3293 4900 3440 4957 enim
3465 4900 3580 4973 jam

1985 4995 2202 5058 tempus
2248 4987 2550 5045 asserenda;
2609 4989 2744 5062 legis
2776 4987 2894 5062 (48)
2934 5004 3045 5044 non
3086 5004 3222 5058 esse,
3274 4989 3580 5049 doctrinam

1986 5083 2204 5133 secutus
2242 5087 2483 5150 patrum,
2524 5087 2617 5135 aut
2663 5077 2723 5134 in
2749 5094 2952 5146 errore,
2983 5085 3079 5134 aut
3109 5078 3166 5135 in
3196 5081 3583 5138 malevolentia

1984 5166 2414 5224 constitutorum
2440 5188 2453 5237 ;
2485 5177 2539 5225 et
2559 5167 2711 5225 omni
2743 5168 3018 5226 industria
3045 5177 3100 5225 et
3137 5169 3353 5227 fervore
3383 5168 3582 5227 mentis

1986 5253 2042 5309 id
2072 5256 2286 5329 agebat,
2327 5264 2391 5312 ut
2443 5257 2654 5314 caeteris
2677 5258 3052 5332 coaequalibus
3095 5256 3202 5314 sibi
3231 5257 3582 5314 aemulatione

1986 5344 2120 5417 legis
2167 5346 2518 5418 praestantior
2570 5345 2873 5417 videretur,
2931 5346 3012 5403 sic
3063 5344 3344 5403 insaniens
3391 5349 3583 5400 contra

239 3830 392 3887 Non
423 3828 741 3887 hominibus
770 3830 983 3904 utique,
1021 3828 1118 3886 sed
1146 3831 1294 3899 Deo;
1331 3838 1395 3886 ut
1423 3847 1520 3902 per
1548 3831 1871 3889 satisfactio-

241 3933 398 3974 nem
430 3926 772 3974 revertantur
799 3919 868 3975 ad
896 3920 1094 3987 Deum,
1127 3935 1290 3992 quem
1320 3927 1659 3992 spreverant.
1695 3921 1873 3976 Deni-

235 4023 380 4084 que
399 4009 585 4063 statim
609 4008 842 4079 subjecit
867 4027 878 4064 :
914 4033 932 4055 ε
953 4011 1065 4067 Aut
1084 4025 1266 4081 quaero
1286 4011 1609 4068 hominibus
1629 4013 1873 4085 placere?

224 4099 316 4156 Si
379 4093 561 4149 adhuc
599 4095 918 4152 hominibus
967 4099 1260 4168 placerem,
1288 4117 1478 4158 servus
1507 4101 1716 4160 Christi
1762 4119 1872 4158 non

229 4196 477 4246 essem.
529 4205 549 4228 ›
610 4180 890 4252 Signiﬁcat
940 4185 1109 4256 igitur
1157 4187 1260 4243 hos
1311 4205 1343 4243 a
1402 4190 1602 4263 quibus
1657 4191 1876 4248 fuerant

235 4271 478 4339 eversi,
512 4286 625 4326 non
655 4271 790 4339 Deo,
821 4272 915 4328 sed
961 4274 1280 4332 hominibus
1315 4279 1527 4347 placere
1557 4281 1615 4336 in
1645 4281 1876 4338 Galata-

243 4377 399 4422 rum
430 4360 816 4430 subversione,
860 4360 1009 4418 sicut
1054 4371 1107 4418 et
1139 4363 1490 4435 semetipsum
1525 4368 1873 4440 jamdudum,

247 4449 498 4528 quando
513 4451 842 4521 Ecclesiam,
861 4461 922 4509 ut
941 4452 1165 4508 Patrum
1181 4451 1534 4532 traditionem
1549 4457 1869 4528 vindicaret,

250 4539 721 4616 persequebatur.
775 4541 845 4598 Ut
892 4541 1041 4598 enim
1073 4557 1105 4596 a
1133 4540 1342 4598 Judaeis
1373 4540 1582 4598 laudari
1633 4554 1869 4616 possent,

254 4629 577 4689 secundum
629 4630 968 4687 voluntatem
1029 4630 1279 4701 illorum,
1341 4631 1517 4704 legem
1555 4633 1876 4691 servandam

257 4718 567 4786 dicebant;
621 4735 689 4774 ne
717 4720 762 4776 si
793 4737 984 4776 verum
1013 4720 1380 4793 Evangelium
1427 4719 1636 4780 Christi
1668 4721 1878 4795 praedi-

261 4816 482 4876 carent,
516 4807 775 4864 inimicos
803 4825 896 4864 eos
937 4809 1200 4866 facerent.
1247 4810 1350 4867 Hic
1376 4819 1559 4868 autem
1597 4813 1878 4885 apostolus

261 4897 499 4964 Paulus,
514 4897 609 4969 qui
631 4895 786 4952 omni
815 4895 1106 4953 devotione
1124 4899 1238 4954 Deo
1260 4900 1472 4971 placere
1496 4900 1875 4971 docebat,non

267 4985 508 5043 timebat
537 4985 793 5041 homines
820 4985 1114 5056 offendere,
1166 4986 1466 5045 dummodo
1496 4991 1595 5046 Dei
1645 4991 1875 5063 gloriam

269 5073 724 5143 commendaret;
775 5075 964 5131 omnia
1008 5075 1154 5131 enim
1211 5078 1500 5148 praesentia
1545 5087 1877 5152 postponens

272 5165 504 5234 futuris,
563 5180 620 5220 se
667 5162 1090 5220 commendabat
1140 5164 1335 5236 spebus
1367 5167 1510 5239 (47),
1559 5175 1622 5224 ut
1669 5168 1876 5227 Christi

273 5253 510 5310 idoneus
558 5269 786 5322 servus;
821 5252 1007 5310 idonei
1037 5261 1221 5310 autem
1251 5256 1393 5311 servi
1432 5273 1548 5313 esse
1587 5274 1697 5314 non
1740 5275 1877 5331 pos-

274 5350 430 5410 sunt,
454 5341 551 5415 qui
577 5341 680 5398 sub
702 5343 922 5400 nomine
940 5341 1167 5400 Domini
1187 5343 1422 5416 propriis
1445 5346 1612 5403 lucris
1629 5346 1872 5406 student.

350 5484 472 5556 (46)
504 5484 674 5564 Rom;
700 5483 942 5564 edit.,-et
968 5486 1156 5542 volunt
1197 5483 1474 5543 invertere.
1505 5487 1576 5544 Et
1604 5487 1768 5559 infra,
1816 5495 1876 5546 ut
2059 5487 2176 5563 (48)
2209 5490 2367 5549 Rom.
2421 5490 2580 5564 edit.,
2627 5490 2746 5564 jam
2812 5497 3011 5562 tempus
3062 5482 3398 5542 asservandw
3435 5482 3582 5555 legis,

276 5558 600 5628 invenerant
622 5558 808 5628 Evang

347 5563 600 5612 verterent
622 5558 986 5628 Evangelium.
1753 5558 1759 5559 7
1981 5558 2088 5618 etc.

347 5627 470 5702 (47)
497 5628 626 5689 Mss.
657 5628 935 5699 nonnulli,
964 5645 1017 5685 se
1060 5629 1450 5688 commendabat
1485 5630 1761 5704 speciebus.

598 5725 839 5790 Parma.
875 5727 1053 5790 XVII.
3234 5728 3301 5788 η
