4090 6182
494 281 608 342 363

1519 282 1615 337 AD
1655 279 1891 339 OPERA
1929 278 1986 340 S.
2025 278 2363 340 AMBROSII
2398 278 2778 338 APPENDIX.

3699 281 3807 341 36’s

498 405 851 481 disciplinam
881 405 1108 476 Christi,
1125 414 1187 464 ut
1217 406 1362 463 nulli
1384 404 1676 462 hominum
1699 411 1942 478 parceret
1962 404 2097 462 ﬁdei
2124 409 2174 468 A
2202 405 2331 464 inde
2378 407 2577 464 iterum
2618 421 2894 479 regressus
2937 413 3020 463 est
3063 406 3414 476 Damascum,
3468 415 3530 464 ut
3558 406 3814 466 visitaret

495 495 703 554 fmdera
745 503 1010 552 assecuta.
1051 494 1156 552 Sed
1184 512 1311 554 cum
1340 495 1440 552 Dei
1488 494 1822 550 revelatione
1853 494 2094 553 laborem

496 585 649 644 hunc
677 589 819 648 213
877 583 1097 642 inanem
1146 601 1262 642 esse
1298 583 1602 652 didicisset,
1653 591 1707 639 et
1765 584 1935 656 magis
1965 601 2094 641 con-

497 683 760 750 trarium;
813 681 1088 738 destitisse
1133 681 1202 738 ab
1241 696 1324 748 eo,
1357 688 1412 736 et
1443 696 1499 736 se
1531 679 1660 736 ﬁdei
1691 679 1875 752 gratia:
1904 681 2094 738 subdi-

499 771 666 840 disse,
709 780 772 829 ut
818 771 1099 844 profectus
1145 769 1196 825 ei
1225 776 1366 824 esset
1393 768 1538 841 apud
1569 770 1766 838 Deum,
1802 778 2090 826 memorat.

495 861 552 918 Si
573 877 701 935 ergo
729 860 822 918 hic
850 861 944 934 qui
975 859 1221 915 Israelita
1247 866 1350 928 est,
1370 865 1423 914 et
1447 859 1541 932 qui
1562 859 1831 931 dignitate
1849 859 2094 916 doctoris

501 952 674 1008 fultus
703 959 819 1007 erat
847 949 995 1022 apud
1017 947 1254 1018 Iudaeos,
1288 949 1538 1006 eruditus
1567 965 1598 1005 a
1627 949 1948 1018 Gamaliele,
1969 951 2094 1006 viro

495 1027 946 1112 prudentissimo,
994 1038 1180 1096 locum
1255 1038 1462 1095 habens
1516 1055 1642 1096 cum
1705 1041 1930 1112 optimis
1977 1041 2095 1096 vita

494 1127 836 1197 hominibus,
885 1127 1112 1200 reliquit
1153 1128 1367 1200 legem;
1415 1134 1622 1201 quanto
1670 1129 1841 1200 magis
1885 1129 1949 1198 ii,
1998 1131 2094 1202 qui

493 1224 651 1274 extra
678 1218 852 1290 legem
877 1224 1052 1284 erant,
1076 1215 1181 1289 legi
1211 1232 1267 1272 se
1297 1215 1567 1289 subjicere
1596 1233 1708 1273 non
1737 1217 2089 1275 debuerant?

491 1306 564 1362 Et
609 1306 657 1362 si
695 1305 788 1362 hic
840 1304 1038 1378 gaudet
1089 1305 1267 1361 exisse
1297 1320 1353 1362 se
1381 1304 1448 1361 de
1479 1305 1580 1362 sub
1621 1305 1757 1378 jugo
1785 1307 2090 1376 servitutis,

493 1393 628 1467 quid
665 1403 746 1453 est
796 1404 858 1453 ut
900 1394 1209 1452 libertatem
1248 1410 1403 1451 suam
1447 1394 1815 1468 obligaverint
1851 1396 2098 1455 vinculis

495 1484 629 1558 legis
650 1483 679 1542 ?

566 1583 750 1657 (Vers.
786 1584 872 1653 15,
920 1583 1034 1658 16.)
1075 1609 1095 1633 ι
1125 1584 1265 1644 Cum
1311 1592 1494 1642 autem
1533 1586 1742 1658 placuit
1789 1584 1840 1642 ei
1870 1584 1966 1658 qui
2006 1601 2094 1642 me

491 1672 796 1746 segregavit
825 1673 894 1730 de
913 1682 1071 1730 utero
1099 1675 1292 1730 matris
1321 1690 1476 1744 meae,
1517 1681 1570 1731 et
1596 1674 1820 1732 vocavit
1847 1690 1943 1747 per
1963 1690 2096 1746 gra-

492 1763 625 1818 tiam
667 1778 823 1818 suam
869 1763 1114 1820 revelare
1160 1763 1366 1819 Filium
1407 1780 1566 1820 suum
1596 1763 1655 1820 in
1684 1779 1794 1830 me,
1824 1771 1886 1820 ut
1932 1779 2092 1820 evan-
2124 1784 2172 1845 Β

493 1851 780 1925 gelizarem
810 1867 937 1908 eum
971 1852 1030 1907 in
1060 1851 1352 1924 gentibus;
1385 1852 1652 1910 continuo
1693 1870 1806 1910 non
1835 1853 2092 1927 acquievi

491 1941 645 1998 carni
672 1947 728 1996 et
756 1940 1032 2014 sanguini.
1065 1964 1084 1988 ι
1129 1939 1266 1999 Cum
1298 1941 1357 1997 in
1388 1943 1504 2014 lege
1552 1942 1778 2000 haberet
1805 1941 2087 2012 ﬁduciam,

491 2029 702 2086 inscius
728 2028 844 2101 jam
899 2039 1115 2102 tempus
1167 2031 1300 2103 legis
1347 2031 1630 2089 servandae
1691 2048 1805 2088 non
1853 2047 1989 2101 esse,
2039 2040 2093 2089 et

494 2117 648 2174 omni
677 2117 945 2176 aviditate
966 2119 1342 2189 contenderet,
1367 2129 1565 2193 putans
1593 2121 1692 2178 Dei
1721 2137 1777 2178 se
1806 2122 2093 2178 voluntate

492 2207 600 2265 hoc
643 2223 820 2281 agere,
865 2213 928 2264 ut
981 2209 1257 2266 resisteret
1285 2209 1590 2282 Evangelio
1616 2209 1862 2279 Christi;
1895 2210 2094 2268 videns

491 2299 638 2354 Deus
679 2296 1088 2355 aemulationem
1135 2297 1252 2370 ejus
1298 2299 1520 2370 bonam,
1575 2298 1670 2356 sed
1721 2300 2006 2357 scientiam
2042 2300 2092 2357 ei

492 2387 697 2456 deesse,
747 2388 955 2461 placuit
999 2389 1049 2445 ei
1074 2405 1271 2446 vocare
1314 2389 1475 2446 illum
1522 2389 1592 2446 ad
1622 2391 1857 2463 gratiam
1912 2407 2088 2459 suam,

493 2478 673 2534 sciens
712 2476 829 2550 jam
886 2478 1150 2536 idoneum
1199 2479 1349 2536 hunc
1395 2495 1510 2536 esse
1553 2480 1622 2536 ad
1679 2479 2093 2552 praedicandum

493 2566 858 2639 Evangelium
908 2567 1040 2624 Filii
1084 2567 1203 2640 ejus
1247 2568 1306 2624 in
1346 2569 1636 2641 gentibus;
1667 2570 1796 2642 quia
1841 2570 1888 2626 si
1937 2569 1995 2625 in
2035 2586 2094 2626 re

494 2656 728 2712 minima
754 2663 866 2712 tam
896 2657 1062 2713 velox
1081 2666 1136 2714 et
1162 2657 1308 2714 ﬁdus
1326 2668 1442 2716 erat
1463 2659 1692 2716 audacia
1717 2659 2095 2726 conscientia,

492 2761 604 2800 non
651 2743 970 2801 adulatione
1009 2745 1334 2820 cujusquam
1367 2765 1380 2814 ;
1424 2755 1631 2821 quanto
1670 2747 1842 2820 magis
1871 2747 1928 2804 in
1961 2765 2094 2821 prte-

493 2832 730 2890 dicando
783 2834 930 2892 dono
985 2835 1085 2892 Dei
1142 2835 1364 2893 futurus
1416 2845 1558 2894 esset
1601 2837 1943 2894 constantior
2000 2852 2095 2909 spe

496 2921 757 2995 promissi
784 2924 1000 2996 prtemii
1023 2925 1052 2981 ?
1089 2924 1444 2983 Praescientia
1481 2943 1610 3000 ergo
1639 2927 1737 2984 Dei
1785 2935 2095 3001 segregatus

492 3020 574 3070 est
601 3011 670 3068 de
714 3019 873 3069 utero
897 3011 1089 3070 matris
1141 3029 1279 3082 suae,
1316 3014 1374 3070 id
1409 3023 1511 3086 est,
1535 3026 1827 3090 antequam
1854 3032 2096 3074 nascere-

494 3111 604 3172 tur,
637 3103 727 3159 vel
766 3102 953 3161 statim
983 3111 1174 3161 natum
1213 3104 1378 3162 scivit
1400 3107 1548 3163 Deus
1584 3107 1833 3164 futurum
1863 3107 2093 3176 bonum,

494 3195 640 3251 sicut
669 3193 808 3252 dicit
835 3194 904 3252 ad
925 3196 1218 3254 Jeremiam
1243 3197 1598 3270 prophetam:
1639 3222 1658 3248 ‹
1686 3198 2012 3272 Priusquam
2039 3205 2094 3254 te

493 3284 786 3341 formarem
832 3285 892 3341 in
939 3296 1120 3354 utero,
1167 3287 1300 3344 novi
1357 3295 1432 3358 te,
1479 3296 1582 3347 etc.
1619 3289 1834 3362 (Jerem.
1868 3305 1910 3357 1,
1941 3288 1998 3359 5)
2026 3306 2040 3356 ;
2066 3313 2084 3337 ι

493 3373 571 3431 ita
597 3381 651 3430 et
681 3375 992 3447 apostolum
1024 3377 1284 3445 Paulum,
1310 3378 1492 3437 sciens
1529 3379 1656 3452 quis
1683 3387 1823 3436 esset
1851 3379 2098 3446 futurus,

491 3464 762 3536 prmvenit
789 3481 915 3523 eum
939 3484 954 3534 ;
1001 3475 1067 3524 ut
1094 3475 1386 3543 antequam
1419 3477 1854 3538 converteretur,
1875 3473 2097 3524 vocaret

491 3568 640 3622 eum,
689 3553 819 3625 quia
870 3564 987 3612 erat
1016 3558 1377 3614 necessarius.
1431 3557 1678 3632 Denique
1703 3558 1889 3614 statim
1918 3571 2096 3615 susce-

491 3641 574 3713 pit
601 3640 1066 3713 dispensationem
1115 3645 1248 3701 doni
1277 3645 1397 3714 Dei,
1433 3647 1586 3702 omni
1618 3647 1923 3719 postposita
1967 3662 2097 3716 cura

491 3728 736 3797 carnali;
768 3745 870 3788 nec
896 3730 1045 3786 enim
1085 3733 1382 3790 consilium
1411 3734 1737 3810 cujusquam
1777 3737 1958 3810 petiit,
2001 3742 2096 3791 aut

493 3818 560 3876 ad
589 3817 830 3892 aliquem
859 3821 1051 3877 retulit
1079 3822 1212 3895 quid
1241 3833 1382 3882 esset
1411 3833 1668 3882 acturus:
1709 3825 1804 3882 sed
1843 3826 2096 3898 protinus

493 3908 814 3983 praedicavit
861 3909 1168 3981 Christum,
1201 3913 1330 3986 quia
1358 3913 1452 3971 hic
1490 3923 1570 3972 est
1599 3915 1776 3972 Filius
1805 3915 1924 3972 Dei.
1957 3915 2094 3971 Nam

493 4000 636 4056 sicut
666 3997 841 4055 futuri
887 3998 1022 4055 mali
1067 4001 1383 4075 frequenter
1423 4011 1549 4060 ante
1580 4012 1710 4062 sunt
1738 4004 1869 4062 boni
1895 4023 1908 4063 :
1938 4005 2014 4062 ita
2040 4011 2095 4061 et

493 4091 673 4148 solent
719 4088 897 4146 futuri
925 4087 1059 4146 boni
1080 4091 1232 4164 prius
1261 4108 1376 4151 esse
1405 4094 1559 4152 mali.

560 4191 743 4266 (Vers.
785 4192 900 4265 17.)
937 4217 957 4242 ι
983 4191 1171 4267 Neque
1200 4193 1328 4250 veni
1377 4195 1820 4269 Hierosolymam
1845 4193 1915 4251 ad
1944 4211 2096 4268 prae-

494 4297 736 4337 cessores
775 4297 926 4338 meos
965 4284 1266 4356 apostolos,
1311 4283 1406 4342 sed
1453 4285 1567 4342 abii
1615 4283 1674 4341 in
1721 4284 2002 4354 Arabiam,
2042 4294 2097 4344 et

495 4367 699 4426 iterum
756 4384 1034 4441 regressus
1083 4390 1206 4429 sum
1262 4375 1612 4433 Damascum.
1666 4400 1686 4424 ι
1751 4375 1874 4432 Non
1927 4375 2096 4432 fuisse

496 4456 634 4514 dicit
663 4457 986 4515 necessitate
1017 4461 1252 4518 electum
1283 4481 1340 4521 se
1368 4481 1400 4522 a
1428 4466 1541 4522 Deo
1571 4464 1833 4539 pergendi
1863 4463 1933 4520 ad
1962 4481 2094 4538 prae-

496 4560 736 4601 cessores
763 4560 892 4601 suos
919 4549 1216 4618 apostolos,
1247 4559 1310 4606 ut
1347 4551 1556 4624 aliquid
1604 4553 1744 4610 forte
1773 4552 2012 4612 disceret
2031 4554 2100 4611 ab

498 4634 610 4701 eis;
653 4633 785 4707 quia
839 4635 985 4692 Deus
1013 4635 1065 4693 ei
1109 4639 1376 4695 revelavit
1404 4655 1501 4712 per
1528 4641 1734 4700 Filium
1764 4660 1923 4700 suum
1972 4661 2102 4717 quo.

499 4723 664 4782 modo
709 4723 949 4785 doceret.
993 4729 1108 4786 Hoc
1137 4728 1262 4787 ideo
1301 4731 1570 4805 loquitur,
1619 4743 1682 4792 ut
1711 4736 1962 4794 ostendat
1991 4753 2103 4793 non

495 4813 649 4871 aliud
679 4817 979 4876 tenendum
1012 4836 1148 4893 esse,
1185 4838 1346 4896 quam
1387 4823 1536 4897 quod
1564 4824 1758 4883 docet:
1805 4843 1906 4884 nec
1925 4826 2101 4882 homi-

499 4901 666 4960 nibus
711 4907 884 4976 credi,
932 4908 1027 4965 sed
1074 4911 1210 4981 Deo,
1239 4928 1272 4968 a
1299 4929 1408 4986 quo
1453 4930 1510 4971 se
1541 4915 1799 4973 didicisse
1834 4923 2098 4986 testatur;

499 5009 562 5052 ac
591 5009 688 5067 per
725 4993 832 5053 hoc
859 5012 970 5066 eos,
1005 4999 1100 5071 qui
1131 5000 1258 5056 illos
1305 5001 1366 5057 in
1397 5003 1570 5076 legem
1600 5005 1955 5073 induxerant,
1987 5021 2104 5062 esse

504 5082 757 5142 doctores
787 5084 993 5156 falsos;
1017 5087 1146 5160 quia
1173 5105 1286 5146 non
1314 5107 1346 5147 a
1374 5093 1488 5148 Deo
1509 5093 1774 5152 traditum
1798 5102 1934 5160 erat,
1956 5093 2104 5168 quod

499 5171 788 5231 docebant.
838 5177 887 5257 ᾼ
933 5177 1206 5236 Damasco
1233 5195 1360 5254 ergo
1411 5181 1470 5238 in
1516 5183 1773 5240 Arabiam
1825 5185 2104 5257 profectus

500 5272 606 5334 est,
627 5263 697 5321 ad
726 5256 1160 5338 praedicandum,
1193 5269 1291 5326 ubi
1321 5271 1512 5329 nullus
1543 5282 1659 5331 erat
1687 5256 2097 5348 apostolorum;

500 5361 565 5411 ut
592 5355 708 5428 ipse
752 5354 844 5413 hic
907 5355 1163 5415 fundaret
1217 5359 1512 5431 Ecclesias,
1553 5379 1621 5422 ne
1679 5363 2104 5438 subrepentibus

502 5443 974 5521 pseudoapostolis
1029 5446 1172 5522 (49),
1232 5449 1549 5511 Iudaismus
1601 5453 1984 5514 seminaretur.
2033 5458 2104 5513 Et

2204 495 2406 569 quibus
2442 495 2596 552 rudis
2626 495 3025 569 pradicet/erat
3067 494 3434 567 Evangelium
3465 496 3655 568 gratiae
3683 500 3806 556 Dei.

2279 587 2460 659 (Vers.
2522 587 2638 660 18.)
2699 612 2718 637 ε
2761 587 2973 645 Deinde
3026 594 3152 661 post
3196 601 3370 642 annos
3422 593 3534 644 tres
3586 589 3812 646 ascendi

2205 675 2642 750 Hierosolymam
2674 676 2861 734 videre
2911 679 3154 746 Petrum,
3185 683 3240 732 et
3286 675 3465 732 mansi
3493 676 3639 749 apud
3683 694 3810 734 eum

2203 765 2322 822 dies
2370 765 2711 838 quindecim.
2743 791 2762 814 ι
2802 767 3042 838 Dignum
3085 765 3194 822 fuit
3238 774 3302 822 ut
3349 773 3575 838 cuperet
3621 766 3813 825 videre

2203 855 2450 922 Petrum,
2483 855 2615 927 quia
2643 855 2856 927 primus
2882 863 2998 911 erat
3028 855 3172 912 inter
3200 855 3498 927 apostolos,
3519 855 3611 912 cui
3648 856 3814 913 dele-

2205 952 2426 1018 gaverat
2457 945 2710 1002 Salvator
2740 960 2930 1002 curam
2959 945 3332 1002 Ecclesiarum
3358 963 3369 1002 :
3405 962 3518 1002 non
3538 945 3730 1020 utique
3748 955 3813 1004 ut

2203 1035 2417 1108 aliquid
2455 1034 2522 1090 ab
2563 1051 2627 1092 eo
2675 1034 2940 1103 disceret;
2989 1035 3122 1109 quia
3155 1033 3271 1108 jam
3317 1034 3387 1092 ab
3416 1044 3640 1094 auctore
3666 1036 3810 1094 didi-

2203 1133 2371 1194 cerat,
2424 1141 2455 1180 a
2502 1142 2610 1200 quo
2657 1134 2712 1183 et
2738 1125 2855 1198 ipse
2884 1126 3078 1182 Petrus
3118 1125 3297 1182 fuerat
3324 1125 3666 1184 instructus:
3712 1127 3809 1184 sed

2203 1223 2422 1288 propter
2469 1214 2725 1272 affectum
2773 1215 3132 1287 apostolatus,
3182 1223 3236 1272 et
3285 1223 3346 1271 ut
3403 1216 3568 1273 sciret
3614 1215 3812 1274 Petrus

2205 1303 2347 1360 hanc
2392 1302 2476 1358 illi
2523 1303 2704 1360 datam
2737 1303 3038 1373 licentiam,
3063 1321 3226 1379 quam
3253 1312 3305 1362 et
3339 1306 3456 1378 ipse
3504 1315 3806 1379 acceperat.

2205 1392 2447 1450 Veniens
2502 1409 2629 1466 ergo
2676 1393 2746 1450 ad
2800 1411 2946 1464 eum,
3010 1394 3252 1468 hospitio
3308 1404 3559 1469 receptus
3602 1405 3705 1467 est,
3752 1407 3810 1456 et

2203 1484 2350 1557 apud
2400 1500 2525 1540 eum
2557 1485 2760 1540 mansit
2789 1485 2906 1542 dies
2935 1485 3275 1560 quindecim,
3325 1487 3480 1560 quasi
3509 1488 3810 1547 unanimus

2203 1575 2570 1647 coapostolus.
2603 1575 2730 1633 Haec
2756 1574 2882 1632 ideo
2917 1576 3251 1646 manifestat,
3283 1585 3346 1633 ut
3376 1578 3627 1635 ostendat
3661 1595 3812 1636 con-

2204 1663 2451 1722 cordiam
2492 1681 2548 1722 se
2591 1681 2718 1722 cum
2761 1666 3026 1738 apostolis
3067 1665 3344 1736 habuisse,
3384 1682 3486 1724 nec
3527 1667 3587 1724 in
3613 1669 3812 1742 aliquo

2204 1754 2546 1825 dissensisse,
2590 1755 2733 1812 sicut
2763 1755 3211 1814 susurrabantde
3240 1774 3303 1814 eo
3324 1757 3766 1832 pseudoapostoli
3791 1777 3808 1828 ;

2200 1855 2263 1903 ut
2310 1863 2436 1903 eum
2485 1845 2632 1920 apud
2686 1848 2968 1906 Ecclesias
3015 1848 3261 1923 gentium
3309 1847 3701 1920 deformarent,
3751 1856 3810 1907 et

2202 1952 2297 1994 sur
2353 1937 2497 1993 mala
2557 1937 2993 2012 simplicioribus
3049 1939 3374 2008 insererent,
3441 1939 3686 1998 dicentes
3741 1956 3808 1997 ea

2200 2027 2500 2087 convenire
2527 2045 2653 2085 cum
2684 2027 2940 2086 doctrina
2966 2029 3342 2102 apostolorum
3374 2028 3665 2102 majorum.

2277 2117 2458 2191 (Vers.
2502 2119 2616 2192 19.)
2663 2143 2682 2169 ι
2713 2120 2919 2176 Iterum
2969 2135 3220 2178 reversus
3268 2137 3388 2178 sum
3455 2123 3804 2190 Damascum,

2202 2207 2374 2265 alium
2400 2215 2582 2266 autem
2613 2224 2682 2266 ex
2713 2210 2974 2282 apostolis
3005 2210 3121 2268 vidi
3161 2211 3460 2280 neminem,
3491 2210 3599 2268 nisi
3634 2210 3804 2268 Iaco-

2202 2297 2334 2354 bum
2366 2297 2591 2356 fratrem
2612 2299 2857 2356 Domini.
2879 2324 2900 2349 ι
2935 2300 3202 2358 Iacobum
3222 2300 3366 2358 vidit
3384 2301 3800 2389 Hierosolyma,

2202 2388 2332 2462 quia
2379 2388 2496 2446 illic
2552 2397 2668 2446 erat
2717 2390 3054 2448 constitutus
3096 2391 3164 2448 ab
3202 2391 3464 2465 apostolis
3493 2388 3804 2465 episcopus,

2204 2478 2298 2550 qui
2328 2485 2383 2533 et
2403 2477 2518 2550 ipse
2549 2477 2702 2551 prius
2730 2479 2909 2538 fuerat
2937 2480 3276 2552 incredulus,
3299 2480 3444 2540 sicut
3478 2481 3616 2539 dicit
3639 2496 3802 2537 evan-

2205 2567 2432 2640 gelista:
2497 2591 2516 2616 ‹
2563 2568 2704 2637 Quia
2760 2585 2864 2627 nec
2910 2571 3106 2629 fratres
3161 2570 3299 2644 ejus,
3365 2571 3570 2645 inquit,
3618 2569 3802 2629 adhuc

2204 2656 2502 2714 credebant
2532 2657 2591 2713 in
2620 2674 2747 2714 eum
2784 2659 2966 2732 (Joan.
2997 2678 3098 2727 v11,
3119 2661 3202 2732 ὅ).
3233 2685 3251 2708 ι
3286 2660 3388 2717 Hic
3408 2660 3643 2718 Iacobus
3660 2659 3813 2716 ﬁlius

2206 2745 2316 2802 fuit
2373 2746 2596 2819 Ioseph,
2639 2747 2738 2820 qui
2785 2747 2909 2804 ideo
2933 2748 3100 2805 frater
3126 2747 3350 2806 Domini
3381 2750 3686 2822 appellatus
3705 2755 3812 2818 est,

2205 2833 2335 2908 quia
2367 2842 2422 2891 et
2441 2835 2642 2909 Ioseph
2672 2843 2826 2909 pater
2860 2836 2997 2908 ejus,
3026 2837 3191 2893 etiam
3218 2837 3442 2894 Domini
3471 2846 3627 2910 pater
3656 2853 3816 2894 nun-

2205 2931 2436 2996 cupatus
2459 2933 2558 2983 est.
2595 2924 2685 2984 Sic
2715 2926 2862 2983 enim
2891 2925 3030 2983 dicit
3059 2925 3232 2984 Maria
3259 2927 3326 2984 ad
3355 2926 3538 2983 Iesum
3560 2926 3620 2982 in
3648 2926 3816 2984 Lucas

2205 3013 2540 3087 Evangelio:
2588 3040 2605 3064 ι
2635 3014 2782 3082 Quid
2820 3015 2998 3072 fecisti
3025 3015 3206 3084 nobis,
3238 3014 3366 3072 ﬁli?
3406 3014 3522 3087 Ego
3558 3022 3614 3072 et
3654 3024 3818 3087 pater

2207 3110 2335 3160 tuus
2363 3105 2543 3161 moesti
2573 3112 2628 3162 et
2659 3104 2844 3161 tristes
2871 3104 3248 3178 quaerebamus
3276 3113 3332 3160 te
3355 3103 3507 3176 (Luc.
3541 3120 3606 3173 Il,
3637 3103 3756 3176 48).
3781 3130 3801 3154 ι

2209 3191 2280 3247 Et
2310 3190 2368 3248 in
2413 3193 2716 3267 Evangelio
2747 3194 2977 3250 Ioannis
3019 3193 3158 3252 dicit
3202 3193 3490 3266 Philippus
3516 3193 3585 3250 ad
3611 3193 3814 3251 Natha-

2207 3282 2368 3339 nael:
2427 3308 2444 3332 ι
2484 3284 2656 3353 Quem
2713 3285 2935 3356 scripsit
2990 3285 3204 3357 Moyses
3255 3289 3404 3347 214
3456 3283 3514 3339 in
3573 3283 3706 3356 lege,
3759 3295 3813 3343 et

2208 3378 2507 3452 prophetae,
2572 3381 2891 3439 invenimus
2945 3383 3130 3439 Iesum
3187 3398 3219 3438 a
3275 3381 3562 3451 Nazareth,
3629 3380 3811 3437 ﬁlium

2207 3469 2406 3541 Ioseph
2456 3471 2638 3543 (Joan.
2673 3489 2712 3540 ι,
2743 3471 2861 3544 45).
2894 3496 2914 3519 ι
2957 3472 3073 3530 Hoc
3118 3487 3248 3544 ergo
3296 3471 3461 3528 modo
3509 3469 3690 3528 dictus
3728 3479 3816 3528 est

2206 3558 2477 3617 Dominus
2523 3561 2693 3618 frater
2734 3561 2923 3620 Jacobi
2971 3571 3025 3619 et
3058 3569 3402 3633 caeterorum,
3444 3579 3552 3636 quo
3580 3569 3634 3618 et
3661 3561 3814 3618 ﬁlius

2207 3651 2631 3724 nuncupabatur
2674 3653 2898 3727 Ioseph.
2950 3653 3186 3722 Quidam
3232 3655 3380 3712 enim
3411 3654 3565 3713 ducti
3597 3653 3815 3711 insania

2206 3741 2306 3798 hos
2351 3758 2512 3800 veros
2549 3744 2774 3801 Domini
2825 3744 3021 3802 fratres
3071 3745 3138 3801 de
3182 3745 3353 3803 Maria
3405 3753 3583 3815 natos,
3640 3744 3817 3818 impia

2204 3834 2505 3890 assertione
2545 3834 2914 3904 contendunt,
2941 3851 3070 3892 cum
3101 3835 3301 3908 Ioseph
3329 3851 3441 3893 non
3471 3850 3662 3892 verum
3691 3833 3817 3906 ejus

2203 3932 2412 3995 patrem
2459 3923 2649 3981 dicant
2696 3924 3055 3998 appellatum.
3107 3925 3166 3982 Si
3215 3925 3361 3982 enim
3408 3924 3468 3982 hi
3509 3924 3626 3982 veri
3654 3933 3817 3982 erant

2203 4014 2398 4072 fratres
2441 4014 2581 4087 ejus,
2629 4025 2684 4074 et
2725 4015 2926 4088 Ioseph
2967 4016 3074 4073 erit
3128 4031 3294 4074 verus
3342 4023 3520 4090 pater;
3550 4014 3682 4088 quia
3711 4015 3817 4089 qui

2203 4105 2351 4161 dixit
2383 4113 2593 4178 patrem
2625 4105 2743 4178 ejus
2767 4105 2989 4179 Ioseph,
3024 4105 3173 4165 idem
3201 4107 3349 4166 dixit
3374 4115 3429 4164 et
3463 4105 3664 4163 fratres
3692 4104 3816 4178 ejus

2201 4193 2465 4250 Iacobum
2495 4203 2550 4251 et
2575 4204 2822 4252 caeteros.

2277 4282 2458 4355 (Vers.
2501 4283 2617 4356 20.)
2664 4309 2683 4334 ι
2727 4284 2859 4352 Quae
2906 4291 3090 4342 autem
3138 4285 3321 4344 scribo
3356 4285 3534 4354 vobis,
3566 4301 3690 4343 ecce
3719 4301 3814 4343 co-

2204 4389 2321 4430 ram
2365 4377 2500 4445 Deo,
2530 4375 2662 4450 quia
2707 4392 2819 4434 non
2850 4376 3108 4434 mentior.
3130 4401 3149 4426 ι
3187 4377 3310 4446 Quo
3352 4377 3421 4435 ad
3450 4375 3817 4436 commenda-

2212 4465 2421 4523 tionem
2469 4466 2588 4540 ejus
2640 4470 2880 4541 pertinet
2905 4468 3212 4538 locuturus,
3249 4475 3445 4525 testem
3474 4470 3650 4526 Deum
3691 4467 3813 4539 dat,

2214 4556 2344 4626 quia
2383 4557 2463 4614 ita
2517 4573 2574 4615 se
2624 4557 2847 4626 habent,
2903 4573 3024 4632 quae
3077 4557 3328 4615 dicturus
3383 4566 3483 4627 est,
3547 4573 3617 4614 ne
3671 4557 3818 4613 forte

2211 4645 2496 4704 videretur
2564 4647 2974 4720 compositum;
3042 4663 3170 4705 cum
3234 4664 3480 4722 persona
3523 4647 3641 4720 ejus
3697 4662 3818 4703 non

2213 4738 2508 4794 conveniat
2554 4737 2764 4810 aliquid
2841 4736 3068 4810 ﬁngere.
3121 4736 3227 4794 Sed
3268 4755 3394 4796 cum
3441 4754 3497 4795 se
3537 4751 3823 4794 commen-

2213 4827 2324 4895 dat,
2380 4826 2481 4882 hos
2530 4827 2654 4882 vult
2698 4823 3000 4899 proﬁcere;
3061 4827 3467 4885 commendatio
3510 4826 3659 4883 enim
3695 4824 3821 4884 hac

2213 4915 2333 4971 istis
2388 4915 2628 4988 proﬁcit,
2665 4925 2728 4974 ut
2772 4915 2950 4975 sciant
2989 4932 3072 4987 ea,
3119 4934 3241 4992 quas
3282 4917 3350 4975 ab
3389 4916 3496 4976 hoc
3522 4916 3816 4987 dicuntur,

2213 5021 2326 5062 esse
2355 5005 2662 5063 verissima.

2286 5094 2467 5168 (Vers.
2517 5095 2730 5169 21-24.)
2775 5119 2793 5144 ε
2820 5096 3034 5155 Deinde
3083 5097 3213 5155 veni
3261 5098 3319 5154 in
3363 5097 3614 5171 regiones
3639 5096 3820 5168 Syriae

2211 5193 2265 5242 et
2321 5186 2548 5245 Ciliciae.
2616 5187 2784 5243 Eram
2840 5195 3023 5244 autem
3072 5189 3294 5261 ignotus
3359 5188 3498 5246 facie
3549 5185 3825 5243 Ecclesiis

2211 5277 2431 5347 Iudaea,
2482 5293 2602 5350 qua:
2651 5285 2810 5335 erant
2857 5279 2917 5334 in
2947 5277 3206 5337 Christo:
3249 5277 3600 5336 solummodo
3627 5275 3825 5333 audie-

2209 5366 2363 5436 bant,
2395 5366 2526 5440 quia
2569 5366 2666 5441 qui
2716 5368 3142 5443 persequebatur
3169 5385 3269 5425 nos
3305 5366 3625 5442 aliquando,
3665 5381 3827 5424 nunc

2212 5456 2472 5531 pradicat
2519 5457 2708 5530 ﬁdem,
2773 5475 2939 5534 quam
2983 5459 3282 5535 aliquando
3325 5456 3716 5534 expugnabat;
3765 5466 3828 5516 et

578 5646 698 5723 (49)
734 5654 862 5714 Mss.
909 5658 1186 5728 nonnulli,
1218 5675 1283 5717 ne
1317 5659 1729 5735 subripientt'bus
1753 5667 2226 5743 pseudoapostolis.
