  <div class='ocr_page' id='page_1' title='image "/cluster/home/n/w/nwhite01/storage/ocr_20150623/17/hvd.32044096580436/188.png"; bbox 0 0 4090 6182; ppageno 0'>
   <div class='ocr_carea' id='block_1_1' title="bbox 199 252 288 312">
    <p class='ocr_par' dir='ltr' id='par_1_1' title="bbox 199 252 288 312">
     <span class='ocr_line' id='line_1_1' title="bbox 199 252 288 312; baseline 0 0"><span class='ocrx_word' id='word_1_1' title='bbox 199 252 288 312; x_wconf 78' lang='grc'><strong>365</strong></span> 
     </span>
    </p>
   </div>
   <div class='ocr_carea' id='block_1_2' title="bbox 201 371 1854 446">
    <p class='ocr_par' dir='ltr' id='par_1_2' title="bbox 201 371 1854 446">
     <span class='ocr_line' id='line_1_2' title="bbox 201 371 1854 446; baseline -0.004 -14"><span class='ocrx_word' id='word_1_2' title='bbox 201 377 255 432; x_wconf 88' lang='lat' dir='ltr'><strong>in</strong></span> <span class='ocrx_word' id='word_1_3' title='bbox 280 391 362 430; x_wconf 88' lang='lat' dir='ltr'><strong>me</strong></span> <span class='ocrx_word' id='word_1_4' title='bbox 382 371 808 446; x_wconf 88' lang='lat' dir='ltr'><strong>magniﬁcabant</strong></span> <span class='ocrx_word' id='word_1_5' title='bbox 855 372 1052 427; x_wconf 90' lang='lat' dir='ltr'><strong>Deum.</strong></span> <span class='ocrx_word' id='word_1_6' title='bbox 1096 396 1114 420; x_wconf 77' lang='grc' dir='ltr'><strong>ι</strong></span> <span class='ocrx_word' id='word_1_7' title='bbox 1158 371 1274 428; x_wconf 89' lang='lat' dir='ltr'><strong>Hoc</strong></span> <span class='ocrx_word' id='word_1_8' title='bbox 1302 371 1460 440; x_wconf 82' lang='lat' dir='ltr'><strong>dicit,</strong></span> <span class='ocrx_word' id='word_1_9' title='bbox 1491 371 1620 446; x_wconf 84' lang='lat' dir='ltr'><strong>quia</strong></span> <span class='ocrx_word' id='word_1_10' title='bbox 1648 387 1774 428; x_wconf 92' lang='lat' dir='ltr'><strong>cum</strong></span> <span class='ocrx_word' id='word_1_11' title='bbox 1804 373 1854 432; x_wconf 83' lang='lat' dir='ltr'><strong>A</strong></span> 
     </span>
    </p>
   </div>
   <div class='ocr_carea' id='block_1_3' title="bbox 194 460 1775 531">
    <p class='ocr_par' dir='ltr' id='par_1_3' title="bbox 194 460 1775 531">
     <span class='ocr_line' id='line_1_3' title="bbox 194 460 1775 531; baseline -0.004 -8"><span class='ocrx_word' id='word_1_12' title='bbox 194 465 515 524; x_wconf 83' lang='lat' dir='ltr'><strong>Judaismnm</strong></span> <span class='ocrx_word' id='word_1_13' title='bbox 569 461 896 520; x_wconf 80' lang='lat' dir='ltr'><strong>defenderet</strong></span> <span class='ocrx_word' id='word_1_14' title='bbox 943 468 1137 520; x_wconf 88' lang='lat' dir='ltr'><strong>contra</strong></span> <span class='ocrx_word' id='word_1_15' title='bbox 1183 460 1372 531; x_wconf 94' lang='lat' dir='ltr'><strong>ﬁdem,</strong></span> <span class='ocrx_word' id='word_1_16' title='bbox 1419 462 1564 519; x_wconf 85' lang='lat' dir='ltr'><strong>sicut</strong></span> <span class='ocrx_word' id='word_1_17' title='bbox 1615 468 1668 518; x_wconf 92' lang='lat' dir='ltr'><strong>et</strong></span> <span class='ocrx_word' id='word_1_18' title='bbox 1715 461 1775 518; x_wconf 90' lang='lat' dir='ltr'>hi</span> 
     </span>
    </p>
   </div>
   <div class='ocr_carea' id='block_1_4' title="bbox 196 550 1772 629">
    <p class='ocr_par' dir='ltr' id='par_1_4' title="bbox 196 550 1772 629">
     <span class='ocr_line' id='line_1_4' title="bbox 196 550 1772 629; baseline -0.004 -17"><span class='ocrx_word' id='word_1_19' title='bbox 196 573 222 612; x_wconf 90' lang='lat' dir='ltr'><strong>a</strong></span> <span class='ocrx_word' id='word_1_20' title='bbox 246 555 433 629; x_wconf 86' lang='lat' dir='ltr'><strong>quibus</strong></span> <span class='ocrx_word' id='word_1_21' title='bbox 462 553 676 611; x_wconf 79' lang='lat' dir='ltr'><strong>Galatae</strong></span> <span class='ocrx_word' id='word_1_22' title='bbox 707 553 928 609; x_wconf 84' lang='lat' dir='ltr'><strong>fuerant</strong></span> <span class='ocrx_word' id='word_1_23' title='bbox 956 550 1153 620; x_wconf 79' lang='lat' dir='ltr'><strong>eversi,</strong></span> <span class='ocrx_word' id='word_1_24' title='bbox 1185 567 1218 608; x_wconf 89' lang='lat' dir='ltr'><strong>a</strong></span> <span class='ocrx_word' id='word_1_25' title='bbox 1274 551 1390 608; x_wconf 92' lang='lat' dir='ltr'><strong>Deo</strong></span> <span class='ocrx_word' id='word_1_26' title='bbox 1415 551 1623 608; x_wconf 89' lang='lat' dir='ltr'><strong>electus</strong></span> <span class='ocrx_word' id='word_1_27' title='bbox 1667 557 1772 620; x_wconf 91' lang='lat' dir='ltr'><strong>est,</strong></span> 
     </span>
    </p>
   </div>
   <div class='ocr_carea' id='block_1_5' title="bbox 195 641 1776 712">
    <p class='ocr_par' dir='ltr' id='par_1_5' title="bbox 195 641 1776 712">
     <span class='ocr_line' id='line_1_5' title="bbox 195 641 1776 712; baseline -0.004 -10"><span class='ocrx_word' id='word_1_28' title='bbox 195 654 242 702; x_wconf 91' lang='lat' dir='ltr'><strong>et</strong></span> <span class='ocrx_word' id='word_1_29' title='bbox 264 646 456 702; x_wconf 89' lang='lat' dir='ltr'><strong>doctus</strong></span> <span class='ocrx_word' id='word_1_30' title='bbox 483 643 840 701; x_wconf 88' lang='lat' dir='ltr'><strong>dissimulare</strong></span> <span class='ocrx_word' id='word_1_31' title='bbox 880 659 911 698; x_wconf 91' lang='lat' dir='ltr'><strong>a</strong></span> <span class='ocrx_word' id='word_1_32' title='bbox 948 641 1252 712; x_wconf 87' lang='lat' dir='ltr'><strong>Judaismo,</strong></span> <span class='ocrx_word' id='word_1_33' title='bbox 1283 650 1336 698; x_wconf 89' lang='lat' dir='ltr'><strong>et</strong></span> <span class='ocrx_word' id='word_1_34' title='bbox 1371 657 1572 697; x_wconf 90' lang='lat' dir='ltr'><strong>novam</strong></span> <span class='ocrx_word' id='word_1_35' title='bbox 1602 641 1776 712; x_wconf 81' lang='lat' dir='ltr'><strong>legem</strong></span> 
     </span>
    </p>
   </div>
   <div class='ocr_carea' id='block_1_6' title="bbox 195 731 1777 809">
    <p class='ocr_par' dir='ltr' id='par_1_6' title="bbox 195 731 1777 809">
     <span class='ocr_line' id='line_1_6' title="bbox 195 731 1777 809; baseline -0.004 -16"><span class='ocrx_word' id='word_1_36' title='bbox 195 735 477 809; x_wconf 75' lang='lat' dir='ltr'><strong>pmdicare</strong></span> <span class='ocrx_word' id='word_1_37' title='bbox 511 752 524 790; x_wconf 87' lang='lat'>:</span> <span class='ocrx_word' id='word_1_38' title='bbox 563 735 641 790; x_wconf 89' lang='lat' dir='ltr'><strong>ita</strong></span> <span class='ocrx_word' id='word_1_39' title='bbox 668 740 728 788; x_wconf 89' lang='lat' dir='ltr'><strong>ut</strong></span> <span class='ocrx_word' id='word_1_40' title='bbox 754 732 1051 805; x_wconf 83' lang='lat' dir='ltr'><strong>gauderent</strong></span> <span class='ocrx_word' id='word_1_41' title='bbox 1097 731 1155 788; x_wconf 92' lang='lat' dir='ltr'><strong>in</strong></span> <span class='ocrx_word' id='word_1_42' title='bbox 1187 747 1252 787; x_wconf 90' lang='lat' dir='ltr'><strong>eo</strong></span> <span class='ocrx_word' id='word_1_43' title='bbox 1281 748 1362 788; x_wconf 72' lang='lat' dir='ltr'><strong>ex</strong></span> <span class='ocrx_word' id='word_1_44' title='bbox 1385 731 1588 788; x_wconf 75' lang='lat' dir='ltr'><strong>Iudaeis</strong></span> <span class='ocrx_word' id='word_1_45' title='bbox 1649 747 1777 788; x_wconf 90' lang='lat' dir='ltr'><strong>cre-</strong></span> 
     </span>
    </p>
   </div>
   <div class='ocr_carea' id='block_1_7' title="bbox 193 820 1774 897">
    <p class='ocr_par' dir='ltr' id='par_1_7' title="bbox 193 820 1774 897">
     <span class='ocr_line' id='line_1_7' title="bbox 193 820 1774 897; baseline -0.003 -14"><span class='ocrx_word' id='word_1_46' title='bbox 193 824 391 894; x_wconf 84' lang='lat' dir='ltr'><strong>dentes,</strong></span> <span class='ocrx_word' id='word_1_47' title='bbox 458 839 598 897; x_wconf 90' lang='lat' dir='ltr'><strong>quos</strong></span> <span class='ocrx_word' id='word_1_48' title='bbox 634 820 843 895; x_wconf 82' lang='lat' dir='ltr'><strong>pridem</strong></span> <span class='ocrx_word' id='word_1_49' title='bbox 873 821 1323 896; x_wconf 82' lang='lat' dir='ltr'><strong>persequebatur,</strong></span> <span class='ocrx_word' id='word_1_50' title='bbox 1383 823 1496 878; x_wconf 92' lang='lat' dir='ltr'><strong>Deo</strong></span> <span class='ocrx_word' id='word_1_51' title='bbox 1555 829 1774 894; x_wconf 81' lang='lat' dir='ltr'><strong>agentes</strong></span> 
     </span>
    </p>
   </div>
   <div class='ocr_carea' id='block_1_8' title="bbox 192 909 1780 989">
    <p class='ocr_par' dir='ltr' id='par_1_8' title="bbox 192 909 1780 989">
     <span class='ocr_line' id='line_1_8' title="bbox 192 909 1780 989; baseline -0.004 -17"><span class='ocrx_word' id='word_1_52' title='bbox 192 916 408 989; x_wconf 79' lang='lat' dir='ltr'><strong>gratias,</strong></span> <span class='ocrx_word' id='word_1_53' title='bbox 467 914 560 987; x_wconf 90' lang='lat' dir='ltr'><strong>qui</strong></span> <span class='ocrx_word' id='word_1_54' title='bbox 613 911 679 968; x_wconf 91' lang='lat' dir='ltr'><strong>de</strong></span> <span class='ocrx_word' id='word_1_55' title='bbox 708 919 1054 985; x_wconf 84' lang='lat' dir='ltr'><strong>persecutore</strong></span> <span class='ocrx_word' id='word_1_56' title='bbox 1104 911 1234 972; x_wconf 84' lang='lat' dir='ltr'><strong>fecit</strong></span> <span class='ocrx_word' id='word_1_57' title='bbox 1290 909 1663 978; x_wconf 86' lang='lat' dir='ltr'><strong>defensorem;</strong></span> <span class='ocrx_word' id='word_1_58' title='bbox 1716 916 1780 965; x_wconf 91' lang='lat' dir='ltr'><strong>ut</strong></span> 
     </span>
    </p>
   </div>
   <div class='ocr_carea' id='block_1_9' title="bbox 191 1001 1781 1079">
    <p class='ocr_par' dir='ltr' id='par_1_9' title="bbox 191 1001 1781 1079">
     <span class='ocr_line' id='line_1_9' title="bbox 191 1001 1781 1079; baseline -0.004 -17"><span class='ocrx_word' id='word_1_59' title='bbox 191 1004 408 1079; x_wconf 89' lang='lat' dir='ltr'><strong>perinde</strong></span> <span class='ocrx_word' id='word_1_60' title='bbox 435 1003 640 1060; x_wconf 87' lang='lat' dir='ltr'><strong>scirent</strong></span> <span class='ocrx_word' id='word_1_61' title='bbox 663 1002 870 1059; x_wconf 70' lang='lat' dir='ltr'><strong>Galatae</strong></span> <span class='ocrx_word' id='word_1_62' title='bbox 902 1003 1310 1060; x_wconf 88' lang='lat' dir='ltr'><strong>circumventos</strong></span> <span class='ocrx_word' id='word_1_63' title='bbox 1338 1018 1416 1071; x_wconf 90' lang='lat' dir='ltr'><strong>se,</strong></span> <span class='ocrx_word' id='word_1_64' title='bbox 1447 1008 1511 1057; x_wconf 91' lang='lat' dir='ltr'><strong>ut</strong></span> <span class='ocrx_word' id='word_1_65' title='bbox 1538 1001 1640 1058; x_wconf 89' lang='lat' dir='ltr'><strong>sub</strong></span> <span class='ocrx_word' id='word_1_66' title='bbox 1668 1016 1781 1056; x_wconf 91' lang='lat' dir='ltr'><strong>no-</strong></span> 
     </span>
    </p>
   </div>
   <div class='ocr_carea' id='block_1_10' title="bbox 195 1090 1781 1166">
    <p class='ocr_par' dir='ltr' id='par_1_10' title="bbox 195 1090 1781 1166">
     <span class='ocr_line' id='line_1_10' title="bbox 195 1090 1781 1166; baseline -0.002 -16"><span class='ocrx_word' id='word_1_67' title='bbox 195 1095 327 1151; x_wconf 88' lang='lat' dir='ltr'><strong>mine</strong></span> <span class='ocrx_word' id='word_1_68' title='bbox 387 1093 596 1151; x_wconf 88' lang='lat' dir='ltr'><strong>Christi</strong></span> <span class='ocrx_word' id='word_1_69' title='bbox 648 1092 870 1150; x_wconf 73' lang='lat' dir='ltr'><strong>Judaaos</strong></span> <span class='ocrx_word' id='word_1_70' title='bbox 911 1109 968 1150; x_wconf 91' lang='lat' dir='ltr'><strong>se</strong></span> <span class='ocrx_word' id='word_1_71' title='bbox 1013 1092 1422 1166; x_wconf 90' lang='lat' dir='ltr'><strong>proﬁterentur,</strong></span> <span class='ocrx_word' id='word_1_72' title='bbox 1477 1090 1781 1149; x_wconf 92' lang='lat' dir='ltr'><strong>circumci-</strong></span> 
     </span>
    </p>
   </div>
   <div class='ocr_carea' id='block_1_11' title="bbox 195 1180 1781 1256">
    <p class='ocr_par' dir='ltr' id='par_1_11' title="bbox 195 1180 1781 1256">
     <span class='ocr_line' id='line_1_11' title="bbox 195 1180 1781 1256; baseline -0.003 -14"><span class='ocrx_word' id='word_1_73' title='bbox 195 1185 370 1242; x_wconf 87' lang='lat' dir='ltr'><strong>dentes</strong></span> <span class='ocrx_word' id='word_1_74' title='bbox 416 1199 640 1241; x_wconf 84' lang='lat' dir='ltr'><strong>carnem</strong></span> <span class='ocrx_word' id='word_1_75' title='bbox 672 1183 930 1256; x_wconf 72' lang='lat' dir='ltr'><strong>praeputii</strong></span> <span class='ocrx_word' id='word_1_76' title='bbox 962 1183 1070 1252; x_wconf 90' lang='lat' dir='ltr'><strong>sui,</strong></span> <span class='ocrx_word' id='word_1_77' title='bbox 1104 1200 1234 1240; x_wconf 87' lang='lat' dir='ltr'><strong>cum</strong></span> <span class='ocrx_word' id='word_1_78' title='bbox 1268 1181 1476 1241; x_wconf 87' lang='lat' dir='ltr'><strong>Christi</strong></span> <span class='ocrx_word' id='word_1_79' title='bbox 1507 1182 1598 1237; x_wconf 85' lang='lat' dir='ltr'><strong>lex</strong></span> <span class='ocrx_word' id='word_1_80' title='bbox 1627 1180 1781 1237; x_wconf 90' lang='lat' dir='ltr'><strong>aliud</strong></span> 
     </span>
    </p>
   </div>
   <div class='ocr_carea' id='block_1_12' title="bbox 200 1270 1781 1348">
    <p class='ocr_par' dir='ltr' id='par_1_12' title="bbox 200 1270 1781 1348">
     <span class='ocr_line' id='line_1_12' title="bbox 200 1270 1781 1348; baseline -0.003 -17"><span class='ocrx_word' id='word_1_81' title='bbox 200 1275 435 1348; x_wconf 87' lang='lat' dir='ltr'><strong>imperet,</strong></span> <span class='ocrx_word' id='word_1_82' title='bbox 463 1289 624 1346; x_wconf 91' lang='lat' dir='ltr'><strong>quam</strong></span> <span class='ocrx_word' id='word_1_83' title='bbox 682 1272 1040 1342; x_wconf 84' lang='lat' dir='ltr'><strong>Judaismus;</strong></span> <span class='ocrx_word' id='word_1_84' title='bbox 1104 1273 1223 1331; x_wconf 90' lang='lat' dir='ltr'><strong>illic</strong></span> <span class='ocrx_word' id='word_1_85' title='bbox 1252 1273 1400 1329; x_wconf 90' lang='lat' dir='ltr'><strong>enim</strong></span> <span class='ocrx_word' id='word_1_86' title='bbox 1431 1270 1781 1330; x_wconf 85' lang='lat' dir='ltr'><strong>circumcisio</strong></span> 
     </span>
    </p>
   </div>
   <div class='ocr_carea' id='block_1_13' title="bbox 199 1361 1784 1430">
    <p class='ocr_par' dir='ltr' id='par_1_13' title="bbox 199 1361 1784 1430">
     <span class='ocr_line' id='line_1_13' title="bbox 199 1361 1784 1430; baseline -0.002 -9"><span class='ocrx_word' id='word_1_87' title='bbox 199 1363 367 1421; x_wconf 85' lang='lat' dir='ltr'><strong>carnis</strong></span> <span class='ocrx_word' id='word_1_88' title='bbox 397 1369 498 1430; x_wconf 90' lang='lat' dir='ltr'><strong>est,</strong></span> <span class='ocrx_word' id='word_1_89' title='bbox 528 1361 622 1418; x_wconf 90' lang='lat' dir='ltr'><strong>hic</strong></span> <span class='ocrx_word' id='word_1_90' title='bbox 650 1361 869 1419; x_wconf 88' lang='lat' dir='ltr'><strong>cordis:</strong></span> <span class='ocrx_word' id='word_1_91' title='bbox 905 1363 1022 1420; x_wconf 91' lang='lat' dir='ltr'><strong>illic</strong></span> <span class='ocrx_word' id='word_1_92' title='bbox 1062 1362 1165 1418; x_wconf 91' lang='lat' dir='ltr'><strong>sub</strong></span> <span class='ocrx_word' id='word_1_93' title='bbox 1210 1363 1498 1420; x_wconf 89' lang='lat' dir='ltr'><strong>elementis</strong></span> <span class='ocrx_word' id='word_1_94' title='bbox 1544 1361 1784 1419; x_wconf 81' lang='lat' dir='ltr'><strong>servitur</strong></span> 
     </span>
    </p>
   </div>
   <div class='ocr_carea' id='block_1_14' title="bbox 200 1450 1785 1526">
    <p class='ocr_par' dir='ltr' id='par_1_14' title="bbox 200 1450 1785 1526">
     <span class='ocr_line' id='line_1_14' title="bbox 200 1450 1785 1526; baseline -0.001 -16"><span class='ocrx_word' id='word_1_95' title='bbox 200 1451 489 1510; x_wconf 86' lang='lat' dir='ltr'><strong>neomeniis</strong></span> <span class='ocrx_word' id='word_1_96' title='bbox 535 1460 589 1508; x_wconf 89' lang='lat' dir='ltr'><strong>et</strong></span> <span class='ocrx_word' id='word_1_97' title='bbox 622 1450 882 1519; x_wconf 88' lang='lat' dir='ltr'><strong>Sabbato,</strong></span> <span class='ocrx_word' id='word_1_98' title='bbox 915 1451 1009 1508; x_wconf 88' lang='lat' dir='ltr'><strong>hic</strong></span> <span class='ocrx_word' id='word_1_99' title='bbox 1035 1452 1140 1508; x_wconf 88' lang='lat' dir='ltr'><strong>soli</strong></span> <span class='ocrx_word' id='word_1_100' title='bbox 1173 1454 1286 1510; x_wconf 91' lang='lat' dir='ltr'><strong>Deo</strong></span> <span class='ocrx_word' id='word_1_101' title='bbox 1312 1453 1373 1509; x_wconf 90' lang='lat' dir='ltr'><strong>in</strong></span> <span class='ocrx_word' id='word_1_102' title='bbox 1398 1453 1621 1526; x_wconf 88' lang='lat' dir='ltr'><strong>spiritu,</strong></span> <span class='ocrx_word' id='word_1_103' title='bbox 1655 1452 1785 1526; x_wconf 88' lang='lat' dir='ltr'><strong>quia</strong></span> 
     </span>
    </p>
   </div>
   <div class='ocr_carea' id='block_1_15' title="bbox 201 1540 1786 1616">
    <p class='ocr_par' dir='ltr' id='par_1_15' title="bbox 201 1540 1786 1616">
     <span class='ocr_line' id='line_1_15' title="bbox 201 1540 1786 1616; baseline -0.001 -16"><span class='ocrx_word' id='word_1_104' title='bbox 201 1541 347 1600; x_wconf 86' lang='lat' dir='ltr'><strong>corde</strong></span> <span class='ocrx_word' id='word_1_105' title='bbox 376 1541 624 1599; x_wconf 86' lang='lat' dir='ltr'><strong>creditur</strong></span> <span class='ocrx_word' id='word_1_106' title='bbox 655 1560 666 1598; x_wconf 92' lang='lat'>:</span> <span class='ocrx_word' id='word_1_107' title='bbox 694 1541 815 1599; x_wconf 89' lang='lat' dir='ltr'><strong>illic</strong></span> <span class='ocrx_word' id='word_1_108' title='bbox 852 1540 1100 1599; x_wconf 88' lang='lat' dir='ltr'><strong>conditio</strong></span> <span class='ocrx_word' id='word_1_109' title='bbox 1127 1552 1211 1600; x_wconf 89' lang='lat' dir='ltr'><strong>est</strong></span> <span class='ocrx_word' id='word_1_110' title='bbox 1237 1559 1402 1601; x_wconf 88' lang='lat' dir='ltr'><strong>causa</strong></span> <span class='ocrx_word' id='word_1_111' title='bbox 1440 1544 1670 1616; x_wconf 88' lang='lat' dir='ltr'><strong>peccati,</strong></span> <span class='ocrx_word' id='word_1_112' title='bbox 1692 1542 1786 1599; x_wconf 91' lang='lat' dir='ltr'><strong>hic</strong></span> 
     </span>
    </p>
   </div>
   <div class='ocr_carea' id='block_1_16' title="bbox 202 1630 1786 1708">
    <p class='ocr_par' dir='ltr' id='par_1_16' title="bbox 202 1630 1786 1708">
     <span class='ocr_line' id='line_1_16' title="bbox 202 1630 1786 1708; baseline 0.001 -20"><span class='ocrx_word' id='word_1_113' title='bbox 202 1633 410 1690; x_wconf 86' lang='lat' dir='ltr'><strong>libertas</strong></span> <span class='ocrx_word' id='word_1_114' title='bbox 466 1647 539 1690; x_wconf 82' lang='lat' dir='ltr'><strong>ex</strong></span> <span class='ocrx_word' id='word_1_115' title='bbox 594 1630 926 1690; x_wconf 88' lang='lat' dir='ltr'><strong>remissione</strong></span> <span class='ocrx_word' id='word_1_116' title='bbox 973 1641 1345 1704; x_wconf 87' lang='lat' dir='ltr'><strong>peccatorum.</strong></span> <span class='ocrx_word' id='word_1_117' title='bbox 1379 1633 1554 1693; x_wconf 81' lang='lat' dir='ltr'><strong>Multa</strong></span> <span class='ocrx_word' id='word_1_118' title='bbox 1602 1634 1786 1708; x_wconf 90' lang='lat' dir='ltr'><strong>itaque</strong></span> 
     </span>
    </p>
   </div>
   <div class='ocr_carea' id='block_1_17' title="bbox 201 1722 582 1780">
    <p class='ocr_par' dir='ltr' id='par_1_17' title="bbox 201 1722 582 1780">
     <span class='ocr_line' id='line_1_17' title="bbox 201 1722 582 1780; baseline -0.005 0"><span class='ocrx_word' id='word_1_119' title='bbox 201 1722 449 1780; x_wconf 85' lang='lat' dir='ltr'><strong>distantia</strong></span> <span class='ocrx_word' id='word_1_120' title='bbox 483 1729 582 1779; x_wconf 90' lang='lat' dir='ltr'><strong>est.</strong></span> 
     </span>
    </p>
   </div>
   <div class='ocr_carea' id='block_1_18' title="bbox 827 1746 1868 1878">
    <p class='ocr_par' dir='ltr' id='par_1_18' title="bbox 827 1746 1868 1878">
     <span class='ocr_line' id='line_1_18' title="bbox 827 1746 1868 1878; baseline 0.004 -1"><span class='ocrx_word' id='word_1_121' title='bbox 827 1818 1058 1878; x_wconf 82' lang='lat' dir='ltr'><strong>CAPUT</strong></span> <span class='ocrx_word' id='word_1_122' title='bbox 1077 1821 1147 1878; x_wconf 93' lang='lat' dir='ltr'><strong>II.</strong></span> <span class='ocrx_word' id='word_1_123' title='bbox 1818 1746 1868 1809; x_wconf 80' lang='grc' dir='ltr'>Β</span> 
     </span>
    </p>
   </div>
   <div class='ocr_carea' id='block_1_19' title="bbox 269 1909 1788 1986">
    <p class='ocr_par' dir='ltr' id='par_1_19' title="bbox 269 1909 1788 1986">
     <span class='ocr_line' id='line_1_19' title="bbox 269 1909 1788 1986; baseline -0.003 -16"><span class='ocrx_word' id='word_1_124' title='bbox 269 1911 454 1984; x_wconf 78' lang='lat' dir='ltr'><strong>(Vera.</strong></span> <span class='ocrx_word' id='word_1_125' title='bbox 491 1911 541 1979; x_wconf 82' lang='grc'><strong>1,</strong></span> <span class='ocrx_word' id='word_1_126' title='bbox 574 1909 653 1982; x_wconf 93' lang='grc'>2.)</span> <span class='ocrx_word' id='word_1_127' title='bbox 713 1935 732 1959; x_wconf 75' lang='grc' dir='ltr'><strong>ε</strong></span> <span class='ocrx_word' id='word_1_128' title='bbox 759 1910 973 1967; x_wconf 89' lang='lat' dir='ltr'><strong>Deinde</strong></span> <span class='ocrx_word' id='word_1_129' title='bbox 1002 1920 1127 1985; x_wconf 91' lang='lat' dir='ltr'><strong>post</strong></span> <span class='ocrx_word' id='word_1_130' title='bbox 1155 1927 1327 1969; x_wconf 89' lang='lat' dir='ltr'><strong>annos</strong></span> <span class='ocrx_word' id='word_1_131' title='bbox 1375 1910 1788 1986; x_wconf 88' lang='lat' dir='ltr'><strong>quatuordecim</strong></span> 
     </span>
    </p>
   </div>
   <div class='ocr_carea' id='block_1_20' title="bbox 201 1999 1791 2074">
    <p class='ocr_par' dir='ltr' id='par_1_20' title="bbox 201 1999 1791 2074">
     <span class='ocr_line' id='line_1_20' title="bbox 201 1999 1791 2074; baseline 0.001 -17"><span class='ocrx_word' id='word_1_132' title='bbox 201 2002 404 2058; x_wconf 88' lang='lat' dir='ltr'><strong>iterum</strong></span> <span class='ocrx_word' id='word_1_133' title='bbox 426 1999 644 2058; x_wconf 87' lang='lat' dir='ltr'><strong>ascendi</strong></span> <span class='ocrx_word' id='word_1_134' title='bbox 675 2000 1116 2074; x_wconf 89' lang='lat' dir='ltr'><strong>Hierosolymam</strong></span> <span class='ocrx_word' id='word_1_135' title='bbox 1145 2017 1272 2059; x_wconf 91' lang='lat' dir='ltr'><strong>cum</strong></span> <span class='ocrx_word' id='word_1_136' title='bbox 1285 2000 1554 2072; x_wconf 90' lang='lat' dir='ltr'><strong>Barnaba,</strong></span> <span class='ocrx_word' id='word_1_137' title='bbox 1585 2017 1791 2058; x_wconf 81' lang='lat' dir='ltr'><strong>assum-</strong></span> 
     </span>
    </p>
   </div>
   <div class='ocr_carea' id='block_1_21' title="bbox 199 2090 1786 2164">
    <p class='ocr_par' dir='ltr' id='par_1_21' title="bbox 199 2090 1786 2164">
     <span class='ocr_line' id='line_1_21' title="bbox 199 2090 1786 2164; baseline 0 -17"><span class='ocrx_word' id='word_1_138' title='bbox 199 2098 289 2164; x_wconf 90' lang='lat' dir='ltr'><strong>pto</strong></span> <span class='ocrx_word' id='word_1_139' title='bbox 316 2100 370 2147; x_wconf 90' lang='lat' dir='ltr'><strong>et</strong></span> <span class='ocrx_word' id='word_1_140' title='bbox 402 2090 544 2146; x_wconf 87' lang='lat' dir='ltr'><strong>Tito.</strong></span> <span class='ocrx_word' id='word_1_141' title='bbox 562 2090 798 2147; x_wconf 81' lang='lat' dir='ltr'><strong>Ascendi</strong></span> <span class='ocrx_word' id='word_1_142' title='bbox 832 2098 1020 2148; x_wconf 89' lang='lat' dir='ltr'><strong>autem</strong></span> <span class='ocrx_word' id='word_1_143' title='bbox 1039 2091 1345 2149; x_wconf 89' lang='lat' dir='ltr'><strong>secundum</strong></span> <span class='ocrx_word' id='word_1_144' title='bbox 1373 2091 1786 2162; x_wconf 90' lang='lat' dir='ltr'><strong>revelationem,</strong></span> 
     </span>
    </p>
   </div>
   <div class='ocr_carea' id='block_1_22' title="bbox 197 2179 1789 2255">
    <p class='ocr_par' dir='ltr' id='par_1_22' title="bbox 197 2179 1789 2255">
     <span class='ocr_line' id='line_1_22' title="bbox 197 2179 1789 2255; baseline 0.001 -19"><span class='ocrx_word' id='word_1_145' title='bbox 197 2189 245 2236; x_wconf 88' lang='lat' dir='ltr'><strong>et</strong></span> <span class='ocrx_word' id='word_1_146' title='bbox 267 2179 499 2254; x_wconf 81' lang='lat' dir='ltr'><strong>exposui</strong></span> <span class='ocrx_word' id='word_1_147' title='bbox 532 2180 647 2236; x_wconf 82' lang='lat' dir='ltr'><strong>illis</strong></span> <span class='ocrx_word' id='word_1_148' title='bbox 691 2181 1058 2254; x_wconf 87' lang='lat' dir='ltr'><strong>Evangelium</strong></span> <span class='ocrx_word' id='word_1_149' title='bbox 1111 2181 1253 2253; x_wconf 88' lang='grc'>(50),</span> <span class='ocrx_word' id='word_1_150' title='bbox 1288 2181 1435 2254; x_wconf 90' lang='lat' dir='ltr'><strong>quod</strong></span> <span class='ocrx_word' id='word_1_151' title='bbox 1462 2180 1700 2255; x_wconf 64' lang='lat' dir='ltr'><strong>praedico</strong></span> <span class='ocrx_word' id='word_1_152' title='bbox 1730 2180 1789 2237; x_wconf 91' lang='lat' dir='ltr'><strong>in</strong></span> 
     </span>
    </p>
   </div>
   <div class='ocr_carea' id='block_1_23' title="bbox 199 2270 1790 2345">
    <p class='ocr_par' dir='ltr' id='par_1_23' title="bbox 199 2270 1790 2345">
     <span class='ocr_line' id='line_1_23' title="bbox 199 2270 1790 2345; baseline 0.001 -18"><span class='ocrx_word' id='word_1_153' title='bbox 199 2271 465 2345; x_wconf 79' lang='lat' dir='ltr'><strong>gentibus,</strong></span> <span class='ocrx_word' id='word_1_154' title='bbox 505 2277 720 2328; x_wconf 88' lang='lat' dir='ltr'><strong>secreto</strong></span> <span class='ocrx_word' id='word_1_155' title='bbox 749 2277 972 2327; x_wconf 88' lang='lat' dir='ltr'><strong>autem:</strong></span> <span class='ocrx_word' id='word_1_156' title='bbox 1025 2270 1113 2327; x_wconf 91' lang='lat' dir='ltr'><strong>his</strong></span> <span class='ocrx_word' id='word_1_157' title='bbox 1141 2271 1238 2344; x_wconf 92' lang='lat' dir='ltr'><strong>qui</strong></span> <span class='ocrx_word' id='word_1_158' title='bbox 1277 2271 1491 2345; x_wconf 90' lang='lat' dir='ltr'><strong>aliquid</strong></span> <span class='ocrx_word' id='word_1_159' title='bbox 1546 2287 1661 2329; x_wconf 89' lang='lat' dir='ltr'><strong>esse</strong></span> <span class='ocrx_word' id='word_1_160' title='bbox 1691 2271 1790 2328; x_wconf 91' lang='lat' dir='ltr'><strong>vi-</strong></span> 
     </span>
    </p>
   </div>
   <div class='ocr_carea' id='block_1_24' title="bbox 197 2358 1792 2429">
    <p class='ocr_par' dir='ltr' id='par_1_24' title="bbox 197 2358 1792 2429">
     <span class='ocr_line' id='line_1_24' title="bbox 197 2358 1792 2429; baseline -0.001 -12"><span class='ocrx_word' id='word_1_161' title='bbox 197 2358 462 2417; x_wconf 86' lang='lat' dir='ltr'><strong>debantur</strong></span> <span class='ocrx_word' id='word_1_162' title='bbox 483 2378 498 2428; x_wconf 88' lang='lat'><strong>;</strong></span> <span class='ocrx_word' id='word_1_163' title='bbox 517 2376 587 2416; x_wconf 88' lang='lat' dir='ltr'><strong>ne</strong></span> <span class='ocrx_word' id='word_1_164' title='bbox 617 2360 761 2416; x_wconf 87' lang='lat' dir='ltr'><strong>forte</strong></span> <span class='ocrx_word' id='word_1_165' title='bbox 790 2359 850 2415; x_wconf 91' lang='lat' dir='ltr'><strong>in</strong></span> <span class='ocrx_word' id='word_1_166' title='bbox 878 2375 1116 2416; x_wconf 90' lang='lat' dir='ltr'><strong>vacuum</strong></span> <span class='ocrx_word' id='word_1_167' title='bbox 1147 2375 1443 2429; x_wconf 72' lang='lat' dir='ltr'><strong>currerent,</strong></span> <span class='ocrx_word' id='word_1_168' title='bbox 1479 2368 1573 2416; x_wconf 90' lang='lat' dir='ltr'><strong>aut</strong></span> <span class='ocrx_word' id='word_1_169' title='bbox 1599 2375 1792 2418; x_wconf 87' lang='lat' dir='ltr'><strong>cucur-</strong></span> 
     </span>
    </p>
   </div>
   <div class='ocr_carea' id='block_1_25' title="bbox 199 2450 1794 2523">
    <p class='ocr_par' dir='ltr' id='par_1_25' title="bbox 199 2450 1794 2523">
     <span class='ocr_line' id='line_1_25' title="bbox 199 2450 1794 2523; baseline -0.001 -15"><span class='ocrx_word' id='word_1_170' title='bbox 199 2451 409 2508; x_wconf 88' lang='lat' dir='ltr'><strong>rissem.</strong></span> <span class='ocrx_word' id='word_1_171' title='bbox 437 2476 457 2500; x_wconf 78' lang='grc'><strong>»</strong></span> <span class='ocrx_word' id='word_1_172' title='bbox 527 2450 800 2518; x_wconf 87' lang='lat' dir='ltr'><strong>Quoniam</strong></span> <span class='ocrx_word' id='word_1_173' title='bbox 845 2451 1022 2507; x_wconf 91' lang='lat' dir='ltr'><strong>multo</strong></span> <span class='ocrx_word' id='word_1_174' title='bbox 1060 2459 1306 2523; x_wconf 89' lang='lat' dir='ltr'><strong>tempore</strong></span> <span class='ocrx_word' id='word_1_175' title='bbox 1338 2450 1484 2506; x_wconf 84' lang='lat' dir='ltr'><strong>fama</strong></span> <span class='ocrx_word' id='word_1_176' title='bbox 1512 2451 1630 2523; x_wconf 86' lang='lat' dir='ltr'><strong>ejus</strong></span> <span class='ocrx_word' id='word_1_177' title='bbox 1666 2467 1794 2509; x_wconf 87' lang='lat' dir='ltr'><strong>cre-</strong></span> 
     </span>
    </p>
   </div>
   <div class='ocr_carea' id='block_1_26' title="bbox 199 2538 1796 2612">
    <p class='ocr_par' dir='ltr' id='par_1_26' title="bbox 199 2538 1796 2612">
     <span class='ocr_line' id='line_1_26' title="bbox 199 2538 1796 2612; baseline -0.001 -14"><span class='ocrx_word' id='word_1_178' title='bbox 199 2540 490 2598; x_wconf 87' lang='lat' dir='ltr'><strong>brescebat</strong></span> <span class='ocrx_word' id='word_1_179' title='bbox 534 2539 681 2612; x_wconf 88' lang='lat' dir='ltr'><strong>apud</strong></span> <span class='ocrx_word' id='word_1_180' title='bbox 709 2555 900 2596; x_wconf 88' lang='lat' dir='ltr'><strong>omnes</strong></span> <span class='ocrx_word' id='word_1_181' title='bbox 956 2538 1196 2609; x_wconf 78' lang='lat' dir='ltr'><strong>Iudaeos,</strong></span> <span class='ocrx_word' id='word_1_182' title='bbox 1246 2539 1385 2596; x_wconf 88' lang='lat' dir='ltr'><strong>facie</strong></span> <span class='ocrx_word' id='word_1_183' title='bbox 1432 2546 1614 2595; x_wconf 87' lang='lat' dir='ltr'><strong>autem</strong></span> <span class='ocrx_word' id='word_1_184' title='bbox 1683 2557 1796 2596; x_wconf 92' lang='lat' dir='ltr'><strong>non</strong></span> 
     </span>
    </p>
   </div>
   <div class='ocr_carea' id='block_1_27' title="bbox 196 2629 1796 2704">
    <p class='ocr_par' dir='ltr' id='par_1_27' title="bbox 196 2629 1796 2704">
     <span class='ocr_line' id='line_1_27' title="bbox 196 2629 1796 2704; baseline 0.002 -20"><span class='ocrx_word' id='word_1_185' title='bbox 196 2630 510 2701; x_wconf 80' lang='lat' dir='ltr'><strong>videbatur,</strong></span> <span class='ocrx_word' id='word_1_186' title='bbox 542 2629 959 2704; x_wconf 86' lang='lat' dir='ltr'><strong>perambulabat</strong></span> <span class='ocrx_word' id='word_1_187' title='bbox 987 2630 1136 2686; x_wconf 91' lang='lat' dir='ltr'><strong>enim</strong></span> <span class='ocrx_word' id='word_1_188' title='bbox 1188 2629 1421 2686; x_wconf 89' lang='lat' dir='ltr'><strong>fundare</strong></span> <span class='ocrx_word' id='word_1_189' title='bbox 1447 2638 1502 2687; x_wconf 90' lang='lat' dir='ltr'><strong>et</strong></span> <span class='ocrx_word' id='word_1_190' title='bbox 1540 2629 1796 2687; x_wconf 88' lang='lat' dir='ltr'><strong>roborare</strong></span> 
     </span>
    </p>
   </div>
   <div class='ocr_carea' id='block_1_28' title="bbox 196 2719 1798 2793">
    <p class='ocr_par' dir='ltr' id='par_1_28' title="bbox 196 2719 1798 2793">
     <span class='ocr_line' id='line_1_28' title="bbox 196 2719 1798 2793; baseline 0 -17"><span class='ocrx_word' id='word_1_191' title='bbox 196 2720 502 2778; x_wconf 87' lang='lat' dir='ltr'><strong>Ecclesiam</strong></span> <span class='ocrx_word' id='word_1_192' title='bbox 561 2720 678 2793; x_wconf 84' lang='grc'>(51)</span> <span class='ocrx_word' id='word_1_193' title='bbox 735 2720 900 2776; x_wconf 88' lang='lat' dir='ltr'><strong>solita</strong></span> <span class='ocrx_word' id='word_1_194' title='bbox 954 2720 1262 2777; x_wconf 87' lang='lat' dir='ltr'><strong>constantia</strong></span> <span class='ocrx_word' id='word_1_195' title='bbox 1301 2719 1448 2776; x_wconf 90' lang='lat' dir='ltr'><strong>inter</strong></span> <span class='ocrx_word' id='word_1_196' title='bbox 1501 2728 1722 2793; x_wconf 80' lang='lat' dir='ltr'><strong>gentes:</strong></span> <span class='ocrx_word' id='word_1_197' title='bbox 1766 2736 1798 2776; x_wconf 86' lang='lat' dir='ltr'><strong>a</strong></span> 
     </span>
    </p>
   </div>
   <div class='ocr_carea' id='block_1_29' title="bbox 194 2812 1793 2886">
    <p class='ocr_par' dir='ltr' id='par_1_29' title="bbox 194 2812 1793 2886">
     <span class='ocr_line' id='line_1_29' title="bbox 194 2812 1793 2886; baseline 0 -17"><span class='ocrx_word' id='word_1_198' title='bbox 194 2813 400 2872; x_wconf 74' lang='lat' dir='ltr'><strong>Iudaeis</strong></span> <span class='ocrx_word' id='word_1_199' title='bbox 452 2821 638 2870; x_wconf 89' lang='lat' dir='ltr'><strong>autem</strong></span> <span class='ocrx_word' id='word_1_200' title='bbox 667 2829 834 2872; x_wconf 88' lang='lat' dir='ltr'><strong>causa</strong></span> <span class='ocrx_word' id='word_1_201' title='bbox 890 2813 1026 2886; x_wconf 87' lang='lat' dir='ltr'><strong>legis</strong></span> <span class='ocrx_word' id='word_1_202' title='bbox 1055 2814 1200 2869; x_wconf 89' lang='lat' dir='ltr'><strong>mala</strong></span> <span class='ocrx_word' id='word_1_203' title='bbox 1228 2813 1313 2869; x_wconf 91' lang='lat' dir='ltr'><strong>illi</strong></span> <span class='ocrx_word' id='word_1_204' title='bbox 1368 2812 1536 2869; x_wconf 89' lang='lat' dir='ltr'><strong>ﬁebat</strong></span> <span class='ocrx_word' id='word_1_205' title='bbox 1580 2813 1793 2886; x_wconf 91' lang='lat' dir='ltr'><strong>opinio,</strong></span> 
     </span>
    </p>
   </div>
   <div class='ocr_carea' id='block_1_30' title="bbox 194 2901 1799 2977">
    <p class='ocr_par' dir='ltr' id='par_1_30' title="bbox 194 2901 1799 2977">
     <span class='ocr_line' id='line_1_30' title="bbox 194 2901 1799 2977; baseline -0.002 -17"><span class='ocrx_word' id='word_1_206' title='bbox 194 2906 337 2977; x_wconf 84' lang='lat' dir='ltr'><strong>quasi</strong></span> <span class='ocrx_word' id='word_1_207' title='bbox 405 2902 745 2961; x_wconf 89' lang='lat' dir='ltr'><strong>discordaret</strong></span> <span class='ocrx_word' id='word_1_208' title='bbox 772 2920 804 2959; x_wconf 92' lang='lat' dir='ltr'><strong>a</strong></span> <span class='ocrx_word' id='word_1_209' title='bbox 843 2901 1232 2976; x_wconf 74' lang='lat' dir='ltr'><strong>praedicatione</strong></span> <span class='ocrx_word' id='word_1_210' title='bbox 1290 2910 1614 2960; x_wconf 69' lang='lat' dir='ltr'><strong>caeterorum</strong></span> <span class='ocrx_word' id='word_1_211' title='bbox 1657 2917 1799 2974; x_wconf 90' lang='lat' dir='ltr'><strong>apo-</strong></span> 
     </span>
    </p>
   </div>
   <div class='ocr_carea' id='block_1_31' title="bbox 190 2993 1797 3066">
    <p class='ocr_par' dir='ltr' id='par_1_31' title="bbox 190 2993 1797 3066">
     <span class='ocr_line' id='line_1_31' title="bbox 190 2993 1797 3066; baseline -0.001 -16"><span class='ocrx_word' id='word_1_212' title='bbox 190 2997 506 3064; x_wconf 73' lang='lat' dir='ltr'><strong>stolorum;</strong></span> <span class='ocrx_word' id='word_1_213' title='bbox 548 3003 604 3051; x_wconf 89' lang='lat' dir='ltr'><strong>et</strong></span> <span class='ocrx_word' id='word_1_214' title='bbox 653 2995 787 3052; x_wconf 89' lang='lat' dir='ltr'><strong>hinc</strong></span> <span class='ocrx_word' id='word_1_215' title='bbox 838 2995 1004 3050; x_wconf 87' lang='lat' dir='ltr'><strong>ﬁebat</strong></span> <span class='ocrx_word' id='word_1_216' title='bbox 1055 2993 1250 3050; x_wconf 88' lang='lat' dir='ltr'><strong>multis</strong></span> <span class='ocrx_word' id='word_1_217' title='bbox 1277 2994 1591 3066; x_wconf 89' lang='lat' dir='ltr'><strong>scrupulus,</strong></span> <span class='ocrx_word' id='word_1_218' title='bbox 1638 2994 1713 3048; x_wconf 88' lang='lat' dir='ltr'><strong>ita</strong></span> <span class='ocrx_word' id='word_1_219' title='bbox 1735 2999 1797 3048; x_wconf 90' lang='lat' dir='ltr'><strong>ut</strong></span> 
     </span>
    </p>
   </div>
   <div class='ocr_carea' id='block_1_32' title="bbox 190 3083 1878 3183">
    <p class='ocr_par' dir='ltr' id='par_1_32' title="bbox 190 3083 1878 3183">
     <span class='ocr_line' id='line_1_32' title="bbox 190 3083 1878 3183; baseline -0.002 -41"><span class='ocrx_word' id='word_1_220' title='bbox 190 3095 365 3158; x_wconf 82' lang='lat' dir='ltr'><strong>gentes</strong></span> <span class='ocrx_word' id='word_1_221' title='bbox 443 3095 667 3159; x_wconf 88' lang='lat' dir='ltr'><strong>possent</strong></span> <span class='ocrx_word' id='word_1_222' title='bbox 710 3085 1042 3158; x_wconf 88' lang='lat' dir='ltr'><strong>perturbari,</strong></span> <span class='ocrx_word' id='word_1_223' title='bbox 1076 3100 1144 3141; x_wconf 90' lang='lat' dir='ltr'><strong>ne</strong></span> <span class='ocrx_word' id='word_1_224' title='bbox 1175 3084 1235 3139; x_wconf 91' lang='lat' dir='ltr'><strong>in</strong></span> <span class='ocrx_word' id='word_1_225' title='bbox 1261 3083 1415 3139; x_wconf 90' lang='lat' dir='ltr'><strong>aliud</strong></span> <span class='ocrx_word' id='word_1_226' title='bbox 1451 3083 1795 3139; x_wconf 90' lang='lat' dir='ltr'><strong>induceren-</strong></span> <span class='ocrx_word' id='word_1_227' title='bbox 1833 3121 1878 3183; x_wconf 64' lang='grc' dir='ltr'>Ο</span> 
     </span>
    </p>
   </div>
   <div class='ocr_carea' id='block_1_33' title="bbox 185 3171 1800 3248">
    <p class='ocr_par' dir='ltr' id='par_1_33' title="bbox 185 3171 1800 3248">
     <span class='ocr_line' id='line_1_33' title="bbox 185 3171 1800 3248; baseline -0.004 -16"><span class='ocrx_word' id='word_1_228' title='bbox 185 3185 271 3233; x_wconf 82' lang='grc' dir='ltr'>ιιιι·</span> <span class='ocrx_word' id='word_1_229' title='bbox 299 3178 368 3234; x_wconf 86' lang='lat' dir='ltr'><strong>ab</strong></span> <span class='ocrx_word' id='word_1_230' title='bbox 413 3193 506 3245; x_wconf 90' lang='lat' dir='ltr'><strong>eo,</strong></span> <span class='ocrx_word' id='word_1_231' title='bbox 566 3191 730 3248; x_wconf 89' lang='lat' dir='ltr'><strong>quam</strong></span> <span class='ocrx_word' id='word_1_232' title='bbox 787 3174 1079 3232; x_wconf 87' lang='lat' dir='ltr'><strong>tradebant</strong></span> <span class='ocrx_word' id='word_1_233' title='bbox 1108 3171 1363 3246; x_wconf 90' lang='lat' dir='ltr'><strong>apostoli,</strong></span> <span class='ocrx_word' id='word_1_234' title='bbox 1395 3173 1490 3245; x_wconf 90' lang='lat' dir='ltr'><strong>qui</strong></span> <span class='ocrx_word' id='word_1_235' title='bbox 1520 3188 1646 3230; x_wconf 92' lang='lat' dir='ltr'><strong>cum</strong></span> <span class='ocrx_word' id='word_1_236' title='bbox 1677 3173 1800 3227; x_wconf 90' lang='lat' dir='ltr'><strong>Do—</strong></span> 
     </span>
    </p>
   </div>
   <div class='ocr_carea' id='block_1_34' title="bbox 190 3261 1800 3338">
    <p class='ocr_par' dir='ltr' id='par_1_34' title="bbox 190 3261 1800 3338">
     <span class='ocr_line' id='line_1_34' title="bbox 190 3261 1800 3338; baseline -0.003 -16"><span class='ocrx_word' id='word_1_237' title='bbox 190 3267 334 3324; x_wconf 89' lang='lat' dir='ltr'><strong>mino</strong></span> <span class='ocrx_word' id='word_1_238' title='bbox 392 3267 648 3324; x_wconf 75' lang='lat' dir='ltr'><strong>fuerant.</strong></span> <span class='ocrx_word' id='word_1_239' title='bbox 693 3264 831 3322; x_wconf 89' lang='lat' dir='ltr'><strong>Nam</strong></span> <span class='ocrx_word' id='word_1_240' title='bbox 879 3264 998 3338; x_wconf 92' lang='lat' dir='ltr'><strong>ipsa</strong></span> <span class='ocrx_word' id='word_1_241' title='bbox 1045 3263 1334 3320; x_wconf 87' lang='lat' dir='ltr'><strong>occasione</strong></span> <span class='ocrx_word' id='word_1_242' title='bbox 1363 3261 1613 3318; x_wconf 86' lang='lat' dir='ltr'><strong>subversi</strong></span> <span class='ocrx_word' id='word_1_243' title='bbox 1668 3268 1800 3318; x_wconf 91' lang='lat' dir='ltr'><strong>sunt</strong></span> 
     </span>
    </p>
   </div>
   <div class='ocr_carea' id='block_1_35' title="bbox 188 3341 1804 3427">
    <p class='ocr_par' dir='ltr' id='par_1_35' title="bbox 188 3341 1804 3427">
     <span class='ocr_line' id='line_1_35' title="bbox 188 3341 1804 3427; baseline -0.002 -15"><span class='ocrx_word' id='word_1_244' title='bbox 188 3356 390 3414; x_wconf 82' lang='lat' dir='ltr'><strong>Galatae</strong></span> <span class='ocrx_word' id='word_1_245' title='bbox 439 3375 477 3412; x_wconf 89' lang='lat' dir='ltr'><strong>a</strong></span> <span class='ocrx_word' id='word_1_246' title='bbox 529 3355 756 3422; x_wconf 74' lang='lat' dir='ltr'><strong>Iudaeis,</strong></span> <span class='ocrx_word' id='word_1_247' title='bbox 814 3341 1127 3412; x_wconf 81' lang='lat' dir='ltr'><strong>dicentibus</strong></span> <span class='ocrx_word' id='word_1_248' title='bbox 1175 3352 1306 3427; x_wconf 90' lang='lat' dir='ltr'><strong>quia</strong></span> <span class='ocrx_word' id='word_1_249' title='bbox 1353 3351 1506 3409; x_wconf 91' lang='lat' dir='ltr'><strong>aliud</strong></span> <span class='ocrx_word' id='word_1_250' title='bbox 1553 3350 1804 3409; x_wconf 87' lang='lat' dir='ltr'><strong>tradebat</strong></span> 
     </span>
    </p>
   </div>
   <div class='ocr_carea' id='block_1_36' title="bbox 188 3441 1801 3520">
    <p class='ocr_par' dir='ltr' id='par_1_36' title="bbox 188 3441 1801 3520">
     <span class='ocr_line' id='line_1_36' title="bbox 188 3441 1801 3520; baseline -0.002 -19"><span class='ocrx_word' id='word_1_251' title='bbox 188 3445 398 3518; x_wconf 87' lang='lat' dir='ltr'><strong>Petrus,</strong></span> <span class='ocrx_word' id='word_1_252' title='bbox 443 3462 620 3520; x_wconf 89' lang='lat' dir='ltr'><strong>quam</strong></span> <span class='ocrx_word' id='word_1_253' title='bbox 665 3446 908 3513; x_wconf 89' lang='lat' dir='ltr'><strong>Paulus;</strong></span> <span class='ocrx_word' id='word_1_254' title='bbox 959 3445 1092 3502; x_wconf 91' lang='lat' dir='ltr'><strong>hinc</strong></span> <span class='ocrx_word' id='word_1_255' title='bbox 1139 3444 1349 3500; x_wconf 87' lang='lat' dir='ltr'><strong>factum</strong></span> <span class='ocrx_word' id='word_1_256' title='bbox 1377 3449 1460 3499; x_wconf 89' lang='lat' dir='ltr'><strong>est</strong></span> <span class='ocrx_word' id='word_1_257' title='bbox 1505 3449 1569 3499; x_wconf 92' lang='lat' dir='ltr'><strong>ut</strong></span> <span class='ocrx_word' id='word_1_258' title='bbox 1599 3441 1801 3498; x_wconf 88' lang='lat' dir='ltr'><strong>admo-</strong></span> 
     </span>
    </p>
   </div>
   <div class='ocr_carea' id='block_1_37' title="bbox 184 3533 1804 3606">
    <p class='ocr_par' dir='ltr' id='par_1_37' title="bbox 184 3533 1804 3606">
     <span class='ocr_line' id='line_1_37' title="bbox 184 3533 1804 3606; baseline -0.002 -14"><span class='ocrx_word' id='word_1_259' title='bbox 184 3536 330 3594; x_wconf 83' lang='lat' dir='ltr'><strong>nitus</strong></span> <span class='ocrx_word' id='word_1_260' title='bbox 355 3537 714 3596; x_wconf 89' lang='lat' dir='ltr'><strong>revelatione</strong></span> <span class='ocrx_word' id='word_1_261' title='bbox 743 3535 969 3594; x_wconf 90' lang='lat' dir='ltr'><strong>Domini</strong></span> <span class='ocrx_word' id='word_1_262' title='bbox 999 3534 1316 3593; x_wconf 89' lang='lat' dir='ltr'><strong>ascenderet</strong></span> <span class='ocrx_word' id='word_1_263' title='bbox 1363 3533 1804 3606; x_wconf 88' lang='lat' dir='ltr'><strong>Hierosolymam</strong></span> 
     </span>
    </p>
   </div>
   <div class='ocr_carea' id='block_1_38' title="bbox 182 3622 1806 3700">
    <p class='ocr_par' dir='ltr' id='par_1_38' title="bbox 182 3622 1806 3700">
     <span class='ocr_line' id='line_1_38' title="bbox 182 3622 1806 3700; baseline -0.004 -17"><span class='ocrx_word' id='word_1_264' title='bbox 182 3643 304 3683; x_wconf 87' lang='lat' dir='ltr'><strong>cum</strong></span> <span class='ocrx_word' id='word_1_265' title='bbox 370 3625 623 3685; x_wconf 88' lang='lat' dir='ltr'><strong>testibus</strong></span> <span class='ocrx_word' id='word_1_266' title='bbox 678 3624 1088 3700; x_wconf 74' lang='lat' dir='ltr'><strong>praedicationis</strong></span> <span class='ocrx_word' id='word_1_267' title='bbox 1143 3642 1276 3694; x_wconf 82' lang='lat' dir='ltr'><strong>suae,</strong></span> <span class='ocrx_word' id='word_1_268' title='bbox 1317 3623 1376 3682; x_wconf 91' lang='lat' dir='ltr'><strong>id</strong></span> <span class='ocrx_word' id='word_1_269' title='bbox 1418 3631 1500 3681; x_wconf 88' lang='lat' dir='ltr'><strong>est</strong></span> <span class='ocrx_word' id='word_1_270' title='bbox 1557 3622 1806 3679; x_wconf 88' lang='lat' dir='ltr'><strong>Barnaba</strong></span> 
     </span>
    </p>
   </div>
   <div class='ocr_carea' id='block_1_39' title="bbox 179 3716 1804 3794">
    <p class='ocr_par' dir='ltr' id='par_1_39' title="bbox 179 3716 1804 3794">
     <span class='ocr_line' id='line_1_39' title="bbox 179 3716 1804 3794; baseline -0.002 -18"><span class='ocrx_word' id='word_1_271' title='bbox 179 3727 229 3776; x_wconf 89' lang='lat' dir='ltr'><strong>et</strong></span> <span class='ocrx_word' id='word_1_272' title='bbox 260 3721 419 3791; x_wconf 87' lang='lat' dir='ltr'><strong>Tito,</strong></span> <span class='ocrx_word' id='word_1_273' title='bbox 448 3738 570 3778; x_wconf 90' lang='lat' dir='ltr'><strong>uno</strong></span> <span class='ocrx_word' id='word_1_274' title='bbox 608 3737 677 3778; x_wconf 86' lang='lat' dir='ltr'><strong>ex</strong></span> <span class='ocrx_word' id='word_1_275' title='bbox 703 3722 915 3792; x_wconf 78' lang='lat' dir='ltr'><strong>Iudaeo,</strong></span> <span class='ocrx_word' id='word_1_276' title='bbox 943 3731 1000 3780; x_wconf 89' lang='lat' dir='ltr'><strong>et</strong></span> <span class='ocrx_word' id='word_1_277' title='bbox 1055 3723 1229 3780; x_wconf 91' lang='lat' dir='ltr'><strong>altero</strong></span> <span class='ocrx_word' id='word_1_278' title='bbox 1261 3737 1332 3778; x_wconf 82' lang='lat' dir='ltr'><strong>ex</strong></span> <span class='ocrx_word' id='word_1_279' title='bbox 1396 3718 1591 3794; x_wconf 79' lang='lat' dir='ltr'><strong>gentili</strong></span> <span class='ocrx_word' id='word_1_280' title='bbox 1615 3737 1634 3785; x_wconf 89' lang='lat'><strong><em>;</em></strong></span> <span class='ocrx_word' id='word_1_281' title='bbox 1664 3727 1727 3775; x_wconf 89' lang='grc' dir='ltr'><strong>ιιι</strong></span> <span class='ocrx_word' id='word_1_282' title='bbox 1755 3716 1804 3772; x_wconf 93' lang='lat' dir='ltr'><strong>si</strong></span> 
     </span>
    </p>
   </div>
   <div class='ocr_carea' id='block_1_40' title="bbox 178 3808 1806 3883">
    <p class='ocr_par' dir='ltr' id='par_1_40' title="bbox 178 3808 1806 3883">
     <span class='ocr_line' id='line_1_40' title="bbox 178 3808 1806 3883; baseline -0.001 -17"><span class='ocrx_word' id='word_1_283' title='bbox 178 3812 270 3883; x_wconf 87' lang='lat' dir='ltr'><strong>qui</strong></span> <span class='ocrx_word' id='word_1_284' title='bbox 300 3811 378 3868; x_wconf 87' lang='lat' dir='ltr'><strong>de</strong></span> <span class='ocrx_word' id='word_1_285' title='bbox 443 3827 514 3867; x_wconf 92' lang='lat' dir='ltr'><strong>eo</strong></span> <span class='ocrx_word' id='word_1_286' title='bbox 542 3809 809 3869; x_wconf 88' lang='lat' dir='ltr'><strong>haberent</strong></span> <span class='ocrx_word' id='word_1_287' title='bbox 862 3810 1205 3881; x_wconf 89' lang='lat' dir='ltr'><strong>scandalum,</strong></span> <span class='ocrx_word' id='word_1_288' title='bbox 1251 3810 1453 3867; x_wconf 92' lang='lat' dir='ltr'><strong>horum</strong></span> <span class='ocrx_word' id='word_1_289' title='bbox 1482 3808 1806 3865; x_wconf 89' lang='lat' dir='ltr'><strong>testimonio</strong></span> 
     </span>
    </p>
   </div>
   <div class='ocr_carea' id='block_1_41' title="bbox 178 3899 1801 3974">
    <p class='ocr_par' dir='ltr' id='par_1_41' title="bbox 178 3899 1801 3974">
     <span class='ocr_line' id='line_1_41' title="bbox 178 3899 1801 3974; baseline -0.002 -17"><span class='ocrx_word' id='word_1_290' title='bbox 178 3901 510 3968; x_wconf 84' lang='lat' dir='ltr'><strong>tolleretur,</strong></span> <span class='ocrx_word' id='word_1_291' title='bbox 547 3901 868 3974; x_wconf 88' lang='lat' dir='ltr'><strong>adaperiens</strong></span> <span class='ocrx_word' id='word_1_292' title='bbox 925 3903 1039 3959; x_wconf 91' lang='lat' dir='ltr'><strong>illis</strong></span> <span class='ocrx_word' id='word_1_293' title='bbox 1083 3919 1308 3959; x_wconf 88' lang='lat' dir='ltr'><strong>sensum</strong></span> <span class='ocrx_word' id='word_1_294' title='bbox 1386 3899 1801 3974; x_wconf 69' lang='lat' dir='ltr'><strong>praedicationis</strong></span> 
     </span>
    </p>
   </div>
   <div class='ocr_carea' id='block_1_42' title="bbox 168 3988 1808 4060">
    <p class='ocr_par' dir='ltr' id='par_1_42' title="bbox 168 3988 1808 4060">
     <span class='ocr_line' id='line_1_42' title="bbox 168 3988 1808 4060; baseline -0.001 -14"><span class='ocrx_word' id='word_1_295' title='bbox 168 4006 305 4047; x_wconf 66' lang='lat' dir='ltr'><strong>suae.</strong></span> <span class='ocrx_word' id='word_1_296' title='bbox 345 3991 508 4048; x_wconf 87' lang='lat' dir='ltr'><strong>Cum</strong></span> <span class='ocrx_word' id='word_1_297' title='bbox 566 3991 828 4060; x_wconf 91' lang='lat' dir='ltr'><strong>apostolis</strong></span> <span class='ocrx_word' id='word_1_298' title='bbox 859 4005 990 4046; x_wconf 90' lang='lat' dir='ltr'><strong>vero</strong></span> <span class='ocrx_word' id='word_1_299' title='bbox 1039 4000 1247 4048; x_wconf 89' lang='lat' dir='ltr'><strong>secreto</strong></span> <span class='ocrx_word' id='word_1_300' title='bbox 1276 3991 1516 4047; x_wconf 88' lang='lat' dir='ltr'><strong>contulit</strong></span> <span class='ocrx_word' id='word_1_301' title='bbox 1549 4007 1561 4046; x_wconf 89' lang='lat'>:</span> <span class='ocrx_word' id='word_1_302' title='bbox 1598 3996 1660 4045; x_wconf 90' lang='lat' dir='ltr'><strong>ut</strong></span> <span class='ocrx_word' id='word_1_303' title='bbox 1687 3988 1808 4045; x_wconf 92' lang='lat' dir='ltr'><strong>sci-</strong></span> 
     </span>
    </p>
   </div>
   <div class='ocr_carea' id='block_1_43' title="bbox 168 4075 1807 4153">
    <p class='ocr_par' dir='ltr' id='par_1_43' title="bbox 168 4075 1807 4153">
     <span class='ocr_line' id='line_1_43' title="bbox 168 4075 1807 4153; baseline -0.001 -18"><span class='ocrx_word' id='word_1_304' title='bbox 168 4090 299 4138; x_wconf 84' lang='lat' dir='ltr'><strong>rent</strong></span> <span class='ocrx_word' id='word_1_305' title='bbox 337 4092 477 4134; x_wconf 85' lang='lat' dir='ltr'><strong>non</strong></span> <span class='ocrx_word' id='word_1_306' title='bbox 509 4075 666 4129; x_wconf 89' lang='lat' dir='ltr'><strong>illum</strong></span> <span class='ocrx_word' id='word_1_307' title='bbox 716 4075 1030 4132; x_wconf 89' lang='lat' dir='ltr'><strong>discordare</strong></span> <span class='ocrx_word' id='word_1_308' title='bbox 1056 4094 1087 4132; x_wconf 89' lang='lat' dir='ltr'><strong>a</strong></span> <span class='ocrx_word' id='word_1_309' title='bbox 1112 4080 1304 4151; x_wconf 89' lang='lat' dir='ltr'><strong>regula</strong></span> <span class='ocrx_word' id='word_1_310' title='bbox 1331 4078 1668 4153; x_wconf 89' lang='lat' dir='ltr'><strong>evangelica,</strong></span> <span class='ocrx_word' id='word_1_311' title='bbox 1701 4077 1807 4134; x_wconf 89' lang='lat' dir='ltr'><strong>hoc</strong></span> 
     </span>
    </p>
   </div>
   <div class='ocr_carea' id='block_1_44' title="bbox 161 4167 1807 4242">
    <p class='ocr_par' dir='ltr' id='par_1_44' title="bbox 161 4167 1807 4242">
     <span class='ocr_line' id='line_1_44' title="bbox 161 4167 1807 4242; baseline 0 -16"><span class='ocrx_word' id='word_1_312' title='bbox 161 4183 265 4242; x_wconf 85' lang='lat' dir='ltr'><strong>est,</strong></span> <span class='ocrx_word' id='word_1_313' title='bbox 313 4184 405 4226; x_wconf 90' lang='lat' dir='ltr'><strong>ne</strong></span> <span class='ocrx_word' id='word_1_314' title='bbox 474 4173 728 4237; x_wconf 90' lang='lat' dir='ltr'><strong>putarent</strong></span> <span class='ocrx_word' id='word_1_315' title='bbox 776 4167 933 4222; x_wconf 91' lang='lat' dir='ltr'><strong>illum</strong></span> <span class='ocrx_word' id='word_1_316' title='bbox 981 4168 1038 4223; x_wconf 92' lang='lat' dir='ltr'><strong>in</strong></span> <span class='ocrx_word' id='word_1_317' title='bbox 1069 4185 1303 4226; x_wconf 90' lang='lat' dir='ltr'><strong>vacuum</strong></span> <span class='ocrx_word' id='word_1_318' title='bbox 1330 4188 1548 4229; x_wconf 90' lang='lat' dir='ltr'><strong>currere</strong></span> <span class='ocrx_word' id='word_1_319' title='bbox 1575 4177 1672 4227; x_wconf 90' lang='lat' dir='ltr'><strong>aut</strong></span> <span class='ocrx_word' id='word_1_320' title='bbox 1698 4187 1807 4227; x_wconf 92' lang='lat' dir='ltr'><strong>cu-</strong></span> 
     </span>
    </p>
   </div>
   <div class='ocr_carea' id='block_1_45' title="bbox 163 4253 1807 4329">
    <p class='ocr_par' dir='ltr' id='par_1_45' title="bbox 163 4253 1807 4329">
     <span class='ocr_line' id='line_1_45' title="bbox 163 4253 1807 4329; baseline -0.002 -9"><span class='ocrx_word' id='word_1_321' title='bbox 163 4261 325 4319; x_wconf 86' lang='lat' dir='ltr'><strong>curri</strong></span> <span class='ocrx_word' id='word_1_322' title='bbox 337 4273 472 4323; x_wconf 85' lang='lat' dir='ltr'><strong>sse,</strong></span> <span class='ocrx_word' id='word_1_323' title='bbox 505 4253 652 4312; x_wconf 88' lang='lat' dir='ltr'><strong>sicut</strong></span> <span class='ocrx_word' id='word_1_324' title='bbox 675 4255 1026 4312; x_wconf 64' lang='lat' dir='ltr'><strong>aestimabant</strong></span> <span class='ocrx_word' id='word_1_325' title='bbox 1049 4257 1319 4329; x_wconf 87' lang='lat' dir='ltr'><strong>aliquanti</strong></span> <span class='ocrx_word' id='word_1_326' title='bbox 1347 4276 1416 4315; x_wconf 84' lang='lat' dir='ltr'><strong>ex</strong></span> <span class='ocrx_word' id='word_1_327' title='bbox 1446 4260 1648 4318; x_wconf 74' lang='lat' dir='ltr'><strong>Iudaeis</strong></span> <span class='ocrx_word' id='word_1_328' title='bbox 1676 4277 1807 4318; x_wconf 88' lang='lat' dir='ltr'><strong>cre-</strong></span> 
     </span>
    </p>
   </div>
   <div class='ocr_carea' id='block_1_46' title="bbox 161 4343 1802 4419">
    <p class='ocr_par' dir='ltr' id='par_1_46' title="bbox 161 4343 1802 4419">
     <span class='ocr_line' id='line_1_46' title="bbox 161 4343 1802 4419; baseline -0.004 -9"><span class='ocrx_word' id='word_1_329' title='bbox 161 4349 492 4408; x_wconf 86' lang='lat' dir='ltr'><strong>dentibus.</strong></span> <span class='ocrx_word' id='word_1_330' title='bbox 524 4344 638 4402; x_wconf 94' lang='lat' dir='ltr'><strong>Nec</strong></span> <span class='ocrx_word' id='word_1_331' title='bbox 673 4343 824 4401; x_wconf 91' lang='lat' dir='ltr'><strong>enim</strong></span> <span class='ocrx_word' id='word_1_332' title='bbox 870 4343 1084 4417; x_wconf 89' lang='lat' dir='ltr'><strong>aliquid</strong></span> <span class='ocrx_word' id='word_1_333' title='bbox 1115 4344 1183 4400; x_wconf 90' lang='lat' dir='ltr'><strong>ab</strong></span> <span class='ocrx_word' id='word_1_334' title='bbox 1216 4346 1296 4400; x_wconf 89' lang='lat' dir='ltr'><strong>eis</strong></span> <span class='ocrx_word' id='word_1_335' title='bbox 1324 4345 1528 4403; x_wconf 89' lang='lat' dir='ltr'><strong>discere</strong></span> <span class='ocrx_word' id='word_1_336' title='bbox 1555 4357 1802 4419; x_wconf 88' lang='lat' dir='ltr'><strong>poterat;</strong></span> 
     </span>
    </p>
   </div>
   <div class='ocr_carea' id='block_1_47' title="bbox 165 4436 1805 4516">
    <p class='ocr_par' dir='ltr' id='par_1_47' title="bbox 165 4436 1805 4516">
     <span class='ocr_line' id='line_1_47' title="bbox 165 4436 1805 4516; baseline -0.002 -17"><span class='ocrx_word' id='word_1_337' title='bbox 165 4447 304 4516; x_wconf 85' lang='lat' dir='ltr'><strong>quia</strong></span> <span class='ocrx_word' id='word_1_338' title='bbox 375 4458 414 4496; x_wconf 84' lang='lat' dir='ltr'><strong>a</strong></span> <span class='ocrx_word' id='word_1_339' title='bbox 449 4440 568 4495; x_wconf 91' lang='lat' dir='ltr'><strong>Deo</strong></span> <span class='ocrx_word' id='word_1_340' title='bbox 632 4436 811 4494; x_wconf 86' lang='lat' dir='ltr'><strong>fuerat</strong></span> <span class='ocrx_word' id='word_1_341' title='bbox 849 4436 1200 4494; x_wconf 87' lang='lat' dir='ltr'><strong>instructus:</strong></span> <span class='ocrx_word' id='word_1_342' title='bbox 1245 4437 1341 4494; x_wconf 91' lang='lat' dir='ltr'><strong>sed</strong></span> <span class='ocrx_word' id='word_1_343' title='bbox 1394 4446 1611 4510; x_wconf 87' lang='lat' dir='ltr'><strong>propter</strong></span> <span class='ocrx_word' id='word_1_344' title='bbox 1663 4457 1805 4497; x_wconf 89' lang='lat' dir='ltr'><strong>con-</strong></span> 
     </span>
    </p>
   </div>
   <div class='ocr_carea' id='block_1_48' title="bbox 163 4527 1806 4608">
    <p class='ocr_par' dir='ltr' id='par_1_48' title="bbox 163 4527 1806 4608">
     <span class='ocr_line' id='line_1_48' title="bbox 163 4527 1806 4608; baseline -0.004 -17"><span class='ocrx_word' id='word_1_345' title='bbox 163 4534 449 4591; x_wconf 87' lang='lat' dir='ltr'><strong>cordiam</strong></span> <span class='ocrx_word' id='word_1_346' title='bbox 479 4535 535 4584; x_wconf 91' lang='lat' dir='ltr'><strong>et</strong></span> <span class='ocrx_word' id='word_1_347' title='bbox 563 4544 751 4600; x_wconf 91' lang='lat' dir='ltr'><strong>pacem</strong></span> <span class='ocrx_word' id='word_1_348' title='bbox 792 4527 891 4583; x_wconf 90' lang='lat' dir='ltr'><strong>Dei</strong></span> <span class='ocrx_word' id='word_1_349' title='bbox 919 4534 1062 4583; x_wconf 91' lang='lat' dir='ltr'><strong>nutu</strong></span> <span class='ocrx_word' id='word_1_350' title='bbox 1090 4527 1298 4608; x_wconf 85' lang='lat' dir='ltr'><strong>factum</strong></span> <span class='ocrx_word' id='word_1_351' title='bbox 1329 4534 1447 4584; x_wconf 90' lang='lat' dir='ltr'><strong>est:</strong></span> <span class='ocrx_word' id='word_1_352' title='bbox 1482 4534 1544 4582; x_wconf 88' lang='lat' dir='ltr'><strong>ut</strong></span> <span class='ocrx_word' id='word_1_353' title='bbox 1580 4528 1806 4585; x_wconf 90' lang='lat' dir='ltr'><strong>tollere-</strong></span> 
     </span>
    </p>
   </div>
   <div class='ocr_carea' id='block_1_49' title="bbox 167 4616 1810 4690">
    <p class='ocr_par' dir='ltr' id='par_1_49' title="bbox 167 4616 1810 4690">
     <span class='ocr_line' id='line_1_49' title="bbox 167 4616 1810 4690; baseline -0.003 -12"><span class='ocrx_word' id='word_1_354' title='bbox 167 4631 260 4678; x_wconf 87' lang='lat' dir='ltr'><strong>tur</strong></span> <span class='ocrx_word' id='word_1_355' title='bbox 309 4617 636 4690; x_wconf 85' lang='lat' dir='ltr'><strong>scrupulus</strong></span> <span class='ocrx_word' id='word_1_356' title='bbox 662 4624 757 4673; x_wconf 88' lang='lat' dir='ltr'><strong>aut</strong></span> <span class='ocrx_word' id='word_1_357' title='bbox 807 4617 1049 4688; x_wconf 92' lang='lat' dir='ltr'><strong>suspicio</strong></span> <span class='ocrx_word' id='word_1_358' title='bbox 1077 4617 1346 4675; x_wconf 84' lang='lat' dir='ltr'><strong>fratribus</strong></span> <span class='ocrx_word' id='word_1_359' title='bbox 1373 4625 1430 4673; x_wconf 89' lang='lat' dir='ltr'><strong>et</strong></span> <span class='ocrx_word' id='word_1_360' title='bbox 1485 4616 1810 4688; x_wconf 90' lang='lat' dir='ltr'><strong>coapostolis</strong></span> 
     </span>
    </p>
   </div>
   <div class='ocr_carea' id='block_1_50' title="bbox 164 4705 1811 4784">
    <p class='ocr_par' dir='ltr' id='par_1_50' title="bbox 164 4705 1811 4784">
     <span class='ocr_line' id='line_1_50' title="bbox 164 4705 1811 4784; baseline -0.004 -15"><span class='ocrx_word' id='word_1_361' title='bbox 164 4713 314 4784; x_wconf 85' lang='lat' dir='ltr'><strong>ejus,</strong></span> <span class='ocrx_word' id='word_1_362' title='bbox 347 4717 415 4767; x_wconf 88' lang='lat' dir='ltr'><strong>et</strong></span> <span class='ocrx_word' id='word_1_363' title='bbox 453 4714 521 4763; x_wconf 90' lang='lat' dir='ltr'><strong>ut</strong></span> <span class='ocrx_word' id='word_1_364' title='bbox 549 4706 803 4779; x_wconf 86' lang='lat' dir='ltr'><strong>gentibus</strong></span> <span class='ocrx_word' id='word_1_365' title='bbox 831 4707 1141 4778; x_wconf 87' lang='lat' dir='ltr'><strong>proﬁceret,</strong></span> <span class='ocrx_word' id='word_1_366' title='bbox 1192 4706 1653 4780; x_wconf 87' lang='lat' dir='ltr'><strong>cognoscentibus</strong></span> <span class='ocrx_word' id='word_1_367' title='bbox 1681 4705 1811 4780; x_wconf 91' lang='lat' dir='ltr'><strong>quia</strong></span> 
     </span>
    </p>
   </div>
   <div class='ocr_carea' id='block_1_51' title="bbox 166 4795 1808 4870">
    <p class='ocr_par' dir='ltr' id='par_1_51' title="bbox 166 4795 1808 4870">
     <span class='ocr_line' id='line_1_51' title="bbox 166 4795 1808 4870; baseline -0.001 -14"><span class='ocrx_word' id='word_1_368' title='bbox 166 4795 582 4856; x_wconf 84' lang='lat' dir='ltr'><strong>concordabat</strong></span> <span class='ocrx_word' id='word_1_369' title='bbox 610 4795 974 4867; x_wconf 89' lang='lat' dir='ltr'><strong>Evangelium</strong></span> <span class='ocrx_word' id='word_1_370' title='bbox 1022 4796 1142 4869; x_wconf 90' lang='lat' dir='ltr'><strong>ejus</strong></span> <span class='ocrx_word' id='word_1_371' title='bbox 1170 4814 1296 4854; x_wconf 91' lang='lat' dir='ltr'><strong>cum</strong></span> <span class='ocrx_word' id='word_1_372' title='bbox 1326 4797 1609 4870; x_wconf 88' lang='lat' dir='ltr'><strong>apostolis.</strong></span> <span class='ocrx_word' id='word_1_373' title='bbox 1651 4796 1808 4854; x_wconf 81' lang='lat' dir='ltr'><strong>Prae—</strong></span> 
     </span>
    </p>
   </div>
   <div class='ocr_carea' id='block_1_52' title="bbox 167 4885 1803 4959">
    <p class='ocr_par' dir='ltr' id='par_1_52' title="bbox 167 4885 1803 4959">
     <span class='ocr_line' id='line_1_52' title="bbox 167 4885 1803 4959; baseline -0.002 -11"><span class='ocrx_word' id='word_1_374' title='bbox 167 4900 326 4948; x_wconf 87' lang='lat' dir='ltr'><strong>terea</strong></span> <span class='ocrx_word' id='word_1_375' title='bbox 393 4903 540 4946; x_wconf 88' lang='lat' dir='ltr'><strong>cum</strong></span> <span class='ocrx_word' id='word_1_376' title='bbox 573 4887 748 4958; x_wconf 87' lang='lat' dir='ltr'><strong>legem</strong></span> <span class='ocrx_word' id='word_1_377' title='bbox 783 4885 1065 4942; x_wconf 89' lang='lat' dir='ltr'><strong>dedissent</strong></span> <span class='ocrx_word' id='word_1_378' title='bbox 1091 4887 1207 4959; x_wconf 83' lang='lat'><strong>(52)</strong></span> <span class='ocrx_word' id='word_1_379' title='bbox 1240 4905 1351 4944; x_wconf 92' lang='lat' dir='ltr'><strong>non</strong></span> <span class='ocrx_word' id='word_1_380' title='bbox 1381 4888 1660 4945; x_wconf 90' lang='lat' dir='ltr'><strong>molestari</strong></span> <span class='ocrx_word' id='word_1_381' title='bbox 1691 4905 1803 4959; x_wconf 89' lang='lat' dir='ltr'><strong>eos,</strong></span> 
     </span>
    </p>
   </div>
   <div class='ocr_carea' id='block_1_53' title="bbox 168 4974 1804 5054">
    <p class='ocr_par' dir='ltr' id='par_1_53' title="bbox 168 4974 1804 5054">
     <span class='ocr_line' id='line_1_53' title="bbox 168 4974 1804 5054; baseline -0.001 -18"><span class='ocrx_word' id='word_1_382' title='bbox 168 4981 262 5054; x_wconf 87' lang='lat' dir='ltr'><strong>qui</strong></span> <span class='ocrx_word' id='word_1_383' title='bbox 309 4995 397 5036; x_wconf 81' lang='lat' dir='ltr'><strong>ex</strong></span> <span class='ocrx_word' id='word_1_384' title='bbox 438 4976 706 5050; x_wconf 79' lang='lat' dir='ltr'><strong>gentibus</strong></span> <span class='ocrx_word' id='word_1_385' title='bbox 748 4974 1088 5032; x_wconf 88' lang='lat' dir='ltr'><strong>credebant:</strong></span> <span class='ocrx_word' id='word_1_386' title='bbox 1147 4976 1241 5032; x_wconf 90' lang='lat' dir='ltr'><strong>sed</strong></span> <span class='ocrx_word' id='word_1_387' title='bbox 1273 4985 1333 5033; x_wconf 92' lang='lat' dir='ltr'><strong>ut</strong></span> <span class='ocrx_word' id='word_1_388' title='bbox 1359 4976 1426 5032; x_wconf 89' lang='lat' dir='ltr'><strong>ab</strong></span> <span class='ocrx_word' id='word_1_389' title='bbox 1471 4977 1560 5033; x_wconf 90' lang='lat' dir='ltr'><strong>his</strong></span> <span class='ocrx_word' id='word_1_390' title='bbox 1590 4986 1804 5036; x_wconf 88' lang='lat' dir='ltr'><strong>tantum</strong></span> 
     </span>
    </p>
   </div>
   <div class='ocr_carea' id='block_1_54' title="bbox 168 5067 1806 5140">
    <p class='ocr_par' dir='ltr' id='par_1_54' title="bbox 168 5067 1806 5140">
     <span class='ocr_line' id='line_1_54' title="bbox 168 5067 1806 5140; baseline -0.002 -10"><span class='ocrx_word' id='word_1_391' title='bbox 168 5073 586 5138; x_wconf 77' lang='lat' dir='ltr'><strong>observarent,</strong></span> <span class='ocrx_word' id='word_1_392' title='bbox 652 5067 712 5126; x_wconf 91' lang='lat' dir='ltr'><strong>id</strong></span> <span class='ocrx_word' id='word_1_393' title='bbox 738 5075 842 5138; x_wconf 89' lang='lat' dir='ltr'><strong>est,</strong></span> <span class='ocrx_word' id='word_1_394' title='bbox 873 5083 904 5124; x_wconf 92' lang='lat' dir='ltr'><strong>a</strong></span> <span class='ocrx_word' id='word_1_395' title='bbox 947 5068 1209 5140; x_wconf 87' lang='lat' dir='ltr'><strong>sanguine</strong></span> <span class='ocrx_word' id='word_1_396' title='bbox 1266 5079 1319 5126; x_wconf 90' lang='lat' dir='ltr'><strong>et</strong></span> <span class='ocrx_word' id='word_1_397' title='bbox 1358 5070 1724 5127; x_wconf 81' lang='lat' dir='ltr'><strong>fornicatione</strong></span> <span class='ocrx_word' id='word_1_398' title='bbox 1751 5079 1806 5128; x_wconf 90' lang='lat' dir='ltr'><strong>et</strong></span> 
     </span>
    </p>
   </div>
   <div class='ocr_carea' id='block_1_55' title="bbox 269 5201 1800 5277">
    <p class='ocr_par' dir='ltr' id='par_1_55' title="bbox 269 5201 1800 5277">
     <span class='ocr_line' id='line_1_55' title="bbox 269 5201 1800 5277; baseline 0.001 -16"><span class='ocrx_word' id='word_1_399' title='bbox 269 5208 378 5277; x_wconf 79' lang='grc'>50)</span> <span class='ocrx_word' id='word_1_400' title='bbox 421 5206 596 5277; x_wconf 81' lang='lat' dir='ltr'><strong>Rom.</strong></span> <span class='ocrx_word' id='word_1_401' title='bbox 633 5201 788 5277; x_wconf 81' lang='lat' dir='ltr'><strong>edit.,</strong></span> <span class='ocrx_word' id='word_1_402' title='bbox 823 5201 1093 5277; x_wconf 34' lang='lat' dir='ltr'><strong>et‘contuti</strong></span> <span class='ocrx_word' id='word_1_403' title='bbox 1120 5219 1236 5257; x_wconf 83' lang='lat' dir='ltr'><strong>cum</strong></span> <span class='ocrx_word' id='word_1_404' title='bbox 1268 5205 1398 5277; x_wconf 12' lang='lat' dir='ltr'><strong>Villis</strong></span> <span class='ocrx_word' id='word_1_405' title='bbox 1429 5205 1800 5277; x_wconf 78' lang='lat' dir='ltr'><strong>Evangelium.</strong></span> 
     </span>
    </p>
   </div>
   <div class='ocr_carea' id='block_1_56' title="bbox 243 5209 1801 5353">
    <p class='ocr_par' dir='ltr' id='par_1_56' title="bbox 243 5209 1801 5353">
     <span class='ocr_line' id='line_1_56' title="bbox 269 5209 1800 5277; baseline 0.001 -16"><span class='ocrx_word' id='word_1_406' title='bbox 269 5209 348 5266; x_wconf 78' lang='lat'><strong>50</strong></span> <span class='ocrx_word' id='word_1_407' title='bbox 421 5209 596 5262; x_wconf 81' lang='lat' dir='ltr'><strong>Rom.</strong></span> <span class='ocrx_word' id='word_1_408' title='bbox 633 5209 788 5271; x_wconf 88' lang='lat' dir='ltr'><strong>edit.,</strong></span> <span class='ocrx_word' id='word_1_409' title='bbox 823 5209 871 5257; x_wconf 87' lang='lat' dir='ltr'><strong>et</strong></span> <span class='ocrx_word' id='word_1_410' title='bbox 891 5209 1093 5258; x_wconf 73' lang='lat' dir='ltr'><strong>contuli</strong></span> <span class='ocrx_word' id='word_1_411' title='bbox 1120 5219 1236 5257; x_wconf 83' lang='lat' dir='ltr'><strong>cum</strong></span> <span class='ocrx_word' id='word_1_412' title='bbox 1287 5209 1398 5260; x_wconf 75' lang='lat' dir='ltr'><strong>illis</strong></span> <span class='ocrx_word' id='word_1_413' title='bbox 1429 5209 1800 5277; x_wconf 79' lang='lat' dir='ltr'><strong>Evangelium.</strong></span> 
     </span>
     <span class='ocr_line' id='line_1_57' title="bbox 243 5209 1801 5353; baseline -0.001 -17"><span class='ocrx_word' id='word_1_414' title='bbox 243 5209 378 5353; x_wconf 40' lang='lat'><strong>£51;</strong></span> <span class='ocrx_word' id='word_1_415' title='bbox 417 5274 642 5334; x_wconf 87' lang='lat' dir='ltr'><strong>Eadem</strong></span> <span class='ocrx_word' id='word_1_416' title='bbox 669 5273 826 5343; x_wconf 87' lang='lat' dir='ltr'><strong>edit.,</strong></span> <span class='ocrx_word' id='word_1_417' title='bbox 857 5273 1007 5353; x_wconf 59' lang='lat' dir='ltr'><strong>fama</strong></span> <span class='ocrx_word' id='word_1_418' title='bbox 1034 5275 1276 5353; x_wconf 70' lang='lat' dir='ltr'><strong>Apostolj</strong></span> <span class='ocrx_word' id='word_1_419' title='bbox 1294 5279 1801 5353; x_wconf 72' lang='lat' dir='ltr'><strong>percrebrescebat...</strong></span> 
     </span>
    </p>
   </div>
   <div class='ocr_carea' id='block_1_57' title="bbox 173 5345 1803 5419">
    <p class='ocr_par' dir='ltr' id='par_1_57' title="bbox 173 5345 1803 5419">
     <span class='ocr_line' id='line_1_58' title="bbox 173 5345 1803 5419; baseline -0.002 -11"><span class='ocrx_word' id='word_1_420' title='bbox 173 5345 312 5419; x_wconf 69' lang='lat' dir='ltr'><strong>facie</strong></span> <span class='ocrx_word' id='word_1_421' title='bbox 343 5345 548 5407; x_wconf 61' lang='lat' dir='ltr'><strong>duum</strong></span> <span class='ocrx_word' id='word_1_422' title='bbox 601 5363 710 5402; x_wconf 83' lang='lat' dir='ltr'><strong>non</strong></span> <span class='ocrx_word' id='word_1_423' title='bbox 752 5346 1197 5419; x_wconf 77' lang='lat' dir='ltr'><strong>agnoscebatur...</strong></span> <span class='ocrx_word' id='word_1_424' title='bbox 1231 5345 1508 5418; x_wconf 76' lang='lat' dir='ltr'><strong>fundanda</strong></span> <span class='ocrx_word' id='word_1_425' title='bbox 1536 5356 1584 5404; x_wconf 83' lang='lat' dir='ltr'><strong>et</strong></span> <span class='ocrx_word' id='word_1_426' title='bbox 1631 5351 1803 5406; x_wconf 83' lang='lat' dir='ltr'><strong>robo-</strong></span> 
     </span>
    </p>
   </div>
   <div class='ocr_carea' id='block_1_58' title="bbox 175 5419 696 5480">
    <p class='ocr_par' dir='ltr' id='par_1_58' title="bbox 175 5419 696 5480">
     <span class='ocr_line' id='line_1_59' title="bbox 175 5419 696 5480; baseline -0.013 0"><span class='ocrx_word' id='word_1_427' title='bbox 175 5423 355 5480; x_wconf 70' lang='lat' dir='ltr'><strong>randa</strong></span> <span class='ocrx_word' id='word_1_428' title='bbox 387 5419 696 5479; x_wconf 63' lang='lat' dir='ltr'><strong>Ecclesiae.</strong></span> 
     </span>
    </p>
   </div>
   <div class='ocr_carea' id='block_1_59' title="bbox 245 5490 1801 5566">
    <p class='ocr_par' dir='ltr' id='par_1_59' title="bbox 245 5490 1801 5566">
     <span class='ocr_line' id='line_1_60' title="bbox 245 5490 1801 5566; baseline -0.003 -13"><span class='ocrx_word' id='word_1_429' title='bbox 245 5497 386 5566; x_wconf 85' lang='grc'>(52)</span> <span class='ocrx_word' id='word_1_430' title='bbox 423 5493 561 5566; x_wconf 60' lang='lat' dir='ltr'><strong>Vgt.</strong></span> <span class='ocrx_word' id='word_1_431' title='bbox 594 5490 748 5566; x_wconf 54' lang='lat' dir='ltr'><strong>edit:_</strong></span> <span class='ocrx_word' id='word_1_432' title='bbox 787 5499 842 5546; x_wconf 90' lang='lat' dir='ltr'><strong>et</strong></span> <span class='ocrx_word' id='word_1_433' title='bbox 870 5506 999 5548; x_wconf 88' lang='lat' dir='ltr'><strong>mss.</strong></span> <span class='ocrx_word' id='word_1_434' title='bbox 1028 5491 1267 5566; x_wconf 44' lang='lat' dir='ltr'><strong>aliquo,“</strong></span> <span class='ocrx_word' id='word_1_435' title='bbox 1303 5507 1422 5566; x_wconf 77' lang='lat' dir='ltr'><strong>eum</strong></span> <span class='ocrx_word' id='word_1_436' title='bbox 1462 5490 1801 5566; x_wconf 12' lang='lat' dir='ltr'><strong>legemrdidi-</strong></span> 
     </span>
    </p>
   </div>
   <div class='ocr_carea' id='block_1_60' title="bbox 175 5561 1796 5634">
    <p class='ocr_par' dir='ltr' id='par_1_60' title="bbox 175 5561 1796 5634">
     <span class='ocr_line' id='line_1_61' title="bbox 175 5561 1796 5634; baseline 0 -12"><span class='ocrx_word' id='word_1_437' title='bbox 175 5561 377 5622; x_wconf 60' lang='lat' dir='ltr'><strong>eicient</strong></span> <span class='ocrx_word' id='word_1_438' title='bbox 403 5583 429 5630; x_wconf 88' lang='lat'><strong><em>;</em></strong></span> <span class='ocrx_word' id='word_1_439' title='bbox 465 5563 634 5619; x_wconf 80' lang='lat' dir='ltr'><strong>Rom.</strong></span> <span class='ocrx_word' id='word_1_440' title='bbox 663 5561 820 5631; x_wconf 88' lang='lat' dir='ltr'><strong>edit.,</strong></span> <span class='ocrx_word' id='word_1_441' title='bbox 877 5579 993 5617; x_wconf 86' lang='lat' dir='ltr'><strong>cum</strong></span> <span class='ocrx_word' id='word_1_442' title='bbox 1024 5561 1137 5634; x_wconf 68' lang='lat' dir='ltr'><strong>lege</strong></span> <span class='ocrx_word' id='word_1_443' title='bbox 1153 5562 1454 5634; x_wconf 77' lang='lat' dir='ltr'><strong>didicissent</strong></span> <span class='ocrx_word' id='word_1_444' title='bbox 1471 5561 1519 5634; x_wconf 64' lang='grc' dir='ltr'><strong>;ς</strong></span> <span class='ocrx_word' id='word_1_445' title='bbox 1541 5565 1634 5620; x_wconf 89' lang='lat' dir='ltr'><strong>alii</strong></span> <span class='ocrx_word' id='word_1_446' title='bbox 1668 5581 1796 5622; x_wconf 90' lang='lat' dir='ltr'><strong>mss.</strong></span> 
     </span>
    </p>
   </div>
   <div class='ocr_carea' id='block_1_61' title="bbox 177 5633 1796 5708">
    <p class='ocr_par' dir='ltr' id='par_1_61' title="bbox 177 5633 1796 5708">
     <span class='ocr_line' id='line_1_62' title="bbox 177 5633 1796 5708; baseline -0.001 -13"><span class='ocrx_word' id='word_1_447' title='bbox 177 5639 414 5705; x_wconf 79' lang='lat' dir='ltr'><strong>melius,</strong></span> <span class='ocrx_word' id='word_1_448' title='bbox 454 5649 584 5691; x_wconf 81' lang='lat' dir='ltr'><strong>cum</strong></span> <span class='ocrx_word' id='word_1_449' title='bbox 636 5635 789 5708; x_wconf 81' lang='lat' dir='ltr'><strong>legem</strong></span> <span class='ocrx_word' id='word_1_450' title='bbox 816 5633 1096 5693; x_wconf 70' lang='lat' dir='ltr'><strong>dedissent.</strong></span> <span class='ocrx_word' id='word_1_451' title='bbox 1129 5633 1278 5692; x_wconf 87' lang='lat' dir='ltr'><strong>Infra</strong></span> <span class='ocrx_word' id='word_1_452' title='bbox 1301 5650 1434 5692; x_wconf 90' lang='lat' dir='ltr'><strong>vero</strong></span> <span class='ocrx_word' id='word_1_453' title='bbox 1463 5633 1594 5694; x_wconf 87' lang='lat' dir='ltr'><strong>edit.</strong></span> <span class='ocrx_word' id='word_1_454' title='bbox 1636 5637 1796 5696; x_wconf 90' lang='lat' dir='ltr'><strong>Rom.</strong></span> 
     </span>
    </p>
   </div>
   <div class='ocr_carea' id='block_1_62' title="bbox 1834 4492 1885 4551">
    <p class='ocr_par' dir='ltr' id='par_1_62' title="bbox 1834 4492 1885 4551">
     <span class='ocr_line' id='line_1_63' title="bbox 1834 4492 1885 4551; baseline 0 0"><span class='ocrx_word' id='word_1_455' title='bbox 1834 4492 1885 4551; x_wconf 91' lang='lat' dir='ltr'><strong>D</strong></span> 
     </span>
    </p>
   </div>
   <div class='ocr_carea' id='block_1_63' title="bbox 1249 245 2418 306">
    <p class='ocr_par' dir='ltr' id='par_1_63' title="bbox 1249 245 2418 306">
     <span class='ocr_line' id='line_1_64' title="bbox 1249 245 2418 306; baseline 0 0"><span class='ocrx_word' id='word_1_456' title='bbox 1249 246 1610 306; x_wconf 87' lang='lat' dir='ltr'><strong>COMMENT.</strong></span> <span class='ocrx_word' id='word_1_457' title='bbox 1658 247 1731 304; x_wconf 89' lang='lat' dir='ltr'><strong>IN</strong></span> <span class='ocrx_word' id='word_1_458' title='bbox 1766 245 1983 305; x_wconf 87' lang='lat' dir='ltr'><strong>EPIST.</strong></span> <span class='ocrx_word' id='word_1_459' title='bbox 2025 249 2122 304; x_wconf 83' lang='lat' dir='ltr'><strong>AD</strong></span> <span class='ocrx_word' id='word_1_460' title='bbox 2161 246 2418 306; x_wconf 87' lang='lat' dir='ltr'><strong>GALAT.</strong></span> 
     </span>
    </p>
   </div>
   <div class='ocr_carea' id='block_1_64' title="bbox 3370 250 3474 311">
    <p class='ocr_par' dir='ltr' id='par_1_64' title="bbox 3370 250 3474 311">
     <span class='ocr_line' id='line_1_65' title="bbox 3370 250 3474 311; baseline 0 0"><span class='ocrx_word' id='word_1_461' title='bbox 3370 250 3474 311; x_wconf 86' lang='lat'><strong>366</strong></span> 
     </span>
    </p>
   </div>
   <div class='ocr_carea' id='block_1_65' title="bbox 1889 371 3478 445">
    <p class='ocr_par' dir='ltr' id='par_1_65' title="bbox 1889 371 3478 445">
     <span class='ocr_line' id='line_1_66' title="bbox 1889 371 3478 445; baseline 0.003 -18"><span class='ocrx_word' id='word_1_462' title='bbox 1889 371 2202 428; x_wconf 88' lang='lat' dir='ltr'><strong>idololatria</strong></span> <span class='ocrx_word' id='word_1_463' title='bbox 2258 371 2398 444; x_wconf 84' lang='lat' dir='ltr'><strong>(Act.</strong></span> <span class='ocrx_word' id='word_1_464' title='bbox 2459 390 2556 441; x_wconf 82' lang='lat' dir='ltr'><strong>xv,</strong></span> <span class='ocrx_word' id='word_1_465' title='bbox 2614 374 2730 445; x_wconf 88' lang='grc'>29).</span> <span class='ocrx_word' id='word_1_466' title='bbox 2779 373 2937 429; x_wconf 91' lang='lat' dir='ltr'><strong>Nunc</strong></span> <span class='ocrx_word' id='word_1_467' title='bbox 2973 371 3162 430; x_wconf 90' lang='lat' dir='ltr'><strong>dicant</strong></span> <span class='ocrx_word' id='word_1_468' title='bbox 3216 372 3478 445; x_wconf 67' lang='lat' dir='ltr'><strong>sophista</strong></span> 
     </span>
    </p>
   </div>
   <div class='ocr_carea' id='block_1_66' title="bbox 1889 460 3481 534">
    <p class='ocr_par' dir='ltr' id='par_1_66' title="bbox 1889 460 3481 534">
     <span class='ocr_line' id='line_1_67' title="bbox 1889 460 3481 534; baseline 0.003 -18"><span class='ocrx_word' id='word_1_469' title='bbox 1889 460 2227 529; x_wconf 87' lang='lat' dir='ltr'><strong>Graecorum,</strong></span> <span class='ocrx_word' id='word_1_470' title='bbox 2261 461 2357 534; x_wconf 90' lang='lat' dir='ltr'><strong>qui</strong></span> <span class='ocrx_word' id='word_1_471' title='bbox 2409 462 2516 518; x_wconf 90' lang='lat' dir='ltr'><strong>sibi</strong></span> <span class='ocrx_word' id='word_1_472' title='bbox 2548 461 2804 534; x_wconf 88' lang='lat' dir='ltr'><strong>peritiam</strong></span> <span class='ocrx_word' id='word_1_473' title='bbox 2835 461 3141 531; x_wconf 87' lang='lat' dir='ltr'><strong>vindicant,</strong></span> <span class='ocrx_word' id='word_1_474' title='bbox 3173 462 3481 520; x_wconf 84' lang='lat' dir='ltr'><strong>subtilitate</strong></span> 
     </span>
    </p>
   </div>
   <div class='ocr_carea' id='block_1_67' title="bbox 1889 550 3480 625">
    <p class='ocr_par' dir='ltr' id='par_1_67' title="bbox 1889 550 3480 625">
     <span class='ocr_line' id='line_1_68' title="bbox 1889 550 3480 625; baseline 0.002 -19"><span class='ocrx_word' id='word_1_475' title='bbox 1889 550 2096 623; x_wconf 90' lang='lat' dir='ltr'><strong>ingenii</strong></span> <span class='ocrx_word' id='word_1_476' title='bbox 2126 565 2182 607; x_wconf 89' lang='lat' dir='ltr'><strong>se</strong></span> <span class='ocrx_word' id='word_1_477' title='bbox 2213 551 2537 607; x_wconf 90' lang='lat' dir='ltr'><strong>naturaliter</strong></span> <span class='ocrx_word' id='word_1_478' title='bbox 2569 552 2772 623; x_wconf 87' lang='lat' dir='ltr'><strong>vigere,</strong></span> <span class='ocrx_word' id='word_1_479' title='bbox 2810 567 2930 625; x_wconf 88' lang='lat' dir='ltr'><strong>quae</strong></span> <span class='ocrx_word' id='word_1_480' title='bbox 2967 550 3169 609; x_wconf 89' lang='lat' dir='ltr'><strong>tradita</strong></span> <span class='ocrx_word' id='word_1_481' title='bbox 3197 559 3325 608; x_wconf 91' lang='lat' dir='ltr'><strong>sunt</strong></span> <span class='ocrx_word' id='word_1_482' title='bbox 3353 567 3480 624; x_wconf 86' lang='lat' dir='ltr'><strong>gen-</strong></span> 
     </span>
    </p>
   </div>
   <div class='ocr_carea' id='block_1_68' title="bbox 1889 642 3475 717">
    <p class='ocr_par' dir='ltr' id='par_1_68' title="bbox 1889 642 3475 717">
     <span class='ocr_line' id='line_1_69' title="bbox 1889 642 3475 717; baseline 0.001 -18"><span class='ocrx_word' id='word_1_483' title='bbox 1889 643 2038 699; x_wconf 90' lang='lat' dir='ltr'><strong>tibus</strong></span> <span class='ocrx_word' id='word_1_484' title='bbox 2067 642 2409 700; x_wconf 87' lang='lat' dir='ltr'><strong>observanda</strong></span> <span class='ocrx_word' id='word_1_485' title='bbox 2430 643 2458 699; x_wconf 76' lang='lat'>?</span> <span class='ocrx_word' id='word_1_486' title='bbox 2516 643 2646 711; x_wconf 84' lang='lat' dir='ltr'><strong>Quae</strong></span> <span class='ocrx_word' id='word_1_487' title='bbox 2676 643 3022 716; x_wconf 85' lang='lat' dir='ltr'><strong>ignorabant,</strong></span> <span class='ocrx_word' id='word_1_488' title='bbox 3057 660 3127 700; x_wconf 88' lang='lat' dir='ltr'><strong>an</strong></span> <span class='ocrx_word' id='word_1_489' title='bbox 3157 655 3276 717; x_wconf 80' lang='lat' dir='ltr'><strong>quae</strong></span> <span class='ocrx_word' id='word_1_490' title='bbox 3323 644 3475 700; x_wconf 88' lang='lat' dir='ltr'><strong>scie—</strong></span> 
     </span>
    </p>
   </div>
   <div class='ocr_carea' id='block_1_69' title="bbox 1887 732 3480 808">
    <p class='ocr_par' dir='ltr' id='par_1_69' title="bbox 1887 732 3480 808">
     <span class='ocr_line' id='line_1_70' title="bbox 1887 732 3480 808; baseline 0 -18"><span class='ocrx_word' id='word_1_491' title='bbox 1887 732 2072 790; x_wconf 81' lang='lat' dir='ltr'><strong>bant?</strong></span> <span class='ocrx_word' id='word_1_492' title='bbox 2111 733 2214 789; x_wconf 90' lang='lat' dir='ltr'><strong>Sed</strong></span> <span class='ocrx_word' id='word_1_493' title='bbox 2241 733 2516 806; x_wconf 90' lang='lat' dir='ltr'><strong>quomodo</strong></span> <span class='ocrx_word' id='word_1_494' title='bbox 2574 732 2694 790; x_wconf 87' lang='lat' dir='ltr'><strong>ﬁeri</strong></span> <span class='ocrx_word' id='word_1_495' title='bbox 2725 742 2921 806; x_wconf 88' lang='lat' dir='ltr'><strong>potest,</strong></span> <span class='ocrx_word' id='word_1_496' title='bbox 2977 743 3040 791; x_wconf 91' lang='lat' dir='ltr'><strong>ut</strong></span> <span class='ocrx_word' id='word_1_497' title='bbox 3066 735 3269 808; x_wconf 85' lang='lat' dir='ltr'><strong>aliquis</strong></span> <span class='ocrx_word' id='word_1_498' title='bbox 3297 747 3360 791; x_wconf 87' lang='lat' dir='ltr'><strong>ea</strong></span> <span class='ocrx_word' id='word_1_499' title='bbox 3383 734 3480 790; x_wconf 92' lang='lat' dir='ltr'><strong>di-</strong></span> 
     </span>
    </p>
   </div>
   <div class='ocr_carea' id='block_1_70' title="bbox 1889 822 3481 896">
    <p class='ocr_par' dir='ltr' id='par_1_70' title="bbox 1889 822 3481 896">
     <span class='ocr_line' id='line_1_71' title="bbox 1889 822 3481 896; baseline 0.001 -17"><span class='ocrx_word' id='word_1_500' title='bbox 1889 831 2022 893; x_wconf 89' lang='lat' dir='ltr'><strong>scat,</strong></span> <span class='ocrx_word' id='word_1_501' title='bbox 2054 840 2175 896; x_wconf 62' lang='lat' dir='ltr'><strong>quae</strong></span> <span class='ocrx_word' id='word_1_502' title='bbox 2210 823 2415 879; x_wconf 79' lang='lat' dir='ltr'><strong>novit?</strong></span> <span class='ocrx_word' id='word_1_503' title='bbox 2436 824 2581 895; x_wconf 88' lang='lat' dir='ltr'><strong>Ergo</strong></span> <span class='ocrx_word' id='word_1_504' title='bbox 2607 822 2724 879; x_wconf 77' lang='lat' dir='ltr'><strong>haec</strong></span> <span class='ocrx_word' id='word_1_505' title='bbox 2748 823 2947 880; x_wconf 88' lang='lat' dir='ltr'><strong>illicita</strong></span> <span class='ocrx_word' id='word_1_506' title='bbox 2973 839 3090 880; x_wconf 87' lang='lat' dir='ltr'><strong>esse</strong></span> <span class='ocrx_word' id='word_1_507' title='bbox 3120 831 3337 880; x_wconf 90' lang='lat' dir='ltr'><strong>ostensa</strong></span> <span class='ocrx_word' id='word_1_508' title='bbox 3350 831 3481 880; x_wconf 90' lang='lat' dir='ltr'><strong>sunt</strong></span> 
     </span>
    </p>
   </div>
   <div class='ocr_carea' id='block_1_71' title="bbox 1891 912 3483 986">
    <p class='ocr_par' dir='ltr' id='par_1_71' title="bbox 1891 912 3483 986">
     <span class='ocr_line' id='line_1_72' title="bbox 1891 912 3483 986; baseline 0.001 -17"><span class='ocrx_word' id='word_1_509' title='bbox 1891 913 2166 986; x_wconf 87' lang='lat' dir='ltr'><strong>gentibus,</strong></span> <span class='ocrx_word' id='word_1_510' title='bbox 2198 930 2320 986; x_wconf 87' lang='lat' dir='ltr'><strong>quae</strong></span> <span class='ocrx_word' id='word_1_511' title='bbox 2351 912 2618 985; x_wconf 89' lang='lat' dir='ltr'><strong>putabant</strong></span> <span class='ocrx_word' id='word_1_512' title='bbox 2639 914 2835 970; x_wconf 90' lang='lat' dir='ltr'><strong>licere:</strong></span> <span class='ocrx_word' id='word_1_513' title='bbox 2867 930 2930 970; x_wconf 86' lang='lat' dir='ltr'><strong>ac</strong></span> <span class='ocrx_word' id='word_1_514' title='bbox 2958 929 3054 986; x_wconf 89' lang='lat' dir='ltr'><strong>per</strong></span> <span class='ocrx_word' id='word_1_515' title='bbox 3082 913 3188 970; x_wconf 91' lang='lat' dir='ltr'><strong>hoc</strong></span> <span class='ocrx_word' id='word_1_516' title='bbox 3214 930 3327 970; x_wconf 91' lang='lat' dir='ltr'><strong>non</strong></span> <span class='ocrx_word' id='word_1_517' title='bbox 3359 914 3483 970; x_wconf 87' lang='lat' dir='ltr'><strong>uti-</strong></span> 
     </span>
    </p>
   </div>
   <div class='ocr_carea' id='block_1_72' title="bbox 1891 1001 3486 1076">
    <p class='ocr_par' dir='ltr' id='par_1_72' title="bbox 1891 1001 3486 1076">
     <span class='ocr_line' id='line_1_73' title="bbox 1891 1001 3486 1076; baseline 0.001 -18"><span class='ocrx_word' id='word_1_518' title='bbox 1891 1018 1997 1076; x_wconf 92' lang='lat' dir='ltr'><strong>que</strong></span> <span class='ocrx_word' id='word_1_519' title='bbox 2027 1002 2094 1058; x_wconf 91' lang='lat' dir='ltr'><strong>ab</strong></span> <span class='ocrx_word' id='word_1_520' title='bbox 2142 1001 2447 1057; x_wconf 91' lang='lat' dir='ltr'><strong>homicidio</strong></span> <span class='ocrx_word' id='word_1_521' title='bbox 2482 1002 2749 1074; x_wconf 89' lang='lat' dir='ltr'><strong>prohibiti</strong></span> <span class='ocrx_word' id='word_1_522' title='bbox 2803 1009 2951 1072; x_wconf 91' lang='lat' dir='ltr'><strong>sunt,</strong></span> <span class='ocrx_word' id='word_1_523' title='bbox 3004 1018 3130 1060; x_wconf 90' lang='lat' dir='ltr'><strong>cum</strong></span> <span class='ocrx_word' id='word_1_524' title='bbox 3154 1002 3424 1074; x_wconf 89' lang='lat' dir='ltr'><strong>jubentur</strong></span> <span class='ocrx_word' id='word_1_525' title='bbox 3454 1018 3486 1059; x_wconf 89' lang='lat' dir='ltr'><strong>a</strong></span> 
     </span>
    </p>
   </div>
   <div class='ocr_carea' id='block_1_73' title="bbox 1892 1090 3486 1165">
    <p class='ocr_par' dir='ltr' id='par_1_73' title="bbox 1892 1090 3486 1165">
     <span class='ocr_line' id='line_1_74' title="bbox 1892 1090 3486 1165; baseline -0.001 -16"><span class='ocrx_word' id='word_1_526' title='bbox 1892 1091 2158 1164; x_wconf 86' lang='lat' dir='ltr'><strong>sanguine</strong></span> <span class='ocrx_word' id='word_1_527' title='bbox 2187 1090 2496 1148; x_wconf 89' lang='lat' dir='ltr'><strong>observare.</strong></span> <span class='ocrx_word' id='word_1_528' title='bbox 2553 1091 2660 1148; x_wconf 93' lang='lat' dir='ltr'><strong>Sed</strong></span> <span class='ocrx_word' id='word_1_529' title='bbox 2689 1091 2794 1149; x_wconf 91' lang='lat' dir='ltr'><strong>hoc</strong></span> <span class='ocrx_word' id='word_1_530' title='bbox 2821 1099 3167 1164; x_wconf 89' lang='lat' dir='ltr'><strong>acceperunt,</strong></span> <span class='ocrx_word' id='word_1_531' title='bbox 3197 1091 3344 1165; x_wconf 91' lang='lat' dir='ltr'><strong>quod</strong></span> <span class='ocrx_word' id='word_1_532' title='bbox 3371 1091 3486 1148; x_wconf 90' lang='lat' dir='ltr'><strong>Noe</strong></span> 
     </span>
    </p>
   </div>
   <div class='ocr_carea' id='block_1_74' title="bbox 1892 1179 3485 1253">
    <p class='ocr_par' dir='ltr' id='par_1_74' title="bbox 1892 1179 3485 1253">
     <span class='ocr_line' id='line_1_75' title="bbox 1892 1179 3485 1253; baseline -0.001 -17"><span class='ocrx_word' id='word_1_533' title='bbox 1892 1197 1923 1236; x_wconf 88' lang='lat' dir='ltr'><strong>a</strong></span> <span class='ocrx_word' id='word_1_534' title='bbox 1948 1183 2062 1237; x_wconf 91' lang='lat' dir='ltr'><strong>Deo</strong></span> <span class='ocrx_word' id='word_1_535' title='bbox 2099 1180 2217 1253; x_wconf 88' lang='grc'>(53)</span> <span class='ocrx_word' id='word_1_536' title='bbox 2250 1179 2540 1250; x_wconf 88' lang='lat' dir='ltr'><strong>didicerat,</strong></span> <span class='ocrx_word' id='word_1_537' title='bbox 2573 1189 2635 1238; x_wconf 94' lang='lat' dir='ltr'><strong>ut</strong></span> <span class='ocrx_word' id='word_1_538' title='bbox 2663 1180 3020 1238; x_wconf 82' lang='lat' dir='ltr'><strong>observarent</strong></span> <span class='ocrx_word' id='word_1_539' title='bbox 3047 1197 3104 1236; x_wconf 89' lang='lat' dir='ltr'><strong>se</strong></span> <span class='ocrx_word' id='word_1_540' title='bbox 3159 1196 3190 1235; x_wconf 90' lang='lat' dir='ltr'><strong>a</strong></span> <span class='ocrx_word' id='word_1_541' title='bbox 3217 1179 3485 1252; x_wconf 89' lang='lat' dir='ltr'><strong>sanguine</strong></span> 
     </span>
    </p>
   </div>
   <div class='ocr_carea' id='block_1_75' title="bbox 1894 1268 3490 1345">
    <p class='ocr_par' dir='ltr' id='par_1_75' title="bbox 1894 1268 3490 1345">
     <span class='ocr_line' id='line_1_76' title="bbox 1894 1268 3490 1345; baseline -0.002 -18"><span class='ocrx_word' id='word_1_542' title='bbox 1894 1270 2106 1328; x_wconf 88' lang='lat' dir='ltr'><strong>edendo</strong></span> <span class='ocrx_word' id='word_1_543' title='bbox 2135 1287 2261 1328; x_wconf 92' lang='lat' dir='ltr'><strong>cum</strong></span> <span class='ocrx_word' id='word_1_544' title='bbox 2301 1288 2464 1328; x_wconf 88' lang='lat' dir='ltr'><strong>carne</strong></span> <span class='ocrx_word' id='word_1_545' title='bbox 2496 1271 2651 1345; x_wconf 88' lang='lat' dir='ltr'><strong>(Gen.</strong></span> <span class='ocrx_word' id='word_1_546' title='bbox 2672 1289 2751 1340; x_wconf 86' lang='lat' dir='ltr'><strong>1x,</strong></span> <span class='ocrx_word' id='word_1_547' title='bbox 2783 1271 2863 1344; x_wconf 76' lang='grc'><strong>4).</strong></span> <span class='ocrx_word' id='word_1_548' title='bbox 2900 1271 3038 1328; x_wconf 91' lang='lat' dir='ltr'><strong>Nam</strong></span> <span class='ocrx_word' id='word_1_549' title='bbox 3069 1268 3344 1343; x_wconf 88' lang='lat' dir='ltr'><strong>quomodo</strong></span> <span class='ocrx_word' id='word_1_550' title='bbox 3367 1268 3490 1325; x_wconf 87' lang='lat' dir='ltr'><strong>ﬁeri</strong></span> 
     </span>
    </p>
   </div>
   <div class='ocr_carea' id='block_1_76' title="bbox 1893 1359 3494 1435">
    <p class='ocr_par' dir='ltr' id='par_1_76' title="bbox 1893 1359 3494 1435">
     <span class='ocr_line' id='line_1_77' title="bbox 1893 1359 3494 1435; baseline -0.001 -18"><span class='ocrx_word' id='word_1_551' title='bbox 1893 1368 2106 1435; x_wconf 88' lang='lat' dir='ltr'><strong>poterat</strong></span> <span class='ocrx_word' id='word_1_552' title='bbox 2134 1369 2196 1417; x_wconf 92' lang='lat' dir='ltr'><strong>ut</strong></span> <span class='ocrx_word' id='word_1_553' title='bbox 2224 1362 2486 1419; x_wconf 86' lang='lat' dir='ltr'><strong>Romanis</strong></span> <span class='ocrx_word' id='word_1_554' title='bbox 2534 1361 2745 1434; x_wconf 89' lang='lat' dir='ltr'><strong>legibus</strong></span> <span class='ocrx_word' id='word_1_555' title='bbox 2792 1359 3017 1431; x_wconf 91' lang='lat' dir='ltr'><strong>imbuti,</strong></span> <span class='ocrx_word' id='word_1_556' title='bbox 3047 1377 3284 1434; x_wconf 91' lang='lat' dir='ltr'><strong>quorum</strong></span> <span class='ocrx_word' id='word_1_557' title='bbox 3339 1365 3494 1417; x_wconf 88' lang='lat' dir='ltr'><strong>tanta</strong></span> 
     </span>
    </p>
   </div>
   <div class='ocr_carea' id='block_1_77' title="bbox 1896 1449 3494 1521">
    <p class='ocr_par' dir='ltr' id='par_1_77' title="bbox 1896 1449 3494 1521">
     <span class='ocr_line' id='line_1_78' title="bbox 1896 1449 3494 1521; baseline -0.001 -14"><span class='ocrx_word' id='word_1_558' title='bbox 1896 1450 2194 1507; x_wconf 89' lang='lat' dir='ltr'><strong>auctoritas</strong></span> <span class='ocrx_word' id='word_1_559' title='bbox 2220 1450 2280 1506; x_wconf 92' lang='lat' dir='ltr'><strong>in</strong></span> <span class='ocrx_word' id='word_1_560' title='bbox 2328 1451 2614 1508; x_wconf 85' lang='lat' dir='ltr'><strong>servandis</strong></span> <span class='ocrx_word' id='word_1_561' title='bbox 2643 1450 2916 1509; x_wconf 89' lang='lat' dir='ltr'><strong>mandatis</strong></span> <span class='ocrx_word' id='word_1_562' title='bbox 2944 1458 3044 1521; x_wconf 91' lang='lat' dir='ltr'><strong>est,</strong></span> <span class='ocrx_word' id='word_1_563' title='bbox 3075 1450 3352 1508; x_wconf 89' lang='lat' dir='ltr'><strong>nescirent</strong></span> <span class='ocrx_word' id='word_1_564' title='bbox 3380 1449 3494 1506; x_wconf 91' lang='lat' dir='ltr'><strong>ho-</strong></span> 
     </span>
    </p>
   </div>
   <div class='ocr_carea' id='block_1_78' title="bbox 1898 1539 3494 1616">
    <p class='ocr_par' dir='ltr' id='par_1_78' title="bbox 1898 1539 3494 1616">
     <span class='ocr_line' id='line_1_79' title="bbox 1898 1539 3494 1616; baseline 0 -20"><span class='ocrx_word' id='word_1_565' title='bbox 1898 1540 2189 1598; x_wconf 89' lang='lat' dir='ltr'><strong>micidium</strong></span> <span class='ocrx_word' id='word_1_566' title='bbox 2220 1557 2333 1598; x_wconf 92' lang='lat' dir='ltr'><strong>non</strong></span> <span class='ocrx_word' id='word_1_567' title='bbox 2363 1557 2477 1599; x_wconf 89' lang='lat' dir='ltr'><strong>esse</strong></span> <span class='ocrx_word' id='word_1_568' title='bbox 2505 1541 2819 1599; x_wconf 87' lang='lat' dir='ltr'><strong>faciendum</strong></span> <span class='ocrx_word' id='word_1_569' title='bbox 2846 1559 2859 1600; x_wconf 92' lang='lat'>:</span> <span class='ocrx_word' id='word_1_570' title='bbox 2902 1542 3104 1616; x_wconf 90' lang='lat' dir='ltr'><strong>quippe</strong></span> <span class='ocrx_word' id='word_1_571' title='bbox 3129 1557 3255 1600; x_wconf 90' lang='lat' dir='ltr'><strong>cum</strong></span> <span class='ocrx_word' id='word_1_572' title='bbox 3283 1539 3494 1597; x_wconf 50' lang='lat' dir='ltr'><strong>adulte‘</strong></span> 
     </span>
    </p>
   </div>
   <div class='ocr_carea' id='block_1_79' title="bbox 1897 1629 3494 1700">
    <p class='ocr_par' dir='ltr' id='par_1_79' title="bbox 1897 1629 3494 1700">
     <span class='ocr_line' id='line_1_80' title="bbox 1897 1629 3494 1700; baseline -0.001 -14"><span class='ocrx_word' id='word_1_573' title='bbox 1897 1647 1988 1686; x_wconf 90' lang='lat' dir='ltr'><strong>ros</strong></span> <span class='ocrx_word' id='word_1_574' title='bbox 2017 1637 2071 1686; x_wconf 88' lang='lat' dir='ltr'><strong>et</strong></span> <span class='ocrx_word' id='word_1_575' title='bbox 2107 1629 2436 1700; x_wconf 90' lang='lat' dir='ltr'><strong>homicidas,</strong></span> <span class='ocrx_word' id='word_1_576' title='bbox 2470 1635 2614 1694; x_wconf 86' lang='lat'><strong>215</strong></span> <span class='ocrx_word' id='word_1_577' title='bbox 2649 1640 2703 1689; x_wconf 90' lang='lat' dir='ltr'><strong>et</strong></span> <span class='ocrx_word' id='word_1_578' title='bbox 2731 1631 2898 1688; x_wconf 88' lang='lat' dir='ltr'><strong>falsos</strong></span> <span class='ocrx_word' id='word_1_579' title='bbox 2941 1638 3122 1699; x_wconf 86' lang='lat' dir='ltr'><strong>testes,</strong></span> <span class='ocrx_word' id='word_1_580' title='bbox 3153 1638 3208 1688; x_wconf 93' lang='lat' dir='ltr'><strong>et</strong></span> <span class='ocrx_word' id='word_1_581' title='bbox 3232 1629 3400 1700; x_wconf 86' lang='lat' dir='ltr'><strong>fures,</strong></span> <span class='ocrx_word' id='word_1_582' title='bbox 3438 1635 3494 1686; x_wconf 89' lang='lat' dir='ltr'><strong>et</strong></span> 
     </span>
    </p>
   </div>
   <div class='ocr_carea' id='block_1_80' title="bbox 1898 1726 3495 1800">
    <p class='ocr_par' dir='ltr' id='par_1_80' title="bbox 1898 1726 3495 1800">
     <span class='ocr_line' id='line_1_81' title="bbox 1898 1726 3495 1800; baseline 0 -17"><span class='ocrx_word' id='word_1_583' title='bbox 1898 1726 2198 1799; x_wconf 89' lang='lat' dir='ltr'><strong>maleﬁcos,</strong></span> <span class='ocrx_word' id='word_1_584' title='bbox 2255 1736 2309 1786; x_wconf 91' lang='lat' dir='ltr'><strong>et</strong></span> <span class='ocrx_word' id='word_1_585' title='bbox 2363 1736 2688 1787; x_wconf 70' lang='lat' dir='ltr'><strong>caeterorum</strong></span> <span class='ocrx_word' id='word_1_586' title='bbox 2726 1728 3000 1786; x_wconf 89' lang='lat' dir='ltr'><strong>malorum</strong></span> <span class='ocrx_word' id='word_1_587' title='bbox 3028 1726 3353 1785; x_wconf 89' lang='lat' dir='ltr'><strong>admissores</strong></span> <span class='ocrx_word' id='word_1_588' title='bbox 3382 1742 3495 1800; x_wconf 92' lang='lat' dir='ltr'><strong>pu-</strong></span> 
     </span>
    </p>
   </div>
   <div class='ocr_carea' id='block_1_81' title="bbox 1901 1823 3496 1902">
    <p class='ocr_par' dir='ltr' id='par_1_81' title="bbox 1901 1823 3496 1902">
     <span class='ocr_line' id='line_1_82' title="bbox 1901 1823 3496 1902; baseline -0.002 -18"><span class='ocrx_word' id='word_1_589' title='bbox 1901 1827 2058 1884; x_wconf 87' lang='lat' dir='ltr'><strong>niant</strong></span> <span class='ocrx_word' id='word_1_590' title='bbox 2085 1828 2230 1901; x_wconf 89' lang='lat' dir='ltr'><strong>leges</strong></span> <span class='ocrx_word' id='word_1_591' title='bbox 2242 1828 2498 1886; x_wconf 88' lang='lat' dir='ltr'><strong>Romanae</strong></span> <span class='ocrx_word' id='word_1_592' title='bbox 2530 1829 2558 1887; x_wconf 83' lang='lat'>?</span> <span class='ocrx_word' id='word_1_593' title='bbox 2586 1827 2834 1902; x_wconf 90' lang='lat' dir='ltr'><strong>Denique</strong></span> <span class='ocrx_word' id='word_1_594' title='bbox 2859 1826 2965 1885; x_wconf 89' lang='lat' dir='ltr'><strong>tria</strong></span> <span class='ocrx_word' id='word_1_595' title='bbox 2993 1824 3112 1884; x_wconf 63' lang='lat' dir='ltr'><strong>hac</strong></span> <span class='ocrx_word' id='word_1_596' title='bbox 3143 1824 3400 1882; x_wconf 90' lang='lat' dir='ltr'><strong>mandata</strong></span> <span class='ocrx_word' id='word_1_597' title='bbox 3427 1823 3496 1881; x_wconf 91' lang='lat' dir='ltr'><strong>ab</strong></span> 
     </span>
    </p>
   </div>
   <div class='ocr_carea' id='block_1_82' title="bbox 1902 1915 3498 1992">
    <p class='ocr_par' dir='ltr' id='par_1_82' title="bbox 1902 1915 3498 1992">
     <span class='ocr_line' id='line_1_83' title="bbox 1902 1915 3498 1992; baseline -0.001 -18"><span class='ocrx_word' id='word_1_598' title='bbox 1902 1918 2164 1990; x_wconf 85' lang='lat' dir='ltr'><strong>apostolis</strong></span> <span class='ocrx_word' id='word_1_599' title='bbox 2195 1926 2249 1975; x_wconf 85' lang='lat' dir='ltr'><strong>et</strong></span> <span class='ocrx_word' id='word_1_600' title='bbox 2298 1919 2612 1976; x_wconf 88' lang='lat' dir='ltr'><strong>senioribus</strong></span> <span class='ocrx_word' id='word_1_601' title='bbox 2645 1919 2772 1977; x_wconf 88' lang='lat' dir='ltr'><strong>data</strong></span> <span class='ocrx_word' id='word_1_602' title='bbox 2813 1918 3184 1992; x_wconf 90' lang='lat' dir='ltr'><strong>reperiuntur,</strong></span> <span class='ocrx_word' id='word_1_603' title='bbox 3237 1932 3356 1990; x_wconf 61' lang='lat' dir='ltr'><strong>quae</strong></span> <span class='ocrx_word' id='word_1_604' title='bbox 3405 1915 3498 1989; x_wconf 84' lang='lat' dir='ltr'><strong>ig—</strong></span> 
     </span>
    </p>
   </div>
   <div class='ocr_carea' id='block_1_83' title="bbox 1904 2005 3496 2081">
    <p class='ocr_par' dir='ltr' id='par_1_83' title="bbox 1904 2005 3496 2081">
     <span class='ocr_line' id='line_1_84' title="bbox 1904 2005 3496 2081; baseline -0.001 -18"><span class='ocrx_word' id='word_1_605' title='bbox 1904 2016 2102 2064; x_wconf 88' lang='lat' dir='ltr'><strong>norant</strong></span> <span class='ocrx_word' id='word_1_606' title='bbox 2132 2011 2276 2081; x_wconf 87' lang='lat' dir='ltr'><strong>leges</strong></span> <span class='ocrx_word' id='word_1_607' title='bbox 2321 2011 2603 2078; x_wconf 85' lang='lat' dir='ltr'><strong>Romanae,</strong></span> <span class='ocrx_word' id='word_1_608' title='bbox 2633 2009 2690 2066; x_wconf 90' lang='lat' dir='ltr'><strong>id</strong></span> <span class='ocrx_word' id='word_1_609' title='bbox 2720 2016 2822 2079; x_wconf 88' lang='lat' dir='ltr'><strong>est,</strong></span> <span class='ocrx_word' id='word_1_610' title='bbox 2854 2016 2916 2066; x_wconf 90' lang='lat' dir='ltr'><strong>ut</strong></span> <span class='ocrx_word' id='word_1_611' title='bbox 2969 2007 3283 2066; x_wconf 89' lang='lat' dir='ltr'><strong>abstineant</strong></span> <span class='ocrx_word' id='word_1_612' title='bbox 3343 2022 3400 2063; x_wconf 86' lang='lat' dir='ltr'><strong>se</strong></span> <span class='ocrx_word' id='word_1_613' title='bbox 3427 2005 3496 2062; x_wconf 89' lang='lat' dir='ltr'><strong>ab</strong></span> 
     </span>
    </p>
   </div>
   <div class='ocr_carea' id='block_1_84' title="bbox 1904 2096 3494 2172">
    <p class='ocr_par' dir='ltr' id='par_1_84' title="bbox 1904 2096 3494 2172">
     <span class='ocr_line' id='line_1_85' title="bbox 1904 2096 3494 2172; baseline 0.001 -18"><span class='ocrx_word' id='word_1_614' title='bbox 1904 2099 2239 2168; x_wconf 88' lang='lat' dir='ltr'><strong>idololatria,</strong></span> <span class='ocrx_word' id='word_1_615' title='bbox 2273 2109 2326 2157; x_wconf 87' lang='lat' dir='ltr'><strong>et</strong></span> <span class='ocrx_word' id='word_1_616' title='bbox 2367 2099 2655 2172; x_wconf 88' lang='lat' dir='ltr'><strong>sanguine,</strong></span> <span class='ocrx_word' id='word_1_617' title='bbox 2688 2099 2834 2156; x_wconf 89' lang='lat' dir='ltr'><strong>sicut</strong></span> <span class='ocrx_word' id='word_1_618' title='bbox 2860 2098 2994 2167; x_wconf 90' lang='lat' dir='ltr'><strong>Noe,</strong></span> <span class='ocrx_word' id='word_1_619' title='bbox 3027 2108 3081 2156; x_wconf 92' lang='lat' dir='ltr'><strong>et</strong></span> <span class='ocrx_word' id='word_1_620' title='bbox 3107 2096 3494 2155; x_wconf 87' lang='lat' dir='ltr'><strong>fornicatione.</strong></span> 
     </span>
    </p>
   </div>
   <div class='ocr_carea' id='block_1_85' title="bbox 1903 2187 3498 2261">
    <p class='ocr_par' dir='ltr' id='par_1_85' title="bbox 1903 2187 3498 2261">
     <span class='ocr_line' id='line_1_86' title="bbox 1903 2187 3498 2261; baseline -0.001 -17"><span class='ocrx_word' id='word_1_621' title='bbox 1903 2188 2035 2257; x_wconf 61' lang='lat' dir='ltr'><strong>Quae</strong></span> <span class='ocrx_word' id='word_1_622' title='bbox 2067 2187 2328 2261; x_wconf 58' lang='lat' dir='ltr'><strong>sophistae</strong></span> <span class='ocrx_word' id='word_1_623' title='bbox 2374 2189 2690 2246; x_wconf 58' lang='lat' dir='ltr'><strong>Graecorum</strong></span> <span class='ocrx_word' id='word_1_624' title='bbox 2721 2205 2834 2244; x_wconf 92' lang='lat' dir='ltr'><strong>non</strong></span> <span class='ocrx_word' id='word_1_625' title='bbox 2864 2188 3254 2260; x_wconf 89' lang='lat' dir='ltr'><strong>intelligentes,</strong></span> <span class='ocrx_word' id='word_1_626' title='bbox 3306 2187 3498 2244; x_wconf 89' lang='lat' dir='ltr'><strong>scien—</strong></span> 
     </span>
    </p>
   </div>
   <div class='ocr_carea' id='block_1_86' title="bbox 1904 2276 3504 2352">
    <p class='ocr_par' dir='ltr' id='par_1_86' title="bbox 1904 2276 3504 2352">
     <span class='ocr_line' id='line_1_87' title="bbox 1904 2276 3504 2352; baseline -0.003 -16"><span class='ocrx_word' id='word_1_627' title='bbox 1904 2287 1984 2336; x_wconf 90' lang='lat' dir='ltr'><strong>tes</strong></span> <span class='ocrx_word' id='word_1_628' title='bbox 2041 2286 2224 2335; x_wconf 91' lang='lat' dir='ltr'><strong>tamen</strong></span> <span class='ocrx_word' id='word_1_629' title='bbox 2276 2296 2308 2336; x_wconf 90' lang='lat' dir='ltr'><strong>a</strong></span> <span class='ocrx_word' id='word_1_630' title='bbox 2363 2277 2628 2352; x_wconf 86' lang='lat' dir='ltr'><strong>sanguine</strong></span> <span class='ocrx_word' id='word_1_631' title='bbox 2679 2277 3091 2348; x_wconf 88' lang='lat' dir='ltr'><strong>abstinendum,</strong></span> <span class='ocrx_word' id='word_1_632' title='bbox 3122 2276 3504 2334; x_wconf 88' lang='lat' dir='ltr'><strong>adulterarant</strong></span> 
     </span>
    </p>
   </div>
   <div class='ocr_carea' id='block_1_87' title="bbox 1907 2367 3501 2442">
    <p class='ocr_par' dir='ltr' id='par_1_87' title="bbox 1907 2367 3501 2442">
     <span class='ocr_line' id='line_1_88' title="bbox 1907 2367 3501 2442; baseline -0.001 -18"><span class='ocrx_word' id='word_1_633' title='bbox 1907 2367 2269 2441; x_wconf 89' lang='lat' dir='ltr'><strong>Scripturam,</strong></span> <span class='ocrx_word' id='word_1_634' title='bbox 2327 2377 2588 2442; x_wconf 88' lang='lat' dir='ltr'><strong>quartum</strong></span> <span class='ocrx_word' id='word_1_635' title='bbox 2647 2368 2970 2425; x_wconf 90' lang='lat' dir='ltr'><strong>mandatum</strong></span> <span class='ocrx_word' id='word_1_636' title='bbox 3019 2367 3300 2437; x_wconf 90' lang='lat' dir='ltr'><strong>addentes,</strong></span> <span class='ocrx_word' id='word_1_637' title='bbox 3361 2373 3414 2422; x_wconf 90' lang='lat' dir='ltr'><strong>et</strong></span> <span class='ocrx_word' id='word_1_638' title='bbox 3467 2380 3501 2422; x_wconf 90' lang='lat' dir='ltr'><strong>a</strong></span> 
     </span>
    </p>
   </div>
   <div class='ocr_carea' id='block_1_88' title="bbox 1905 2455 3505 2532">
    <p class='ocr_par' dir='ltr' id='par_1_88' title="bbox 1905 2455 3505 2532">
     <span class='ocr_line' id='line_1_89' title="bbox 1905 2455 3505 2532; baseline -0.003 -18"><span class='ocrx_word' id='word_1_639' title='bbox 1905 2458 2169 2514; x_wconf 75' lang='lat' dir='ltr'><strong>suffocato</strong></span> <span class='ocrx_word' id='word_1_640' title='bbox 2201 2457 2606 2515; x_wconf 87' lang='lat' dir='ltr'><strong>observandum</strong></span> <span class='ocrx_word' id='word_1_641' title='bbox 2638 2475 2650 2514; x_wconf 89' lang='lat'><strong>:</strong></span> <span class='ocrx_word' id='word_1_642' title='bbox 2681 2457 2848 2532; x_wconf 91' lang='lat' dir='ltr'><strong>quod,</strong></span> <span class='ocrx_word' id='word_1_643' title='bbox 2873 2465 3026 2530; x_wconf 91' lang='lat' dir='ltr'><strong>puto,</strong></span> <span class='ocrx_word' id='word_1_644' title='bbox 3055 2472 3206 2513; x_wconf 91' lang='lat' dir='ltr'><strong>nunc</strong></span> <span class='ocrx_word' id='word_1_645' title='bbox 3232 2455 3333 2512; x_wconf 92' lang='lat' dir='ltr'><strong>Dei</strong></span> <span class='ocrx_word' id='word_1_646' title='bbox 3363 2461 3505 2511; x_wconf 90' lang='lat' dir='ltr'><strong>nutu</strong></span> 
     </span>
    </p>
   </div>
   <div class='ocr_carea' id='block_1_89' title="bbox 1907 2542 3503 2622">
    <p class='ocr_par' dir='ltr' id='par_1_89' title="bbox 1907 2542 3503 2622">
     <span class='ocr_line' id='line_1_90' title="bbox 1907 2542 3503 2622; baseline -0.001 -19"><span class='ocrx_word' id='word_1_647' title='bbox 1907 2548 2246 2606; x_wconf 90' lang='lat' dir='ltr'><strong>intellecturi</strong></span> <span class='ocrx_word' id='word_1_648' title='bbox 2275 2556 2425 2620; x_wconf 88' lang='lat' dir='ltr'><strong>sunt,</strong></span> <span class='ocrx_word' id='word_1_649' title='bbox 2456 2548 2587 2622; x_wconf 91' lang='lat' dir='ltr'><strong>quia</strong></span> <span class='ocrx_word' id='word_1_650' title='bbox 2610 2546 2722 2621; x_wconf 88' lang='lat' dir='ltr'><strong>jam</strong></span> <span class='ocrx_word' id='word_1_651' title='bbox 2749 2564 2913 2622; x_wconf 88' lang='lat' dir='ltr'><strong>supra</strong></span> <span class='ocrx_word' id='word_1_652' title='bbox 2941 2546 3150 2604; x_wconf 88' lang='lat' dir='ltr'><strong>dictum</strong></span> <span class='ocrx_word' id='word_1_653' title='bbox 3189 2552 3326 2614; x_wconf 85' lang='lat' dir='ltr'><strong>erat,</strong></span> <span class='ocrx_word' id='word_1_654' title='bbox 3356 2542 3503 2619; x_wconf 88' lang='lat' dir='ltr'><strong>quod</strong></span> 
     </span>
    </p>
   </div>
   <div class='ocr_carea' id='block_1_90' title="bbox 1907 2635 2257 2695">
    <p class='ocr_par' dir='ltr' id='par_1_90' title="bbox 1907 2635 2257 2695">
     <span class='ocr_line' id='line_1_91' title="bbox 1907 2635 2257 2695; baseline 0.009 -3"><span class='ocrx_word' id='word_1_655' title='bbox 1907 2635 2257 2695; x_wconf 88' lang='lat' dir='ltr'><strong>addiderunt.</strong></span> 
     </span>
    </p>
   </div>
   <div class='ocr_carea' id='block_1_91' title="bbox 1981 2732 3489 2808">
    <p class='ocr_par' dir='ltr' id='par_1_91' title="bbox 1981 2732 3489 2808">
     <span class='ocr_line' id='line_1_92' title="bbox 1981 2732 3489 2808; baseline -0.002 -15"><span class='ocrx_word' id='word_1_656' title='bbox 1981 2735 2165 2807; x_wconf 85' lang='lat' dir='ltr'><strong>(Vers.</strong></span> <span class='ocrx_word' id='word_1_657' title='bbox 2199 2734 2278 2807; x_wconf 91' lang='lat'><strong>3.)</strong></span> <span class='ocrx_word' id='word_1_658' title='bbox 2345 2757 2364 2783; x_wconf 76' lang='grc' dir='ltr'><strong>ι</strong></span> <span class='ocrx_word' id='word_1_659' title='bbox 2393 2733 2499 2790; x_wconf 91' lang='lat' dir='ltr'><strong>Sed</strong></span> <span class='ocrx_word' id='word_1_660' title='bbox 2529 2749 2705 2808; x_wconf 90' lang='lat' dir='ltr'><strong>neque</strong></span> <span class='ocrx_word' id='word_1_661' title='bbox 2733 2732 2911 2803; x_wconf 87' lang='lat' dir='ltr'><strong>Titus,</strong></span> <span class='ocrx_word' id='word_1_662' title='bbox 2939 2733 3036 2808; x_wconf 89' lang='lat' dir='ltr'><strong>qui</strong></span> <span class='ocrx_word' id='word_1_663' title='bbox 3066 2749 3279 2790; x_wconf 91' lang='lat' dir='ltr'><strong>mecum</strong></span> <span class='ocrx_word' id='word_1_664' title='bbox 3310 2741 3445 2803; x_wconf 89' lang='lat' dir='ltr'><strong>erat,</strong></span> <span class='ocrx_word' id='word_1_665' title='bbox 3469 2756 3489 2783; x_wconf 82' lang='grc' dir='ltr'><strong>ι</strong></span> 
     </span>
    </p>
   </div>
   <div class='ocr_carea' id='block_1_92' title="bbox 1908 2821 3504 2897">
    <p class='ocr_par' dir='ltr' id='par_1_92' title="bbox 1908 2821 3504 2897">
     <span class='ocr_line' id='line_1_93' title="bbox 1908 2821 3504 2897; baseline 0.001 -19"><span class='ocrx_word' id='word_1_666' title='bbox 1908 2821 2014 2881; x_wconf 91' lang='lat' dir='ltr'><strong>hoc</strong></span> <span class='ocrx_word' id='word_1_667' title='bbox 2045 2831 2147 2893; x_wconf 92' lang='lat' dir='ltr'><strong>est,</strong></span> <span class='ocrx_word' id='word_1_668' title='bbox 2179 2823 2278 2879; x_wconf 93' lang='lat' dir='ltr'><strong>illo</strong></span> <span class='ocrx_word' id='word_1_669' title='bbox 2310 2822 2429 2896; x_wconf 92' lang='lat' dir='ltr'><strong>ipso</strong></span> <span class='ocrx_word' id='word_1_670' title='bbox 2451 2832 2693 2896; x_wconf 92' lang='lat' dir='ltr'><strong>tempore</strong></span> <span class='ocrx_word' id='word_1_671' title='bbox 2720 2840 2829 2897; x_wconf 91' lang='lat' dir='ltr'><strong>quo</strong></span> <span class='ocrx_word' id='word_1_672' title='bbox 2870 2823 2974 2892; x_wconf 91' lang='lat' dir='ltr'><strong>fui,</strong></span> <span class='ocrx_word' id='word_1_673' title='bbox 3003 2824 3205 2896; x_wconf 90' lang='lat' dir='ltr'><strong>inquit,</strong></span> <span class='ocrx_word' id='word_1_674' title='bbox 3236 2823 3504 2880; x_wconf 90' lang='lat' dir='ltr'><strong>Hieroso-</strong></span> 
     </span>
    </p>
   </div>
   <div class='ocr_carea' id='block_1_93' title="bbox 1913 2911 3503 2987">
    <p class='ocr_par' dir='ltr' id='par_1_93' title="bbox 1913 2911 3503 2987">
     <span class='ocr_line' id='line_1_94' title="bbox 1913 2911 3503 2987; baseline -0.001 -17"><span class='ocrx_word' id='word_1_675' title='bbox 1913 2914 2102 2987; x_wconf 81' lang='lat' dir='ltr'><strong>lymis,</strong></span> <span class='ocrx_word' id='word_1_676' title='bbox 2151 2937 2168 2960; x_wconf 66' lang='grc' dir='ltr'>ς</span> <span class='ocrx_word' id='word_1_677' title='bbox 2198 2912 2379 2980; x_wconf 88' lang='lat' dir='ltr'><strong>Titus,</strong></span> <span class='ocrx_word' id='word_1_678' title='bbox 2425 2913 2521 2986; x_wconf 92' lang='lat' dir='ltr'><strong>qui</strong></span> <span class='ocrx_word' id='word_1_679' title='bbox 2566 2929 2781 2970; x_wconf 91' lang='lat' dir='ltr'><strong>mecum</strong></span> <span class='ocrx_word' id='word_1_680' title='bbox 2811 2919 2965 2968; x_wconf 62' lang='lat' dir='ltr'><strong>erat:</strong></span> <span class='ocrx_word' id='word_1_681' title='bbox 3025 2911 3361 2985; x_wconf 89' lang='lat' dir='ltr'><strong>compulsus,</strong></span> <span class='ocrx_word' id='word_1_682' title='bbox 3392 2929 3503 2968; x_wconf 91' lang='lat' dir='ltr'><strong>non</strong></span> 
     </span>
    </p>
   </div>
   <div class='ocr_carea' id='block_1_94' title="bbox 1911 3000 3506 3075">
    <p class='ocr_par' dir='ltr' id='par_1_94' title="bbox 1911 3000 3506 3075">
     <span class='ocr_line' id='line_1_95' title="bbox 1911 3000 3506 3075; baseline -0.001 -15"><span class='ocrx_word' id='word_1_683' title='bbox 1911 3012 1991 3060; x_wconf 89' lang='lat' dir='ltr'><strong>est</strong></span> <span class='ocrx_word' id='word_1_684' title='bbox 2021 3001 2370 3060; x_wconf 87' lang='lat' dir='ltr'><strong>circumcidi.</strong></span> <span class='ocrx_word' id='word_1_685' title='bbox 2415 3002 2553 3060; x_wconf 90' lang='lat' dir='ltr'><strong>Cum</strong></span> <span class='ocrx_word' id='word_1_686' title='bbox 2594 3003 2785 3075; x_wconf 89' lang='lat' dir='ltr'><strong>utique</strong></span> <span class='ocrx_word' id='word_1_687' title='bbox 2817 3002 2962 3058; x_wconf 90' lang='lat' dir='ltr'><strong>inter</strong></span> <span class='ocrx_word' id='word_1_688' title='bbox 3011 3000 3305 3075; x_wconf 88' lang='lat' dir='ltr'><strong>apostolos,</strong></span> <span class='ocrx_word' id='word_1_689' title='bbox 3336 3009 3390 3057; x_wconf 93' lang='lat' dir='ltr'><strong>et</strong></span> <span class='ocrx_word' id='word_1_690' title='bbox 3414 3018 3506 3058; x_wconf 91' lang='lat' dir='ltr'><strong>eos</strong></span> 
     </span>
    </p>
   </div>
   <div class='ocr_carea' id='block_1_95' title="bbox 1910 3089 3508 3167">
    <p class='ocr_par' dir='ltr' id='par_1_95' title="bbox 1910 3089 3508 3167">
     <span class='ocr_line' id='line_1_96' title="bbox 1910 3089 3508 3167; baseline -0.002 -18"><span class='ocrx_word' id='word_1_691' title='bbox 1910 3094 2006 3167; x_wconf 91' lang='lat' dir='ltr'><strong>qui</strong></span> <span class='ocrx_word' id='word_1_692' title='bbox 2047 3109 2116 3149; x_wconf 83' lang='lat' dir='ltr'><strong>ex</strong></span> <span class='ocrx_word' id='word_1_693' title='bbox 2141 3092 2346 3149; x_wconf 76' lang='lat' dir='ltr'><strong>Iudaeis</strong></span> <span class='ocrx_word' id='word_1_694' title='bbox 2394 3091 2763 3161; x_wconf 88' lang='lat' dir='ltr'><strong>crediderant,</strong></span> <span class='ocrx_word' id='word_1_695' title='bbox 2791 3108 3054 3161; x_wconf 89' lang='lat' dir='ltr'><strong>essemus,</strong></span> <span class='ocrx_word' id='word_1_696' title='bbox 3095 3107 3260 3148; x_wconf 91' lang='lat' dir='ltr'><strong>nemo</strong></span> <span class='ocrx_word' id='word_1_697' title='bbox 3288 3106 3414 3147; x_wconf 90' lang='lat' dir='ltr'><strong>eum</strong></span> <span class='ocrx_word' id='word_1_698' title='bbox 3440 3089 3508 3147; x_wconf 89' lang='lat' dir='ltr'><strong>de</strong></span> 
     </span>
    </p>
   </div>
   <div class='ocr_carea' id='block_1_96' title="bbox 1912 3179 3509 3256">
    <p class='ocr_par' dir='ltr' id='par_1_96' title="bbox 1912 3179 3509 3256">
     <span class='ocr_line' id='line_1_97' title="bbox 1912 3179 3509 3256; baseline -0.002 -17"><span class='ocrx_word' id='word_1_699' title='bbox 1912 3183 2021 3251; x_wconf 92' lang='lat' dir='ltr'><strong>his,</strong></span> <span class='ocrx_word' id='word_1_700' title='bbox 2054 3182 2111 3238; x_wconf 94' lang='lat' dir='ltr'><strong>id</strong></span> <span class='ocrx_word' id='word_1_701' title='bbox 2139 3191 2222 3239; x_wconf 92' lang='lat' dir='ltr'><strong>est</strong></span> <span class='ocrx_word' id='word_1_702' title='bbox 2268 3182 2476 3251; x_wconf 91' lang='lat' dir='ltr'><strong>Titum,</strong></span> <span class='ocrx_word' id='word_1_703' title='bbox 2518 3183 2790 3256; x_wconf 90' lang='lat' dir='ltr'><strong>compulit</strong></span> <span class='ocrx_word' id='word_1_704' title='bbox 2818 3179 3164 3240; x_wconf 90' lang='lat' dir='ltr'><strong>circumcidi.</strong></span> <span class='ocrx_word' id='word_1_705' title='bbox 3196 3179 3269 3238; x_wconf 90' lang='lat' dir='ltr'><strong>Et</strong></span> <span class='ocrx_word' id='word_1_706' title='bbox 3321 3179 3509 3237; x_wconf 89' lang='lat' dir='ltr'><strong>subin-</strong></span> 
     </span>
    </p>
   </div>
   <div class='ocr_carea' id='block_1_97' title="bbox 1912 3268 3509 3345">
    <p class='ocr_par' dir='ltr' id='par_1_97' title="bbox 1912 3268 3509 3345">
     <span class='ocr_line' id='line_1_98' title="bbox 1912 3268 3509 3345; baseline -0.003 -16"><span class='ocrx_word' id='word_1_707' title='bbox 1912 3272 2223 3345; x_wconf 89' lang='lat' dir='ltr'><strong>telligitur:</strong></span> <span class='ocrx_word' id='word_1_708' title='bbox 2257 3271 2403 3340; x_wconf 90' lang='lat' dir='ltr'><strong>Quid</strong></span> <span class='ocrx_word' id='word_1_709' title='bbox 2432 3282 2514 3329; x_wconf 90' lang='lat' dir='ltr'><strong>est</strong></span> <span class='ocrx_word' id='word_1_710' title='bbox 2541 3280 2603 3328; x_wconf 90' lang='lat' dir='ltr'><strong>ut</strong></span> <span class='ocrx_word' id='word_1_711' title='bbox 2623 3289 2722 3328; x_wconf 90' lang='lat' dir='ltr'><strong>vos</strong></span> <span class='ocrx_word' id='word_1_712' title='bbox 2735 3269 3234 3340; x_wconf 90' lang='lat' dir='ltr'><strong>circumcidamini,</strong></span> <span class='ocrx_word' id='word_1_713' title='bbox 3265 3286 3393 3327; x_wconf 92' lang='lat' dir='ltr'><strong>cum</strong></span> <span class='ocrx_word' id='word_1_714' title='bbox 3421 3268 3509 3324; x_wconf 92' lang='lat' dir='ltr'><strong>Ti-</strong></span> 
     </span>
    </p>
   </div>
   <div class='ocr_carea' id='block_1_98' title="bbox 1912 3359 3510 3435">
    <p class='ocr_par' dir='ltr' id='par_1_98' title="bbox 1912 3359 3510 3435">
     <span class='ocr_line' id='line_1_99' title="bbox 1912 3359 3510 3435; baseline -0.003 -17"><span class='ocrx_word' id='word_1_715' title='bbox 1912 3370 2002 3419; x_wconf 90' lang='lat' dir='ltr'><strong>tus</strong></span> <span class='ocrx_word' id='word_1_716' title='bbox 2034 3361 2101 3418; x_wconf 88' lang='lat' dir='ltr'><strong>ab</strong></span> <span class='ocrx_word' id='word_1_717' title='bbox 2150 3361 2435 3435; x_wconf 89' lang='lat' dir='ltr'><strong>apostolis,</strong></span> <span class='ocrx_word' id='word_1_718' title='bbox 2487 3361 2581 3435; x_wconf 89' lang='lat' dir='ltr'><strong>qui</strong></span> <span class='ocrx_word' id='word_1_719' title='bbox 2628 3361 2961 3418; x_wconf 89' lang='lat' dir='ltr'><strong>videbantur</strong></span> <span class='ocrx_word' id='word_1_720' title='bbox 2988 3359 3199 3434; x_wconf 91' lang='lat' dir='ltr'><strong>aliquid</strong></span> <span class='ocrx_word' id='word_1_721' title='bbox 3229 3373 3363 3428; x_wconf 88' lang='lat' dir='ltr'><strong>esse,</strong></span> <span class='ocrx_word' id='word_1_722' title='bbox 3395 3373 3510 3414; x_wconf 91' lang='lat' dir='ltr'><strong>non</strong></span> 
     </span>
    </p>
   </div>
   <div class='ocr_carea' id='block_1_99' title="bbox 1912 3446 3509 3524">
    <p class='ocr_par' dir='ltr' id='par_1_99' title="bbox 1912 3446 3509 3524">
     <span class='ocr_line' id='line_1_100' title="bbox 1912 3446 3509 3524; baseline -0.003 -16"><span class='ocrx_word' id='word_1_723' title='bbox 1912 3459 1994 3508; x_wconf 88' lang='lat' dir='ltr'><strong>est</strong></span> <span class='ocrx_word' id='word_1_724' title='bbox 2040 3453 2358 3524; x_wconf 91' lang='lat' dir='ltr'><strong>compulsus</strong></span> <span class='ocrx_word' id='word_1_725' title='bbox 2385 3451 2734 3521; x_wconf 91' lang='lat' dir='ltr'><strong>circumcidi,</strong></span> <span class='ocrx_word' id='word_1_726' title='bbox 2778 3450 2873 3508; x_wconf 90' lang='lat' dir='ltr'><strong>sed</strong></span> <span class='ocrx_word' id='word_1_727' title='bbox 2901 3457 3187 3524; x_wconf 89' lang='lat' dir='ltr'><strong>susceptus</strong></span> <span class='ocrx_word' id='word_1_728' title='bbox 3216 3457 3299 3506; x_wconf 91' lang='lat' dir='ltr'><strong>est</strong></span> <span class='ocrx_word' id='word_1_729' title='bbox 3327 3446 3509 3506; x_wconf 88' lang='lat' dir='ltr'><strong>incir—</strong></span> 
     </span>
    </p>
   </div>
   <div class='ocr_carea' id='block_1_100' title="bbox 1912 3541 2239 3600">
    <p class='ocr_par' dir='ltr' id='par_1_100' title="bbox 1912 3541 2239 3600">
     <span class='ocr_line' id='line_1_101' title="bbox 1912 3541 2239 3600; baseline -0.003 0"><span class='ocrx_word' id='word_1_730' title='bbox 1912 3542 2191 3600; x_wconf 88' lang='lat' dir='ltr'><strong>cumcisus</strong></span> <span class='ocrx_word' id='word_1_731' title='bbox 2209 3541 2239 3599; x_wconf 77' lang='lat'><strong>?</strong></span> 
     </span>
    </p>
   </div>
   <div class='ocr_carea' id='block_1_101' title="bbox 1989 3627 3499 3706">
    <p class='ocr_par' dir='ltr' id='par_1_101' title="bbox 1989 3627 3499 3706">
     <span class='ocr_line' id='line_1_102' title="bbox 1989 3627 3499 3706; baseline -0.003 -17"><span class='ocrx_word' id='word_1_732' title='bbox 1989 3633 2172 3705; x_wconf 84' lang='lat' dir='ltr'><strong>(Vers.</strong></span> <span class='ocrx_word' id='word_1_733' title='bbox 2205 3631 2259 3703; x_wconf 77' lang='grc'><strong>4,</strong></span> <span class='ocrx_word' id='word_1_734' title='bbox 2290 3632 2371 3706; x_wconf 88' lang='grc'>5.)</span> <span class='ocrx_word' id='word_1_735' title='bbox 2417 3631 2682 3705; x_wconf 69' lang='lat' dir='ltr'><strong>«Propter</strong></span> <span class='ocrx_word' id='word_1_736' title='bbox 2697 3627 3148 3687; x_wconf 91' lang='lat' dir='ltr'><strong>subintroductos</strong></span> <span class='ocrx_word' id='word_1_737' title='bbox 3179 3627 3297 3702; x_wconf 78' lang='grc'>(54)</span> <span class='ocrx_word' id='word_1_738' title='bbox 3316 3636 3499 3686; x_wconf 89' lang='lat' dir='ltr'><strong>autem</strong></span> 
     </span>
    </p>
   </div>
   <div class='ocr_carea' id='block_1_102' title="bbox 1912 3718 3512 3796">
    <p class='ocr_par' dir='ltr' id='par_1_102' title="bbox 1912 3718 3512 3796">
     <span class='ocr_line' id='line_1_103' title="bbox 1912 3718 3512 3796; baseline -0.002 -19"><span class='ocrx_word' id='word_1_739' title='bbox 1912 3720 2082 3778; x_wconf 89' lang='lat' dir='ltr'><strong>falsos</strong></span> <span class='ocrx_word' id='word_1_740' title='bbox 2111 3722 2327 3789; x_wconf 83' lang='lat' dir='ltr'><strong>fratres,</strong></span> <span class='ocrx_word' id='word_1_741' title='bbox 2359 3722 2454 3796; x_wconf 91' lang='lat' dir='ltr'><strong>qui</strong></span> <span class='ocrx_word' id='word_1_742' title='bbox 2501 3720 2955 3778; x_wconf 88' lang='lat' dir='ltr'><strong>subintraverunt</strong></span> <span class='ocrx_word' id='word_1_743' title='bbox 2987 3719 3274 3793; x_wconf 84' lang='lat' dir='ltr'><strong>explorare</strong></span> <span class='ocrx_word' id='word_1_744' title='bbox 3333 3718 3512 3775; x_wconf 84' lang='lat' dir='ltr'><strong>liber-</strong></span> 
     </span>
    </p>
   </div>
   <div class='ocr_carea' id='block_1_103' title="bbox 1915 3807 3511 3884">
    <p class='ocr_par' dir='ltr' id='par_1_103' title="bbox 1915 3807 3511 3884">
     <span class='ocr_line' id='line_1_104' title="bbox 1915 3807 3511 3884; baseline -0.003 -16"><span class='ocrx_word' id='word_1_745' title='bbox 1915 3818 2084 3868; x_wconf 89' lang='lat' dir='ltr'><strong>tatem</strong></span> <span class='ocrx_word' id='word_1_746' title='bbox 2114 3819 2383 3878; x_wconf 90' lang='lat' dir='ltr'><strong>nostram,</strong></span> <span class='ocrx_word' id='word_1_747' title='bbox 2415 3827 2580 3884; x_wconf 86' lang='lat' dir='ltr'><strong>quam</strong></span> <span class='ocrx_word' id='word_1_748' title='bbox 2623 3809 2891 3868; x_wconf 90' lang='lat' dir='ltr'><strong>habemus</strong></span> <span class='ocrx_word' id='word_1_749' title='bbox 2920 3808 2979 3865; x_wconf 92' lang='lat' dir='ltr'><strong>in</strong></span> <span class='ocrx_word' id='word_1_750' title='bbox 3009 3808 3231 3868; x_wconf 87' lang='lat' dir='ltr'><strong>Christo</strong></span> <span class='ocrx_word' id='word_1_751' title='bbox 3258 3807 3405 3876; x_wconf 83' lang='lat' dir='ltr'><strong>Jesu,</strong></span> <span class='ocrx_word' id='word_1_752' title='bbox 3447 3814 3511 3863; x_wconf 90' lang='lat' dir='ltr'><strong>ut</strong></span> 
     </span>
    </p>
   </div>
   <div class='ocr_carea' id='block_1_104' title="bbox 1916 3898 3513 3973">
    <p class='ocr_par' dir='ltr' id='par_1_104' title="bbox 1916 3898 3513 3973">
     <span class='ocr_line' id='line_1_105' title="bbox 1916 3898 3513 3973; baseline -0.005 -14"><span class='ocrx_word' id='word_1_753' title='bbox 1916 3919 2016 3959; x_wconf 89' lang='lat' dir='ltr'><strong>nos</strong></span> <span class='ocrx_word' id='word_1_754' title='bbox 2047 3902 2103 3957; x_wconf 90' lang='lat' dir='ltr'><strong>in</strong></span> <span class='ocrx_word' id='word_1_755' title='bbox 2149 3902 2474 3959; x_wconf 86' lang='lat' dir='ltr'><strong>servitutem</strong></span> <span class='ocrx_word' id='word_1_756' title='bbox 2519 3899 2877 3973; x_wconf 87' lang='lat' dir='ltr'><strong>subjicerent,</strong></span> <span class='ocrx_word' id='word_1_757' title='bbox 2907 3899 2977 3957; x_wconf 88' lang='lat' dir='ltr'><strong>ad</strong></span> <span class='ocrx_word' id='word_1_758' title='bbox 3027 3898 3219 3956; x_wconf 90' lang='lat' dir='ltr'><strong>horam</strong></span> <span class='ocrx_word' id='word_1_759' title='bbox 3246 3898 3513 3955; x_wconf 88' lang='lat' dir='ltr'><strong>cessimus</strong></span> 
     </span>
    </p>
   </div>
   <div class='ocr_carea' id='block_1_105' title="bbox 1914 3984 3510 4066">
    <p class='ocr_par' dir='ltr' id='par_1_105' title="bbox 1914 3984 3510 4066">
     <span class='ocr_line' id='line_1_106' title="bbox 1914 3984 3510 4066; baseline -0.006 -15"><span class='ocrx_word' id='word_1_760' title='bbox 1914 3992 2268 4066; x_wconf 87' lang='lat' dir='ltr'><strong>subjectioni,</strong></span> <span class='ocrx_word' id='word_1_761' title='bbox 2329 3997 2389 4048; x_wconf 92' lang='lat' dir='ltr'><strong>ut</strong></span> <span class='ocrx_word' id='word_1_762' title='bbox 2443 3990 2647 4048; x_wconf 79' lang='lat' dir='ltr'><strong>veritas</strong></span> <span class='ocrx_word' id='word_1_763' title='bbox 2678 3989 2966 4063; x_wconf 87' lang='lat' dir='ltr'><strong>Evangelii</strong></span> <span class='ocrx_word' id='word_1_764' title='bbox 2997 3995 3312 4062; x_wconf 89' lang='lat' dir='ltr'><strong>permaneat</strong></span> <span class='ocrx_word' id='word_1_765' title='bbox 3364 3984 3510 4058; x_wconf 88' lang='lat' dir='ltr'><strong>apud</strong></span> 
     </span>
    </p>
   </div>
   <div class='ocr_carea' id='block_1_106' title="bbox 1914 4075 3509 4153">
    <p class='ocr_par' dir='ltr' id='par_1_106' title="bbox 1914 4075 3509 4153">
     <span class='ocr_line' id='line_1_107' title="bbox 1914 4075 3509 4153; baseline -0.003 -17"><span class='ocrx_word' id='word_1_766' title='bbox 1914 4097 2033 4138; x_wconf 91' lang='lat' dir='ltr'><strong>vos.</strong></span> <span class='ocrx_word' id='word_1_767' title='bbox 2068 4107 2086 4130; x_wconf 74' lang='grc' dir='ltr'><strong>ι</strong></span> <span class='ocrx_word' id='word_1_768' title='bbox 2132 4079 2337 4149; x_wconf 91' lang='lat' dir='ltr'><strong>Titum,</strong></span> <span class='ocrx_word' id='word_1_769' title='bbox 2371 4080 2502 4153; x_wconf 90' lang='lat' dir='ltr'><strong>quia</strong></span> <span class='ocrx_word' id='word_1_770' title='bbox 2533 4079 2754 4138; x_wconf 90' lang='lat' dir='ltr'><strong>Graecus</strong></span> <span class='ocrx_word' id='word_1_771' title='bbox 2782 4085 2899 4135; x_wconf 89' lang='lat' dir='ltr'><strong>erat</strong></span> <span class='ocrx_word' id='word_1_772' title='bbox 2917 4077 3061 4134; x_wconf 90' lang='lat' dir='ltr'><strong>sicut</strong></span> <span class='ocrx_word' id='word_1_773' title='bbox 3090 4075 3316 4142; x_wconf 90' lang='lat' dir='ltr'><strong>Galatae,</strong></span> <span class='ocrx_word' id='word_1_774' title='bbox 3349 4083 3509 4147; x_wconf 87' lang='lat' dir='ltr'><strong>negat</strong></span> 
     </span>
    </p>
   </div>
   <div class='ocr_carea' id='block_1_107' title="bbox 1914 4163 3512 4239">
    <p class='ocr_par' dir='ltr' id='par_1_107' title="bbox 1914 4163 3512 4239">
     <span class='ocr_line' id='line_1_108' title="bbox 1914 4163 3512 4239; baseline -0.004 -12"><span class='ocrx_word' id='word_1_775' title='bbox 1914 4169 2328 4228; x_wconf 88' lang='lat' dir='ltr'><strong>circumcisum.</strong></span> <span class='ocrx_word' id='word_1_776' title='bbox 2362 4169 2482 4239; x_wconf 90' lang='lat' dir='ltr'><strong>Quo</strong></span> <span class='ocrx_word' id='word_1_777' title='bbox 2513 4169 2684 4237; x_wconf 89' lang='lat' dir='ltr'><strong>dicto,</strong></span> <span class='ocrx_word' id='word_1_778' title='bbox 2716 4167 2817 4222; x_wconf 89' lang='lat' dir='ltr'><strong>hos</strong></span> <span class='ocrx_word' id='word_1_779' title='bbox 2846 4165 3045 4238; x_wconf 91' lang='lat' dir='ltr'><strong>arguit,</strong></span> <span class='ocrx_word' id='word_1_780' title='bbox 3068 4163 3164 4238; x_wconf 91' lang='lat' dir='ltr'><strong>qui</strong></span> <span class='ocrx_word' id='word_1_781' title='bbox 3191 4170 3512 4237; x_wconf 90' lang='lat' dir='ltr'><strong>paterentur</strong></span> 
     </span>
    </p>
   </div>
   <div class='ocr_carea' id='block_1_108' title="bbox 1914 4253 3511 4329">
    <p class='ocr_par' dir='ltr' id='par_1_108' title="bbox 1914 4253 3511 4329">
     <span class='ocr_line' id='line_1_109' title="bbox 1914 4253 3511 4329; baseline -0.004 -12"><span class='ocrx_word' id='word_1_782' title='bbox 1914 4275 1972 4317; x_wconf 89' lang='lat' dir='ltr'><strong>se</strong></span> <span class='ocrx_word' id='word_1_783' title='bbox 1997 4258 2343 4329; x_wconf 90' lang='lat' dir='ltr'><strong>circumcidi,</strong></span> <span class='ocrx_word' id='word_1_784' title='bbox 2372 4275 2500 4316; x_wconf 92' lang='lat' dir='ltr'><strong>cum</strong></span> <span class='ocrx_word' id='word_1_785' title='bbox 2528 4265 2708 4314; x_wconf 89' lang='lat' dir='ltr'><strong>essent</strong></span> <span class='ocrx_word' id='word_1_786' title='bbox 2745 4255 2941 4312; x_wconf 79' lang='lat' dir='ltr'><strong>Graeci.</strong></span> <span class='ocrx_word' id='word_1_787' title='bbox 2995 4253 3102 4310; x_wconf 92' lang='lat' dir='ltr'><strong>Sed</strong></span> <span class='ocrx_word' id='word_1_788' title='bbox 3133 4270 3200 4311; x_wconf 91' lang='lat' dir='ltr'><strong>ne</strong></span> <span class='ocrx_word' id='word_1_789' title='bbox 3231 4253 3372 4311; x_wconf 86' lang='lat' dir='ltr'><strong>forte</strong></span> <span class='ocrx_word' id='word_1_790' title='bbox 3401 4270 3511 4328; x_wconf 84' lang='lat' dir='ltr'><strong>op-</strong></span> 
     </span>
    </p>
   </div>
   <div class='ocr_carea' id='block_1_109' title="bbox 1914 4343 3511 4425">
    <p class='ocr_par' dir='ltr' id='par_1_109' title="bbox 1914 4343 3511 4425">
     <span class='ocr_line' id='line_1_110' title="bbox 1914 4343 3511 4425; baseline -0.003 -18"><span class='ocrx_word' id='word_1_791' title='bbox 1914 4357 2212 4425; x_wconf 89' lang='lat' dir='ltr'><strong>poneretur</strong></span> <span class='ocrx_word' id='word_1_792' title='bbox 2264 4349 2337 4418; x_wconf 90' lang='lat' dir='ltr'><strong>ei,</strong></span> <span class='ocrx_word' id='word_1_793' title='bbox 2367 4347 2496 4422; x_wconf 91' lang='lat' dir='ltr'><strong>quia</strong></span> <span class='ocrx_word' id='word_1_794' title='bbox 2547 4347 2663 4420; x_wconf 88' lang='lat' dir='ltr'><strong>ipse</strong></span> <span class='ocrx_word' id='word_1_795' title='bbox 2690 4343 3112 4404; x_wconf 75' lang='lat' dir='ltr'><strong>circumcideret</strong></span> <span class='ocrx_word' id='word_1_796' title='bbox 3158 4343 3511 4403; x_wconf 91' lang='lat' dir='ltr'><strong>Timotheum</strong></span> 
     </span>
    </p>
   </div>
   <div class='ocr_carea' id='block_1_110' title="bbox 1918 4433 3513 4512">
    <p class='ocr_par' dir='ltr' id='par_1_110' title="bbox 1918 4433 3513 4512">
     <span class='ocr_line' id='line_1_111' title="bbox 1918 4433 3513 4512; baseline -0.004 -15"><span class='ocrx_word' id='word_1_797' title='bbox 1918 4439 2059 4512; x_wconf 84' lang='lat' dir='ltr'><strong>(Act.</strong></span> <span class='ocrx_word' id='word_1_798' title='bbox 2113 4457 2234 4509; x_wconf 83' lang='lat' dir='ltr'><strong>xvr,</strong></span> <span class='ocrx_word' id='word_1_799' title='bbox 2286 4439 2366 4511; x_wconf 87' lang='lat'><strong>3),</strong></span> <span class='ocrx_word' id='word_1_800' title='bbox 2427 4453 2577 4495; x_wconf 93' lang='lat' dir='ltr'><strong>nunc</strong></span> <span class='ocrx_word' id='word_1_801' title='bbox 2631 4452 2822 4495; x_wconf 89' lang='lat' dir='ltr'><strong>causas</strong></span> <span class='ocrx_word' id='word_1_802' title='bbox 2877 4434 3110 4509; x_wconf 82' lang='lat' dir='ltr'><strong>exponit</strong></span> <span class='ocrx_word' id='word_1_803' title='bbox 3166 4450 3265 4491; x_wconf 91' lang='lat' dir='ltr'><strong>cur</strong></span> <span class='ocrx_word' id='word_1_804' title='bbox 3321 4433 3513 4492; x_wconf 91' lang='lat' dir='ltr'><strong>fecerit</strong></span> 
     </span>
    </p>
   </div>
   <div class='ocr_carea' id='block_1_111' title="bbox 1915 4523 3512 4604">
    <p class='ocr_par' dir='ltr' id='par_1_111' title="bbox 1915 4523 3512 4604">
     <span class='ocr_line' id='line_1_112' title="bbox 1915 4523 3512 4604; baseline -0.004 -18"><span class='ocrx_word' id='word_1_805' title='bbox 1915 4530 2062 4604; x_wconf 91' lang='lat' dir='ltr'><strong>quod</strong></span> <span class='ocrx_word' id='word_1_806' title='bbox 2093 4529 2406 4587; x_wconf 90' lang='lat' dir='ltr'><strong>faciendum</strong></span> <span class='ocrx_word' id='word_1_807' title='bbox 2437 4526 2687 4602; x_wconf 89' lang='lat' dir='ltr'><strong>negabat,</strong></span> <span class='ocrx_word' id='word_1_808' title='bbox 2719 4526 2908 4584; x_wconf 91' lang='lat' dir='ltr'><strong>dicens</strong></span> <span class='ocrx_word' id='word_1_809' title='bbox 2941 4543 2953 4583; x_wconf 91' lang='lat'>:</span> <span class='ocrx_word' id='word_1_810' title='bbox 3001 4548 3019 4573; x_wconf 80' lang='grc' dir='ltr'><strong>ι</strong></span> <span class='ocrx_word' id='word_1_811' title='bbox 3059 4524 3288 4598; x_wconf 89' lang='lat' dir='ltr'><strong>Propter</strong></span> <span class='ocrx_word' id='word_1_812' title='bbox 3307 4523 3512 4580; x_wconf 91' lang='lat' dir='ltr'><strong>subin-</strong></span> 
     </span>
    </p>
   </div>
   <div class='ocr_carea' id='block_1_112' title="bbox 1915 4603 3513 4689">
    <p class='ocr_par' dir='ltr' id='par_1_112' title="bbox 1915 4603 3513 4689">
     <span class='ocr_line' id='line_1_113' title="bbox 1915 4603 3513 4689; baseline -0.003 -13"><span class='ocrx_word' id='word_1_813' title='bbox 1915 4603 2199 4677; x_wconf 81' lang='lat' dir='ltr'><strong>troductos</strong></span> <span class='ocrx_word' id='word_1_814' title='bbox 2222 4603 2406 4676; x_wconf 76' lang='lat' dir='ltr'><strong>auteni</strong></span> <span class='ocrx_word' id='word_1_815' title='bbox 2455 4617 2621 4674; x_wconf 87' lang='lat' dir='ltr'><strong>falsos</strong></span> <span class='ocrx_word' id='word_1_816' title='bbox 2669 4615 2884 4685; x_wconf 87' lang='lat' dir='ltr'><strong>fratres,</strong></span> <span class='ocrx_word' id='word_1_817' title='bbox 2925 4614 3022 4689; x_wconf 89' lang='lat' dir='ltr'><strong>qui</strong></span> <span class='ocrx_word' id='word_1_818' title='bbox 3053 4612 3513 4673; x_wconf 90' lang='lat' dir='ltr'><strong>subintraverunt</strong></span> 
     </span>
    </p>
   </div>
   <div class='ocr_carea' id='block_1_113' title="bbox 1916 4703 3509 4785">
    <p class='ocr_par' dir='ltr' id='par_1_113' title="bbox 1916 4703 3509 4785">
     <span class='ocr_line' id='line_1_114' title="bbox 1916 4703 3509 4785; baseline -0.005 -16"><span class='ocrx_word' id='word_1_819' title='bbox 1916 4713 2202 4785; x_wconf 87' lang='lat' dir='ltr'><strong>explorare</strong></span> <span class='ocrx_word' id='word_1_820' title='bbox 2253 4709 2565 4766; x_wconf 90' lang='lat' dir='ltr'><strong>libertatem</strong></span> <span class='ocrx_word' id='word_1_821' title='bbox 2615 4714 2886 4775; x_wconf 90' lang='lat' dir='ltr'><strong>nostram,</strong></span> <span class='ocrx_word' id='word_1_822' title='bbox 2935 4719 3099 4777; x_wconf 90' lang='lat' dir='ltr'><strong>quam</strong></span> <span class='ocrx_word' id='word_1_823' title='bbox 3129 4703 3396 4763; x_wconf 88' lang='lat' dir='ltr'><strong>habemus</strong></span> <span class='ocrx_word' id='word_1_824' title='bbox 3451 4705 3509 4762; x_wconf 93' lang='lat' dir='ltr'><strong>in</strong></span> 
     </span>
    </p>
   </div>
   <div class='ocr_carea' id='block_1_114' title="bbox 1915 4792 3512 4869">
    <p class='ocr_par' dir='ltr' id='par_1_114' title="bbox 1915 4792 3512 4869">
     <span class='ocr_line' id='line_1_115' title="bbox 1915 4792 3512 4869; baseline -0.004 -12"><span class='ocrx_word' id='word_1_825' title='bbox 1915 4801 2138 4860; x_wconf 87' lang='lat' dir='ltr'><strong>Christo</strong></span> <span class='ocrx_word' id='word_1_826' title='bbox 2183 4800 2332 4869; x_wconf 84' lang='lat' dir='ltr'><strong>Jesu,</strong></span> <span class='ocrx_word' id='word_1_827' title='bbox 2363 4807 2425 4856; x_wconf 91' lang='lat' dir='ltr'><strong>ut</strong></span> <span class='ocrx_word' id='word_1_828' title='bbox 2467 4814 2567 4855; x_wconf 91' lang='lat' dir='ltr'><strong>nos</strong></span> <span class='ocrx_word' id='word_1_829' title='bbox 2616 4797 2674 4853; x_wconf 90' lang='lat' dir='ltr'><strong>in</strong></span> <span class='ocrx_word' id='word_1_830' title='bbox 2703 4795 3028 4852; x_wconf 87' lang='lat' dir='ltr'><strong>servitutem</strong></span> <span class='ocrx_word' id='word_1_831' title='bbox 3058 4792 3413 4867; x_wconf 89' lang='lat' dir='ltr'><strong>subjicerent,</strong></span> <span class='ocrx_word' id='word_1_832' title='bbox 3443 4793 3512 4851; x_wconf 90' lang='lat' dir='ltr'><strong>ad</strong></span> 
     </span>
    </p>
   </div>
   <div class='ocr_carea' id='block_1_115' title="bbox 1915 4882 3512 4959">
    <p class='ocr_par' dir='ltr' id='par_1_115' title="bbox 1915 4882 3512 4959">
     <span class='ocr_line' id='line_1_116' title="bbox 1915 4882 3512 4959; baseline -0.003 -12"><span class='ocrx_word' id='word_1_833' title='bbox 1915 4890 2110 4947; x_wconf 90' lang='lat' dir='ltr'><strong>horam</strong></span> <span class='ocrx_word' id='word_1_834' title='bbox 2166 4889 2434 4948; x_wconf 90' lang='lat' dir='ltr'><strong>cessimus</strong></span> <span class='ocrx_word' id='word_1_835' title='bbox 2487 4883 2839 4959; x_wconf 86' lang='lat' dir='ltr'><strong>subjectioni,</strong></span> <span class='ocrx_word' id='word_1_836' title='bbox 2898 4891 2961 4942; x_wconf 90' lang='lat' dir='ltr'><strong>ut</strong></span> <span class='ocrx_word' id='word_1_837' title='bbox 2989 4883 3206 4951; x_wconf 75' lang='lat' dir='ltr'><strong>veritas,</strong></span> <span class='ocrx_word' id='word_1_838' title='bbox 3223 4882 3512 4959; x_wconf 77' lang='lat' dir='ltr'><strong>Evangelii</strong></span> 
     </span>
    </p>
   </div>
   <div class='ocr_carea' id='block_1_116' title="bbox 1915 4974 3513 5055">
    <p class='ocr_par' dir='ltr' id='par_1_116' title="bbox 1915 4974 3513 5055">
     <span class='ocr_line' id='line_1_117' title="bbox 1915 4974 3513 5055; baseline -0.003 -17"><span class='ocrx_word' id='word_1_839' title='bbox 1915 4980 2061 5055; x_wconf 92' lang='lat' dir='ltr'><strong>apud</strong></span> <span class='ocrx_word' id='word_1_840' title='bbox 2088 4998 2187 5038; x_wconf 90' lang='lat' dir='ltr'><strong>vos</strong></span> <span class='ocrx_word' id='word_1_841' title='bbox 2210 4985 2549 5054; x_wconf 90' lang='lat' dir='ltr'><strong>permaneat.</strong></span> <span class='ocrx_word' id='word_1_842' title='bbox 2580 5001 2598 5026; x_wconf 75' lang='grc' dir='ltr'><strong>ι</strong></span> <span class='ocrx_word' id='word_1_843' title='bbox 2645 4976 2822 5036; x_wconf 87' lang='lat' dir='ltr'><strong>Graeci</strong></span> <span class='ocrx_word' id='word_1_844' title='bbox 2852 4993 2881 5033; x_wconf 89' lang='lat' dir='ltr'><strong>e</strong></span> <span class='ocrx_word' id='word_1_845' title='bbox 2918 4985 3110 5034; x_wconf 91' lang='lat' dir='ltr'><strong>contra</strong></span> <span class='ocrx_word' id='word_1_846' title='bbox 3136 4975 3365 5033; x_wconf 91' lang='lat' dir='ltr'><strong>dicunt:</strong></span> <span class='ocrx_word' id='word_1_847' title='bbox 3402 4974 3513 5034; x_wconf 85' lang='lat' dir='ltr'><strong>Nec</strong></span> 
     </span>
    </p>
   </div>
   <div class='ocr_carea' id='block_1_117' title="bbox 1914 5066 3507 5140">
    <p class='ocr_par' dir='ltr' id='par_1_117' title="bbox 1914 5066 3507 5140">
     <span class='ocr_line' id='line_1_118' title="bbox 1914 5066 3507 5140; baseline -0.004 -12"><span class='ocrx_word' id='word_1_848' title='bbox 1914 5071 1983 5128; x_wconf 90' lang='lat' dir='ltr'><strong>ad</strong></span> <span class='ocrx_word' id='word_1_849' title='bbox 2012 5070 2205 5129; x_wconf 89' lang='lat' dir='ltr'><strong>horam</strong></span> <span class='ocrx_word' id='word_1_850' title='bbox 2237 5071 2522 5140; x_wconf 90' lang='lat' dir='ltr'><strong>cessimus,</strong></span> <span class='ocrx_word' id='word_1_851' title='bbox 2555 5077 2610 5126; x_wconf 90' lang='lat' dir='ltr'><strong>et</strong></span> <span class='ocrx_word' id='word_1_852' title='bbox 2637 5067 2744 5128; x_wconf 88' lang='lat' dir='ltr'><strong>hoc</strong></span> <span class='ocrx_word' id='word_1_853' title='bbox 2772 5067 2929 5125; x_wconf 89' lang='lat' dir='ltr'><strong>aiunt</strong></span> <span class='ocrx_word' id='word_1_854' title='bbox 2956 5066 3256 5126; x_wconf 89' lang='lat' dir='ltr'><strong>convenire</strong></span> <span class='ocrx_word' id='word_1_855' title='bbox 3293 5081 3507 5131; x_wconf 65' lang='lat' dir='ltr'><strong>causas;</strong></span> 
     </span>
    </p>
   </div>
   <div class='ocr_carea' id='block_1_118' title="bbox 1914 5200 3506 5280">
    <p class='ocr_par' dir='ltr' id='par_1_118' title="bbox 1914 5200 3506 5280">
     <span class='ocr_line' id='line_1_119' title="bbox 1914 5200 3506 5280; baseline -0.006 -17"><span class='ocrx_word' id='word_1_856' title='bbox 1914 5207 2050 5276; x_wconf 88' lang='lat' dir='ltr'><strong>sola,</strong></span> <span class='ocrx_word' id='word_1_857' title='bbox 2083 5207 2423 5280; x_wconf 76' lang='lat' dir='ltr'><strong>abstinerent,</strong></span> <span class='ocrx_word' id='word_1_858' title='bbox 2454 5206 2513 5263; x_wconf 76' lang='lat' dir='ltr'><strong>id</strong></span> <span class='ocrx_word' id='word_1_859' title='bbox 2541 5211 2634 5277; x_wconf 78' lang='lat' dir='ltr'><strong>est,</strong></span> <span class='ocrx_word' id='word_1_860' title='bbox 2675 5223 2710 5261; x_wconf 87' lang='lat' dir='ltr'><strong>a</strong></span> <span class='ocrx_word' id='word_1_861' title='bbox 2747 5203 3022 5280; x_wconf 75' lang='lat' dir='ltr'><strong>sanguine,</strong></span> <span class='ocrx_word' id='word_1_862' title='bbox 3052 5208 3103 5260; x_wconf 80' lang='lat' dir='ltr'><strong>et</strong></span> <span class='ocrx_word' id='word_1_863' title='bbox 3135 5200 3506 5275; x_wconf 77' lang='lat' dir='ltr'><strong>fornicatione,</strong></span> 
     </span>
    </p>
   </div>
   <div class='ocr_carea' id='block_1_119' title="bbox 1912 5279 2298 5352">
    <p class='ocr_par' dir='ltr' id='par_1_119' title="bbox 1912 5279 2298 5352">
     <span class='ocr_line' id='line_1_120' title="bbox 1912 5279 2298 5352; baseline -0.003 -16"><span class='ocrx_word' id='word_1_864' title='bbox 1912 5286 1960 5336; x_wconf 84' lang='lat' dir='ltr'><strong>et</strong></span> <span class='ocrx_word' id='word_1_865' title='bbox 1987 5279 2298 5352; x_wconf 72' lang='lat' dir='ltr'><strong>idolothyto.</strong></span> 
     </span>
    </p>
   </div>
   <div class='ocr_carea' id='block_1_120' title="bbox 1987 5339 3508 5422">
    <p class='ocr_par' dir='ltr' id='par_1_120' title="bbox 1987 5339 3508 5422">
     <span class='ocr_line' id='line_1_121' title="bbox 1987 5339 3508 5422; baseline -0.011 -13"><span class='ocrx_word' id='word_1_866' title='bbox 1987 5350 2105 5422; x_wconf 84' lang='lat'><strong>(53)</strong></span> <span class='ocrx_word' id='word_1_867' title='bbox 2152 5339 2311 5408; x_wconf 74' lang='lat' dir='ltr'><strong>Rom.</strong></span> <span class='ocrx_word' id='word_1_868' title='bbox 2353 5349 2512 5420; x_wconf 88' lang='lat' dir='ltr'><strong>edit.,</strong></span> <span class='ocrx_word' id='word_1_869' title='bbox 2543 5369 2579 5407; x_wconf 82' lang='grc' dir='ltr'><em>α</em></span> <span class='ocrx_word' id='word_1_870' title='bbox 2607 5350 2862 5422; x_wconf 80' lang='lat' dir='ltr'><strong>sanguine</strong></span> <span class='ocrx_word' id='word_1_871' title='bbox 2889 5348 3168 5407; x_wconf 75' lang='lat' dir='ltr'><strong>abstinere.</strong></span> <span class='ocrx_word' id='word_1_872' title='bbox 3225 5344 3363 5404; x_wconf 88' lang='lat' dir='ltr'><strong>Nam</strong></span> <span class='ocrx_word' id='word_1_873' title='bbox 3415 5339 3508 5396; x_wconf 87' lang='lat' dir='ltr'><strong>hoc</strong></span> 
     </span>
    </p>
   </div>
   <div class='ocr_carea' id='block_1_121' title="bbox 1911 5423 3464 5501">
    <p class='ocr_par' dir='ltr' id='par_1_121' title="bbox 1911 5423 3464 5501">
     <span class='ocr_line' id='line_1_122' title="bbox 1911 5423 3464 5501; baseline 0.005 -22"><span class='ocrx_word' id='word_1_874' title='bbox 1911 5429 2277 5501; x_wconf 64' lang='lat' dir='ltr'><strong>acceperunta</strong></span> <span class='ocrx_word' id='word_1_875' title='bbox 2305 5423 2435 5493; x_wconf 88' lang='lat' dir='ltr'><strong>Noe,</strong></span> <span class='ocrx_word' id='word_1_876' title='bbox 2464 5423 2606 5501; x_wconf 70' lang='lat' dir='ltr'><strong>quod</strong></span> <span class='ocrx_word' id='word_1_877' title='bbox 2633 5442 2668 5480; x_wconf 88' lang='lat' dir='ltr'><strong>a</strong></span> <span class='ocrx_word' id='word_1_878' title='bbox 2698 5423 2829 5490; x_wconf 86' lang='lat' dir='ltr'><strong>Deo,</strong></span> <span class='ocrx_word' id='word_1_879' title='bbox 2856 5430 2960 5479; x_wconf 89' lang='lat' dir='ltr'><strong>etc.</strong></span> <span class='ocrx_word' id='word_1_880' title='bbox 2979 5488 2993 5501; x_wconf 83' lang='lat'>_</span> <span class='ocrx_word' id='word_1_881' title='bbox 3022 5487 3035 5501; x_wconf 45' lang='lat'><strong>.</strong></span> <span class='ocrx_word' id='word_1_882' title='bbox 3135 5496 3146 5501; x_wconf 28' lang='grc' dir='ltr'><strong>Α</strong></span> <span class='ocrx_word' id='word_1_883' title='bbox 3189 5488 3201 5499; x_wconf 38' lang='grc' dir='ltr'><strong>θ</strong></span> <span class='ocrx_word' id='word_1_884' title='bbox 3249 5484 3320 5501; x_wconf 34' lang='grc' dir='ltr'><strong>,η</strong></span> <span class='ocrx_word' id='word_1_885' title='bbox 3362 5481 3464 5501; x_wconf 41' lang='grc' dir='ltr'><strong>-ῌ,</strong></span> 
     </span>
    </p>
   </div>
   <div class='ocr_carea' id='block_1_122' title="bbox 1984 5484 3507 5567">
    <p class='ocr_par' dir='ltr' id='par_1_122' title="bbox 1984 5484 3507 5567">
     <span class='ocr_line' id='line_1_123' title="bbox 1984 5484 3507 5567; baseline -0.007 -17"><span class='ocrx_word' id='word_1_886' title='bbox 1984 5484 2101 5567; x_wconf 78' lang='grc'>(54)</span> <span class='ocrx_word' id='word_1_887' title='bbox 2134 5494 2264 5567; x_wconf 86' lang='lat' dir='ltr'><strong>Mss.</strong></span> <span class='ocrx_word' id='word_1_888' title='bbox 2299 5484 2605 5567; x_wconf 55' lang='lat' dir='ltr'><strong>non&#39;p&#39;auci</strong></span> <span class='ocrx_word' id='word_1_889' title='bbox 2625 5484 2942 5554; x_wconf 72' lang='lat' dir='ltr'><strong>constanter</strong></span> <span class='ocrx_word' id='word_1_890' title='bbox 2978 5487 3071 5546; x_wconf 89' lang='lat' dir='ltr'><strong>hic</strong></span> <span class='ocrx_word' id='word_1_891' title='bbox 3099 5496 3153 5544; x_wconf 90' lang='lat' dir='ltr'><strong>et</strong></span> <span class='ocrx_word' id='word_1_892' title='bbox 3187 5484 3331 5542; x_wconf 87' lang='lat' dir='ltr'><strong>infra</strong></span> <span class='ocrx_word' id='word_1_893' title='bbox 3357 5484 3507 5541; x_wconf 54' lang='lat' dir='ltr'><strong>scri‘</strong></span> 
     </span>
    </p>
   </div>
   <div class='ocr_carea' id='block_1_123' title="bbox 1908 5565 2474 5635">
    <p class='ocr_par' dir='ltr' id='par_1_123' title="bbox 1908 5565 2474 5635">
     <span class='ocr_line' id='line_1_124' title="bbox 1908 5565 2474 5635; baseline 0 -11"><span class='ocrx_word' id='word_1_894' title='bbox 1908 5565 2087 5635; x_wconf 72' lang='lat' dir='ltr'><strong>bunt,</strong></span> <span class='ocrx_word' id='word_1_895' title='bbox 2119 5565 2474 5624; x_wconf 68' lang='lat' dir='ltr'><strong>subinductos.</strong></span> 
     </span>
    </p>
   </div>
  </div>
