4090 6182
580 295 682 354 367

1586 286 1683 342 ΑΙ)
1719 284 1955 342 OPERA
1989 281 2044 339 S.
2087 279 2420 340 AMBROSII
2456 278 2836 338 APPENDlX.

3762 276 3869 334 368

583 421 719 496 quia
746 417 840 492 qui
871 415 991 474 fieri
1028 411 1376 488 prohibebat,
1406 426 1517 467 non
1546 407 1850 482 oportebat,
1883 406 2165 481 inquiunt,
2196 411 2247 470 Α
2276 417 2387 464 tres
2415 407 2444 463 τι)
2471 406 2528 462 Si
2559 404 2878 496 quominus,
2911 399 3189 476 quomodo
3221 397 3387 456 verba
3428 406 3525 496 aut
3549 414 3744 496 sensus
3773 417 3868 456 se-

573 510 757 568 dicere
821 524 880 563 se
943 504 1172 572 fecisse;
1221 519 1291 560 ne
1349 499 1602 574 probaret
1652 513 1767 554 esse
1829 497 2160 554 faciendum.

573 599 680 658 Sed
726 596 1007 670 apostolus
1048 594 1137 650 vir
1182 591 1407 650 divinus
1435 587 1615 645 sciens
1633 602 1789 659 posse
1817 585 1924 644 hoc
1960 585 2164 659 opponi

573 688 690 760 ipse
718 685 860 742 illud
888 683 1167 757 proponit,
1217 689 1278 737 ut
1307 676 1609 750 praeveniat
1638 675 2007 732 calumniosos
2039 693 2050 730 :
2111 682 2165 730 et

570 775 754 833 reddit
800 790 991 832 causas
1043 771 1243 845 quibus
1275 767 1592 839 compulsus
1634 772 1716 820 est
1778 763 1954 820 facere
2018 762 2164 836 quod

570 865 815 922 nolebat.
877 889 895 910 ι
925 864 1156 933 Propter
1212 855 1667 913 subintroductos
1721 862 1924 920 autem,
1958 852 2162 925 inquit,

571 955 738 1010 falsos
793 953 1007 1007 fratres.
1046 974 1063 997 ι
1127 945 1591 1004 Subintroductos
1641 943 1797 1011 dicit,
1848 942 1976 1015 quia
2033 958 2158 998 cum

567 1040 696 1096 dolo
742 1039 1111 1104 intraverunt,
1166 1032 1516 1090 ostendentes
1545 1047 1600 1086 se
1648 1030 1864 1098 fratres,
1907 1045 2034 1084 cum
2065 1045 2160 1084 es-

564 1137 686 1186 sent
736 1127 973 1184 inimici.
1019 1151 1036 1174 ι
1072 1125 1178 1194 Qui
1234 1124 1707 1188 subintraverunt,
1759 1119 1865 1174 hoc
1911 1126 2012 1185 est,
2062 1115 2158 1189 qui

563 1236 690 1277 cum
737 1217 1054 1273 humilitate
1098 1215 1443 1270 intraverunt
1495 1211 1761 1282 ﬁngentes
1833 1206 2153 1263 amicitiam.

577 1333 595 1356 ι
617 1308 921 1380 Explorare
950 1304 1262 1362 libertatem
1291 1310 1558 1368 nostram,
1592 1316 1754 1373 quam
1786 1297 2050 1354 habemus
2097 1297 2156 1352 in

563 1397 784 1456 Christo
841 1396 990 1463 Jesu,
1021 1401 1082 1449 ut
1133 1409 1234 1448 nos
1262 1392 1321 1447 in
1357 1390 1681 1448 servitutem
1730 1387 2084 1459 subjicerent.
2123 1413 2141 1437 ›

562 1486 866 1558 Explorare
920 1491 1002 1540 est
1029 1482 1110 1540 sic
1136 1483 1360 1543 intrare.
1401 1487 1463 1536 ut
1500 1479 1652 1535 aliud
1698 1478 1888 1551 ﬁngat,
1919 1485 1974 1534 et
2001 1476 2155 1533 aliud

563 1583 789 1649 quarat.
849 1574 970 1642 Quo
1046 1579 1266 1645 possent
1313 1585 1566 1627 accusare
1621 1595 1654 1648 «_
1687 1568 1994 1625 libertatem
2044 1583 2156 1622 no-

562 1675 752 1734 stram,
779 1680 944 1737 quam
975 1661 1244 1718 habemus
1272 1660 1329 1715 in
1352 1658 1572 1717 Christo
1598 1659 1744 1714 Jesu.
1779 1684 1796 1706 ι
1826 1656 2074 1713 Libertas
2094 1657 2152 1712 in

563 1753 785 1813 Christo
816 1753 943 1808 Jesu
971 1751 1091 1806 hac
1121 1757 1225 1816 est,
1258 1765 1369 1816 non
1399 1746 1600 1819 subjici
1631 1747 1758 1820 legi.
1800 1773 1817 1795 ι
1849 1746 1918 1803 Ut
1949 1761 2050 1802 nos
2086 1745 2146 1802 in
2179 1775 2228 1839 Β

560 1845 883 1902 servitutem
930 1840 1301 1912 subjicerent;
1336 1864 1354 1888 ι
1398 1838 1506 1896 hoc
1531 1849 1632 1908 est,
1661 1837 1732 1894 ad
1761 1837 1865 1894 hoc
1896 1837 2148 1894 intrave—

559 1940 689 1988 runt
747 1949 872 1988 cum
905 1931 1033 1987 dolo
1081 1940 1136 1988 et
1185 1928 1424 1998 fallacia,
1477 1937 1538 1985 ut
1563 1936 1805 1985 nostram
1841 1929 2148 1984 libertatem

558 2021 816 2079 servituti
859 2020 1214 2094 subjicerent,
1253 2027 1508 2091 cogentes
1537 2035 1636 2074 nos
1667 2017 1866 2090 subjici
1897 2017 2005 2090 legi
2031 2018 2150 2074 cir—

555 2110 932 2170 cumcisionis.
1004 2135 1021 2157 ι
1053 2109 1141 2166 Ad
1189 2108 1380 2166 horam
1421 2107 1685 2164 cessimus
1731 2105 2085 2178 subjectioni,
2119 2133 2136 2156 ι

558 2201 664 2257 hoc
691 2209 794 2270 est,
825 2199 896 2256 ad
923 2198 1117 2256 horam
1147 2214 1248 2255 nos
1276 2196 1604 2268 subjicimus
1637 2189 1916 2264 servituti,
1952 2194 2152 2250 humi-

557 2290 755 2346 liantes
811 2305 912 2345 nos
941 2289 1071 2361 legi,
1123 2295 1185 2343 ut
1214 2285 1541 2344 circumciso
1572 2284 1883 2353 Timotheo,
1916 2291 2150 2341 cessaret

555 2378 716 2436 dolus
741 2387 796 2437 et
843 2377 1163 2437 scandalum
1203 2375 1540 2433 Iudaeorum.
1572 2374 1755 2431 Parati
1785 2374 1932 2430 enim
1972 2383 2146 2442 erant,

554 2471 699 2530 sicut
735 2469 898 2527 datur
949 2468 1210 2541 intelligi,
1253 2465 1733 2532 commoverejlli
1764 2466 2064 2522 tumultum
2095 2471 2147 2519 et

552 2559 907 2618 seditionem.
968 2559 1097 2614 Fuit
1149 2556 1298 2613 enim
1329 2572 1510 2626 causa,
1546 2555 1822 2628 quomodo
1883 2554 2149 2611 haberent

551 2653 765 2709 aditum
822 2649 1111 2707 calumnia
1156 2645 1454 2714 faciendae;
1505 2645 1826 2702 Timotheus
1853 2646 2001 2701 enim
2032 2651 2147 2700 erat

553 2749 728 2800 matre
784 2739 1007 2813 quidem
1065 2737 1274 2808 Judaa,
1327 2746 1480 2810 patre
1529 2747 1709 2794 autem
1741 2737 1964 2793 Graco:
2000 2735 2147 2792 unde

557 2831 762 2888 factum
787 2837 892 2898 est,
921 2838 984 2886 ut
1011 2828 1315 2886 secundum
1347 2828 1521 2900 legem
1552 2826 1910 2884 circumcisus
1966 2825 2146 2882 infans

555 2937 667 2977 non
699 2926 859 2977 esset.
888 2919 1094 2977 Volens
1122 2926 1302 2973 autem
1350 2917 1648 2989 Apostolus
1676 2933 1800 2972 eum
1848 2932 2142 2984 assumere,

555 3019 617 3066 ut
654 3009 935 3066 ordinaret
969 3009 1129 3064 illum
1166 3008 1505 3081 episcopum,
1533 3008 1828 3066 sicutfecit
1859 3007 2012 3081 (quia
2057 3017 2147 3064 te—

554 3097 884 3156 stimonium
911 3097 984 3164 ei,
1011 3097 1194 3168 inquit
1226 3097 1367 3170 (Act.
1401 3113 1521 3166 xvi,
1553 3097 1634 3172 2),
1663 3097 1870 3154 bonum
1897 3096 2147 3169 perhibe-

553 3187 686 3245 bant
717 3203 906 3244 omnes
956 3186 1062 3244 loci
1091 3165 1294 3259 illius),
1340 3165 1570 3243 insidias
1589 3165 1788 3260 passus
1816 3165 1915 3243 est
1936 3185 2145 3242 Judao-
2177 3165 2221 3226 θ

553 3294 700 3336 rum.
731 3275 1112 3351 Explorabant
1144 3275 1292 3332 enim
1323 3274 1370 3332 si
1391 3275 1572 3331 ﬁlium
1599 3275 1800 3332 Judaa
1830 3275 2147 3332 incircum-

551 3368 730 3426 cisum
777 3367 1098 3440 susciperet,
1153 3372 1405 3439 parantes
1454 3365 1800 3435 seditionem,
1848 3364 1977 3438 quia
2005 3363 2052 3420 si
2081 3362 2148 3419 de

554 3456 761 3515 Gracis
785 3456 1198 3514 contradicebat
1238 3473 1348 3512 non
1379 3472 1494 3512 esse
1542 3454 2037 3521 circumcidendos,
2063 3452 2150 3510 si—

554 3555 649 3603 cut
678 3555 734 3603 et
778 3547 1013 3619 epistola
1047 3545 1116 3601 ab
1162 3546 1425 3618 apostolis
1455 3544 1521 3600 de
1552 3544 1655 3602 hac
1707 3560 1764 3600 re
1794 3544 1973 3599 fuerat
2025 3542 2151 3598 data

559 3633 702 3706 (Act.
758 3651 858 3703 xv,
888 3633 1119 3704 23-29),
1161 3635 1251 3689 vel
1282 3634 1428 3688 ﬁlios
1475 3634 1640 3689 Israel
1674 3631 1999 3690 circumcidi
2039 3648 2150 3687 non

556 3729 805 3791 vetaret;
833 3722 964 3796 quia
995 3720 1140 3777 nihil
1171 3721 1238 3778 de
1268 3721 1356 3778 his
1394 3721 1454 3778 in
1487 3722 1718 3794 epistola
1754 3720 1941 3778 eadem
1970 3720 2152 3794 signi-

557 3808 856 3868 ﬁcaverant
905 3809 1138 3883 apostoli
1173 3829 1183 3867 :
1218 3828 1288 3867 ex
1319 3809 1477 3884 cujus
1531 3810 1854 3869 auctoritate
1887 3811 2011 3883 plus
2056 3810 2154 3865 in-

558 3900 860 3960 saviebant
901 3899 1184 3957 credentes
1239 3900 1436 3972 Judai,
1479 3901 1608 3974 quia
1657 3918 1771 3959 non
1826 3899 2155 3975 prohibebat

559 3993 776 4052 Judaos
803 3992 950 4049 ﬁlios
981 4009 1108 4049 suos
1137 3993 1534 4052 circumcidere
1556 3995 1673 4066 ipsa
1700 3995 1951 4068 epistola.
1975 3994 2152 4062 Tunc,

561 4085 766 4160 inquit,
813 4083 1090 4158 accipiens
1109 4099 1236 4140 eum
1274 4082 1625 4140 circumcidit
1672 4091 1894 4158 propter
1939 4083 2156 4140 Judaos

560 4175 655 4249 qui
686 4181 843 4232 erant
898 4174 958 4230 in
987 4173 1124 4231 locis
1154 4173 1266 4230 illis
1318 4173 1462 4246 (Act.
1495 4190 1614 4242 xvi,
1639 4172 1716 4243 3).
1750 4175 1828 4229 De
1859 4173 2157 4246 gentilibus

563 4275 745 4321 autem
783 4263 1105 4323 scandalum
1157 4281 1270 4322 non
1315 4263 1611 4333 habebant,
1641 4261 1789 4320 unde
1840 4263 1996 4320 Titus
2044 4279 2156 4319 non

564 4361 644 4408 est
672 4355 990 4424 compulsus
1042 4353 1387 4412 circumcidi.
1427 4352 1515 4410 Ad
1546 4351 1736 4408 horam
1787 4368 1914 4423 ergo
1970 4351 2155 4418 cessit,

564 4447 627 4497 ut
655 4441 858 4496 veritas
884 4441 1208 4514 Evangelii;
1251 4451 1566 4515 permaneat
1612 4440 1758 4515 apud
1796 4448 2000 4514 gentes,
2031 4457 2158 4499 cum

568 4545 679 4586 non
733 4527 1039 4600 subjiciunt
1067 4547 1124 4586 se
1153 4529 1585 4587 circumcisioni.
1626 4530 1790 4602 Apud
1815 4530 2031 4588 Judaos
2053 4547 2161 4588 au-
2188 4525 2238 4585 D

570 4625 680 4676 tem
723 4634 836 4673 non
882 4625 998 4674 erat
1043 4619 1248 4674 veritas
1304 4619 1625 4692 Evangelii;
1678 4619 1808 4693 quia
1874 4620 2159 4679 credentes

568 4707 1037 4765 circumcidebant
1084 4707 1230 4764 ﬁlios
1260 4725 1423 4778 suos;
1485 4709 1543 4765 in
1602 4709 1824 4769 Christo
1857 4711 2005 4768 enim
2035 4711 2163 4768 Jesu

572 4808 749 4870 neque
781 4798 1135 4871 praputium,
1167 4816 1343 4874 neque
1372 4799 1725 4859 circumcisio
1749 4802 1961 4876 aliquid
1992 4800 2156 4856 valet:

571 4885 668 4942 sed
697 4885 832 4944 ﬁdes
889 4903 986 4960 per
1023 4888 1380 4947 dilectionem
1412 4907 1642 4964 operans
1675 4891 1882 4964 (Galat.
1933 4909 2009 4959 iv,
2046 4890 2111 4945 15
2143 4908 2157 4956 ;

573 4993 632 5046 v,
662 4977 745 5050 6).
783 4977 921 5034 Nam
953 4992 1064 5032 non
1095 4979 1275 5033 solum
1330 4979 1583 5048 historia,
1614 4979 1709 5035 sed
1747 4987 1801 5035 et
1830 4979 2027 5035 littera
2057 4977 2164 5036 hoc

573 5065 844 5136 indicant,
875 5065 1005 5139 quia
1046 5067 1227 5124 cessit.
1276 5067 1412 5124 Nam
1442 5085 1605 5140 supra
1635 5067 1771 5124 dicit
1799 5067 2007 5136 Titum,
2035 5084 2162 5125 cum

573 5163 714 5213 esset
743 5157 986 5224 Gracus,
1026 5171 1138 5212 non
1173 5170 1288 5213 esse
1316 5157 1664 5229 compulsum
1703 5155 2062 5225 circumcidi;
2112 5162 2166 5212 et

572 5244 819 5317 subjicit,
873 5244 1102 5302 dicens:
1135 5308 1142 5314 ,
1170 5270 1189 5295 ι
1235 5247 1466 5320 Propter
1513 5245 1964 5304 subintroductos
2021 5251 2165 5309 216

572 5352 758 5402 autem
789 5343 958 5400 falsos
1009 5341 1228 5400 fratres.
1258 5367 1277 5390 ι
1338 5342 1487 5411 Quid
1522 5342 1639 5416 jam
1668 5352 1846 5414 sonat,
1902 5342 2009 5401 nisi
2039 5343 2168 5417 quia

577 5435 742 5494 cessit
769 5431 839 5492 ad
871 5431 1065 5490 horam
1095 5437 1319 5507 propter
1343 5431 1798 5493 subintroductos
1829 5433 1997 5492 falsos
2046 5431 2167 5490 fra-

643 5665 763 5738 (55)
822 5666 1010 5726 Codex
1061 5663 1237 5736 Vall.,
1266 5680 1358 5724 nec
1386 5663 1753 5734 condemnant,
1785 5679 1876 5722 nec
1893 5659 2164 5736 judicant.

2274 503 2572 568 querentur
2597 494 2625 551 ‘P
2654 494 2836 550 Titum
2867 499 3016 549 certe
3053 497 3213 562 negat
3241 487 3589 561 compulsum
3615 488 3866 546 circum-

2271 587 2421 655 cidi;
2464 595 2686 660 propter
2732 584 3186 642 subintroductos
3227 591 3414 639 autem
3449 582 3616 640 falsos
3645 584 3864 655 fratres,

2274 675 2408 747 quid
2443 684 2620 743 sonat,
2653 675 2760 730 nisi
2795 674 2926 747 quia
2952 673 3116 731 cessit
3145 673 3173 729 7
3201 672 3260 728 Si
3287 679 3471 728 autem
3504 681 3728 746 propter
3741 674 3864 731 sub-

2274 762 2616 818 introductos
2635 763 2801 818 falsos
2841 763 3035 819 fratres
3059 779 3172 818 non
3200 761 3384 830 cessit,
3416 777 3528 818 non
3577 764 3866 821 voluntate

2272 867 2385 906 non
2431 851 2623 918 cessit;
2674 867 2801 906 nam
2851 867 3132 908 cessurum
3166 867 3222 907 se
3278 849 3634 923 signiﬁcavit,
3681 853 3729 908 si
3761 851 3865 911 hoc

2270 949 2386 997 est:
2439 941 2532 997 sed
2575 948 2798 1013 propter
2841 939 3298 998 subintroductos
3335 940 3503 998 falsos
3527 942 3723 998 fratres
3749 959 3861 1000 non

2269 1031 2452 1090 cessit.
2485 1032 2540 1088 Si
2568 1049 2696 1104 ergo
2723 1030 3031 1090 cedendum
3063 1049 3175 1088 non
3215 1032 3342 1100 fuit,
3374 1048 3542 1104 quare
3567 1032 3692 1088 falsi
3739 1033 3860 1088 fra-

2267 1131 2378 1178 tres
2419 1121 2703 1192 dicuntur,
2763 1139 2997 1195 quorum
3037 1122 3305 1180 beneﬁcio
3347 1139 3459 1178 non
3499 1122 3650 1191 fecit,
3713 1121 3861 1196 quod

2267 1211 2579 1268 faciendum
2610 1227 2723 1267 non
2752 1213 2915 1268 erat?
2964 1213 3146 1285 Itaque
3176 1211 3223 1268 si
3252 1211 3358 1269 hoc
3394 1220 3496 1280 est,
3529 1210 3861 1268 beneﬁcium

2267 1299 2638 1372 prastiterunt
2694 1301 2980 1372 Apostolo,
3014 1300 3144 1374 quia
3191 1300 3389 1356 horum
3419 1315 3582 1357 causa
3607 1315 3719 1355 non
3745 1317 3857 1357 ces-

2265 1391 2356 1458 sit,
2391 1390 2538 1463 quod
2567 1390 2757 1447 cedere
2813 1391 3068 1448 habebat.
3110 1391 3222 1450 Cur
3265 1392 3435 1464 igitur
3481 1393 3858 1464 exploratores

2264 1477 2400 1536 dicti
2427 1490 2575 1548 sunt,
2608 1481 2656 1536 si
2684 1480 2790 1537 hoc
2838 1481 2996 1536 illum
3027 1480 3204 1538 facere
3234 1480 3516 1550 nolebant,
3560 1481 3708 1555 quod
3766 1482 3858 1538 fa-

2262 1579 2452 1628 cturus
2481 1581 2595 1628 erat
2620 1591 2632 1628 :
2667 1570 2760 1627 sed
2790 1579 3012 1644 propter
3040 1571 3175 1627 istos
3218 1587 3330 1626 non
3369 1570 3500 1628 fecit
3530 1571 3557 1628 ‘I
3585 1572 3643 1627 Si
3671 1577 3854 1628 autem

2261 1676 2374 1716 non
2403 1669 2519 1716 erat
2547 1661 2814 1729 facturus,
2877 1661 2995 1717 sine
3041 1659 3214 1718 dubio
3261 1667 3484 1733 propter
3513 1659 3644 1716 istos
3671 1660 3805 1717 fecit
3837 1679 3850 1718 :

2261 1749 2414 1805 aliud
2470 1749 2618 1806 enim
2649 1766 2762 1806 non
2817 1757 2918 1807 est.
2973 1749 3196 1806 Littera
3241 1749 3390 1806 enim
3448 1747 3554 1806 hoc
3583 1748 3850 1820 indicant,

2261 1837 2391 1910 quia
2419 1837 2600 1906 cessit,
2634 1848 2686 1895 et
2716 1837 2950 1895 historia
2994 1838 3199 1896 factum
3230 1838 3524 1896 exclamat.
3567 1838 3854 1907 Quomodo

2259 1927 2407 1984 enim
2435 1926 2505 1984 ad
2535 1927 2726 1983 horam
2782 1936 3002 2002 negaret
3031 1945 3087 1985 se
3141 1927 3386 1996 cessisse,
3438 1945 3562 1985 cum
3591 1929 3852 2002 probetur

2259 2026 2481 2092 propter
2510 2017 2726 2074 Judaos
2758 2018 3108 2075 Timotheum
3129 2016 3564 2087 circumcidisse,
3595 2018 3742 2092 quod
3770 2029 3850 2077 est

2258 2108 2327 2165 ad
2362 2108 2556 2164 horam
2585 2109 2829 2178 cessisse,
2861 2117 2916 2166 et
2959 2109 3262 2168 secundum
3294 2111 3468 2183 legem
3498 2110 3846 2183 puriﬁcatum

2257 2199 2317 2254 in
2337 2200 2604 2271 templum
2661 2199 2970 2256 ascendisse
3028 2199 3171 2273 (Act.
3221 2217 3344 2268 xxi,
3376 2199 3496 2271 26).
3555 2200 3652 2256 Ille
3701 2199 3846 2256 enim

2257 2298 2439 2362 posset
2472 2289 2654 2346 dicere
2684 2306 2785 2346 nec
2823 2288 2893 2345 ad
2940 2288 3132 2346 horam
3181 2305 3238 2346 se
3267 2289 3511 2360 cessisse,
3558 2289 3653 2362 qui
3693 2305 3849 2345 nun—

2257 2395 2420 2452 quam
2486 2380 2832 2436 inveniretur
2885 2379 3133 2436 cessisse.
3188 2381 3303 2437 Aut
3353 2379 3501 2436 enim
3571 2395 3845 2449 cessurus,

2257 2479 2479 2544 propter
2509 2471 2676 2527 falsos
2703 2471 2900 2527 fratres
2930 2486 3043 2526 non
3068 2471 3231 2529 cessit
3260 2490 3273 2528 :
3310 2479 3403 2527 aut
3434 2486 3545 2527 non
3573 2487 3845 2541 cessurus,

2256 2569 2480 2632 propter
2537 2561 2734 2618 fratres
2784 2560 2956 2617 falsos
2999 2561 3184 2619 cessit.
3217 2561 3400 2617 Unum
3420 2575 3548 2633 ergo
3575 2577 3605 2618 e
3633 2559 3846 2618 duobus

2256 2649 2508 2722 accipite.
2538 2649 2684 2705 Falsi
2730 2649 2926 2708 fratres
2954 2657 3139 2707 autem
3169 2648 3452 2719 dicuntur,
3485 2650 3582 2724 qui
3611 2649 3845 2709 creden-

2257 2747 2335 2796 tes
2361 2738 2738 2810 judaizabant.

2329 2827 2512 2900 (Vers.
2540 2829 2621 2901 6.)
2667 2852 2686 2876 ι
2715 2827 2908 2885 Abhis
2937 2843 3066 2884 vero
3094 2827 3192 2901 qui
3221 2827 3618 2892 existimantur
3639 2826 3852 2901 aliquid

2255 2937 2392 2990 esse,
2423 2923 2611 2994 quales
2660 2920 2957 2995 aliquando
3002 2919 3252 2989 fuerunt,
3281 2918 3423 2975 nihil
3447 2935 3566 2975 mea
3595 2919 3848 2987 interest,

2253 3013 2400 3068 Deus
2430 3028 2717 3084 personam
2757 3011 3001 3068 hominis
3029 3027 3141 3067 non
3187 3009 3404 3081 accipit.
3429 3032 3449 3058 ι
3496 3008 3614 3064 Hoc
3638 3007 3855 3080 signiﬁ-

2257 3110 2364 3170 cat,
2397 3101 2526 3173 quia
2555 3101 2791 3173 apostoli
2822 3101 2976 3174 prius
3029 3099 3307 3172 simplices
3335 3097 3588 3153 homines
3617 3107 3779 3153 erant
3801 3106 3858 3154 et

2258 3189 2524 3261 imperiti,
2573 3190 2784 3245 nullius
2849 3189 3136 3262 dignitatis
3184 3189 3242 3244 in
3289 3188 3425 3260 lege,
3460 3185 3558 3243 sed
3601 3184 3708 3243 hoc
3741 3202 3856 3241 non

2259 3284 2468 3343 obesse.
2501 3284 2638 3352 Quis
2673 3285 2822 3340 enim
2851 3293 3074 3342 accuset
3110 3301 3258 3353 eum,
3286 3298 3448 3356 quem
3497 3283 3643 3338 Deus
3687 3296 3856 3338 excu-

2259 3375 2392 3432 sat?
2437 3375 2577 3442 Quia
2649 3391 2761 3430 non
2835 3374 3100 3449 quaritur
3165 3374 3290 3448 quis
3329 3371 3464 3446 quid
3510 3371 3697 3440 fuerit,
3760 3368 3858 3425 sed

2262 3464 2396 3538 quid
2436 3465 2527 3521 sit.
2580 3464 2862 3521 Praterita
2881 3465 3027 3520 enim
3058 3479 3159 3520 nec
3187 3461 3559 3520 condemnant
3586 3476 3687 3515 nec
3716 3459 3862 3514 vin-

2261 3555 2449 3612 dicant
2482 3556 2622 3628 (55).
2657 3555 2763 3612 Sed
2782 3564 2969 3612 tamen
2995 3555 3117 3610 vult
3149 3553 3386 3626 intelligi
3407 3551 3536 3626 quia
3564 3560 3618 3608 et
3640 3550 3857 3623 peritus

2263 3653 2377 3701 erat
2405 3647 2462 3702 in
2515 3647 2652 3718 lege,
2684 3653 2738 3701 et
2785 3646 2966 3703 clarus
3000 3645 3117 3701 vita
3149 3663 3161 3700 :
3215 3661 3278 3701 ac
3308 3659 3403 3715 per
3430 3641 3537 3698 hoc
3557 3648 3612 3697 et
3637 3640 3861 3712 dispen-

2263 3735 2474 3793 satione
2500 3735 2790 3808 Evangelii
2819 3735 3128 3808 pracipuus
3156 3733 3428 3789 minister.
3477 3757 3492 3778 -
3515 3729 3653 3787 Mihi
3681 3729 3862 3798 enim,

2266 3826 2360 3898 qui
2381 3825 2774 3882 existimantur
2808 3824 3022 3898 aliquid
3049 3840 3184 3892 esse,
3237 3821 3380 3878 nihil
3415 3819 3792 3879 contulerunt.
3825 3841 3847 3865 ι

2265 3915 2417 3972 Nihil
2452 3915 2588 3972 dicit
2615 3932 2672 3971 se
2699 3915 2766 3970 ab
2793 3913 3054 3986 apostolis
3083 3919 3460 3979 consecutum,
3491 3908 3586 3966 sed
3614 3924 3646 3963 a
3699 3908 3816 3962 Deo
3842 3925 3860 3975 ;

2267 4009 2398 4080 quia
2425 4008 2521 4081 qui
2551 4007 2824 4079 imperitis
2874 4023 3096 4063 sensum
3125 4004 3322 4062 tribuit
3363 4001 3667 4074 disciplina
3698 3997 3872 4056 Chri-i

2266 4097 2478 4166 stiana,
2511 4097 2628 4169 ipse
2659 4105 2713 4153 et
2761 4097 2922 4166 mihi,
2949 4097 3154 4170 inquit,
3195 4111 3324 4152 cum
3351 4108 3521 4150 essem
3551 4089 3688 4163 legis
3718 4087 3863 4161 peri-

2270 4194 2375 4256 tus,
2420 4187 2675 4260 dignatus
2731 4193 2813 4243 est
2842 4185 3114 4258 impertiri
3145 4201 3365 4242 sensum
3409 4179 3640 4239 rationis
3670 4177 3866 4250 hujus-

2268 4276 2440 4333 modi.
2497 4275 2786 4344 Quomodo
2832 4291 2961 4347 ergo
3009 4274 3128 4331 ﬁeri
3185 4279 3416 4347 poterat,
3466 4281 3528 4327 ut
3556 4269 3648 4325 hic
3675 4266 3744 4322 ab
3775 4265 3869 4321 his

2269 4366 2526 4435 disceret,
2556 4381 2718 4438 quem
2775 4364 3014 4439 peritum
3043 4363 3356 4429 inveniens,
3386 4357 3702 4434 peritiorem
3730 4354 3868 4412 fecit

2273 4459 2445 4532 gratia
2473 4456 2686 4515 Christi
2709 4457 2736 4514 ?

2344 4547 2527 4620 (Vers.
2565 4548 2615 4616 7,
2646 4546 2728 4619 8.)
2774 4571 2791 4593 ι
2820 4543 2925 4602 Sed
2953 4560 2983 4600 e
3015 4551 3226 4611 contra,
3258 4556 3387 4599 cum
3417 4536 3688 4594 vidissent
3712 4531 3868 4607 quod

2269 4637 2543 4694 creditum
2570 4643 2652 4692 est
2668 4633 2808 4690 mihi
2831 4632 3195 4704 Evangelium
3226 4627 3506 4703 praputii,
3531 4626 3674 4682 sicut
3699 4623 3870 4678 Petro

2269 4725 2742 4792 circumcisionis;
2794 4723 2890 4796 qui
2937 4721 3084 4780 enim
3133 4727 3390 4792 operatus
3438 4723 3521 4774 est
3595 4715 3759 4771 Petro
3807 4711 3871 4768 in

2272 4817 2637 4889 apostolatum
2683 4811 3145 4880 circumcisionis,
3183 4815 3438 4883 operatus
3466 4813 3548 4862 est
3605 4811 3660 4860 et
3689 4802 3748 4857 in
3781 4817 3871 4857 me

2272 4907 2340 4962 ad
2371 4913 2577 4978 gentes.
2608 4929 2626 4952 ι
2693 4903 2916 4960 Petrum
2957 4902 3137 4958 solum
3183 4899 3453 4966 nominat,
3482 4903 3538 4952 et
3584 4892 3689 4950 sibi
3717 4907 3872 4950 com-

2275 5003 2446 5067 parat,
2483 4995 2614 5068 quia
2653 4994 2952 5068 primatum
2982 4992 3098 5064 ipse
3127 4998 3407 5063 acceperat
3427 4987 3496 5044 ad
3526 4981 3874 5041 fundandam

2273 5087 2574 5145 Ecclesiam
2601 5105 2612 5143 :
2674 5102 2731 5141 se
2758 5100 2974 5158 quoque
3035 5082 3153 5156 pari
3183 5081 3348 5136 modo
3377 5079 3636 5144 electum,
3667 5083 3731 5131 ut
3761 5073 3875 5145 pri-

2274 5185 2482 5232 matum
2515 5175 2711 5231 habeat
2736 5174 2795 5230 in
2829 5171 3128 5230 fundandis
3156 5168 3400 5242 gentium
3460 5164 3762 5223 Ecclesiis:
3797 5162 3880 5220 ita

2275 5276 2478 5334 tamen,
2505 5273 2568 5321 ut
2593 5272 2647 5321 et
2695 5265 2890 5321 Petrus
2939 5261 3196 5336 gentibus
3241 5257 3588 5332 praedicaret,
3633 5253 3679 5310 si
3709 5267 3882 5310 causa

2276 5354 2490 5426 fuisset,
2522 5363 2576 5411 et
2612 5355 2815 5412 Paulus
2869 5353 3094 5411 Judais.
3130 5351 3269 5409 Nam
3327 5356 3559 5421 uterque
3588 5342 3884 5401 invenitur

2276 5454 2574 5522 utrumque
2630 5445 2824 5508 fecisse
2869 5462 2882 5503 :
2964 5441 3061 5502 sed
3112 5448 3298 5500 tamen
3348 5439 3513 5514 plena
3547 5435 3882 5506 auctoritas,
