4108 6184
217 400 309 459 369
1260 399 1620 464 COMMENT.
1661 407 1736 466 IN
1771 408 1988 471 EPIST.
2029 413 2128 470 AD
2166 411 2424 471 GALAT.

3378 403 3485 460 370

216 525 358 582 Petro
399 523 456 581 in
507 523 776 583 Iudaismi
838 525 1223 600 praedicatione
1267 527 1392 586 data
1418 528 1780 605 dignoscitur,
1812 537 1865 598 Α
1894 535 1992 595 illo
2014 546 2069 595 et
2089 537 2274 595 caeteri
2293 534 2488 604 Iudaei,
2513 534 2590 591 ita
2607 541 2670 590 ut
2684 543 2738 592 et
2760 532 3039 592 Barnabas
3058 530 3391 590 consentiret
3409 532 3484 588 si-

214 621 262 671 et
287 614 434 670 Pauli
465 615 709 688 perfecta
739 616 1036 673 auctoritas
1055 616 1112 672 in
1129 616 1518 690 praedicatione
1534 623 1781 694 gentium

214 702 499 761 invenitur.
532 706 688 762 Unde
731 714 784 762 et
814 706 1132 778 magistrum
1165 725 1221 763 se
1259 709 1503 780 gentium
1535 721 1697 768 vocat
1725 715 1785 770 in

211 796 304 853 ﬁde
332 805 384 853 et
415 797 648 856 veritate
681 799 770 873 (II
810 801 943 856 Tim.
992 819 1031 867 ι,
1068 802 1192 872 11);
1223 804 1606 878 unusquisque
1636 807 1785 864 enim

209 903 296 960 pro
322 888 536 946 viribus
563 889 676 946 suis
703 889 1172 964 dispensationem
1195 893 1425 949 sortitus
1445 901 1546 950 est.
1583 895 1786 953 Diﬂici-

205 975 306 1031 lius
343 976 491 1033 enim
522 978 629 1034 fuit
658 996 750 1035 eos
789 980 886 1052 qui
906 981 1070 1052 longe
1094 995 1126 1034 a
1162 981 1274 1035 Deo
1305 991 1481 1050 erant,
1521 984 1588 1040 ad
1618 985 1785 1042 ﬁdem

204 1081 347 1124 suam
382 1067 656 1125 attrahere
687 1077 741 1125 et
768 1067 1020 1135 suadere,
1057 1085 1219 1142 quam
1249 1071 1554 1143 proximos.

277 1157 458 1233 (Vers.
489 1162 547 1229 9,
599 1157 712 1230 10.)
775 1181 796 1205 ι
828 1158 900 1213 Et
938 1158 1171 1215 scientes
1218 1159 1447 1231 gratiam
1494 1161 1615 1231 Dei,
1667 1180 1787 1238 qua;

200 1252 322 1309 data
367 1259 450 1306 est
502 1247 664 1316 mihi,
705 1247 898 1303 Petrus
943 1254 996 1302 et
1034 1247 1268 1304 Iacobus
1311 1258 1364 1305 et
1401 1251 1658 1321 Joannes,
1691 1254 1786 1326 qui

198 1340 528 1397 videbantur
552 1338 823 1394 columnae
851 1352 986 1405 esse,
1021 1336 1244 1393 dextras
1263 1337 1534 1395 dederunt
1564 1341 1704 1397 mihi
1734 1350 1789 1398 et

195 1427 458 1488 Barnabas
486 1423 892 1486 communionis
926 1443 940 1492 ;
977 1433 1038 1481 ut
1059 1441 1159 1481 nos
1188 1426 1255 1482 ad
1286 1435 1493 1499 gentes,
1521 1429 1624 1502 ipsi
1655 1447 1788 1487 vero

198 1520 251 1577 in
275 1514 790 1581 circumcisionem;
821 1520 1038 1569 tantum
1071 1523 1132 1570 ut
1161 1531 1465 1588 pauperum
1518 1535 1788 1577 memores

199 1625 451 1677 essemus,
475 1605 621 1680 quod
644 1603 950 1662 etsollicite
979 1605 1169 1660 curavi
1198 1605 1304 1662 hoc
1325 1607 1504 1679 ipsum
1535 1608 1732 1666 facere.
1755 1635 1774 1658 ι

198 1698 278 1755 Ab
295 1695 559 1772 apostolis
591 1694 687 1768 qui
725 1693 988 1750 clariores
1019 1695 1162 1750 inter
1192 1705 1418 1753 caeteros
1451 1707 1626 1766 erant,
1650 1717 1788 1772 quos

197 1798 247 1845 et
273 1786 556 1844 ﬁrmitatis
584 1801 746 1842 causa
783 1786 1070 1841 columnas
1112 1787 1372 1858 appellat,
1407 1790 1613 1862 quique
1660 1807 1788 1847 cum

194 1878 431 1934 Domino
475 1890 690 1946 semper
737 1874 795 1928 in
843 1873 1066 1929 secretis
1110 1873 1348 1944 fuerant,
1400 1877 1631 1948 gloriam
1670 1879 1789 1950 ejus

193 1967 347 2041 digni
384 1967 444 2022 in
492 1971 678 2020 monte
711 1963 980 2036 respicere
1023 1963 1234 2036 (Matth.
1276 1982 1420 2034 xvn,
1453 1967 1550 2039 2);
1589 1968 1656 2024 ab
1703 1969 1792 2025 his

193 2055 380 2128 itaque
409 2053 700 2127 probatum
731 2051 868 2108 dicit
895 2051 1124 2120 donum,
1159 2053 1304 2126 quod
1333 2055 1543 2128 accepit
1581 2073 1612 2111 a
1640 2059 1786 2126 Deo;

191 2153 250 2200 ut
293 2144 503 2218 dignus
549 2148 691 2198 esset
719 2139 922 2197 habere
970 2141 1268 2213 primatum
1306 2143 1366 2199 in
1397 2145 1790 2215 praedicatione

194 2235 464 2308 gentium,
500 2231 646 2289 sicut
698 2238 752 2287 et
787 2229 1024 2287 habebat
1070 2231 1263 2289 Petrus
1301 2233 1360 2289 in
1399 2235 1790 2306 praedicatione

191 2322 652 2382 circumcisionis.
702 2321 777 2376 Et
826 2321 972 2376 sicut
1018 2320 1112 2378 dat
1157 2323 1318 2380 Petro
1379 2325 1580 2393 socios,
1639 2328 1790 2384 viros

193 2413 431 2488 egregios
481 2413 626 2468 inter
671 2411 985 2484 apostolos:
1035 2410 1112 2466 ita
1139 2418 1193 2466 et
1232 2411 1337 2468 sibi
1372 2412 1558 2487 jungit
1588 2416 1788 2473 Barna-

191 2504 334 2573 bam,
363 2502 463 2577 qui
515 2500 709 2557 divino
742 2499 956 2572 judicio
983 2499 1032 2556 ei
1059 2500 1355 2573 adjunctus
1377 2511 1458 2558 est
1490 2505 1632 2574 (Act.
1661 2523 1788 2576 xm,

191 2592 278 2665 2);
312 2592 551 2667 gratiam
583 2598 765 2645 tamen
796 2589 1066 2663 primatus
1102 2590 1210 2648 sibi
1242 2591 1345 2648 soli
1367 2592 1617 2651 vindicat
1644 2612 1791 2651 con-

190 2701 392 2742 cessam
431 2701 466 2739 a
495 2684 627 2751 Deo,
659 2681 803 2738 sicut
832 2689 886 2737 et
914 2681 1019 2737 soli
1043 2681 1207 2738 Petro
1231 2699 1488 2741 concessa
1527 2692 1609 2741 est
1643 2685 1791 2742 inter

189 2775 502 2848 apostolos:
555 2774 630 2830 ita
677 2779 741 2828 ut
785 2773 1022 2846 apostoli
1075 2773 1518 2832 circumcisionis
1566 2776 1792 2832 dextras

189 2866 536 2938 porrigerent
573 2861 834 2936 apostolis
877 2863 1123 2936 gentium
1169 2863 1239 2919 ad
1287 2863 1643 2921 concordiam
1693 2881 1793 2919 so-

189 2954 408 3012 cietatis
437 2953 922 3012 demonstrandam
948 2972 962 3019 ;
1005 2961 1067 3008 ut
1095 2953 1318 3025 utrique
1358 2954 1592 3010 scientes
1618 2953 1791 3025 perfe-

185 3043 390 3102 ctionis
451 3043 708 3118 spiritum
758 3043 817 3098 in
863 3041 1274 3114 dispensatione
1317 3040 1606 3111 Evangelii
1661 3058 1716 3097 se
1763 3058 1794 3097 a

180 3133 430 3190 Domino
488 3138 836 3198 consecutos,
886 3130 944 3184 in
998 3129 1158 3184 nullo
1207 3145 1262 3184 se
1320 3129 1560 3186 invicem
1617 3129 1790 3202 legere

1892 629 2184 686 mulationi
2197 644 2412 684 eorum.
2432 651 2450 673 ι
2476 626 2547 682 Hi
2568 641 2755 682 omnes
2771 623 3068 698 Iudaei,qui
3085 631 3483 681 consenserunt

1894 717 2231 774 simulationi
2244 716 2390 774 Petri
2413 724 2466 773 et
2481 715 2764 782 Barnabas,
2784 715 2942 770 bonae
2957 713 3085 771 ﬁdei
3106 712 3334 769 fuerunt
3352 731 3364 768 :
3387 713 3484 770 sed

1895 816 2117 880 prepter
2144 807 2462 864 scandalum
2491 806 2740 872 illorum,
2765 803 2860 876 qui
2888 803 3180 860 veniebant
3199 801 3266 858 ab
3281 801 3485 860 Iacobo

1898 897 2078 968 (erant
2091 898 2238 953 enim
2257 898 2603 953 aemulatores
2619 892 2875 968 legis,qui
2889 899 2944 948 et
2957 893 3128 965 legem
3144 893 3484 950 etChristum

1895 1001 2051 1058 aequo
2060 985 2185 1058 jure
2197 993 2607 1042 venerarentur:
2625 981 2773 1057 quod
2783 988 2977 1039 contra
2993 981 3122 1036 ﬁdei
3137 980 3485 1052 disciplinam

1894 1075 1998 1146 est)
2031 1074 2393 1146 prasentibus
2419 1073 2496 1130 eis
2535 1088 2647 1128 non
2679 1070 3182 1128 commiscebantur
3209 1069 3488 1141 gentibus.

1894 1163 2184 1220 Timebant
2210 1164 2358 1220 enim
2390 1163 2656 1234 impetum
2687 1159 2929 1216 audacia
2959 1175 3170 1226 eorum,
3202 1159 3298 1232 qui
3324 1175 3489 1216 aemu-

1895 1255 2148 1310 labantur
2179 1256 2372 1326 legem.
2403 1250 2562 1319 Quod
2590 1250 2638 1306 si
2666 1249 2842 1306 solum
2874 1248 3090 1317 fuisset,
3122 1264 3233 1304 non
3264 1255 3382 1305 erat
3410 1266 3492 1306 re-

1896 1344 2267 1418 prehensibile
2294 1363 2304 1398 :
2359 1342 2453 1398 sed
2492 1342 2550 1397 in
2579 1356 2688 1414 quo
2717 1348 2958 1396 erratum
2991 1346 3092 1405 est,
3138 1337 3196 1394 in
3226 1337 3492 1410 subjectis

1895 1433 2157 1491 ostendit.
2208 1434 2345 1489 Nam
2393 1439 2448 1487 et
2494 1431 2608 1503 ipse
2642 1429 2836 1501 utique
2873 1427 3037 1484 cessit
3064 1425 3402 1485 animositati
3435 1436 3492 1485 et

1896 1524 2136 1582 audacia
2165 1522 2506 1590 Iudzeorum,
2552 1520 2755 1576 timens
2796 1534 2865 1574 ne
2892 1534 2989 1591 per
3017 1517 3122 1575 hoc
3151 1518 3299 1592 quod
3329 1517 3490 1576 facile

1897 1625 1995 1684 est,
2027 1616 2344 1688 subreperet
2372 1613 2714 1681 scandalum,
2749 1612 2896 1685 quod
2923 1611 3149 1668 diﬂicile
3177 1609 3479 1677 sedaretur;

1897 1706 2028 1782 quia
2051 1714 2105 1762 et
2134 1705 2436 1762 secundum
2470 1707 2640 1776 legem
2671 1701 2987 1776 puriﬁcavit
3015 1718 3071 1758 se
3096 1709 3318 1758 coactus
3348 1702 3491 1774 (Act.

1897 1813 2018 1865 xxr,
2048 1796 2164 1868 26),
2197 1803 2251 1852 et
2295 1793 2650 1850 Timotheum
2681 1790 3034 1850 circumcidit
3076 1790 3288 1847 invitus
3346 1790 3490 1864 (Act.

1819 1895 1865 1955 Β
1894 1902 2015 1952 xvr,
2046 1884 2125 1955 3).

1971 1951 2152 2056 (Vers.
2180 1981 2294 2048 14.)
2341 2006 2358 2030 ι
2389 1979 2493 2038 Sed
2521 1996 2647 2038 cum
2694 1978 2955 2037 vidissem
2999 1951 3148 2053 quod
3191 1993 3304 2035 non
3343 1986 3494 2036 recta

1899 2073 1990 2128 via
2032 2071 2350 2129 incederent
2388 2069 2458 2126 ad
2505 2070 2793 2126 veritatem
2840 2067 3150 2140 Evangelii,
3183 2065 3302 2124 dixi
3329 2067 3492 2124 Petro

1897 2178 2080 2219 coram
2111 2159 2389 2218 omnibus.
2421 2183 2439 2205 ι
2484 2157 2611 2216 Ideo
2641 2157 2699 2214 in
2729 2159 2907 2215 solum
2937 2157 3162 2213 Petrum
3185 2155 3490 2223 invehitur,

1899 2260 1959 2308 ut
1987 2251 2045 2306 in
2073 2267 2138 2307 eo
2169 2249 2263 2323 qui
2311 2249 2524 2322 primus
2552 2256 2653 2316 est,
2701 2245 2976 2305 discerent
3022 2245 3224 2302 caeteri.
3271 2269 3290 2293 ι
3321 2245 3378 2302 Si
3429 2255 3492 2302 tu

1897 2357 2023 2397 cum
2065 2341 2140 2395 sis
2187 2338 2425 2407 Iudaeus,
2459 2336 2740 2411 gentiliter
2771 2335 2936 2406 vivis,
2982 2335 3260 2410 quomodo
3307 2342 3494 2409 gentes

1897 2428 2046 2502 cogis
2083 2427 2367 2485 Judaizare
2390 2428 2420 2484 ?
2449 2453 2467 2476 ι
2509 2427 2670 2484 Nunc
2710 2425 2886 2500 aperit
2928 2442 3148 2483 causam
3190 2425 3497 2498 reprehen-

1898 2516 2106 2584 sionis;
2158 2534 2269 2573 non
2316 2517 2466 2572 enim
2509 2515 2722 2589 aliquid
2769 2514 2964 2572 fuisset
3011 2514 3232 2582 erroris,
3278 2515 3325 2570 si
3361 2530 3492 2586 prae-

1898 2606 2146 2662 sentibus
2186 2605 2394 2662 Iudaeis
2428 2603 2829 2660 dissimulasset
2865 2619 2896 2656 a
2925 2603 3244 2674 gentilibus,
3291 2603 3494 2658 timens

1898 2696 2254 2751 scandalum:
2288 2693 2384 2749 sed
2420 2693 2512 2748 hic
2557 2699 2675 2746 tota
2719 2707 2880 2746 causa
2924 2689 3368 2760 reprehensionis
3392 2699 3496 2759 est,

1900 2785 2032 2858 quia
2079 2781 2503 2839 advenientibus
2553 2781 2756 2836 Iudaeis
2793 2779 2862 2836 ab
2899 2779 3121 2847 Iacobo,
3169 2795 3281 2834 non
3321 2779 3500 2835 solum

1901 2872 2218 2946 segregabat
2245 2887 2303 2927 se
2331 2871 2398 2926 ab
2429 2871 2529 2940 eis,
2557 2886 2684 2927 cum
2715 2869 2914 2944 quibus
2948 2866 3229 2943 gentiliter
3255 2866 3493 2937 vixerat,

1900 2963 1996 3020 sed
2045 2972 2099 3020 et
2145 2962 2509 3036 compellebat
2560 2977 2652 3018 eos
2689 2959 2991 3034 judaizare,
3059 2975 3224 3016 causa
3283 2957 3504 3016 timoris

1902 3053 2156 3123 illorum,‘
2196 3060 2258 3109 ut
2303 3052 2436 3127 quid
2493 3051 2694 3109 horum
2735 3067 2930 3108 verum
2973 3057 3134 3121 esset,
3185 3050 3504 3125 ignorarent

1900 3142 2148 3216 gentiles.
2201 3141 2458 3199 Sciebant
2505 3142 2654 3198 enim
2711 3140 2891 3214 ipsum
2939 3155 3123 3196 secum
3171 3157 3285 3196 non
3345 3139 3501 3215 quasi

176 3223 568 3280 ostenderent.
601 3221 720 3275 Hoc
748 3219 928 3273 solum
957 3225 1141 3274 tamen
1174 3218 1321 3273 inter
1348 3235 1404 3275 se
1432 3220 1786 3288 convenisse;
1820 3255 1870 3320 Ο
1897 3233 2147 3289 Judaeum
2180 3233 2421 3290 vixisse;
2470 3239 2594 3307 post
2619 3239 2802 3287 autem
2841 3230 3126 3288 audientes
3163 3230 3232 3287 ab
3280 3247 3344 3288 eo
3373 3233 3502 3306 quia

172 3320 232 3367 ut
264 3309 431 3386 quod
465 3326 581 3365 non
609 3324 677 3364 ex
706 3316 975 3381 praecepto
1005 3309 1092 3364 vel
1131 3307 1278 3364 dono
1314 3307 1540 3364 Domini
1570 3309 1791 3365 fuerant

167 3408 478 3478 instructi,
515 3409 642 3482 quia
687 3405 845 3464 facile
872 3414 987 3462 erat
1018 3401 1162 3460 217
1190 3406 1295 3464 hoc
1322 3424 1391 3464 ex
1424 3408 1540 3480 lege
1569 3425 1670 3482 cog
1683 3426 1794 3465 no—

170 3515 351 3566 scere,
389 3497 501 3554 hos
528 3497 727 3571 quibus
758 3494 1145 3569 praedicabant,
1187 3513 1486 3570 pauperum
1519 3514 1790 3555 memores

176 3606 292 3648 esse
334 3588 643 3664 juberent;
694 3597 755 3645 ut
799 3586 1252 3656 misericordiam,
1287 3604 1383 3660 per
1426 3604 1587 3660 quam
1620 3605 1652 3644 a
1678 3591 1791 3645 Deo

181 3678 460 3753 redempti
508 3686 657 3747 sunt,
703 3679 966 3736 colerent.
1018 3676 1229 3734 Idcirco
1267 3676 1438 3750 igitur
1483 3677 1624 3747 haec,
1671 3695 1792 3752 quae

183 3767 325 3825 inter
347 3784 409 3826 se
433 3776 492 3825 et
520 3767 796 3841 apostolos
811 3767 955 3824 facta
975 3774 1124 3834 sunt,
1143 3765 1495 3834 manifestat;
1526 3775 1587 3823 ut
1615 3767 1794 3824 sciant

183 3858 383 3916 Galatae
415 3857 554 3931 quia
583 3857 730 3930 quod
769 3855 836 3913 ab
865 3874 929 3914 eo
961 3865 1302 3930 acceperant,
1350 3854 1458 3913 hoc
1486 3873 1679 3912 verum
1711 3865 1792 3914 est

183 3956 232 4005 et
251 3949 578 4022 probatum.

252 4047 440 4118 (Vers.
482 4046 600 4118 11.)
647 4069 664 4091 ι
697 4043 837 4103 Cum
866 4051 1048 4100 autem
1079 4044 1321 4102 venisset
1361 4043 1554 4102 Petrus
1582 4043 1794 4101 Antio-

182 4133 382 4204 chiam,
417 4135 480 4191 in
507 4134 707 4192 faciem
731 4133 814 4190 illi
836 4133 1011 4189 restiti
1030 4151 1044 4201 ;
1090 4134 1220 4207 quia
1235 4133 1595 4206 reprehensus
1617 4141 1778 4191 erat.-

183 4223 303 4282 Post
331 4223 703 4284 concordiam
732 4224 1032 4292 societatis,
1076 4231 1130 4280 et
1159 4223 1642 4281 honoriﬁcentiam
1683 4224 1791 4297 pri-

183 4323 378 4384 matus,
402 4333 580 4390 quam
603 4313 710 4371 sibi
727 4313 969 4369 invicem
986 4329 1083 4385 per
1099 4313 1327 4384 gratiam
1339 4313 1438 4368 Dei
1451 4313 1787 4381 detulerunt;

182 4417 322 4462 nunc
371 4404 798 4462 interveniente
834 4419 998 4459 causa
1036 4399 1392 4476 negligentia:
1440 4403 1527 4457 vel
1567 4403 1786 4470 erroris,

181 4489 448 4552 dissidere
482 4495 639 4552 inter
676 4511 732 4552 se
753 4494 1014 4550 videntur
1041 4490 1297 4564 apostoli,
1331 4507 1443 4546 non
1474 4490 1530 4546 in
1569 4496 1790 4569 propria

179 4597 357 4649 causa,
410 4583 512 4639 sed
559 4582 620 4638 in
654 4580 1031 4638 sollicitudine
1076 4577 1357 4636 Ecclesiae.
1409 4601 1426 4623 ε
1469 4578 1532 4633 In
1571 4576 1785 4644 faciem,
1819 4616 1868 4676 D

184 4667 378 4745 inquit,
411 4674 503 4730 illi
529 4673 735 4730 restiti.
770 4692 796 4724 »
839 4671 984 4740 Quid
1012 4677 1095 4726 est
1122 4669 1245 4738 hoc,
1277 4667 1383 4725 nisi
1413 4667 1471 4723 in
1501 4667 1790 4740 praesentia

181 4760 225 4815 ei
272 4761 654 4820 contradixi?
709 4761 779 4816 Et
847 4776 955 4833 qua
1021 4775 1182 4815 causa
1230 4757 1521 4830 subjunxit
1562 4757 1783 4814 dicens:

195 4871 212 4894 ι
237 4848 375 4918 Quia
406 4849 787 4925 reprehensus
814 4850 977 4904 erat?
1026 4874 1042 4894 ι
1097 4847 1566 4921 Reprehensibilis
1597 4847 1788 4919 utique

182 4936 242 4992 ab
264 4941 602 5014 evangelica
627 4937 881 5004 veritate,
923 4938 1010 4993 cui
1057 4936 1163 4992 hoc
1210 4936 1418 4992 factum
1451 4936 1790 4993 adversaba-

184 5032 284 5084 tur.
318 5030 462 5085 Nam
495 5028 630 5104 quis
651 5043 842 5084 eorum
871 5025 1093 5082 auderet
1123 5026 1284 5081 Petro
1313 5026 1492 5097 primo
1520 5025 1784 5097 apostolo,

184 5116 263 5171 cui
291 5120 485 5176 claves
519 5117 677 5190 regni
705 5117 971 5172 caelorum
998 5113 1267 5169 Dominus
1297 5113 1470 5181 dedit,
1501 5113 1784 5178 resistere;

188 5204 285 5261 nisi
311 5208 462 5264 alius
492 5206 650 5275 talis,
693 5205 789 5279 qui
829 5202 1034 5260 ﬁducia
1061 5200 1348 5256 electionis
1384 5217 1496 5256 suae
1527 5201 1704 5258 sciens
1733 5217 1789 5255 se

189 5308 286 5349 non
317 5296 625 5370 imparem,
657 5298 974 5351 constanter
1004 5287 1358 5362 improbaret,
1381 5291 1526 5362 quod
1548 5291 1643 5347 ille
1671 5291 1789 5346 sine

187 5386 413 5444 consilio
443 5387 681 5444 fecerat.

252 5477 439 5547 (Vers.
499 5478 592 5544 l2,
653 5475 768 5548 13.)
826 5497 845 5520 ε
894 5473 1056 5530 Prius
1103 5470 1249 5527 enim
1301 5487 1462 5544 quam
1512 5474 1791 5530 venissent

191 5565 407 5635 quidam
461 5583 494 5622 a
547 5563 770 5633 Iacobo,
820 5579 944 5619 cum
975 5561 1229 5635 gentibus
1263 5559 1490 5616 edebat:
1524 5578 1650 5618 cum
1681 5580 1790 5620 au-

191 5659 289 5711 tem
321 5657 638 5721 venissent,
677 5650 1032 5710 subtrahebat
1059 5658 1112 5706 et
1134 5649 1449 5722 segregabat
1479 5666 1556 5718 se,
1590 5652 1789 5708 timens

191 5757 273 5798 eos
291 5744 566 5818 quierant
580 5757 648 5800 ex
677 5739 1116 5801 circumcisione.
1140 5739 1212 5794 Et
1239 5737 1638 5796 simulaverunt
1661 5756 1788 5798 cum

1901 3323 2215 3379 Iudaeorum
2245 3322 2423 3378 instar
2441 3321 2782 3395 sequendum
2804 3328 2941 3390 erat,
2961 3319 3292 3377 hasitabant
3308 3319 3502 3395 utique

1901 3412 2034 3486 quid
2064 3419 2206 3468 esset
2242 3428 2459 3468 verum.
2492 3411 2549 3468 Si
2575 3410 2725 3466 enim
2755 3410 2863 3466 hoc
2908 3425 3100 3465 verum
3149 3417 3267 3464 erat
3318 3417 3381 3466 ut
3409 3408 3498 3479 ju-

1901 3501 2201 3569 daizarent,
2248 3500 2429 3574 ipsum
2499 3499 2976 3574 praevaricatorem
3043 3495 3321 3566 tenebant,
3371 3499 3502 3570 quia

1901 3590 2180 3664 gentiliter
2223 3591 2476 3647 vixerat:
2526 3591 2574 3646 si
2631 3597 2814 3646 autem
2853 3586 2995 3645 illud
3041 3587 3239 3645 melius
3284 3595 3398 3645 erat
3443 3596 3500 3646 et

1899 3696 2111 3750 verum,
2146 3688 2207 3736 ut
2236 3680 2562 3753 simpliciter
2588 3679 2860 3748 viverent,
2893 3678 3105 3735 eversio
3152 3685 3268 3736 erat
3312 3677 3499 3751 genti-

1899 3769 2047 3825 leum
2077 3785 2174 3841 per
2201 3769 2320 3840 ejus
2349 3767 2650 3840 ignaviam,
2683 3767 2884 3841 quibus
2930 3766 3185 3840 adempto
3213 3767 3383 3837 bono,
3409 3783 3497 3824 res

1901 3856 2174 3913 laboriosa
2203 3864 2257 3913 et
2284 3857 2539 3912 inefﬁcax
2591 3856 2924 3913 tradebatur.
2979 3857 3275 3929 Apostolus
3311 3863 3496 3912 autem

1899 3949 2124 4016 Paulus,
2156 3947 2376 4021 quando
2405 3948 2473 4004 ad
2502 3947 2695 4004 horam
2734 3947 2898 4005 cessit
2945 3963 3055 4003 non
3084 3947 3189 4004 hoc
3215 3953 3269 4002 et
3298 3945 3492 4012 suasit,

1901 4037 1996 4095 sed
2031 4055 2146 4094 rem
2195 4055 2251 4094 se
2299 4037 2629 4111 superﬂuam
2675 4045 2730 4095 et
2775 4037 2996 4094 inanem
3047 4035 3225 4091 facere
3252 4029 3496 4089 clamita-

1906 4128 2002 4196 vit,
2054 4136 2274 4200 propter
2319 4127 2563 4185 furorem
2600 4126 2936 4183 Iudaeorum.
2993 4123 3095 4180 Cui
3144 4119 3367 4194 quidem
3416 4117 3496 4175 rei

1901 4233 2010 4272 non
2059 4215 2458 4286 succubuisset,
2508 4215 2617 4272 nisi
2660 4229 2824 4270 causa
2854 4209 3215 4278 interfuisset,
3265 4223 3374 4282 qua
3401 4223 3494 4265 au-

1901 4305 2054 4364 dacia
2083 4307 2394 4364 Iudaeorum
2426 4305 2795 4379 plurimorum
2844 4318 2901 4358 se
2925 4301 3176 4374 jactaret.
3219 4301 3353 4357 Erat
3402 4317 3495 4358 au-

1900 4401 2010 4450 tem
2041 4394 2362 4454 Timotheus
2410 4393 2560 4449 ﬁlius
2589 4389 2840 4448 mulieris
2869 4389 3090 4461 Iudaeas,
3129 4397 3282 4464 patre
3311 4397 3494 4447 autem

1898 4483 2090 4540 Graeco
2143 4485 2284 4555 (Act.
2338 4500 2454 4553 XVI,
2514 4482 2600 4555 l);
2644 4480 2790 4538 unde
2838 4481 3045 4539 factum
3088 4489 3190 4552 est,
3219 4489 3282 4538 ut
3310 4479 3493 4537 infans

1898 4571 2202 4628 secundum
2231 4574 2404 4646 legem
2445 4571 2676 4628 minime
2707 4570 3217 4629 circumcideretur.
3263 4569 3493 4627 Insidia-

1897 4660 2099 4718 bantur
2128 4676 2274 4733 ergo,
2307 4662 2657 4733 explorantes
2694 4661 2740 4715 si
2769 4677 2916 4728 eum,
2948 4659 3044 4734 qui
3073 4657 3294 4714 Iudaeus
3331 4665 3494 4714 natus

1900 4757 2038 4818 erat,
2121 4747 2572 4804 incircumcisum
2627 4757 2959 4805 assumeret:
3016 4747 3162 4822 quod
3233 4746 3491 4803 illicitum

1897 4838 2163 4911 putabant
2193 4837 2373 4911 generi
2407 4837 2744 4907 Iudaeorum,
2778 4837 3120 4896 occasionem
3166 4843 3490 4912 quaerentes,

1899 4945 2006 5002 qua
2043 4945 2168 4984 eum
2216 4943 2527 4984 eversorem
2558 4935 2807 4984 tenerent
2849 4927 3022 5002 legis;
3069 4928 3173 4985 hac
3216 4941 3380 4984 causa
3423 4925 3492 4982 ad

1898 5016 2089 5073 horam
2119 5018 2283 5074 cessit
2315 5017 2491 5074 furori
2521 5033 2732 5073 eorum.

1973 5116 2155 5187 (Vers.
2187 5117 2274 5186 15,
2321 5117 2434 5188 16.)
2490 5142 2508 5164 ε
2536 5117 2646 5172 Nos
2690 5124 2887 5174 natura
2934 5113 3130 5183 Iudaei,
3180 5122 3234 5172 et
3264 5129 3373 5170 non
3421 5129 3492 5168 ex

1898 5203 2151 5276 gentibus
2181 5213 2509 5278 peccatores.
2537 5206 2781 5262 Scientes
2807 5212 2991 5262 autem
3025 5203 3156 5278 quia
3192 5218 3304 5259 non
3331 5200 3492 5273 justi-

1899 5291 2092 5349 ﬁcatur
2120 5292 2289 5350 homo
2317 5311 2386 5350 ex
2420 5293 2678 5368 operibus
2715 5294 2870 5369 legis,
2901 5293 3011 5351 nisi
3035 5309 3132 5367 per
3162 5291 3324 5348 ﬁdem
3364 5289 3492 5344 Iesu

1898 5379 2138 5450 Christi;
2187 5391 2242 5439 et
2289 5399 2389 5441 nos
2436 5384 2493 5440 in
2523 5381 2802 5442 Christum
2854 5383 3043 5440 Iesum
3080 5379 3376 5442 credimus,
3427 5381 3492 5431 ut

1892 5469 2262 5542 justiﬁcemur
2315 5492 2384 5532 ex
2442 5474 2550 5532 ﬁde
2604 5474 2832 5542 Christi,
2863 5480 2919 5530 et
2969 5487 3078 5528 non
3118 5485 3188 5527 ex
3234 5462 3492 5538 operibus

1901 5563 2051 5636 legis.
2086 5591 2103 5612 ι
2143 5565 2430 5623 Manifesta
2452 5565 2663 5621 ratione
2684 5563 3092 5621 circumventos
3110 5572 3201 5611 eos
3227 5551 3490 5623 ostendit,

1900 5661 1959 5709 ut
1979 5661 2258 5709 servarent
2289 5655 2493 5727 legem;
2528 5653 2584 5707 in
2617 5669 2724 5724 qua
2764 5665 2926 5704 nemo
2968 5642 3305 5716 justiﬁcatur
3343 5641 3492 5715 apud

1898 5742 2110 5810 Deum;
2140 5741 2340 5814 quippe
2365 5758 2488 5799 cum
2521 5739 2579 5796 hi
2617 5739 2722 5811 ipsi
2759 5733 2855 5807 qui
2905 5739 3100 5788 natura
3121 5728 3298 5788 Iudaei
3338 5739 3492 5800 sunt,
