4090 6182
580 383 686 443 371

1625 380 1723 438 AD
1761 377 1997 439 OPEBA
2034 379 2092 438 S.
2129 379 2464 441 AMBROSII
2501 383 2882 442 APPENDIX.

3795 386 3900 447 372

583 515 1154 591 volentesjustiﬁcari,
1185 514 1378 574 relicta
1404 513 1541 588 lege,
1561 511 1884 586 confugiant
1908 512 1978 569 ad
2008 512 2174 571 ﬁdem
2201 514 2255 575 A
2283 513 2387 572 hoc
2423 531 2536 572 non
2573 515 2740 588 gratis
2772 522 3026 574 mortuus
3054 521 3138 574 est
3167 531 3182 586 ;
3213 530 3363 574 mors
3392 515 3542 574 enim
3575 516 3695 592 ejus
3726 517 3900 592 justi-

583 606 814 666 Christi.
851 630 870 654 α
897 605 1168 676 Quoniam
1189 622 1259 662 ex
1289 603 1546 678 operibus
1563 603 1698 677 legis
1715 619 1825 660 non
1842 602 2181 676 justiﬁcatur
2292 603 2476 662 ﬁcatio
2500 613 2850 678 peccatorum
2880 615 2984 664 est.

582 695 766 753 omnis
792 712 940 754 caro.
991 720 1010 744 ι
1055 695 1281 756 Nullum
1328 691 1612 749 hominem
1651 692 2017 764 justiﬁcatum
2045 692 2185 750 dicit

583 811 655 853 ex
679 795 940 868 operibus
970 793 1137 867 legis;
1169 791 1489 866 quicunque
1517 791 1667 848 enim
1691 791 1829 864 justi
1854 799 2003 860 sunt,
2036 786 2191 845 218.

585 893 640 942 et
667 884 774 941 ﬁde
807 882 1100 956 justiﬁcati
1139 888 1289 949 sunt,
1329 881 1475 938 sicut
1522 880 1804 938 Abraham
1848 888 1903 940 et
1947 882 2096 938 Isaac
2129 887 2185 937 et

583 975 750 1031 Jacob
780 981 834 1028 et
863 971 1048 1028 caeteri
1079 970 1278 1027 sancti.

657 1062 841 1134 (Vers.
891 1061 1005 1132 17.)
1049 1084 1068 1108 ε
1098 1059 1155 1116 Si
1207 1065 1393 1116 autem
1441 1066 1751 1133 quaerentes
1791 1057 2085 1131 justiﬁcari
2124 1058 2184 1116 in

583 1151 825 1221 Christo,
879 1150 1200 1207 invenimur
1245 1157 1300 1206 et
1349 1148 1454 1221 ipsi
1509 1157 1859 1220 peccatores;
1891 1165 2026 1204 num
2056 1164 2184 1222 ergo

583 1239 838 1300 Christus
873 1238 1082 1313 peccati
1118 1236 1371 1296 minister
1413 1238 1544 1294 est?
1597 1237 1775 1294 Absit.
1823 1262 1842 1288 ι
1897 1237 2184 1306 Quomodo

585 1329 842 1388 Christus
889 1327 1097 1401 peccati
1145 1326 1402 1384 minister
1448 1333 1628 1398 potest
1679 1343 1817 1396 esse,
1866 1327 1960 1400 qui
2015 1328 2186 1385 donat

585 1417 856 1494 peccata?
901 1417 1053 1485 Ideo,
1093 1416 1248 1484 absit,
1298 1415 1502 1488 inquit.
1537 1416 1644 1474 Sed
1671 1417 1720 1473 si
1745 1416 2041 1490 justiﬁcari
2077 1434 2187 1474 vo-

589 1511 762 1566 lentes
795 1524 890 1580 per
913 1505 1078 1563 ﬁdem
1103 1503 1333 1575 Christi,
1357 1505 1464 1579 legi
1495 1507 1790 1574 servimus,
1831 1507 1933 1564 sub
1962 1515 2186 1579 peccato

587 1615 687 1656 nos
714 1605 854 1654 esset
881 1595 1236 1669 proﬁtemur;
1280 1595 1411 1668 quia
1457 1594 1594 1652 ﬁdes
1621 1595 1866 1652 extrahit
1900 1595 2185 1653 hominem

586 1703 620 1743 a
655 1687 794 1759 lege,
822 1693 885 1742 ut
910 1685 1094 1758 justus
1123 1684 1216 1741 sit.
1256 1685 1402 1757 Ergo
1433 1684 1481 1741 si
1521 1684 1716 1742 damus
1755 1702 1854 1742 nos
1886 1687 2014 1758 legi,
2047 1703 2186 1760 pec-

587 1784 799 1834 catores
845 1775 1200 1843 invenimur;
1251 1773 1381 1848 quia
1423 1773 1520 1847 qui
1566 1773 1669 1831 sub
1711 1776 1827 1849 lege
1875 1783 2028 1844 sunt,
2084 1774 2186 1832 sub

588 1865 884 1924 maledicto
915 1871 1065 1922 sunt.

662 1955 848 2028 (Vers.
878 1954 992 2027 18.)
1040 1977 1059 2000 ι
1098 1952 1156 2009 Si
1197 1952 1346 2010 enim
1376 1968 1496 2027 quae
1535 1952 1808 2022 destruxi,
1842 1951 1959 2011 haec
1987 1953 2189 2012 iterum

589 2043 887 2113 remdiﬁco,
934 2041 1412 2118 praevaricatorem
1459 2059 1547 2100 me
1589 2042 1891 2102 constituo.
1937 2070 1955 2092 ι
2018 2045 2190 2102 Abso-

591 2137 769 2194 lutum
820 2140 901 2191 est
948 2132 1078 2207 quia
1118 2131 1385 2190 accedens
1435 2132 1504 2189 ad
1562 2132 1874 2203 Christum,
1923 2133 2192 2208 relinquit

592 2226 766 2298 legem
797 2241 811 2291 ;
843 2222 911 2279 de
940 2239 1097 2279 servo
1119 2222 1269 2278 enim
1298 2221 1362 2277 ﬁt
1392 2221 1533 2279 liber
1565 2221 1707 2295 (5'6).
1730 2221 1889 2291 Quod
1917 2223 1963 2279 si
1985 2223 2190 2280 iterum

594 2313 780 2370 redeat
815 2313 884 2370 ad
915 2313 1109 2385 legem,
1149 2311 1263 2384 ipse
1291 2309 1377 2367 sui
1431 2318 1716 2370 accusator
1758 2311 2010 2369 exsistit:
2062 2313 2192 2386 quia

595 2405 801 2464 factum
833 2420 994 2460 suum
1032 2401 1384 2460 condemnat.

669 2495 852 2568 (Vers.
897 2494 1009 2566 19.)
1056 2516 1074 2540 ι
1103 2493 1222 2565 Ego
1250 2491 1398 2547 enim
1430 2505 1526 2562 per
1563 2489 1736 2564 legem
1786 2490 1891 2565 legi
1939 2498 2192 2548 mortuus

596 2602 740 2654 sum,
758 2592 821 2640 ut
846 2583 961 2640 Deo
984 2580 1188 2637 vivam.
1223 2605 1242 2628 ι
1277 2581 1392 2636 Hoc
1412 2579 1568 2648 dicit,
1593 2580 1724 2654 quia
1744 2597 1840 2654 per
1865 2581 2040 2654 legem
2061 2580 2192 2638 ﬁdei

599 2682 852 2732 mortuus
896 2679 977 2729 est
1016 2670 1121 2744 legi
1157 2669 1402 2743 Moysis;
1453 2669 1690 2726 moritur
1733 2669 1882 2726 enim
1925 2671 2052 2744 legi,
2097 2671 2193 2743 qui

600 2765 866 2822 liberatur
925 2760 994 2818 ab
1037 2777 1134 2817 ea:
1177 2767 1231 2816 et
1276 2758 1419 2817 vivit
1479 2761 1614 2829 Deo,
1663 2759 1820 2833 cujus
1873 2760 1938 2817 ﬁt
1998 2777 2191 2818 servus

600 2861 817 2928 emptus
846 2868 878 2908 a
905 2850 1146 2909 Christo.
1187 2873 1207 2898 ι
1237 2849 1459 2908 Christo
1497 2849 1751 2908 conﬁxus
1795 2867 1916 2907 sum
1955 2850 2128 2908 cruci.
2159 2875 2178 2900 ›

601 2944 705 3002 Hic
752 2941 905 3000 cruci
953 2939 1248 3012 conﬁgitur
1294 2939 1534 3002 Christo.
1595 2940 1690 3014 qui
1736 2942 1969 2997 aemulus
2017 2940 2196 2996 vesti-

605 3032 822 3106 giorum
843 3029 980 3102 ejus,
1003 3030 1159 3086 nulla
1184 3027 1380 3086 mundi
1401 3029 1850 3102 concupiscentia
1863 3029 2079 3102 capitur
2101 3047 2114 3098 ;
2135 3037 2196 3086 ut

602 3125 717 3180 Deo
737 3122 952 3190 vivens,
977 3119 1184 3177 mundo
1207 3127 1459 3176 mortuus
1489 3118 1763 3176 videatur.
1793 3118 1898 3187 Qui
1920 3119 2066 3175 enim
2083 3135 2196 3174 non

601 3211 714 3285 agit
733 3229 854 3286 quae
870 3209 1064 3267 mundi
1083 3210 1327 3278 sunt,vel
1346 3207 1568 3276 erroris,
1592 3215 1844 3264 mortuus
1864 3215 1944 3264 est
1965 3206 2193 3264 mundo.

677 3303 860 3374 (Vers.
904 3300 1020 3374 20.)
1075 3324 1095 3348 ι
1123 3298 1270 3357 Vivo
1307 3306 1512 3368 autem,
1537 3297 1654 3372 jam
1683 3315 1797 3355 non
1831 3315 1950 3371 ego,
1981 3299 2077 3356 sed
2103 3297 2200 3354 vi-

609 3390 712 3459 vit,
755 3389 852 3464 qui
883 3388 943 3446 in
971 3405 1060 3446 me
1096 3395 1200 3457 est,
1232 3386 1505 3446 Christus.
1534 3412 1552 3436 ι
1604 3389 1724 3444 Non
1753 3394 1835 3445 est
1859 3387 2199 3460 ambiguum,

604 3480 663 3536 in
709 3495 774 3536 eo
803 3480 900 3554 qui
929 3495 1024 3552 per
1057 3477 1222 3534 ﬁdem
1273 3476 1538 3533 liberatur
1593 3493 1626 3533 a
1671 3484 1866 3544 morte,
1919 3477 2200 3534 Christum

604 3567 830 3636 vivere;
881 3577 1060 3624 morte
1100 3567 1250 3623 enim
1280 3565 1409 3638 digo
1438 3567 1572 3622 dum
1601 3566 1771 3622 donat
1804 3575 2044 3639 peccata,
2087 3567 2201 3640 ipse

607 3655 751 3712 vivit
772 3655 830 3711 in
851 3656 986 3722 illo;
1020 3655 1139 3727 ejus
1181 3654 1331 3712 enim
1360 3654 1618 3728 pmsidio
1653 3665 1872 3728 ereptus
1900 3666 1982 3714 est
2010 3659 2198 3716 morti.

623 3769 643 3793 ι
674 3743 834 3812 Quod
861 3759 992 3800 vero
1022 3759 1172 3802 nunc
1201 3744 1332 3801 vivo
1372 3744 1431 3801 in
1451 3761 1632 3814 carne,
1676 3747 1733 3802 in
1759 3746 1866 3804 ﬁde
1892 3747 2024 3804 vivo
2072 3750 2201 3806 Filii

609 3834 735 3903 Dei,
767 3834 862 3908 qui
910 3831 1112 3890 dilexit
1152 3849 1261 3899 me,
1307 3841 1362 3891 et
1408 3834 1639 3891 tradidit
1689 3852 1745 3892 se
1783 3853 1882 3909 pro
1927 3853 2033 3894 me.
2079 3839 2201 3896 Non

609 3939 732 3981 sum
793 3922 1038 3996 ingratus
1082 3922 1270 3996 gratiae
1309 3923 1432 3982 Dei.
1463 3948 1482 3972 ι
1539 3924 1809 3993 Quoniam
1857 3926 2043 3983 futura
2089 3928 2204 3985 vita

609 4014 880 4088 promissa
907 4020 988 4069 est
1017 4011 1368 4081 Christianis,
1410 4013 1534 4070 ideo
1559 4015 1654 4088 qui
1693 4031 1843 4073 nunc
1869 4017 1928 4072 in
1959 4017 2061 4075 hac
2089 4020 2206 4075 vita

608 4103 837 4161 auxiliis
866 4103 969 4160 Dei
1000 4103 1252 4161 munitus
1290 4100 1452 4171 vivit,
1493 4102 1551 4158 in
1592 4103 1699 4160 ﬁde
1745 4105 1873 4162 vitae.
1921 4109 2202 4179 promissae

609 4195 772 4252 vivit.
808 4195 911 4252 Hic
939 4195 1089 4252 enim
1117 4195 1413 4269 imaginem
1443 4192 1561 4267 ejus
1590 4198 2014 4268 contemplatur,
2046 4198 2204 4272 quasi

609 4284 812 4356 pignus
865 4283 1073 4342 habens
1118 4285 1249 4342 vitae
1299 4285 1519 4353 futura),
1565 4301 1686 4358 quas
1735 4302 1830 4358 per
1875 4286 1976 4343 Dei
2003 4295 2200 4344 nutum

611 4371 819 4430 Christi
865 4388 1048 4429 amore
1088 4372 1249 4430 nobis
1279 4374 1508 4447 quassita
1535 4382 1636 4430 est.
1671 4374 1772 4432 Hic
1809 4391 1936 4447 ergo
1980 4391 2094 4434 non
2123 4387 2204 4435 est

609 4459 860 4532 ingratus
901 4460 1143 4530 Christo,
1175 4463 1269 4534 qui
1313 4480 1372 4519 1n
1402 4465 1510 4521 ﬁde
1538 4463 1657 4536 ejus
1685 4463 1972 4537 perdurat:
2026 4467 2202 4524 sciens

611 4557 822 4614 nullius
863 4576 920 4615 se
965 4558 1166 4615 habere
1217 4558 1570 4628 beneﬁcium,
1617 4562 1726 4618 nisi
1781 4562 1992 4636 hujus:
2044 4572 2098 4621 et
2133 4565 2202 4624 ad

608 4649 1002 4708 contumeliam
1041 4649 1158 4723 ejus
1199 4650 1480 4723 proﬁcere,
1528 4651 1576 4708 si
1622 4653 1854 4711 alterum
1901 4656 1952 4712 ei
1990 4672 2204 4729 compa-

612 4747 713 4808 ret,
735 4738 895 4812 cujus
916 4739 1190 4798 auxilium
1219 4739 1420 4798 habere
1449 4757 1560 4798 non
1587 4743 1785 4816 potuit.

684 4828 866 4901 (Vers.
907 4829 1023 4902 21.)
1088 4853 1106 4877 ι
1136 4829 1194 4889 Si
1231 4831 1378 4888 enim
1427 4849 1524 4906 per
1571 4836 1742 4907 legem
1779 4835 2022 4908 justitia,
2073 4851 2200 4909 ergo

611 4917 862 4977 Christus
899 4917 1068 4991 gratis
1095 4929 1347 4977 mortuus
1377 4929 1476 4978 est.
1510 4949 1528 4971 ι
1570 4924 1721 4980 Nihil
1764 4931 1877 4980 tam
1909 4933 2158 4995 apertum
2185 4943 2197 4992 ;

611 5007 740 5080 quia
770 5007 817 5064 si
851 5024 948 5080 per
978 5008 1150 5081 legem
1189 5011 1458 5082 potuisset
1487 5011 1652 5068 homo
1689 5011 2002 5084 justiﬁcari,
2044 5013 2199 5071 Chri-

609 5103 756 5152 stum
787 5113 900 5154 non
953 5107 1269 5171 oportuerat
1314 5100 1476 5157 mori.
1510 5099 1616 5157 Sed
1661 5101 1792 5175 quia
1831 5103 1920 5158 lex
1963 5101 2090 5160 dare
2119 5119 2197 5160 re-

611 5186 930 5246 missionem
972 5197 1320 5260 peccatorum
1363 5208 1474 5248 non
1518 5199 1749 5264 poterat,
1783 5208 1961 5266 neque
2008 5209 2198 5250 secun-

609 5278 735 5336 dam
758 5285 988 5335 mortem
1003 5277 1421 5351 detriumphans
1440 5281 1748 5352 exspoliare
1773 5282 2040 5354 captivos,
2060 5299 2200 5355 quos

610 5368 829 5426 tenebat
877 5385 1041 5428 causa
1098 5370 1343 5443 peccati;
1402 5370 1610 5429 idcirco
1657 5373 1910 5432 Christus
1947 5383 2199 5432 mortuus

607 5466 708 5527 est,
741 5468 803 5518 ut
837 5474 902 5516 ea
943 5466 1244 5533 praestaret,
1291 5476 1411 5534 qua
1441 5461 1530 5519 lex
1559 5479 1670 5520 non
1702 5471 1914 5538 poterat
1945 5481 1958 5520 :
1998 5480 2061 5522 ac
2104 5481 2200 5538 per

682 5623 799 5690 (56)
851 5623 941 5681 Sic
981 5623 1115 5700 edit.
1160 5622 1457 5682 Amerb.et
1504 5642 1631 5682 mss.
1665 5628 1884 5700 plures:
1918 5629 2073 5685 Eras.
2105 5645 2194 5686 au-

609 5699 718 5745 tem
745 5701 815 5772 _et
859 5709 982 5772 seq._
1031 5694 1165 5752 edit.
1217 5711 1353 5772 curn
1387 5713 1514 5754 mss.
1567 5694 1872 5769 nonnullis,
1917 5701 2010 5772 qui
2059 5702 2198 5758 enim

606 5762 915 5820 accedens...
933 5762 1009 5822 ’ἀρ
1035 5784 1184 5823 servo
1213 5768 1274 5839 ﬁt
1295 5768 1444 5825 liber.
1856 5762 1870 5769 ’
1924 5762 1943 5789 ²

2213 1877 2260 1939 Β

2233 3245 2276 3304 C

2913 731 3140 790 CAPUT
3179 733 3276 790 ΙΙΙ.

2368 839 2550 915 (Vers.
2596 841 2674 912 1.)
2720 865 2738 888 ‹
2769 841 2812 898 Ο
2861 841 3126 898 insensati
3174 841 3380 899 Galatae
3411 843 3424 900 l
3458 843 3583 918 quis
3612 861 3711 903 vos
3740 847 3901 906 fasci-

2292 932 2496 989 navit?
2561 955 2579 980 ι
2627 931 2917 988 Irascentis
2977 949 3114 989 cum
3164 932 3444 992 miraculo
3500 935 3672 993 verba
3727 948 3899 1009 sunt;

2293 1023 2423 1096 quia
2455 1021 2536 1078 sic
2586 1021 2804 1078 fuerant
2853 1021 3158 1095 depravati,
3209 1030 3270 1079 ut
3298 1040 3402 1082 nec
3444 1041 3501 1082 se
3539 1037 3903 1098 agnoscerent

2291 1111 2719 1170 circumventos.
2752 1112 3026 1168 Prooemio
3059 1128 3193 1168 usus
3223 1122 3306 1170 est
3334 1115 3459 1187 (57)
3487 1133 3501 1183 ;
3535 1117 3722 1174 omnis
3749 1118 3901 1176 enim

2294 1202 2388 1275 qui
2417 1203 2737 1271 fascinatur,
2783 1199 2849 1259 de
2878 1201 3025 1259 bono
3054 1201 3252 1260 transit
3282 1204 3340 1260 in
3379 1205 3610 1276 malum,
3653 1207 3800 1266 sicut
3851 1216 3906 1266 et

2293 1291 2352 1348 hi
2381 1293 2448 1349 de
2479 1292 2732 1349 libertate
2779 1300 2834 1349 et
2880 1293 3174 1350 securitate
3205 1293 3274 1350 ad
3295 1295 3586 1353 servitium
3623 1305 3677 1354 et
3698 1299 3902 1357 sollici-

2293 1382 2542 1438 tudinem
2583 1381 2940 1438 transierunt.
2987 1407 3006 1430 ι
3051 1382 3301 1451 Quorum
3348 1393 3476 1442 ante
3524 1388 3715 1444 oculos
3745 1387 3903 1446 Chri-

2295 1481 2412 1531 stus
2457 1475 2614 1532 Jesus
2643 1475 2984 1548 proscriptus
3012 1483 3116 1544 est,
3145 1483 3200 1532 et
3231 1476 3291 1532 in
3319 1476 3480 1534 vobis
3517 1479 3841 1537 cruciﬁxus.
3871 1506 3891 1530 ι

2293 1565 2647 1626 Manifestum
2673 1571 2756 1621 est
2783 1564 2913 1638 quia
2959 1566 3259 1622 stultorum
3289 1567 3466 1624 oculis
3497 1567 3752 1626 Christus
3780 1586 3902 1643 pro-

2294 1657 2532 1730 scriptus
2552 1654 2791 1722 videtur,
2815 1653 2874 1710 id
2893 1659 2975 1710 est
3001 1655 3344 1728 exspoliatus
3366 1657 3456 1712 vel
3476 1658 3899 1728 condemnatus;

2294 1745 2652 1822 prudentium
2673 1761 2805 1802 vero
2829 1743 3006 1802 oculis
3042 1752 3097 1801 et
3144 1745 3398 1804 sensibus
3429 1762 3541 1803 non
3571 1749 3748 1804 solum
3789 1766 3903 1806 non

2294 1839 2710 1906 condemnatus,
2738 1835 2833 1892 sed
2871 1838 2987 1909 ipse
3015 1846 3248 1894 mortem
3291 1854 3455 1895 cruce
3492 1854 3590 1896 sua
3617 1838 3904 1898 damnasse

2299 1930 2557 1998 videtur;
2606 1927 2786 2002 passio
2829 1927 2981 1984 enim
3033 1927 3258 1984 Domini
3307 1928 3421 1985 vita
3458 1937 3647 1986 nostra
3691 1940 3797 1997 est,
3846 1941 3904 1988 et

2299 2018 2602 2078 destructio
2649 2018 2863 2076 mortis.
2907 2017 3013 2075 Sed
3065 2017 3194 2091 quia
3246 2017 3306 2074 hi
3355 2017 3578 2092 indigne
3624 2027 3901 2092 coeperant

2301 2109 2502 2168 sentire
2527 2108 2776 2166 translati
2806 2107 2875 2164 ad
2911 2109 3106 2180 legem,
3149 2108 3360 2166 idcirco
3391 2108 3669 2166 mentibus
3704 2124 3896 2166 eorum

2301 2200 2581 2258 Christum
2688 2195 3116 2254 condemnatum
3203 2196 3384 2256 videri
3491 2198 3896 2273 conqueritur;

2302 2289 2533 2363 ideoque
2579 2285 2851 2361 subjecit:
2917 2309 2936 2334 ι
2983 2289 3046 2344 In
3102 2287 3261 2344 vobis
3316 2287 3640 2346 cruciﬁxus.
3701 2314 3719 2338 ι
3787 2289 3904 2346 Hoc

2300 2386 2400 2448 est,
2478 2394 2641 2436 sensu
2713 2385 2898 2435 vestro
2973 2376 3276 2434 cruciﬁxus
3330 2385 3434 2446 est,
3487 2378 3643 2452 quasi
3700 2377 3899 2446 homo;

2301 2468 2360 2524 in
2421 2484 2529 2542 quo
2593 2466 2742 2524 enim
2799 2482 2922 2539 spes
2988 2467 3151 2539 plena
3212 2483 3323 2524 non
3405 2475 3507 2538 est,
3569 2467 3734 2525 homo
3795 2474 3899 2524 est.

2302 2559 2430 2616 Ideo
2494 2557 2554 2614 hi
2609 2573 2722 2612 non
2782 2555 3049 2630 putabant
3105 2558 3322 2630 plenam
3389 2559 3621 2615 salutem
3685 2575 3802 2615 esse
3839 2557 3902 2614 in

2303 2648 2542 2718 Christo,
2575 2646 2706 2721 quia
2732 2646 2905 2719 legem
2938 2646 3022 2703 illi
3059 2647 3374 2721 aequabant.
3406 2649 3467 2704 In
3508 2647 3596 2705 his
3640 2665 3772 2706 vero
3803 2649 3903 2722 qui

2301 2757 2539 2813 congrue
2565 2738 2886 2812 intelligunt
2916 2736 3224 2806 Christum,
3264 2738 3407 2795 vivit
3434 2738 3492 2794 in
3521 2738 3600 2796 eis
3630 2737 3910 2809 Christus,

2303 2835 2361 2891 in
2390 2830 2627 2889 Photino
2675 2827 2973 2887 cruciﬁxus
3002 2833 3100 2883 est.
3155 2827 3257 2884 Hic
3304 2827 3452 2883 enim
3488 2844 3616 2886 vere
3650 2835 3914 2886 mortuus

2303 2931 2404 2992 est,
2441 2921 2498 2978 in
2528 2935 2636 2994 quo
2686 2917 2938 2977 Christus
2965 2915 3169 2974 dicitur
3208 2915 3512 2974 cruciﬁxus
3545 2935 3558 2985 ;
3593 2917 3728 2991 quia
3757 2917 3914 2976 istud

2306 3015 2426 3072 loco
2453 3009 2818 3070 accusationis
2857 3006 3136 3080 objicitur.

2379 3103 2560 3176 (Vers.
2598 3100 2678 3171 2.)
2722 3124 2740 3146 ι
2772 3099 2888 3155 Hoc
2923 3097 3100 3153 solum
3147 3095 3274 3152 volo
3305 3095 3566 3153 discerea
3592 3095 3793 3153 vobis:
3821 3097 3912 3153 Ex

2310 3193 2568 3268 operibus
2624 3191 2760 3263 legis
2816 3188 3082 3262 Spiritum
3141 3187 3445 3260 accepistis,
3499 3202 3570 3242 an
3614 3203 3684 3244 ex
3713 3187 3914 3243 auditu

2312 3285 2482 3342 ﬁdei?
2519 3283 2610 3340 Sic
2656 3281 2774 3338 sine
2804 3279 3088 3336 intellectu
3136 3277 3313 3334 estis?
3341 3301 3358 3324 ι
3403 3277 3602 3335 Adhuc
3631 3293 3758 3334 cum
3799 3285 3913 3333 sto~

2314 3375 2508 3433 macho
2559 3371 2840 3446 loquitur;
2890 3370 3040 3426 dolet
3099 3369 3248 3425 enim
3295 3367 3455 3426 valde
3501 3385 3662 3442 super
3723 3383 3912 3424 errore

2313 3484 2526 3536 eorum,
2577 3463 2707 3538 quia
2761 3461 3025 3518 fabricam
3069 3477 3248 3530 suam,
3296 3476 3402 3534 qua
3431 3477 3521 3518 eos
3568 3475 3662 3532 per
3710 3459 3914 3515 Evam-

2315 3559 2517 3633 gelium
2549 3555 2935 3621 azdiﬁcaverat,
2975 3551 3200 3609 videbat
3229 3568 3343 3608 esse
3379 3551 3731 3607 destructam.
3785 3550 3915 3606 Non

2313 3651 2392 3706 sic
2421 3649 2489 3706 de
2531 3643 2838 3706 Corinthiis
2866 3651 3050 3699 motus
3078 3651 3180 3710 est,
3211 3640 3340 3716 quia
3369 3639 3622 3714 quamvis
3661 3640 3916 3696 carnales

2314 3758 2407 3799 eos
2435 3739 2671 3814 appellet
2703 3737 2761 3809 (Ι
2785 3735 2910 3792 Cor.
2939 3751 3022 3802 IlI,
3055 3733 3136 3805 2),
3169 3748 3282 3788 non
3324 3739 3512 3787 tamen
3552 3747 3722 3803 usque
3771 3728 3914 3786 adeo

2315 3837 2531 3890 fuerant
2563 3835 2746 3886 mente
2775 3824 2940 3899 capti,
2973 3833 3036 3880 ut
3088 3822 3416 3882 circumcidi
3467 3838 3523 3878 se
3565 3828 3909 3894 paterentur.

2316 3931 2442 3988 Ideo
2469 3936 2523 3985 et
2552 3926 2611 3984 hi
2641 3924 2802 3982 stulti
2845 3932 2898 3979 et
2943 3922 3062 3978 sine
3110 3920 3394 3976 intellectu
3449 3935 3563 3976 esse
3609 3919 3909 3986 dicuntur;

2313 4021 2442 4095 quia
2483 4033 2584 4074 nec
2629 4012 2808 4073 dolori
2852 4011 3033 4068 carnis
3096 4025 3206 4066 suae
3253 4009 3537 4066 consulere
3586 4009 3909 4065 valuerunt.

2314 4112 2494 4183 Usque
2523 4106 2591 4163 ad
2621 4104 2727 4161 hoc
2755 4101 2904 4159 enim
2925 4101 3063 4156 solet
3091 4098 3215 4174 quis
3244 4097 3622 4171 induci,quod
3648 4098 3910 4168 delectat,

2314 4215 2412 4264 aut
2441 4205 2687 4264 dolorem
2721 4216 2833 4257 non
2867 4206 3106 4272 praestat.
3158 4195 3301 4252 219
3337 4195 3730 4270 Interrogantis
3781 4211 3912 4268 ergo

2315 4296 2481 4353 verba
2512 4301 2662 4360 sunt,
2693 4299 2748 4349 et
2773 4289 2920 4366 quod
2948 4289 3246 4361 interrogat
3279 4305 3349 4344 ex
3379 4296 3532 4361 parte
3575 4285 3910 4343 conﬁrman-

2309 4388 2405 4456 .tis,
2439 4402 2565 4444 cum
2595 4382 2769 4442 dicit:
2828 4406 2847 4429 ι
2871 4380 2986 4438 Hoc
3018 4381 3196 4436 solum
3226 4379 3354 4434 volo
3395 4377 3605 4434 discere
3642 4393 3674 4432 a
3702 4375 3864 4433 vobis
3897 4396 3908 4432 :

2315 4479 2399 4534 Ex
2428 4474 2686 4550 operibus
2717 4472 2851 4546 legis
2880 4470 3144 4544 Spiritum
3173 4468 3482 4540 accepistis,
3515 4484 3583 4523 an
3613 4483 3683 4523 ex
3710 4466 3912 4524 auditu

2314 4567 2485 4624 ﬁdei?
2524 4590 2543 4614 ι
2596 4565 2712 4621 Hoc
2735 4563 2802 4620 ab
2832 4561 2910 4618 eis
2939 4559 3154 4632 quaerit,
3192 4558 3251 4614 in
3289 4573 3400 4630 quo
3427 4565 3485 4612 et
3505 4555 3911 4630 gloriabantur,

2314 4667 2367 4714 et
2397 4671 2594 4730 negare
2631 4670 2743 4710 non
2774 4657 3025 4725 poterant
3063 4648 3193 4722 quia
3231 4646 3499 4720 Spiritum
3532 4654 3782 4702 sanctum
3812 4662 3913 4718 per

2311 4748 2474 4803 ﬁdem
2523 4749 2861 4816 acceperant,
2908 4755 3020 4796 non
3049 4754 3144 4811 per
3189 4736 3401 4809 legem;
3434 4745 3499 4793 ut
3525 4735 3912 4808 resipiscentes

2310 4838 2665 4904 agnoscerent
2695 4829 2824 4903 quia
2851 4828 3062 4884 donum
3100 4825 3222 4894 Dei,
3254 4824 3312 4880 in
3353 4841 3460 4900 quo
3506 4822 3907 4897 gloriabantur,

2310 4939 2422 4979 non
2465 4939 2535 4978 ex
2586 4937 2751 4993 opere
2800 4917 2937 4990 legis
2991 4924 3332 4989 acceperant,
3385 4915 3480 4973 sed
3525 4913 3810 4972 credentes
3849 4913 3910 4968 in

2310 5013 2631 5078 Christum;
2677 5017 2741 5066 ut
2789 5007 2879 5065 vel
2916 5007 2998 5064 sic
3047 5007 3186 5080 grati
3213 5005 3453 5074 Christo,
3510 5005 3684 5076 legem
3742 5018 3911 5075 quam

2307 5102 2416 5159 sibi
2472 5102 2530 5158 in
2579 5101 2736 5157 nullo
2791 5097 3047 5171 prodesse
3103 5095 3428 5162 didicerant,
3508 5092 3911 5165 relinquerent.

2309 5192 2426 5250 Hoc
2476 5187 2753 5264 proponit,
2785 5187 2932 5261 quod
2986 5186 3084 5243 illo
3133 5185 3190 5241 in
3248 5192 3496 5256 tempore
3552 5182 3738 5254 negari
3795 5196 3912 5236 non

2309 5288 2538 5354 poterat,
2597 5277 2866 5353 Spiritum
2911 5277 3012 5334 Dei
3044 5277 3219 5333 inesse
3266 5273 3654 5341 credentibus;
3695 5273 3766 5328 ad
3823 5289 3913 5327 ru-

2306 5371 2553 5428 dimenta
2579 5370 2728 5427 enim
2769 5369 2899 5427 ﬁdei
2928 5366 3384 5437 commendanda,
3416 5365 3624 5423 donum
3659 5364 3761 5421 Dei
3803 5361 3916 5420 hoc

2307 5467 2759 5524 manifestabatur
2807 5464 3158 5532 hominibus;
3197 5464 3342 5522 sicut
3399 5465 3544 5521 inter
3588 5463 3706 5536 ipsa
3741 5460 3915 5518 initia

2378 5631 2495 5704 (57)
2530 5631 2749 5704 Ultimas
2777 5627 3114 5704 edit._Par_is.
3147 5625 3416 5683 Parwmia
3465 5641 3592 5682 usus
3645 5629 3744 5680 est.
3785 5623 3911 5680 Non

2308 5699 2542 5770 male,'si
2573 5720 2679 5776 qua
2706 5719 2834 5758 mss.
2868 5699 2975 5758 ﬁde
3004 5700 3292 5757 niteretur.
