4108 6184
237 359 337 418 373

1308 356 1674 419 COMMENT.
1716 357 1791 417 IN
1823 356 2046 417 EPIST.
2086 357 2185 417 AD
2223 357 2483 419 GALAT.

3437 364 3544 423 374

240 487 437 544 factum
457 491 539 542 est
567 483 626 542 in
656 483 922 559 apostolis
938 490 994 541 et
1019 483 1230 544 steteris
1257 483 1571 559 discipulis,
1596 501 1698 544 nec
1720 501 1832 543 non
1865 486 1918 548 A
1944 484 2102 542 ribus
2131 484 2265 558 legis
2293 492 2443 554 sunt,
2473 485 2576 545 sub
2600 485 2896 547 maledicto
2923 495 3074 548 sunt.
3113 512 3134 541 ι
3190 487 3544 550 Manifestum

237 584 290 636 et
317 579 371 634 in
414 577 528 635 illis
566 575 882 644 duodecim,
916 592 1052 650 quos
1096 575 1250 651 (quia
1297 576 1358 632 in
1387 575 1700 633 adulterino
1727 575 1838 633 ba—

240 671 487 744 ptismate
521 670 641 743 (58)
690 668 794 726 sub
821 669 1047 725 nomine
1075 668 1337 742 baptismi
1363 671 1592 727 Joannis
1620 671 1838 726 fuerant

237 779 343 820 non
376 761 565 830 tincti,
615 760 710 818 sed
737 759 1024 833 sordidati)
1058 761 1259 817 Paulus
1303 763 1585 835 apostolus
1623 761 1683 816 in
1715 759 1832 816 Tri-

235 852 424 911 nitatis
474 851 697 909 nomine
739 850 1005 924 baptizari
1051 851 1330 924 praecepit,
1382 850 1586 922 quibus
1614 849 1836 923 imposi-

235 944 304 1000 tis
343 943 618 1012 manibus,
671 941 882 1000 decidit
941 942 1001 998 in
1055 957 1148 997 eos
1199 939 1437 1014 Spiritus
1484 947 1724 1006 sanctus,
1783 948 1837 997 et

233 1031 576 1090 diversarum
637 1031 955 1105 linguarum
1011 1029 1371 1088 ministrabat
1433 1029 1650 1104 eloquia
1706 1045 1833 1087 cum

232 1121 694 1197 interpretatione
741 1136 967 1188 earum;
1016 1128 1080 1176 ut
1116 1120 1304 1176 nullus
1357 1118 1582 1176 auderet
1637 1134 1833 1192 negare

231 1211 505 1285 Spiritum
569 1218 819 1269 sanctum
875 1209 1052 1266 inesse
1108 1208 1205 1265 eis.
1287 1208 1656 1276 Quamobrem
1714 1210 1832 1265 sine

231 1301 524 1358 intellectu
557 1301 774 1358 Galatas
802 1315 916 1356 esse
945 1298 1200 1371 appellat,
1250 1297 1346 1372 qui
1371 1297 1537 1368 hujus
1566 1297 1644 1352 rei
1675 1299 1830 1370 gnari

230 1398 288 1448 et
315 1391 545 1460 conscii,
593 1389 948 1463 degradantes
977 1405 1056 1458 se,
1103 1386 1284 1446 carnis
1327 1403 1474 1444 cura;
1502 1403 1559 1442 se
1588 1386 1830 1459 subjece-

229 1489 382 1538 runt.

301 1570 486 1643 (Vers.
519 1568 600 1643 3.)
646 1593 665 1617 σ
691 1566 1024 1642 Incipientes
1067 1564 1287 1640 spiritu,
1318 1581 1470 1622 nunc
1497 1581 1659 1622 carne
1686 1582 1830 1624 con-

230 1659 587 1720 summamini
607 1659 635 1717 7
665 1684 684 1709 ›
724 1660 842 1716 Hoc
870 1657 1030 1727 dicit,
1061 1655 1191 1730 quia
1213 1673 1342 1714 cum
1372 1656 1441 1713 ab
1473 1655 1831 1712 inferioribus

230 1749 298 1807 ad
326 1766 544 1808 summa
565 1748 698 1806 ﬁdei
720 1764 978 1805 ascensus
1008 1747 1101 1814 sit,
1124 1745 1183 1801 hi
1204 1752 1396 1808 contra
1426 1744 1495 1801 de
1521 1743 1751 1802 summis
1771 1745 1830 1801 in

1948 582 2028 632 est
2060 574 2189 648 quia
2218 573 2409 632 ﬁdeles
2437 592 2563 633 cum
2609 577 2759 635 ﬁdeli
2786 578 3213 649 benedicuntur,
3242 596 3352 655 quo
3379 581 3546 638 modo

1947 663 2199 720 inﬁdeles
2245 680 2372 721 cum
2404 663 2723 723 inﬁdelibus
2755 667 3084 742 puniuntur.
3137 671 3274 727 Nam
3305 672 3402 745 qui
3441 671 3545 729 sub

1948 759 2064 830 lege
2091 764 2284 830 agunt,
2339 757 2442 816 sub
2477 758 2768 817 maledicto
2803 771 2931 819 sunt
2961 779 2972 819 :
3023 762 3156 838 quia
3187 771 3548 837 transgresso-

1946 862 2033 904 res
2063 847 2198 920 legis
2226 855 2377 905 sunt.

2033 960 2052 984 ι
2091 938 2368 1011 Scriptum
2415 939 2617 1012 quippe
2669 946 2796 996 est:
2851 937 3174 1000 Maledictus
3225 943 3405 1001 omnis
3449 945 3545 1018 qui

1948 1043 2060 1084 non
2095 1027 2457 1101 permanserit
2512 1029 2570 1084 in
2601 1029 2884 1099 omnibus,
2931 1046 3052 1104 quae
3092 1031 3294 1104 scripta
3331 1042 3459 1091 sunt
3489 1034 3547 1091 in

1949 1117 2092 1174 libro
2139 1117 2296 1190 legis,
2348 1125 2410 1174 ut
2458 1119 2623 1176 faciat
2667 1134 2729 1175 ea
2777 1119 2957 1191 (Deut.
2990 1138 3168 1190 xxvn,
3201 1122 3319 1194 26.)
3357 1147 3376 1171 ι
3437 1124 3552 1182 Hoc

1941 1207 2210 1279 scriptum
2252 1215 2335 1264 est
2368 1206 2427 1263 in
2476 1209 2926 1279 Deuteronomio,
2976 1211 3107 1284 quia
3151 1211 3198 1267 si
3245 1212 3379 1285 quid
3419 1213 3553 1287 legis

1941 1295 2273 1370 praeterisset
2300 1296 2521 1371 aliquis,
2561 1297 2888 1355 maledictus
2929 1298 3245 1358 haberetur.
3291 1302 3365 1358 Et
3394 1309 3549 1360 tanta

1942 1387 2214 1443 mandata
2259 1394 2410 1456 sunt,
2439 1395 2501 1444 ut
2551 1388 2890 1462 impossibile
2920 1389 2992 1448 sit
3025 1391 3231 1448 servari
3261 1408 3342 1450 ea.
3392 1393 3549 1451 Unde

1940 1483 1995 1532 et
2041 1477 2234 1532 Petrus
2273 1478 2555 1549 apostolus
2607 1478 2665 1534 in
2720 1479 2956 1538 Actibus
3009 1483 3385 1554 apostolorum
3418 1482 3543 1538 ait:

1953 1590 1972 1614 ι
2002 1565 2149 1634 Quid
2178 1567 2468 1640 imponitis
2499 1567 2695 1641 jugum
2735 1569 3024 1640 fratribus,
3067 1571 3214 1645 quod
3242 1588 3420 1646 neque
3449 1589 3542 1646 pa-
3570 1604 3573 1607 -

1956 1663 2066 1713 tres
2097 1658 2295 1727 nostri,
2342 1674 2518 1731 neque
2561 1675 2661 1715 nos
2703 1661 2985 1732 potuimus
3026 1670 3245 1735 portare
3277 1662 3418 1731 (Act.
3450 1679 3547 1732 xv,

1948 1744 2040 1816 10)
2061 1745 2089 1801 ?
2114 1770 2133 1794 ›
2170 1745 2480 1819 Negligenti
2519 1747 2668 1803 enim
2699 1757 2753 1804 et
2782 1749 3018 1822 superbo
3047 1751 3252 1824 populo
3282 1749 3400 1809 haec
3425 1751 3552 1808 data

232 1840 343 1897 ima
363 1838 574 1912 delapsi
603 1843 753 1896 sunt.
802 1837 904 1893 Per
943 1835 1106 1892 ﬁdem
1136 1836 1282 1892 enim
1326 1833 1601 1906 spiritales
1630 1833 1829 1904 eﬁ‘ecti,
1867 1852 1912 1913 Β
1946 1842 2102 1891 erant
2146 1835 2288 1907 (59),
2339 1843 2402 1892 ut
2443 1852 2541 1909 per
2582 1853 2802 1895 omnem
2853 1840 3330 1898 conversationem
3374 1842 3547 1915 legem

229 1927 490 1987 conversi
543 1927 613 1984 ad
662 1927 861 1998 legem,
913 1924 1268 1998 perdiderant
1315 1923 1545 1997 gratiam
1602 1923 1840 1997 Spiritus

230 2034 402 2092 quam
434 2017 651 2074 fuerant
677 2013 998 2081 consecuti;
1030 2013 1434 2070 consummatio
1464 2011 1615 2069 enim
1657 2013 1836 2088 perdi-

229 2107 444 2165 tionem
479 2105 773 2180 signiﬁcat,
807 2104 867 2161 id
897 2110 979 2161 est
1002 2102 1189 2160 ﬁdem.

301 2197 492 2269 (Vers.
524 2195 578 2265 4,
609 2195 692 2268 5.)
739 2219 757 2241 ι
797 2194 970 2252 Tanta
1023 2191 1168 2266 passi
1220 2192 1353 2250 estis
1400 2191 1520 2250 sine
1567 2210 1750 2264 causa,
1788 2193 1836 2250 si

230 2295 414 2344 tamen
445 2286 566 2344 sine
603 2301 786 2342 causa.
819 2311 838 2334 ι
892 2285 1069 2342 Multa
1115 2301 1207 2342 eos
1240 2301 1428 2358 passos
1463 2301 1563 2359 pro
1600 2285 1709 2342 ﬁde
1750 2286 1838 2342 si—

231 2375 459 2450 gniﬁcat
492 2374 560 2433 ab
594 2373 912 2431 inﬁdelibus
941 2393 955 2442 ;
1007 2381 1144 2432 tunc
1181 2373 1330 2430 enim
1376 2373 1472 2447 qui
1513 2373 1832 2443 credebant,

230 2465 445 2525 caeteris
488 2463 784 2538 opprobrio
817 2471 994 2530 erant,
1041 2463 1159 2519 sive
1201 2461 1540 2533 domesticis,
1583 2462 1701 2521 sive
1728 2479 1837 2519 ex-

233 2555 438 2613 traneis
473 2571 485 2612 :
533 2570 660 2610 nam
704 2552 879 2626 digito
929 2551 1287 2624 signabantur
1333 2551 1490 2626 quasi
1537 2552 1617 2609 rei
1673 2551 1834 2624 maje-

233 2646 405 2704 statis.
441 2643 600 2703 Unde
627 2642 887 2701 similiter
915 2642 1117 2699 Galatae
1146 2642 1322 2698 multa
1347 2640 1493 2714 passi
1521 2649 1651 2699 sunt
1678 2641 1836 2699 insa-

234 2737 416 2794 niores
447 2735 682 2808 eXperti,
731 2732 890 2806 cujus
924 2733 1003 2789 rei
1032 2732 1292 2790 meritum
1326 2732 1680 2806 perdiderant
1710 2731 1834 2788 mit-

234 2832 408 2883 tentes
438 2841 498 2882 se
525 2824 626 2882 sub
656 2825 850 2897 legem.
899 2821 1005 2879 Sed
1049 2821 1178 2895 quia
1204 2821 1410 2894 adjecit
1442 2840 1454 2878 :
1513 2847 1531 2871 ι
1559 2822 1616 2878 Si
1647 2830 1834 2877 tamen

234 2916 352 2973 sine
396 2931 581 2983 causa,
624 2939 643 2962 ι
696 2912 939 2970 ostendit
984 2928 1201 2985 sperare
1246 2927 1302 2968 se
1348 2927 1507 2982 posse
1548 2909 1837 2966 reformari

236 3006 383 3064 illos.
430 3031 448 3054 ι
478 3005 583 3074 Qui
624 3021 754 3077 ergo
794 3001 1001 3076 praebet
1042 3001 1201 3056 vobis
1230 3000 1524 3073 Spiritum,
1573 3009 1628 3056 et
1653 3015 1837 3072 opera-

235 3104 326 3155 tur
357 3094 565 3154 virtute
595 3095 655 3151 in
682 3091 865 3160 vobis,
887 3108 957 3148 ex
985 3089 1244 3162 operibus
1273 3088 1428 3161 legis,
1451 3106 1521 3146 an
1551 3105 1622 3145 ex
1645 3088 1853 3154 auditu

1946 1922 2230 1982 haberent.

2019 2013 2205 2084 (Vers.
2242 2013 2355 2087 12.)
2417 2037 2436 2062 ε
2466 2013 2625 2082 Quod
2665 2025 2848 2072 autem
2897 2015 2955 2072 in
2996 2015 3114 2091 lege
3157 2033 3322 2076 nemo
3345 2017 3546 2093 justiﬁ-

1947 2110 2106 2160 catur
2132 2104 2279 2176 apud
2308 2105 2505 2172 Deum,
2551 2102 2904 2160 manifestum
2937 2113 3054 2173 est;
3106 2107 3236 2179 quia
3266 2107 3450 2181 justus
3477 2125 3547 2167 ex

1947 2191 2056 2250 ﬁde
2086 2193 2229 2250 vivit
2259 2194 2484 2266 (Habac.
2519 2210 2583 2263 ιι,
2614 2193 2695 2266 4).
2731 2217 2751 2244 ι
2808 2195 2889 2252 Ac
2912 2211 3010 2268 per
3039 2195 3147 2253 hoc
3176 2198 3544 2258 recedendum

1945 2297 1976 2338 a
2004 2282 2120 2355 lege
2151 2282 2331 2352 docet,
2354 2299 2422 2340 ne
2443 2282 2662 2356 justitia
2688 2299 2784 2356 per
2811 2283 2979 2341 ﬁdem
3007 2286 3237 2359 quaesita
3265 2288 3541 2362 depereat.

1956 2393 1976 2418 ι
2016 2372 2131 2428 Lex
2161 2379 2344 2429 autem
2379 2389 2491 2428 non
2533 2379 2617 2430 est
2658 2390 2729 2430 ex
2765 2373 2896 2444 ﬁde,
2943 2374 3039 2432 sed
3069 2374 3204 2450 quid
3235 2376 3426 2436 fecerit
3451 2394 3536 2446 ea,

1943 2460 2097 2519 vivet
2148 2461 2205 2519 in
2252 2463 2331 2520 eis
2382 2464 2599 2536 (Ezech.
2631 2480 2728 2534 xx,
2771 2464 2887 2537 21).
2929 2489 2949 2514 ι
2992 2469 3137 2529 220
3178 2467 3299 2524 Non
3346 2477 3429 2526 est
3477 2483 3547 2526 ex

1945 2557 2054 2615 ﬁde
2082 2560 2171 2616 lex
2191 2578 2204 2627 ;
2232 2561 2362 2632 quia
2382 2559 2527 2615 nihil
2554 2560 2781 2616 mandat
2799 2562 3155 2619 credendum.
3180 2563 3379 2620 Omnia
3397 2564 3546 2622 enim

1943 2647 2063 2721 ejus
2103 2650 2398 2704 manifesta
2436 2656 2589 2714 sunt,
2637 2656 2699 2704 ut
2745 2665 2970 2706 servans
3017 2651 3214 2723 legem,
3259 2651 3453 2710 vivat:
3501 2653 3550 2710 si

1943 2738 2264 2811 quominus,
2313 2752 2533 2792 necesse
2580 2745 2662 2793 est
2697 2737 3000 2809 plectatur;
3053 2738 3184 2810 quia
3211 2742 3358 2814 quod
3387 2742 3555 2800 scivit

1945 2825 2260 2893 vitandum,
2286 2823 2532 2880 admisit.
2563 2824 2749 2880 Potest
2777 2825 2983 2898 opponi
3004 2841 3033 2882 e
3053 2825 3297 2896 diverso,
3327 2835 3383 2886 et
3401 2828 3547 2888 dici:

1943 2913 2003 2972 Si
2032 2914 2091 2970 in
2122 2915 2240 2988 lege
2273 2929 2436 2971 nemo
2450 2911 2810 2984 justiﬁcatur,
2827 2914 2961 2988 quid
2985 2925 3066 2974 est
3085 2924 3148 2973 ut
3169 2917 3551 2990 maledicatur,

1947 3002 2042 3076 qui
2069 3002 2281 3076 aliquid
2327 3003 2570 3076 praeterit
2617 3003 2800 3077 legis?
2851 3004 3058 3063 Verum
3089 3013 3170 3064 est
3212 3009 3343 3083 quia
3387 3026 3550 3068 nemo

1945 3108 2041 3166 per
2069 3093 2241 3166 legem
2266 3091 2621 3164 justiﬁcatur,
2654 3093 2750 3151 sed
2778 3094 2924 3168 apud
2953 3096 3130 3153 Deum
3165 3114 3178 3154 :
3206 3096 3547 3170 justiﬁcatur

234 3187 415 3245 ﬁdei?
447 3211 464 3235 ι
509 3184 662 3241 Idem
689 3197 883 3278 sensus
901 3187 1004 3248 est,
1028 3178 1118 3236 cui
1145 3177 1426 3280 adduntur
1455 3179 1678 3238 virtutis
1706 3179 1835 3237 insi-
1867 3215 1917 3280 Ο
1946 3191 2127 3238 autem
2175 3180 2320 3254 apud
2362 3182 2652 3252 mundum,
2697 3190 2758 3239 ut
2793 3198 3018 3242 securus
3063 3184 3136 3242 sit
3163 3185 3222 3242 in
3253 3187 3370 3244 vita
3412 3203 3548 3261 pm.

233 3277 391 3351 gnia,
429 3290 550 3348 quae
570 3268 952 3328 testimonium
988 3268 1235 3342 praebent
1261 3267 1411 3338 ﬁdei,
1444 3269 1591 3344 quod
1620 3268 1692 3327 sit
1720 3287 1839 3343 spes

233 3366 353 3423 ﬁda
383 3370 440 3420 et
467 3359 832 3420 rationabilis.
882 3360 1081 3432 Legem
1116 3365 1297 3417 autem
1347 3358 1503 3416 nulla
1545 3359 1723 3416 virtus
1751 3376 1838 3416 co-

235 3456 493 3524 mitatur,
549 3470 670 3528 quas
720 3450 958 3509 attrahat
1005 3449 1074 3506 ad
1124 3449 1244 3523 ejus
1295 3467 1478 3524 spem;
1537 3451 1668 3524 quia
1717 3467 1839 3524 quae

233 3543 523 3612 videntur,
553 3559 666 3600 non
695 3547 1004 3614 sperantur,
1036 3539 1130 3598 sed
1157 3548 1288 3597 sunt
1317 3539 1660 3614 temporalia,
1696 3539 1839 3599 sicut

234 3634 327 3693 lex
353 3633 652 3700 factorum,
679 3646 843 3705 quam
873 3646 1036 3704 supra
1065 3629 1427 3688 ostendimus.

307 3724 495 3798 (Vera.
529 3722 610 3794 6.)
665 3746 684 3769 ι
713 3720 866 3779 Sicut
908 3721 1173 3793 scriptum
1206 3729 1288 3778 est
1321 3739 1333 3777 :
1386 3719 1635 3780 Credidit
1667 3720 1837 3781 Abra-

239 3813 362 3872 ham
392 3815 533 3881 Deo,
559 3818 614 3869 et
634 3811 966 3870 aestimatum
987 3819 1070 3867 est
1097 3812 1146 3867 ei
1167 3809 1237 3866 ad
1258 3809 1532 3882 justitiam
1563 3811 1719 3883 (Gen.
1739 3829 1836 3882 xv,

239 3904 314 3977 6).
348 3931 367 3952 ι
411 3901 670 3961 Ostendit
701 3901 954 3974 exemplo
981 3899 1239 3969 Abrahae,
1271 3901 1367 3974 qui
1397 3908 1551 3974 pater
1578 3900 1707 3959 ﬁdei
1734 3910 1835 3972 est,

234 3994 509 4068 justitiam
552 4009 664 4050 non
695 4009 764 4049 ex
807 3991 1066 4065 operibus
1115 3990 1252 4064 legis
1287 3991 1573 4064 imputari,
1623 3991 1718 4050 sed
1744 4009 1840 4065 per

239 4084 437 4152 ﬁdem;
503 4081 736 4142 credens
781 4081 931 4138 enim
971 4079 1308 4154 justiﬁcatus
1337 4088 1418 4137 est
1451 4098 1464 4137 :
1517 4098 1583 4138 ac
1609 4097 1706 4155 per
1734 4081 1840 4140 hoc

239 4175 398 4233 stulte
426 4181 491 4232 et
520 4172 829 4248 improvide
864 4171 969 4246 legi
1021 4188 1115 4230 eos
1147 4189 1204 4230 se
1223 4170 1542 4244 subjecisse,
1574 4189 1696 4247 quas
1727 4189 1838 4231 non

240 4267 303 4325 ad
326 4265 789 4341 justiﬁcationem
821 4264 949 4322 data
977 4272 1080 4322 est.

309 4361 501 4432 (Vers.
543 4359 622 4430 7.)
684 4380 704 4405 ι
753 4355 1097 4429 Cognoscitis
1145 4371 1272 4429 ergo
1315 4354 1443 4428 quia
1487 4355 1583 4429 qui
1625 4371 1694 4412 ex
1731 4354 1840 4412 ﬁde

241 4457 382 4518 sunt,
423 4447 496 4506 hi
525 4455 653 4504 sunt
683 4445 788 4502 ﬁlii
817 4443 1096 4501 Abrahae?
1126 4469 1144 4493 ›
1204 4443 1411 4500 Verum
1441 4453 1524 4502 est
1553 4439 1683 4516 quia
1710 4460 1840 4501 cre—

242 4539 420 4598 dentes
455 4537 566 4595 ﬁlii
594 4543 723 4594 sunt
750 4534 988 4592 Abraba
1012 4551 1026 4603 ;
1074 4533 1205 4608 quia
1233 4535 1280 4591 si
1324 4532 1604 4590 Abraham
1635 4549 1703 4590 ex
1732 4533 1839 4589 ﬁde

240 4627 576 4700 justiﬁcatus
603 4635 685 4685 est
712 4627 944 4701 primus,
969 4635 1239 4701 quotquot
1259 4633 1383 4700 post
1410 4625 1560 4682 hunc
1585 4624 1835 4692 credunt,

246 4719 338 4778 ﬁlii
363 4723 493 4796 ejus
521 4727 674 4789 sunt,
706 4719 822 4776 sive
845 4735 914 4776 ex
941 4718 1164 4786 Iudaeis,
1195 4717 1312 4775 sive
1338 4733 1406 4774 ex
1437 4715 1712 4791 gentibus.

312 4822 499 4893 (Vers.
533 4819 615 4892 8.)
663 4842 681 4866 ι
712 4817 1014 4875 Providens
1055 4826 1238 4874 autem
1287 4816 1568 4891 Scriptura
1607 4816 1736 4890 quia
1769 4831 1839 4872 ex

248 4909 343 4966 ﬁde
365 4907 641 4984 justiﬁcat
670 4912 855 4981 gentes
901 4909 1068 4976 Deus,
1117 4907 1510 4979 praenuntiavit
1553 4905 1832 4963 Abrahae:

247 4999 377 5067 Quia
394 4999 798 5058 benedicentur
819 4997 877 5054 in
898 5005 950 5054 te
970 5013 1160 5054 omnes
1183 5005 1366 5070 gentes
1398 4998 1552 5069 (Gen.
1588 5015 1688 5066 xu,
1718 4997 1826 5070 3).»

251 5088 354 5148 Hoc
378 5090 544 5158 dicit,
566 5089 695 5162 quia
725 5088 905 5144 forma
931 5094 1013 5142 est
1032 5085 1311 5144 Abraham
1337 5087 1587 5144 omnium
1617 5086 1838 5143 creden-

251 5178 400 5249 tium,
450 5185 520 5236 ut
547 5178 606 5237 hi
636 5176 914 5236 benedicti
943 5175 1001 5231 in
1026 5191 1090 5231 eo
1121 5175 1254 5242 sint,
1299 5175 1395 5250 qui
1425 5173 1694 5242 credunt;
1743 5192 1839 5232 se-

251 5277 471 5340 quentes
519 5268 667 5326 enim
714 5266 878 5325 ﬁdem
909 5264 1050 5339 ejus,
1099 5264 1392 5338 participes
1421 5263 1564 5321 ﬁunt
1599 5263 1839 5320 benedi-

251 5359 440 5418 ctionis
474 5359 741 5432 ejusdem.

321 5450 504 5520 (Vers.
531 5451 588 5519 9,
622 5449 736 5520 10.)
792 5470 810 5494 ι
845 5448 990 5520 Ergo
1027 5444 1122 5519 qui
1167 5460 1237 5501 ex
1266 5442 1372 5500 ﬁde
1419 5453 1568 5513 sunt,
1618 5442 1839 5501 benedi-

258 5548 468 5610 cuntur,
508 5556 578 5597 ex
604 5539 755 5596 ﬁdeli
785 5536 1090 5605 Abraham;
1127 5542 1396 5610 quotquot
1425 5537 1572 5593 enim
1603 5553 1671 5592 ex
1699 5550 1839 5609 ope-

327 5738 440 5812 (58)
481 5737 668 5800 Codex
698 5736 895 5808 Laud.,
924 5736 982 5794 in
1007 5736 1178 5794 altera
1209 5735 1538 5809 baptismate.

1949 3271 2113 3328 senti.
2145 3271 2203 3328 Si
2235 3278 2418 3328 autem
2466 3271 2612 3345 apud
2640 3274 2815 3330 Deum
2849 3272 3145 3346 justiﬁcari
3175 3276 3318 3342 vult,
3367 3283 3430 3334 ut
3457 3275 3546 3334 illi

1949 3360 2018 3416 ad
2046 3360 2307 3418 meritum
2351 3360 2602 3432 proﬁciat
2648 3359 2706 3417 in
2751 3361 2843 3418 die
2878 3361 3102 3434 judicii,
3153 3365 3256 3421 Dei
3289 3372 3550 3438 sequatur

1949 3449 2142 3519 ﬁdem;
2195 3451 2445 3524 alioquin
2488 3450 2582 3509 hic
2608 3467 2851 3521 securus,
2885 3467 3011 3510 reus
3038 3454 3145 3511 erit
3171 3453 3229 3510 in
3273 3455 3546 3514 futurum.

1947 3539 2175 3598 Prodest
2221 3556 2350 3614 ergo
2392 3541 2504 3610 lex,
2557 3539 2655 3597 sed
2695 3556 2817 3614 quae
2853 3540 2913 3598 in
2954 3540 3158 3600 tabulis
3190 3543 3396 3617 scripta
3425 3551 3544 3614 est;

1947 3645 2075 3686 nam
2127 3638 2346 3698 caetera,
2401 3631 2549 3688 sicut
2602 3629 2768 3699 dixit,
2822 3637 2885 3686 ut
2940 3631 3096 3689 oneri
3147 3640 3328 3691 essent
3349 3675 3368 3704 ,
3419 3633 3548 3692 data

1948 3727 2097 3777 sunt.

2019 3809 2203 3881 (Vers.
2235 3806 2348 3882 13.)
2397 3831 2416 3856 ι
2445 3806 2698 3867 Christus
2723 3822 2824 3864 nos
2869 3807 3104 3866 redemit
3144 3809 3212 3868 de
3250 3809 3546 3870 maledicto

1949 3898 2107 3972 legis,
2127 3899 2308 3957 factus
2327 3915 2427 3972 pro
2448 3897 2608 3955 nobis
2628 3897 3005 3957 maledictum.
3027 3922 3046 3947 ι
3081 3899 3356 3968 Quoniam
3385 3917 3547 3958 nemo

1948 3996 2161 4061 poterat
2200 3988 2431 4061 implere
2480 3988 2673 4061 legem,
2723 3987 2803 4044 rei
2832 3995 2988 4045 erant
3017 4003 3210 4044 omnes
3254 3987 3547 4044 maledicto

1949 4077 2105 4150 legis,
2152 4082 2214 4133 ut
2246 4075 2556 4134 vindicaret
2599 4075 2658 4132 in
2685 4093 2778 4134 eos
2809 4093 2822 4132 :
2872 4075 3128 4135 Christus
3167 4082 3349 4131 autem
3379 4073 3548 4129 homo

1948 4172 2130 4234 natus,
2184 4164 2404 4222 oblatus
2449 4182 2482 4220 a
2523 4165 2682 4222 Patre
2728 4180 2828 4236 pro
2874 4163 3057 4229 nobis,
3107 4159 3341 4217 redemit
3388 4176 3488 4218 nos
3516 4177 3549 4218 a

1947 4253 2189 4310 diabolo.
2240 4254 2408 4312 Morti
2452 4253 2600 4309 enim
2649 4253 2931 4308 volentem
2973 4248 3209 4305 offerens
3249 4247 3410 4306 illum
3448 4267 3547 4326 pro

1948 4343 2017 4400 iis
2047 4344 2144 4417 qui
2174 4342 2470 4400 maledicto
2519 4339 2654 4413 legis
2690 4346 2847 4397 erant
2884 4338 3138 4408 obnoxii,
3188 4340 3545 4401 maledictum

1950 4433 2110 4490 illum
2139 4433 2271 4492 fecit
2323 4433 2430 4490 hoc
2456 4431 2642 4501 modo,
2692 4432 2836 4490 sicut
2861 4432 2922 4491 in
2951 4434 3068 4508 lege
3095 4433 3276 4492 hostia
3301 4452 3401 4509 pro
3426 4451 3547 4510 pec-

1947 4524 2086 4582 catis
2145 4523 2329 4581 oblata
2377 4528 2663 4598 peccatum
2717 4523 3139 4598 nuncupabatur
3190 4542 3202 4582 :
3261 4531 3547 4599 propterea

1947 4629 2046 4688 pro
2075 4613 2385 4671 maledictis
2413 4612 2650 4684 oblatus,
2679 4613 2856 4673 factus
2884 4623 2966 4674 est
2989 4615 3342 4673 maledictum
3367 4635 3381 4684 ;
3417 4633 3544 4673 nam

1947 4711 2001 4762 et
2047 4701 2254 4761 Iudaeis
2303 4703 2480 4760 factus
2521 4713 2603 4762 est
2648 4704 3026 4773 maledictum,
3077 4705 3210 4762 dum
3240 4705 3396 4780 quasi
3424 4722 3546 4781 pec-

1947 4801 2099 4851 cator
2128 4791 2420 4850 occiditur.
2470 4791 2598 4849 Ideo
2627 4809 2741 4849 non
2769 4792 2916 4850 dixit
2950 4810 2963 4849 :
3017 4794 3216 4851 Factus
3252 4812 3352 4869 pro
3382 4796 3544 4865 nobis

1949 4881 2296 4951 maledictus,
2347 4879 2442 4938 sed
2484 4882 2871 4951 maledictum;
2927 4882 2977 4940 is
3010 4883 3159 4941 enim
3190 4885 3286 4959 qui
3323 4895 3544 4960 propter

1947 4985 2231 5051 peccatum
2279 4975 2564 5050 proprium
2612 4975 2777 5032 morti
2823 4975 3172 5046 offerebatur,
3219 4975 3543 5037 maledictus

1947 5067 2130 5136 ﬁebat,
2178 5066 2238 5124 in
2283 5083 2381 5124 sua
2421 5066 2552 5123 enin
2593 5082 2755 5123 causa
2804 5065 3160 5124 moriebatur.
3210 5066 3282 5122 Et
3326 5067 3373 5123 si
3419 5084 3539 5139 pro-

1948 5157 2070 5230 pius
2098 5157 2348 5232 aspicias,
2397 5155 2612 5214 videbis
2641 5155 2924 5214 Christum
2953 5155 3310 5213 maledictum
3348 5171 3538 5211 eorum

1949 5249 2176 5315 factum,
2207 5265 2240 5305 a
2266 5246 2468 5322 quibus
2513 5247 2727 5304 occisus
2755 5253 2874 5314 est;
2921 5261 3061 5304 crux
3091 5244 3392 5304 Salvatoris
3420 5258 3538 5315 pec-

1946 5347 2130 5401 catum
2159 5345 2216 5395 et
2257 5336 2616 5396 maledictum
2659 5343 2742 5392 est
2783 5335 3121 5394 Judaaorum.
3168 5359 3187 5383 ι
3224 5334 3365 5404 Quia
3391 5329 3539 5388 scri-

1946 5437 2102 5502 ptum
2140 5434 2265 5485 est:
2314 5425 2637 5486 Maledictus
2665 5424 2848 5482 omnis
2891 5425 2988 5498 qui
3033 5423 3234 5498 pendet
3279 5421 3339 5476 in
3385 5417 3536 5492 ligno

1950 5519 2128 5593 (Deut.
2158 5538 2278 5590 XXI,
2309 5522 2426 5595 23).
2467 5547 2484 5570 ι
2535 5522 2652 5578 Hoc
2692 5519 2907 5592 Moyses
2937 5517 3084 5575 dixit
3119 5515 3179 5571 in
3205 5515 3538 5570 Deuterono-

2018 5726 2133 5801 (59)
2174 5723 2322 5783 Idem
2351 5726 2526 5784 codex
2546 5721 2744 5790 Laud.,
2766 5719 2966 5794 populo
2995 5715 3100 5771 lucc
3121 5713 3262 5772 dicta
3285 5721 3458 5772 erant.
