4090 6182
462 343 572 402 375

1477 338 1574 394 AD
1613 334 1849 393 OPERA
1884 335 1942 392 S.
1977 333 2312 396 AMBROSII
2348 331 2732 390 APPENDIX.

3665 331 3772 388 376

466 480 580 538 mio
609 476 678 536 de
706 477 813 536 reis
842 477 1067 546 mortis;
1118 482 1180 533 ut
1207 474 1478 534 suﬂiceret
1513 473 1792 546 suspensis
1823 471 1883 529 in
1912 472 2062 546 ligno
2089 474 2140 535 A
2242 471 2422 544 (Vers.
2457 471 2571 543 17.)
2617 494 2636 517 ι
2671 469 2786 527 Hoc
2813 435 2995 526 autem
3021 465 3169 536 dico,
3199 464 3615 524 Testamentum
3642 486 3773 526 con-

467 571 585 629 illic
609 585 725 628 esse
753 585 926 642 usque
954 567 1024 624 ad
1055 582 1355 639 vesperam,
1407 573 1460 620 et
1487 563 1688 636 deponi
1733 562 1792 618 in
1821 564 2062 635 sepultu-

463 677 600 719 ram.
634 657 796 728 Quia,
864 683 882 705 ι
919 655 1261 723 Maledictus,
1313 654 1515 727 inquit,
1559 653 1652 726 qui
1682 652 1882 725 pendet
1910 652 1968 708 in
1998 652 2062 708 li-

464 765 610 822 gno;
651 773 670 797 -
727 756 789 804 ut
818 763 910 803 reo
951 745 1147 803 mortis
1186 742 1459 799 suﬂiceret
1506 742 1632 811 hoc,
1681 743 1809 816 quia
1837 758 2060 815 suspen-

463 855 556 896 sus
586 837 924 896 moriebatur
957 835 1016 890 in
1060 835 1244 905 ligno;
1306 849 1376 890 ne
1421 831 1633 888 diutius
1661 832 1707 888 si
1749 841 1890 888 esset
1932 848 2062 888 sus-

463 946 684 1002 pensus,
708 927 885 998 majus
915 923 1141 980 haberet
1167 923 1525 997 opprobrium
1555 938 1703 978 mors
1723 920 1864 994 ejus,
1896 939 2062 996 quam

461 1018 726 1074 deberet:
782 1024 832 1070 et
865 1015 1021 1071 ﬁeret
1065 1014 1282 1070 macula
1329 1010 1511 1084 generi
1542 1010 1680 1083 ejus,
1730 1010 1776 1066 si
1824 1010 2062 1082 amplius

461 1121 609 1160 mors
638 1101 756 1175 ejus
793 1101 1185 1175 publicaretur.
1235 1101 1315 1158 Ac
1345 1116 1438 1171 per
1471 1099 1575 1155 hoc
1617 1098 1867 1154 Salvator
1903 1098 2059 1153 inno.

459 1209 589 1249 cens
627 1207 926 1265 suspensus
967 1189 1025 1245 in
1069 1191 1241 1263 ligno,
1290 1204 1403 1245 non
1448 1196 1530 1245 est
1569 1187 1917 1254 maledictus,
1966 1186 2060 1243 sed

460 1279 814 1338 maledictum
846 1280 1092 1347 illorum,
1131 1295 1162 1334 a
1192 1277 1391 1352 quibus
1421 1295 1714 1351 suspensus
1747 1285 1847 1334 est.
1877 1278 2061 1344 Quan-

462 1380 580 1428 tum
631 1377 818 1426 tamen
863 1367 932 1424 ad
972 1367 1189 1424 Judaeos
1235 1368 1492 1441 pertinet,
1525 1365 1678 1439 quasi
1720 1374 2058 1439 peccatorem

458 1461 620 1519 illum
675 1457 1042 1516 occidendum
1096 1457 1270 1513 Pilato
1329 1456 1647 1523 offerentes,
1705 1455 2058 1512 maledictum

459 1549 619 1606 illum
651 1548 922 1616 fecerunt,
949 1554 1010 1603 ut
1034 1546 1190 1620 quasi
1219 1561 1345 1602 reus
1371 1545 1734 1613 occideretur,
1765 1561 1889 1601 cum
1919 1554 2059 1603 esset

460 1638 745 1704 innocens,
798 1635 927 1708 quia
970 1633 1170 1708 dignus
1214 1641 1390 1690 morte
1424 1632 1748 1689 maledictus
1794 1639 1877 1688 est
1897 1631 2064 1704 juxta

461 1729 656 1800 legem.
721 1724 984 1782 Videntes
1037 1723 1186 1780 enim
1233 1723 1436 1778 multos
1475 1721 1751 1796 aggregari
1796 1723 2060 1780 doctrinae

2171 561 2447 618 ﬁrmatum
2478 579 2509 617 a
2537 563 2648 617 Deo
2679 560 2737 616 in
2767 558 3011 625 Christo,
3042 574 3164 632 quae
3196 563 3318 629 post
3339 556 3774 630 quadringentos

2169 658 2224 708 et
2252 651 2479 724 triginta
2506 665 2679 706 annos
2707 649 2848 706 facta
2878 655 2960 704 est
2996 652 3136 710 221
3186 646 3300 715 lex,
3350 662 3464 702 non
3492 645 3776 704 inﬁrmata

2170 747 2239 803 ad
2267 747 2638 804 evacuandam
2661 747 3080 820 promissionem
3104 744 3246 817 (62).
3273 769 3291 794 ι
3325 745 3388 800 In
3410 745 3528 801 solo
3549 745 3773 803 Christo

2170 837 2443 894 ﬁrmatam
2507 835 2907 892 benedictionis
2978 833 3402 908 promissionem
3464 833 3642 902 docet,
3708 841 3775 891 ut

2173 930 2343 1000 legem
2392 933 2514 999 post
2543 924 2973 998 quadringentos
3015 930 3070 978 et
3115 922 3348 996 triginta
3379 937 3556 979 annos
3585 922 3769 978 datam

2169 1015 2457 1082 ostendat;
2499 1013 2800 1071 constituta
2838 1012 2986 1068 enim
3017 1012 3382 1084 promissione
3425 1021 3616 1084 postea
3643 1011 3774 1068 data

2169 1117 2250 1164 est
2283 1109 2393 1175 lex,
2423 1122 2544 1177 quae
2593 1120 2704 1160 non
2735 1104 2927 1177 utique
2973 1102 3281 1159 inﬁrmaret
3319 1101 3768 1174 promissionem,

2167 1196 2263 1254 sed
2292 1194 2440 1269 quod
2467 1194 2678 1263 futura,
2701 1201 2757 1250 et
2785 1193 3006 1266 quando
3038 1200 3274 1249 ventura
3301 1198 3462 1260 esset,
3495 1191 3769 1264 signiﬁca-

2168 1295 2271 1344 ret.

2253 1397 2271 1422 ι
2312 1374 2371 1430 Si
2415 1372 2564 1431 enim
2611 1389 2680 1428 ex
2730 1373 2846 1445 lege
2892 1371 3206 1440 haereditas,
3241 1371 3357 1443 jam
3386 1387 3498 1427 non
3551 1387 3620 1426 ex
3646 1387 3771 1443 pro-

2169 1465 2431 1521 missione
2465 1480 2476 1518 :
2528 1461 2765 1518 Abrahae
2805 1469 2988 1517 autem
3020 1477 3116 1533 per
3152 1459 3632 1532 repromissionem
3674 1459 3773 1516 do-

2169 1551 2326 1608 navit
2353 1553 2520 1608 Deus.
2551 1573 2569 1598 ι
2611 1551 2760 1607 Duas
2783 1565 2973 1606 causas
2999 1549 3106 1606 sibi
3135 1548 3436 1606 contrarias
3465 1547 3774 1605 defendunt

2172 1640 2288 1713 (63)
2313 1639 2518 1708 Judaei;
2553 1639 2710 1695 nullo
2738 1637 2888 1695 enim
2915 1644 3096 1710 pacto,
3128 1638 3284 1693 nulla
3312 1636 3523 1693 ratione
3550 1636 3770 1693 suaderi

2169 1736 2348 1802 potest
2375 1728 2580 1785 Judaeis
2609 1727 3294 1801 Abrahae-promissionem
3323 1733 3640 1784 evacuatam
3669 1743 3772 1799 per

460 1816 598 1888 ejus,
655 1813 814 1870 zelati
863 1820 994 1869 sunt
1029 1810 1320 1869 dicentes:
1385 1832 1404 1858 ι
1443 1812 1583 1868 Ecce
1631 1818 1779 1867 totus
1820 1811 2061 1868 mundus
2089 1830 2135 1891 B
2172 1821 2365 1891 legem,
2414 1827 2468 1875 et
2515 1827 2660 1876 recte
2702 1835 2714 1874 ε
2763 1817 2859 1875 sed
2905 1817 3057 1875 aliud
3112 1818 3406 1875 adversum
3457 1816 3774 1889 improvida,

459 1905 596 1964 abiit
633 1912 755 1978 post
803 1903 961 1958 illum
1009 1901 1192 1974 (Joan.
1227 1919 1331 1970 xu,
1363 1900 1475 1973 19),
1512 1926 1528 1947 ι
1588 1917 1648 1959 ac
1679 1917 1775 1974 per
1816 1901 1923 1959 hoc
1963 1920 2060 1976 pro

461 1993 621 2053 nobis
651 1992 866 2051 occisus
895 1992 1121 2059 dicitur,
1155 1999 1208 2049 et
1255 1989 1464 2063 duplici
1495 2006 1689 2062 genere
1736 2008 1835 2064 pro
1864 1991 2057 2060 nobis;

460 2102 586 2144 cum
617 2084 767 2141 enim
798 2089 994 2156 putant
1043 2081 1204 2137 illum
1246 2079 1425 2137 occidi
1469 2079 1686 2149 debere,
1719 2097 1786 2137 ne
1815 2081 2055 2150 doceret,

462 2174 604 2232 nihil
637 2173 1023 2247 profecerunt;
1075 2171 1206 2244 quia
1234 2177 1288 2226 et
1337 2169 1590 2227 doctrina
1619 2175 1735 2242 ejus
1778 2170 1973 2239 crevit,
2004 2176 2059 2225 et

461 2272 691 2322 mortem
722 2261 1011 2318 evacuavit
1034 2259 1090 2315 in
1112 2259 1364 2331 passione
1389 2275 1505 2316 sua.
1531 2259 1879 2316 Descendens
1906 2259 2056 2315 enim

460 2353 530 2410 ad
560 2353 785 2421 inferos,
817 2367 987 2424 genus
1020 2348 1314 2416 hominum
1345 2347 1634 2416 liberavit;
1686 2365 1794 2422 qua
1822 2365 1986 2406 causa
2005 2357 2061 2406 et

462 2441 643 2499 occidi
671 2456 728 2499 se
763 2438 1036 2514 permisit,
1085 2437 1265 2496 sciens
1301 2453 1400 2511 pro
1429 2437 1590 2494 nobis
1618 2455 1753 2507 esse,
1786 2447 1840 2495 et
1871 2447 2061 2496 contra

461 2531 767 2589 diabolum.

535 2621 716 2694 (Vers.
757 2618 868 2689 14.)
916 2643 932 2664 ι
973 2617 1045 2675 Ut
1071 2616 1131 2673 in
1179 2615 1433 2689 gentibus
1479 2615 1790 2673 benedictio
1821 2617 2060 2674 Abrahae

461 2712 616 2769 ﬁeret
644 2727 740 2785 per
787 2708 1068 2768 Christum
1097 2707 1283 2763 Iesum
1319 2723 1330 2761 :
1382 2712 1437 2762 et
1465 2705 1905 2763 benedictionem
1942 2706 2058 2780 Spi-

460 2801 600 2858 ritus
647 2798 983 2872 accipiamus
1015 2797 1132 2870 (60)
1184 2812 1278 2868 per
1320 2795 1506 2852 ﬁdem.
1542 2821 1559 2844 ι
1602 2796 1718 2852 Hoc
1745 2795 1903 2866 dicit,
1931 2797 2060 2870 quia

461 2889 808 2963 exprobratis
836 2897 891 2945 et
919 2887 1226 2945 maledictis
1251 2886 1475 2955 Iudaeis,
1507 2903 1632 2944 cum
1655 2885 1762 2942 sibi
1791 2886 1858 2942 de
1881 2885 2059 2960 justi-

460 2980 538 3035 tia
568 2979 704 3050 legis
746 2975 1152 3042 blandirentur,
1201 2973 1382 3031 occiso
1430 2973 1712 3030 Salvatore
1744 2974 1898 3046 quasi
1929 2973 2058 3028 Sab-

463 3069 577 3126 bati
606 3066 875 3124 violatore
907 3066 1024 3138 (61)
1070 3063 1454 3138 promissionis
1482 3062 1794 3120 benedictio
1823 3062 2058 3119 Abrahre

465 3157 761 3216 transitum
804 3156 935 3214 fecit
969 3155 1038 3212 ad
1077 3162 1262 3228 gentes
1311 3170 1408 3227 per
1446 3153 1611 3210 ﬁdem
1662 3153 1868 3212 Christi
1908 3155 2055 3210 Jesu.

464 3249 619 3308 Unde
667 3247 804 3306 dicit
850 3245 1120 3304 Dominus
1169 3244 1419 3301 Iudaeis:
1487 3269 1506 3291 ι
1536 3244 1783 3301 Tolletur
1831 3260 1862 3299 a
1899 3243 2058 3300 vobis

465 3355 693 3414 regnum
723 3337 843 3407 Dei,
888 3345 941 3394 et
975 3336 1198 3395 dabitur
1239 3334 1389 3408 genti
1433 3333 1657 3392 facienti
1703 3335 1915 3393 fructus
1943 3333 2062 3406 ejus

467 3429 680 3502 (Matth.
715 3446 835 3498 xxi,
867 3427 983 3501 43).
1017 3453 1036 3478 ι

538 3521 715 3592 (Vers.
751 3521 863 3592 15.)
910 3545 928 3568 ε
958 3521 1193 3588 Fratres,
1225 3517 1528 3576 secundum
1551 3516 1832 3574 hominem
1862 3514 2006 3571 dico.
2028 3540 2046 3563 ι

466 3611 583 3667 Hoc
611 3610 769 3675 dicit,
809 3610 938 3683 quia
983 3609 1237 3681 exemplo
1280 3609 1535 3664 humanae
1566 3623 1742 3664 causae
1786 3621 2062 3663 commen-

467 3699 596 3756 dare
624 3699 747 3754 vult
775 3698 1044 3753 rationem
1077 3697 1284 3753 divinae
1312 3695 1712 3770 promissionis.
1760 3721 1777 3742 ε
1809 3694 2061 3752 Hominis

468 3795 878 3856 testamentum,
927 3786 1316 3844 conﬁrmatum
1365 3794 1569 3854 tamen,
1630 3800 1791 3841 nemo
1840 3784 2060 3841 irritum

466 3878 620 3947 facit,
654 3885 749 3934 aut
779 3877 1182 3950 superordinat.
1215 3901 1232 3925 ι
1268 3877 1476 3934 Verum
1507 3881 1589 3931 est
1616 3874 1745 3948 quia
1773 3882 2061 3932 testamen-

465 3975 586 4026 tum
614 3966 862 4024 defuncti
885 3965 1010 4038 jure
1039 3965 1243 4022 factum
1273 3981 1386 4020 non
1417 3971 1593 4036 potest
1621 3963 1821 4022 scindi.

542 4067 724 4140 (Vers.
759 4065 871 4137 16.)
939 4089 958 4113 ι
993 4062 1230 4120 Abrahae
1276 4063 1436 4120 dictae
1484 4071 1614 4118 sunt
1647 4062 2037 4134 promissiones
2060 4103 2075 4129 ,

471 4165 525 4213 et
549 4153 748 4213 semini
777 4153 915 4227 ejus.
963 4153 1085 4210 Non
1115 4151 1254 4210 dicit
1287 4170 1298 4207 :
1348 4151 1420 4207 Et
1448 4150 1772 4220 seminibus,
1818 4151 1973 4224 quasi
2003 4152 2060 4207 in

469 4245 695 4311 multis;
729 4244 822 4300 sed
854 4242 1009 4317 quasi
1039 4241 1100 4298 in
1133 4258 1245 4298 uno
1281 4257 1291 4295 :
1325 4241 1399 4296 Et
1427 4238 1626 4296 semini
1657 4247 1772 4307 tuo,
1805 4239 1953 4312 quod
1982 4247 2063 4295 est

469 4333 740 4392 Christus.
782 4358 800 4380 ι
862 4334 978 4389 Hoc
1023 4341 1124 4402 est,
1170 4332 1318 4406 quod
1361 4331 1629 4404 scriptum
1658 4337 1741 4386 est
1769 4330 1827 4386 in
1864 4331 2059 4388 Genesi

467 4420 536 4477 ad
565 4421 840 4478 Abraham
869 4440 880 4477 :
930 4447 948 4469 ι
977 4422 1048 4477 Et
1075 4422 1135 4476 in
1163 4421 1372 4478 semine
1401 4430 1497 4478 tuo
1525 4420 1918 4477 benedicentur
1948 4437 2062 4476 om-

468 4527 565 4566 nes
595 4518 779 4582 gentes
807 4510 962 4581 (Gen.
995 4526 1136 4578 χχιι,
1172 4511 1284 4580 18).
1310 4535 1326 4558 ι
1363 4511 1519 4578 Quod
1548 4511 1739 4582 utique
1771 4509 2056 4582 impletum

467 4608 549 4656 est
578 4599 634 4655 in
664 4598 906 4668 Christo,
936 4600 996 4655 in
1033 4599 1192 4671 cujus
1220 4601 1445 4657 nomine
1473 4618 1662 4658 omnes
1691 4610 1876 4675 gentes
1898 4603 2058 4660 bene-

465 4688 726 4746 dicentur
753 4705 849 4761 per
877 4689 1064 4746 ﬁdem.
1096 4688 1224 4746 Ideo
1255 4705 1366 4746 non
1396 4689 1455 4746 in
1480 4691 1692 4760 multis,
1739 4691 1833 4749 sed
1863 4692 1921 4748 in
1948 4709 2060 4749 uno

468 4779 683 4836 ﬁrmata
712 4788 793 4836 est
821 4781 1135 4853 promissio,
1179 4781 1273 4855 qui
1302 4788 1384 4838 est
1413 4780 1684 4840 Christus.
1734 4783 1847 4840 Hac
1875 4783 2059 4856 dispu-

466 4869 675 4926 tatione
702 4886 801 4926 sua
828 4871 1125 4942 Apostolus
1157 4872 1316 4944 quasi
1367 4889 1489 4929 reos
1536 4873 1719 4930 falsati
1749 4873 2059 4930 testamenti

465 4958 736 5031 designat,
769 4959 863 5032 qui
909 4959 1194 5016 credentes
1222 4960 1279 5015 in
1309 4959 1614 5030 Christum,
1655 4960 1820 5017 etiam
1847 4962 1915 5019 de
1943 4961 2060 5034 lege

464 5047 675 5121 aliquid
721 5055 980 5120 sperant;
1029 5054 1089 5104 ut
1123 5064 1234 5103 non
1273 5049 1452 5104 solum
1495 5049 1641 5104 salus
1686 5049 1952 5120 promissa
1997 5051 2057 5107 in

464 5137 706 5207 Christo,
734 5137 829 5195 sed
850 5145 903 5194 et
924 5137 983 5193 in
1011 5138 1127 5209 lege
1151 5138 1243 5194 sit.
1267 5137 1395 5194 ldeo
1425 5138 1616 5210 prohat
1637 5139 2054 5212 promissionem

461 5226 866 5285 benedictionis
899 5227 956 5282 in
978 5226 1097 5282 solo
1124 5225 1342 5285 Christo
1372 5225 1592 5284 factam.

534 5339 648 5413 (60)
688 5341 847 5398 Rom.
879 5336 1038 5404 edit.,
1086 5343 1133 5392 et
1164 5337 1563 5408 promissionem
1600 5338 1832 5410 Spiritus
1861 5340 2055 5412 accipe-

691 5482 817 5539 Vet.
860 5479 995 5538 edit.
1039 5496 1168 5538 cum
1215 5495 1344 5536 mss.
1389 5478 1618 5554 aliquot,
1654 5481 1811 5552 quasi
1841 5481 2055 5539 sabbati

458 5556 647 5609 violati
669 5572 778 5610 reo.

468 5693 477 5701 ,
533 5624 652 5701 (62)
695 5626 852 5701 Ιζοιιι.
885 5624 1042 5693 edit.,
1074 5625 1185 5682 Leu:
1212 5640 1331 5695 qua:
1353 5628 1585 5701 post”...
1625 5623 1755 5680 data
1799 5629 1894 5692 est,
1947 5641 2053 5678 non

459 5694 675 5748 irritum
702 5694 852 5764 facit,
887 5703 943 5752 ut
973 5702 1181 5752 evacuet
1200 5694 1625 5768 pro-missionem.

2092 4556 2140 4614 D

2169 1908 2597 1982 praesumptione
2646 1907 2969 1976 defendunt,
3019 1915 3274 1980 putantes
3311 1905 3768 1979 justiﬁcationein

2169 1999 2288 2056 sine
2317 2014 2480 2070 opere
2509 1997 2643 2071 legis
2681 1997 2971 2070 provenire
3002 2014 3115 2053 non
3160 2012 3353 2070 posse;
3413 2013 3540 2053 cum
3588 1997 3771 2052 sciant

2169 2088 2469 2158 Abraham,
2520 2088 2614 2162 qui
2663 2089 2841 2145 forma
2885 2087 3003 2159 ejus
3051 2087 3130 2144 rei
3181 2097 3282 2157 est,
3338 2087 3459 2144 sine
3508 2086 3771 2160 operibus

2171 2178 2304 2252 legis
2331 2194 2426 2251 per
2453 2179 2626 2235 solam
2655 2177 2820 2234 ﬁdem
2839 2178 3235 2251 justiﬁcatum.
3278 2177 3384 2235 Sed
3411 2175 3771 2235 aemulatione

2169 2267 2403 2340 quadam
2455 2267 2641 2325 caecati
2692 2268 2834 2340 (64),
2889 2284 2999 2324 non
3042 2266 3381 2340 intelligunt,
3431 2282 3606 2340 neque
3634 2281 3770 2322 con-

2168 2357 2412 2414 siderant
2454 2355 2583 2430 quia
2625 2356 2671 2412 si
2704 2374 2800 2430 per
2849 2359 3020 2430 legem
3055 2356 3406 2429 justiﬁcatio,
3448 2354 3774 2412 excluditur

2169 2445 2468 2519 promissio
2497 2463 2509 2502 :
2557 2452 2612 2502 et
2640 2447 2687 2502 si
2713 2447 2937 2502 exclusa
2971 2447 3138 2502 fuerit
3166 2445 3476 2519 promissio,
3509 2445 3626 2501 sine
3650 2443 3775 2501 du-

2169 2537 2261 2593 bio
2304 2535 2658 2592 frustrabitur
2695 2534 2832 2590 ﬁdes
2869 2533 3104 2591 Abrahae
3135 2534 3284 2608 quod
3330 2551 3398 2591 ne
3426 2533 3616 2590 audire
3644 2533 3774 2607 qui-

2168 2624 2293 2682 dem
2320 2641 2376 2682 se
2405 2624 2721 2698 patiuntur,
2749 2623 2944 2692 Judaei,
3001 2626 3233 2681 scientes
3291 2623 3421 2696 quia
3471 2621 3769 2696 promissio

2168 2734 2239 2774 ex
2266 2717 2374 2774 ﬁde
2403 2723 2485 2773 est
2513 2715 2771 2774 Abrahze.
2807 2716 2937 2784 Quae
2968 2712 3259 2787 promissio
3289 2730 3386 2786 per
3415 2714 3579 2771 ﬁdem
3601 2711 3770 2785 justi-

2169 2806 2316 2874 ﬁcat,
2342 2822 2454 2862 non
2480 2821 2577 2879 per
2615 2807 2823 2878 legem;
2865 2805 3006 2860 sicut
3037 2812 3092 2860 et
3120 2802 3401 2860 Abraham
3425 2802 3772 2875 justiﬁcatus

2168 2911 2238 2951 ex
2284 2894 2392 2952 ﬁde
2433 2903 2532 2953 est.
2593 2896 2663 2951 Hi
2712 2912 2838 2967 ergo
2889 2893 3129 2951 hasredes
3183 2901 3312 2949 sunt
3372 2893 3773 2965 promissionis

2167 2983 2425 3054 Abrahae,
2471 2984 2567 3058 qui
2600 2984 2684 3040 illi
2728 2983 3046 3052 succedunt,
3081 2981 3439 3055 suscipientes
3486 2982 3654 3038 ﬁdem
3707 2983 3773 3038 in

2168 3093 2276 3151 qua
2303 3077 2627 3134 benedictus
2658 3085 2712 3134 et
2738 3076 3075 3148 justiticatus
3116 3082 3199 3131 est
3234 3073 3532 3130 Abraham.
3574 3073 3772 3130 Testi-

2093 3195 2137 3255 ρ
2171 3167 2420 3223 monium
2473 3183 2600 3240 ergo
2653 3165 3033 3239 promissionis
3088 3163 3321 3220 Abrahae
3368 3169 3766 3220 testamentum

2171 3257 2496 3329 appellatur,
2554 3265 2618 3313 ut
2662 3263 2783 3328 post
2829 3264 3062 3312 mortem
3115 3253 3234 3326 ejus
3289 3251 3532 3309 haeredes
3583 3261 3769 3310 essent

2171 3346 2228 3402 in
2287 3347 2670 3419 promissione,
2719 3345 2824 3401 ﬁlii
2879 3344 2997 3416 ejus
3056 3343 3188 3400 facti
3243 3359 3339 3416 per
3392 3342 3575 3399 ﬁdem.
3633 3342 3772 3409 Quae

2170 3451 2335 3492 causa
2370 3434 2616 3492 cucurrit
2661 3450 2834 3508 usque
2877 3435 2947 3490 ad
2987 3433 3270 3492 Christum
3308 3432 3542 3489 Abi-aha;
3583 3447 3771 3502 repro-

2173 3525 2424 3592 missum,
2455 3531 2517 3580 ut
2542 3532 2664 3596 post
2692 3533 2927 3580 mortem
2957 3523 3166 3582 Christi
3194 3522 3499 3590 credentes,
3524 3520 3771 3576 haeredes

2173 3619 2351 3669 essent
2409 3611 2539 3669 ﬁdei
2589 3613 2826 3669 Abrahae
2884 3629 2977 3686 per
3032 3620 3418 3670 testamentum
3483 3610 3772 3682 sanguinis

2174 3701 2406 3759 Christi.
2451 3704 2669 3759 Donum
2700 3717 2830 3774 ergo
2860 3701 3007 3774 quod
3038 3703 3368 3774 promissum
3397 3709 3478 3756 est
3507 3697 3767 3766 Abrahae,

2172 3791 2304 3847 ﬁliis
2337 3791 2456 3863 ejus
2483 3791 2544 3846 in
2582 3790 2802 3850 Christo
2849 3793 3093 3848 solutum
3122 3798 3239 3857 est;
3285 3788 3538 3864 quamvis
3568 3797 3622 3845 et
3650 3788 3772 3860 ipse

2171 3880 2451 3936 Abraham
2478 3888 2806 3938 consecutus
2831 3880 2906 3936 sit
2933 3880 3143 3937 donum
3164 3880 3270 3938 hoc
3288 3879 3424 3948 illic,
3457 3877 3552 3935 ubi
3574 3877 3770 3934 inven-

2173 3976 2261 4024 tus
2289 3976 2390 4024 est.

2247 4060 2427 4132 (Vers.
2460 4057 2570 4130 19.)
2617 4080 2636 4106 ι
2667 4057 2812 4126 Quid
2841 4075 2968 4132 ergo
2999 4060 3091 4116 lex
3123 4059 3240 4132 (65)
3287 4059 3556 4115 factorum
3584 4059 3772 4131 posita

2171 4158 2274 4218 est,
2319 4149 2494 4206 donec
2547 4148 2761 4206 veniret
2807 4165 2992 4207 semen
3039 4149 3130 4207 cui
3179 4148 3511 4221 promissum
3555 4149 3692 4205 est?
3735 4175 3755 4197 ι

2173 4240 2285 4295 Lex
2315 4238 2605 4307 factorum,
2655 4237 2715 4294 id
2759 4246 2840 4296 est
2882 4237 3084 4312 Moysi,
3121 4239 3302 4312 posita
3345 4247 3427 4295 est
3477 4237 3535 4294 in
3582 4238 3771 4295 medio

2172 4327 2316 4384 inter
2369 4335 2603 4400 coeptam
2657 4327 3080 4402 promissionem
3126 4337 3179 4386 et
3226 4344 3430 4396 semen,
3483 4327 3574 4384 cui
3621 4327 3770 4384 facta

2173 4416 2465 4488 promissio
2504 4424 2587 4475 est
2627 4418 2772 4474 inter
2821 4416 3099 4475 Abraham
3149 4426 3200 4475 et
3229 4419 3584 4476 Salvatorem.
3634 4416 3770 4476 Ideo

2173 4509 2331 4582 longe
2361 4508 2486 4565 data
2518 4517 2641 4582 post
2684 4509 2885 4566 factam
2933 4508 3373 4580 promissionem,
3421 4515 3484 4564 ut
3513 4507 3629 4580 ipsa
3653 4507 3772 4563 dis-

2172 4600 2440 4658 tinctione
2491 4600 2647 4657 aliud
2676 4601 2785 4670 lex,
2839 4608 2894 4657 et
2939 4599 3091 4656 aliud
3120 4599 3410 4672 promissio
3448 4598 3766 4666 videretur;

2171 4699 2233 4745 ut
2259 4691 2525 4764 populum
2555 4689 2656 4747 Dei
2685 4706 2717 4746 a
2746 4689 2998 4763 gentibus
3025 4697 3361 4763 segregatum
3391 4687 3632 4745 erudiret
3659 4687 3771 4744 sub

2170 4779 2268 4834 Dei
2303 4779 2527 4847 timore,
2575 4787 2636 4834 ut
2664 4777 2864 4852 dignus
2903 4778 3059 4834 ﬁeret
3096 4777 3165 4834 ad
3207 4777 3588 4851 excipiendam
3642 4793 3771 4849 pro-

2171 4865 2510 4937 missionem,
2543 4883 2663 4940 quas
2695 4875 2774 4925 est
2808 4866 3080 4926 Christus.
3119 4867 3234 4923 Lex
3278 4875 3460 4923 tamen
3491 4866 3768 4922 factorum

2169 4955 2292 5012 ideo
2320 4955 2544 5026 dicitur,
2577 4957 2709 5032 quia
2753 4957 2912 5016 docet
2953 4973 3094 5030 quae,
3136 4958 3250 5015 Deo
3274 4955 3522 5028 jubente,
3571 4970 3769 5027 corpo-

2167 5046 2355 5104 raliter
2381 5047 2517 5105 ﬁant
2546 5047 2614 5105 de
2645 5044 2949 5114 sacriﬁciis,
2995 5045 3061 5102 de
3091 5043 3491 5118 primogenitis,
3519 5043 3586 5100 de
3613 5043 3766 5100 deci-

2166 5138 2293 5207 mis,
2340 5145 2393 5194 et
2421 5137 2488 5195 de
2515 5135 2727 5194 caeteris
2759 5135 2982 5194 talibus.
3047 5159 3065 5182 ι
3099 5135 3372 5208 Disposita
3411 5151 3506 5208 per
3538 5133 3767 5206 angelos

2166 5229 2224 5286 in
2253 5246 2422 5287 manu
2460 5228 2797 5287 Mediatoris.
2828 5253 2846 5278 ο
2906 5229 3146 5300 Angelos
3184 5227 3320 5284 dicit
3366 5226 3465 5284 Dei
3508 5227 3762 5295 nuntios,

2237 5338 2352 5404 (63)
2394 5338 2553 5394 Rom.
2586 5335 2744 5402 edit.,
2779 5337 2898 5393 Duo
2926 5334 3026 5390 sibi
3053 5333 3332 5390 contraria
3360 5333 3662 5403 defendunt.

2263 5405 2353 5476 64)
2394 5407 2582 5466 Codex
2608 5407 2776 5476 Vall.,
2825 5407 2923 5464 Sed
2949 5407 3282 5462 (emutatione
3322 5406 3533 5476 quid-un
3558 5405 3764 5460 cwcati.

2263 5409 2330 5466 64
2394 5409 2582 5466 Codex
2608 5409 2776 5476 Vall.,
2825 5409 2923 5464 Sed
2949 5409 3282 5462 (emutatione
3322 5409 3533 5476 quid-un
3558 5409 3763 5460 cwcati.

2237 5409 2353 5552 (65;
2393 5480 2552 5536 Rom.
2584 5479 2741 5547 edit.,
2793 5478 2932 5546 Quid
2955 5494 3083 5552 ergo
3114 5479 3246 5534 lex?
3291 5478 3528 5552 Propter_
3566 5483 3763 5531 trans-

2159 5548 2444 5622 gressiones
2474 5552 2647 5622 posita.
2675 5557 2840 5605 θείη..
2870 5548 3121 5603 ordinata
3144 5565 3243 5621 per
3268 5548 3477 5621 angelos
3509 5549 3565 5602 in
3593 5564 3766 5602 manu

2162 5621 2485 5679 mediatoris.
2520 5622 2660 5691 Quid
2686 5639 2807 5693 ergo
2838 5621 2944 5689 tax,
2973 5627 3078 5676 etc.

2333 5339 2353 5552 ἓ
