4108 6184
277 381 391 440 377.
1327 367 1690 430 COMMENT.
1730 366 1804 425 IN
1839 363 2057 424 EPIST.
2100 363 2196 421 AD
2234 362 2496 420 GALAT.

276 506 328 565 id
355 513 452 574 est,
480 503 729 577 Moysen,
765 510 821 560 et
870 500 1057 559 Iesum
1103 496 1282 556 ﬁlium
1332 495 1481 554 Nave
1523 502 1578 553 et
1623 501 1855 552 caeteros
1879 494 1931 555 A
1956 491 2025 549 de
2063 488 2328 547 fratribus
2369 488 2566 547 vestris
2620 487 2799 562 (Deut.
2845 504 3010 560 xvm,
3064 488 3177 562 15).
3230 511 3249 537 ν

275 593 556 670 prophetas
597 608 773 667 usque
825 591 896 650 ad
936 590 1198 647 Joannem
1238 587 1565 661 Baptistam,
1623 585 1691 643 de
1747 601 1858 659 quo

273 687 406 743 Deus
424 682 597 741 dicit:
618 682 782 741 tEcce
810 680 970 739 mitto
1000 679 1256 752 angelum
1288 693 1473 734 meum
1504 683 1629 733 ante
1658 675 1860 733 faciem

272 782 413 831 tuam
441 772 704 846 (Malach.
732 789 815 837 III,
848 771 925 842 1).
960 795 978 819 ι
1016 770 1120 826 Per
1146 768 1250 825 hos
1279 783 1409 840 ergo
1435 767 1528 823 lex
1580 765 1858 834 ordinata,

269 863 531 938 disposita
557 870 640 920 est
668 879 699 918 a
731 863 845 920 Deo
875 861 935 918 in
965 874 1157 927 manu,
1180 857 1240 913 id
1268 863 1351 913 est
1378 863 1647 928 potestate
1671 854 1857 910 Salva-

268 956 431 1024 toris;
457 956 571 1028 ipse
599 962 680 1012 est
707 954 857 1011 enim
901 951 1171 1008 mediator
1207 948 1297 1004 vel
1328 944 1713 1004 reconciliator
1759 944 1860 1001 Dei

268 1054 320 1102 et
355 1046 643 1103 hominum
668 1043 726 1116 (Ι
762 1043 901 1100 Tim.
923 1058 987 1109 ιι,
1010 1040 1093 1113 5),
1120 1046 1182 1095 ιιι
1202 1038 1376 1095 salvet
1397 1052 1537 1110 quos
1566 1033 1686 1090 vult
1702 1049 1769 1090 ex
1790 1032 1860 1091 iis

267 1135 360 1209 qui
382 1136 556 1208 legem
588 1150 689 1208 per
715 1135 1213 1205 supramemoratos
1243 1125 1462 1199 angelos
1503 1131 1852 1197 acceperunt.

266 1226 384 1297 Ipse
423 1223 572 1280 enim
594 1223 706 1279 ait:
746 1219 1088 1277 «SicutPater
1106 1216 1333 1275 suscitat
1361 1221 1609 1271 mortuos
1641 1221 1696 1270 et
1716 1212 1859 1269 vivi-

266 1313 395 1370 ﬁcat
419 1331 430 1369 :
465 1312 545 1369 sic
571 1320 626 1369 et
646 1311 819 1368 Filius
843 1325 981 1383 quos
1007 1305 1403 1373 vult,viviﬁcat
1432 1302 1801 1376 (Joan.v,2l).
1826 1327 1845 1351 ι

340 1402 521 1474 (Vers.
553 1401 670 1472 20.)
723 1422 741 1446 ε
770 1397 1038 1457 Mediator
1093 1405 1277 1453 autem
1324 1394 1492 1450 unius
1530 1408 1643 1448 non
1689 1399 1792 1448 est.
1827 1416 1845 1440 ι

261 1490 390 1547 Sine
428 1489 597 1547 dubio
626 1486 1153 1555 mediator,lioc'est,
1178 1483 1387 1541 arbiter
1415 1499 1528 1539 non
1556 1491 1639 1540 est
1667 1481 1856 1549 unius,

263 1578 353 1636 sed
391 1578 665 1647 duorum;
692 1594 820 1635 cum
847 1575 996 1633 enim
1024 1574 1137 1632 duo
1152 1573 1345 1648 populi
1366 1571 1607 1629 invicem
1648 1570 1859 1627 adver-

262 1684 352 1726 sus
387 1684 445 1725 se
486 1667 839 1735 dimicarent,
896 1681 1113 1738 semper
1159 1662 1488 1721 dissidentes
1542 1668 1598 1717 et
1642 1659 1858 1717 inimici

262 1757 576 1815 diversitate
615 1756 908 1822 doctrinae,
947 1755 1204 1811 Salvator
1251 1752 1455 1809 horum
1504 1751 1710 1808 arbiter
1753 1767 1861 1807 ve—

3458 357 3566 419 378

3311 486 3432 547 Hoc
3493 486 3564 546 de

1967 580 2187 641 Christo
2225 578 2437 637 dictum
2475 579 2665 635 Petrus
2704 578 2980 651 apostolus
3044 577 3241 652 probat
3300 577 3360 634 in
3407 574 3564 636 Actis

1968 672 2342 746 apostolorum
2392 667 2534 741 (Act.
2590 684 2671 736 ιιι,
2704 668 2819 741 22).
2866 694 2883 715 ι
2909 668 3134 726 Etenim
3178 669 3225 726 si
3254 668 3383 726 data
3424 674 3565 726 esset

1970 762 2082 830 lex,
2113 777 2235 834 quae
2263 765 2444 832 posset
2470 756 2774 826 viviﬁcare,
2805 774 2930 815 vere
2958 776 3027 815 ex
3065 760 3183 833 lege
3223 765 3365 814 esset
3387 756 3564 830 justi-

1970 853 2067 909 tia.
2100 877 2119 899 ›
2161 848 2440 907 Justitiam
2469 848 2611 905 hanc
2640 846 2796 914 dicit,
2825 864 2945 921 quae
2969 850 3114 921 apud
3142 852 3314 907 Deum
3368 847 3564 922 impu-

1969 948 2118 998 tatur
2153 939 2392 1012 justitia,
2442 937 2499 993 id
2559 944 2662 1006 est,
2723 936 2873 1005 ﬁdei,
2935 938 3067 1011 quia
3124 946 3176 993 et
3230 938 3323 993 lex
3369 936 3565 993 habuit

1964 1030 2257 1105 justitiam,
2276 1029 2369 1086 sed
2399 1029 2466 1085 ad
2492 1043 2751 1101 praesens,
2783 1043 2895 1082 non
2925 1042 3047 1100 quae
3064 1024 3392 1098 justiﬁcaret
3418 1027 3565 1099 apud

1967 1124 2162 1179 Deum.
2204 1119 2500 1178 Remittere
2530 1119 2678 1174 enim
2741 1125 2964 1191 peccata
3010 1134 3122 1174 non
3151 1118 3350 1191 potuit,
3386 1124 3449 1175 ut
3498 1118 3567 1175 de

1968 1209 2348 1284 peccatoribus
2372 1209 2574 1265 faceret
2597 1205 2809 1279 justos;
2841 1207 2936 1264 sed
2967 1206 3036 1264 ad
3065 1206 3171 1263 hoc
3200 1208 3328 1264 data
3373 1214 3476 1276 est,
3508 1214 3571 1263 ut

1967 1284 2341 1358 terrori‘esset
2390 1314 2696 1372 provocans
2736 1296 2988 1354 homines
3026 1298 3094 1355 ad
3140 1296 3341 1353 bonam
3370 1297 3564 1365 vitam,

1968 1390 2337 1449 irreverentes
2364 1389 2618 1463 puniens.
2649 1388 2885 1462 Ideoque
2914 1403 3023 1444 non
3045 1396 3126 1444 est
3153 1388 3282 1445 data
3318 1387 3559 1461 lex,qum

1967 1489 2149 1554 posset
2175 1480 2479 1548 viviﬁcare,
2510 1479 2605 1536 sed
2636 1476 3022 1535 condemnare.

2042 1570 2223 1644 (Vers.
2255 1569 2373 1642 22.)
2419 1594 2436 1616 ι
2468 1568 2573 1625 Sed
2622 1567 2897 1625 conclusit
2924 1565 3209 1639 Scriptura
3248 1564 3436 1622 omnia
3462 1567 3566 1624 sub

1968 1671 2211 1739 peccato,
2236 1672 2298 1721 ut
2327 1664 2621 1738 promissio
2650 1681 2720 1720 ex
2758 1663 2867 1720 ﬁde
2920 1663 3049 1720 Jesu
3098 1660 3308 1722 Christi
3337 1660 3563 1718 daretur

1968 1755 2339 1814 credentibus.
2374 1782 2392 1803 ι
2434 1756 2595 1812 Ηιιιιο
2618 1770 2840 1811 sensum
2872 1761 2926 1809 et
2954 1754 3023 1816 ad
3051 1754 3328 1810 Romanos
3349 1749 3554 1823 posuit,

261 1847 366 1915 nit,
396 1855 689 1920 amputans
725 1844 977 1918 utrisque
1004 1842 1224 1916 populis
1264 1859 1363 1916 per
1390 1842 1539 1915 quod
1567 1840 1859 1898 disoorda-
1890 1856 1936 1919 Β
1970 1844 2197 1904 dicens:
2254 1870 2271 1891 ι
2321 1844 2605 1903 Conclusit
2634 1846 2780 1902 Deus
2827 1842 3015 1900 omnia
3058 1842 3160 1899 sub
3204 1833 3459 1913 peccato;
3496 1847 3557 1896 ut

257 1936 413 2005 bant,
453 1945 517 1993 ut
556 1940 782 2009 possent
825 1949 943 1991 esse
988 1932 1228 2007 paciﬁci.
1265 1931 1519 1989 Abstulit
1546 1948 1674 2005 ergo
1717 1948 1859 2004 gen-

261 2025 415 2083 tibus
434 2040 726 2082 numerum
756 2023 1069 2091 deorum,et
1088 2022 1419 2078 famulatum
1440 2022 1860 2090 elementorum,

259 2114 411 2190 quod
436 2114 758 2174 scandalum
809 2121 925 2170 erat
965 2111 1248 2170 Hebraeis:
1298 2111 1530 2169 abstulit
1577 2118 1632 2168 et
1657 2111 1862 2168 Iudaeis

259 2220 423 2278 opera
490 2203 645 2276 legis,
714 2202 773 2259 id
841 2210 923 2259 est
966 2201 1305 2271 neomenias,
1353 2200 1855 2271 circumcisionem,

258 2302 311 2353 et
336 2310 531 2353 curam
561 2292 806 2361 Sahbati,
839 2299 893 2349 et
925 2290 1287 2348 discretiones
1327 2306 1597 2360 escarum,
1648 2299 1704 2348 et
1741 2308 1858 2349 cae-

258 2391 372 2443 tera
416 2401 543 2458 quae
585 2380 1046 2440 abominabantur
1073 2381 1303 2454 gentiles
1326 2424 1342 2450 ,
1372 2387 1426 2438 et
1463 2381 1543 2438 sic
1570 2380 1701 2439 facti
1730 2390 1859 2438 sunt

260 2472 500 2548 paciﬁci,
527 2472 622 2546 qui
654 2470 811 2544 prius
840 2470 1057 2526 fuerant
1082 2469 1318 2527 inimici.
1351 2468 1409 2526 Si
1458 2485 1587 2541 ergo
1637 2469 1752 2527 haec
1781 2471 1859 2527 ita

257 2579 314 2620 se
354 2564 590 2631 habent,
621 2560 757 2634 quid
795 2566 878 2617 est
921 2568 983 2616 ut
1023 2559 1227 2615 Galatae
1272 2555 1609 2617 hebetudine
1656 2562 1858 2617 mentis

257 2654 555 2712 arbitrium
586 2653 736 2711 istud
765 2660 1122 2727 corrumpant
1162 2651 1303 2726 (66),
1354 2652 1608 2709 conversi
1654 2651 1724 2708 ad
1750 2653 1859 2710 Ju-

259 2744 536 2802 daismum
566 2743 594 2801 ?
637 2742 919 2801 Iudicium
965 2742 1114 2800 enim
1171 2743 1471 2801 Salvatoris
1529 2743 1586 2798 in
1633 2742 1856 2799 irritum

259 2831 491 2901 ducunt,
524 2832 744 2905 quando
792 2840 918 2906 post
964 2831 1169 2891 factam
1218 2849 1426 2904 pacem,
1480 2832 1637 2904 quasi
1668 2832 1858 2904 poeni-

261 2928 438 2979 tentes
478 2920 547 2978 de
591 2938 676 2991 ea,
723 2921 1030 2995 subjicth
1082 2937 1141 2978 se
1186 2922 1318 2991 illis,
1369 2937 1492 2994 quas
1539 2921 1696 2992 prius
1739 2921 1861 2992 paci

258 3009 480 3068 fuerant
531 3010 778 3068 inimica.
846 3011 1016 3067 Juxta
1078 3025 1303 3065 sensum
1366 3025 1495 3080 ergo
1542 3008 1859 3065 Galatarum

257 3098 514 3158 Christus
536 3099 743 3155 arbiter
768 3113 883 3154 non
912 3103 1024 3163 est;
1057 3094 1192 3168 quia
1234 3093 1447 3151 inducti
1477 3094 1536 3149 in
1577 3095 1748 3168 legem
1792 3096 1859 3153 de

257 3186 483 3245 duobus
523 3186 745 3259 populis
791 3200 968 3240 unum
1026 3184 1299 3252 fecerunt,
1349 3191 1403 3240 et
1453 3184 1621 3242 unius
1666 3187 1857 3261 utique

260 3274 463 3349 populi
482 3274 688 3331 arbiter
717 3288 883 3330 nemo
908 3281 1009 3330 est.
1044 3273 1205 3330 Hunc
1246 3272 1502 3329 eumdem
1545 3291 1767 3333 sensum
1795 3278 1863 3334 ad

259 3362 540 3436 Ephesios
578 3361 933 3436 prosequitur
979 3360 1205 3418 dicens:
1264 3362 1420 3436 «Ipse
1451 3362 1601 3420 enim
1648 3375 1730 3422 est
1758 3382 1865 3438 pax

260 3458 481 3519 nostra,
518 3451 614 3526 qui
662 3450 793 3508 fecit
838 3458 1072 3524 utraque
1096 3467 1290 3521 unum,
1321 3458 1376 3508 et
1405 3452 1647 3509 medium
1676 3455 1864 3526 paries

256 3546 374 3598 tem
399 3541 652 3598 maceriae
682 3542 922 3610 solvens,
954 3540 1305 3598 inimicitiam
1343 3540 1404 3598 in
1446 3558 1609 3599 carne
1634 3560 1732 3600 sua
1773 3545 1863 3601 le-

258 3646 382 3703 gem
428 3630 814 3689 mandatorum
862 3631 921 3687 in
966 3630 1203 3688 decretis
1261 3647 1573 3700 evacuans;
1615 3642 1678 3690 ut
1722 3633 1862 3691 duos

261 3719 531 3777 conderet
584 3720 644 3776 in
690 3736 747 3776 se
802 3736 916 3776 uno
954 3735 1101 3776 novo
1142 3719 1389 3790 homine,
1418 3721 1629 3780 faciens
1674 3739 1862 3796 pacem

266 3809 488 3883 (Ephes.
521 3827 585 3881 ιι,
621 3810 706 3880 14,
741 3811 854 3883 15).
884 3835 903 3857 ι
945 3810 1003 3867 Si
1033 3811 1093 3867 in
1136 3827 1249 3868 uno
1296 3828 1444 3870 novo
1471 3812 1699 3870 homine
1731 3814 1865 3872 facit

264 3914 474 3970 pacem,
529 3892 794 3958 ambobus
830 3901 1022 3975 utique
1058 3899 1307 3972 abstulit,
1357 3919 1455 3977 per
1506 3904 1653 3978 quod
1705 3905 1864 3963 dissi-

262 3988 501 4046 debant:
554 3996 609 4044 et
645 3988 752 4046 hoc
787 3989 868 4045 eis
913 3990 1106 4047 statuit
1148 3990 1274 4049 data
1300 4008 1401 4048 sua
1429 3994 1565 4066 lege,
1595 4010 1692 4067 per
1715 3996 1864 4069 quod

263 4087 440 4135 essent
483 4077 731 4152 paciﬁci.
782 4078 897 4135 Hoc
940 4078 1145 4136 Galatae
1186 4084 1324 4143 252
1362 4080 1682 4154 irruperunt
1737 4100 1863 4142 con-

266 4175 405 4233 versi
458 4175 537 4233 ad
580 4175 943 4234 Judaismun:
1011 4200 1030 4224 ι
1076 4178 1224 4235 Deus
1288 4195 1421 4237 vero
1481 4197 1626 4238 unus
1683 4189 1783 4239 est.
1831 4207 1848 4230 -

264 4262 376 4321 Hoc
409 4264 578 4334 dicit,
619 4281 688 4320 ne
732 4264 1018 4323 Christum
1058 4266 1409 4339 praedicando
1455 4268 1655 4340 Deum,
1701 4287 1865 4345 quem

263 4352 539 4414 arbitrum
567 4352 706 4411 dicit
730 4354 829 4410 uni
859 4356 994 4423 Deo,
1036 4355 1361 4426 praedicasse
1406 4364 1695 4429 putaretur
1743 4360 1861 4433 (67)

264 4452 453 4502 contra
507 4445 683 4516 legem
736 4453 792 4502 et
835 4444 1149 4518 prophetas.
1200 4445 1489 4502 Arbitrum
1539 4464 1666 4522 ergo
1711 4448 1864 4508 hunc

262 4545 356 4601 per
376 4531 819 4604 assumptionem
851 4532 1034 4590 carnis
1065 4532 1304 4606 intelligi
1337 4533 1515 4603 docet,
1556 4535 1700 4593 sicut
1722 4537 1861 4594 dicit

1970 1935 2220 1992 omnium
2249 1934 2572 1991 misereatur
2597 1936 2773 2006 (Rom.
2805 1951 2885 2003 χι,
2920 1931 3059 2005 32.)-
3100 1932 3216 1988 Hoc
3236 1929 3381 1987 dixit
3416 1929 3566 2003 quod

1970 2041 2135 2097 supra
2178 2025 2502 2093 memoravi,
2555 2024 2686 2098 quia
2736 2025 2829 2080 lex
2890 2024 2960 2081 ad
3015 2022 3123 2080 hoc
3182 2020 3312 2079 data
3349 2027 3453 2088 est,
3500 2028 3564 2076 ut

1970 2123 2280 2188 peccatores
2306 2130 2427 2172 reos
2453 2130 2509 2171 se
2538 2114 2742 2172 scirent
2770 2113 2914 2186 apud
2961 2115 3156 2170 Deum.
3200 2110 3566 2168 Manifestatis

1970 2203 2118 2261 enim
2164 2203 2403 2276 peccatis
2441 2204 2575 2273 suis,
2618 2201 2865 2260 conclusi
2909 2209 3060 2271 sunt,
3102 2208 3164 2257 ut
3204 2218 3260 2258 se
3301 2216 3564 2259 excusare

1968 2310 2078 2351 non
2117 2303 2360 2368 possent,
2382 2294 2476 2352 sed
2507 2301 2814 2369 quaererent
2847 2290 3317 2360 misericordiam;
3348 2299 3411 2348 ut
3461 2307 3567 2346 ve—

1968 2383 2123 2442 niens
2147 2385 2241 2459 qui
2270 2385 2573 2459 promissus
2599 2393 2714 2441 erat
2762 2384 3018 2454 Abrahae,
3067 2382 3232 2440 ﬁdem
3292 2383 3465 2439 solam
3499 2380 3567 2436 ab

1966 2471 2046 2529 eis
2071 2484 2337 2547 posceret,
2370 2492 2534 2550 quam
2565 2473 2761 2533 habuit
2790 2474 3089 2542 Abraham;
3118 2481 3182 2531 ut
3211 2480 3265 2531 et
3291 2473 3562 2528 malorum

1967 2578 2193 2620 suorum
2222 2564 2432 2632 veniat,
2460 2572 2513 2619 et
2533 2562 2994 2634 justiﬁcationem
3038 2569 3400 2618 mererentur.
3450 2560 3568 2615 Hoc

1965 2651 2111 2707 enim
2162 2653 2609 2710 manifestaverat
2656 2654 2801 2708 Deus
2841 2667 2938 2724 per
2974 2650 3169 2707 Isaiam
3216 2649 3561 2723 prophetam,

1966 2740 2192 2798 dicens:
2256 2768 2274 2789 -
2313 2742 2514 2799 Veniet
2554 2758 2624 2797 ex
2668 2740 2823 2810 Sion,
2871 2740 2966 2814 qui
3015 2740 3213 2813 eripiat
3260 2750 3315 2797 et
3358 2748 3570 2797 avertat

1970 2827 2312 2901 impietatem
2355 2830 2423 2887 ab
2461 2829 2647 2898 Iacob,
2692 2836 2747 2885 et
2800 2828 2907 2886 hoc
2934 2829 3041 2885 erit
3084 2829 3200 2886 illis
3227 2846 3259 2885 a
3290 2844 3379 2885 me
3406 2837 3569 2885 testa-

1972 2928 2242 2989 mentum,
2271 2936 2396 2978 cnm
2438 2919 2713 2977 abstulero
2761 2927 2982 2993 peccata
3022 2935 3211 2976 eorum
3256 2918 3393 2992 (Isa.
3445 2936 3563 2988 1.1x,

1980 3010 2096 3082 20).
2130 3036 2149 3059 .

2041 3101 2222 3173 (Vers.
2250 3100 2336 3158 23.
2375 3101 2394 3173 )
2430 3125 2448 3148 ι
2470 3100 2630 3159 Prius
2654 3101 2802 3158 enim
2833 3116 2998 3176 quam
3038 3100 3253 3158 veniret
3281 3099 3437 3169 ﬁdes,
3462 3099 3564 3155 sub

1898 3216 1941 3277 ρ
1970 3192 2089 3264 lege
2127 3190 2593 3260 custodiebamur,
2639 3191 2888 3248 conclusi
2954 3190 3014 3247 in
3060 3190 3306 3247 eamdem
3369 3190 3556 3256 ﬁdem,

1972 3299 2093 3355 quae
2122 3281 2424 3355 incipiebat
2455 3281 2707 3338 revelari.
2749 3306 2768 3330 ι
2812 3282 2927 3338 Hoc
2945 3288 3046 3349 est,
3089 3280 3236 3355 quod
3269 3278 3564 3352 dicit,quia

1971 3362 2263 3444 antequam
2288 3370 2501 3427 veniret
2529 3370 2797 3439 Salvator,
2835 3369 2940 3425 sub
2970 3370 3105 3442 legis
3137 3368 3390 3427 custodia
3444 3383 3563 3438 age-

1970 3460 2187 3528 bamus,
2249 3476 2318 3516 ne
2364 3475 2755 3533 peccaremus:
2810 3466 2872 3514 ut
2902 3458 3157 3515 veniente
3202 3455 3567 3532 promissione

1971 3550 2125 3625 digni
2169 3569 2430 3609 essemus.
2471 3552 2584 3609 Hac
2623 3551 2774 3607 enim
2816 3566 2910 3624 spe
2946 3552 3035 3607 lex
3063 3540 3234 3607 'tutos
3274 3549 3567 3623 praestabat

1971 3657 2090 3710 nos,
2147 3651 2210 3698 ut
2255 3642 2501 3699 venienti
2548 3640 2770 3699 Christo
2821 3640 3040 3697 offerret
3066 3656 3189 3709 nos,
3242 3638 3301 3697 id
3336 3646 3420 3697 est
3474 3640 3564 3696 Ju-

1971 3730 2137 3787 daaos.

2046 3822 2228 3895 (Vers.
2260 3821 2377 3895 24.)
2440 3847 2458 3870 ι
2505 3824 2694 3896 Itaque
2741 3824 2833 3879 lex
2879 3822 3201 3897 paedagogus
3228 3830 3414 3881 noster
3459 3821 3568 3877 fuit

1973 3909 2033 3966 in
2061 3910 2281 3969 Christo
2308 3911 2455 3981 Jesu,
2483 3919 2545 3967 ut
2591 3929 2661 3968 ex
2706 3911 2817 3970 ﬁde
2857 3910 3310 3985 justiﬁcaremur.
3350 3937 3368 3959 ι
3415 3910 3566 3966 Idem

1974 4016 2164 4058 sensus
2186 4008 2289 4069 est,
2329 4000 2460 4074 quia
2494 4002 2595 4059 sub
2642 4018 2775 4060 cura
2802 4003 2936 4074 legis
2984 4016 3226 4068 eramus,
3256 4000 3434 4056 donec
3461 4011 3569 4052 ve-

1972 4086 2135 4146 niret'
2149 4089 2422 4160 Christus,
2455 4090 2549 4166 qui
2576 4109 2676 4149 nos
2703 4091 2988 4149 credentes
3000 4089 3356 4161 justiﬁcaret.

2046 4179 2229 4252 (Vers.
2263 4179 2352 4249 25,
2382 4180 2497 4254 26.)
2549 4205 2567 4228 ε
2611 4180 2882 4239 Veniente
2925 4183 3107 4232 autem
3147 4173 3275 4240 ﬁde,
3300 4171 3414 4244 jam
3454 4188 3566 4229 non

1971 4267 2074 4325 sub
2104 4268 2396 4343 paedagogo
2452 4285 2679 4334 sumus;
2722 4280 2913 4322 omnes
2950 4261 3097 4321 enim
3150 4260 3253 4318 ﬁlii
3295 4261 3397 4318 Dei
3434 4261 3569 4320 estis

1972 4373 2068 4429 per
2094 4357 2282 4426 ﬁdem,
2311 4374 2433 4431 quae
2461 4364 2545 4413 est
2574 4356 2632 4411 in
2686 4352 2909 4413 Christo
2951 4352 3100 4409 Jesu.
3137 4378 3156 4402 ιι
3225 4351 3339 4409 Sub
3371 4352 3566 4425 paeda-

1972 4461 2108 4517 gogo
2136 4445 2231 4510 qui
2289 4445 2424 4517 agit,
2485 4443 2773 4516 potestatis
2827 4460 2939 4500 suae
2966 4458 3080 4499 non
3132 4448 3251 4510 est;
3303 4444 3568 4515 parvulus

1971 4533 2119 4588 enim
2173 4540 2227 4589 et
2296 4532 2542 4591 lubricus
2586 4531 2656 4589 ad
2712 4533 3050 4608 peccandum
3129 4532 3232 4591 sub
3288 4532 3565 4607 paedagogi

263 4618 329 4675 ad
355 4619 752 4678 Timotheum:
801 4646 820 4671 ι
867 4621 1093 4680 Arbiter
1134 4623 1233 4679 Dei
1274 4629 1327 4679 et
1373 4622 1665 4680 hominum
1694 4624 1861 4681 homo
1897 4618 1936 4635 "
1968 4638 2099 4677 cura
2145 4622 2396 4681 habetur.
2444 4623 2711 4681 Veniente
2755 4632 2936 4682 autem
2981 4623 3220 4693 Christo,
3259 4622 3353 4696 qui
3411 4629 3566 4697 quasi

264 4706 415 4767 Iesus
434 4709 701 4769 Christus
732 4711 808 4782 (Ι
829 4711 961 4768 Tim.
997 4728 1057 4780 ιι,
1106 4712 1164 4783 6)
1202 4730 1213 4768 :
1248 4736 1267 4760 ι
1310 4710 1478 4784 juxta
1503 4720 1687 4769 autem
1720 4716 1862 4786 quod

266 4796 406 4855 Deus
461 4804 572 4868 est,
604 4814 637 4853 a
682 4798 839 4855 Patre
896 4798 1046 4857 hunc
1093 4816 1204 4855 non
1248 4801 1510 4873 separari,
1549 4802 1644 4859 sed
1692 4820 1863 4860 unum

266 4899 377 4944 esse
412 4904 557 4947 cum
598 4888 780 4945 Patre.
843 4890 975 4947 Sive
1046 4890 1194 4946 enim
1258 4892 1434 4961 Pater,
1492 4892 1610 4950 sive
1665 4894 1861 4964 Filius,

268 4978 409 5036 Deus
432 4995 588 5037 unus
631 4987 750 5047 est;
802 4981 949 5037 Deus
985 4978 1135 5037 enim
1187 4988 1397 5037 naturae
1440 4999 1641 5041 nomen
1687 4991 1768 5041 est
1813 4992 1866 5041 et

269 5068 577 5138 potestatis,
610 5085 776 5143 quam
806 5069 865 5126 in
894 5069 1054 5126 Patre
1081 5077 1135 5126 et
1180 5068 1324 5127 Filio
1357 5069 1705 5131 individuam
1756 5092 1865 5131 ma-

270 5170 395 5213 nere
425 5158 551 5232 ipsa
577 5158 869 5215 nominum
897 5160 1037 5216 ratio
1065 5159 1242 5217 docet.

337 5248 528 5318 (Vers.
560 5248 677 5320 2i.)
721 5272 740 5296 ι
770 5248 886 5306 Lex
916 5248 1086 5323 igitur
1109 5250 1373 5307 adversus
1402 5254 1677 5326 promissa
1705 5254 1804 5310 Dei
1838 5254 1866 5310 ?

273 5334 449 5394 Absit.
484 5363 503 5385 -
542 5338 702 5395 Absit
731 5340 942 5414 utique,
976 5339 1106 5413 quia
1133 5354 1245 5396 non
1264 5350 1345 5397 est
1374 5343 1464 5400 lex
1494 5344 1720 5404 inimica
1745 5362 1865 5419 pro-

276 5421 579 5493 missionis,
612 5425 817 5499 quippe
849 5444 977 5483 cum
1008 5426 1301 5484 conﬁrmet
1326 5444 1466 5485 eam.
1496 5432 1631 5488 Nam
1657 5434 1868 5505 primus

277 5511 504 5586 Moysus
542 5514 711 5571 dicit:
778 5539 797 5563 ι
839 5516 1166 5589 Prophetam
1215 5516 1372 5573 vobis
1410 5520 1677 5577 excitabit
1724 5523 1867 5577 Deus

351 5638 475 5709 (66)
498 5639 706 5696 Omnes
724 5639 859 5713 edit.
895 5647 1138 5713 etgmoss.
1155 5640 1391 5713 aliquot,
1416 5643 1682 5699 arbitrum
1708 5642 1867 5699 istum

280 5718 666 5783 corrumpant;
695 5711 790 5768 alii
810 5711 1157 5782 concinnius,
1188 5711 1336 5770 ut‘in
1377 5720 1550 5771 textu.

1974 4710 2043 4766 de
2088 4710 2396 4769 minoribus
2441 4712 2577 4769 facit
2617 4713 2871 4786 majores,
2925 4712 3147 4770 liberati
3190 4713 3259 4770 de
3302 4721 3567 4786 pomatate

1975 4797 2275 4871 paedagogi,
2304 4816 2400 4872 per
2435 4801 2780 4859 ablutionem
2826 4811 3175 4876 peccatorum
3206 4802 3336 4860 facti
3375 4820 3567 4861 sumus

1974 4886 2079 4943 ﬁlii
2106 4886 2369 4957 Dei,cum
2396 4904 2638 4948 essemus
2665 4892 2809 4948 servi
2841 4891 3070 4965 peccati.

2046 4986 2227 5058 (Vers.
2262 4986 2381 5060 27.)
2430 5013 2446 5035 -
2475 4987 2757 5063 Quotquot
2784 4988 2933 5047 enim
2987 4990 3047 5047 in
3100 4990 3323 5050 Christo
3364 4987 3567 5062 bapti-

1973 5074 2078 5132 zati
2121 5074 2271 5145 estis,
2313 5076 2594 5136 Christum
2643 5076 2926 5136 induistis.
2978 5103 2996 5127 ι
3058 5079 3175 5136 Hoc
3220 5076 3380 5144 dicit,
3439 5075 3569 5149 quia

1973 5162 2254 5222 credentes
2300 5165 2434 5223 dum
2482 5166 2873 5236 immutantur,
2941 5166 3224 5226 Christum
3285 5166 3562 5230 induunt;

1974 5254 2192 5328 quando
2220 5255 2326 5313 hoc
2348 5256 2716 5331 appellantur,
2747 5258 2894 5332 quod
2933 5258 3189 5317 credunt.

2046 5345 2227 5417 (Vers.
2253 5346 2340 5404 28.
2378 5347 2400 5419 )
2435 5366 2463 5401 α
2492 5348 2613 5406 Non
2642 5356 2725 5406 est
2750 5348 2971 5406 ludaus
2995 5364 3169 5423 neque
3197 5347 3418 5404 Gracus
3443 5359 3455 5397 :

1973 5448 2086 5489 non
2135 5443 2217 5491 est
2270 5452 2483 5505 servus,
2533 5453 2710 5512 neque
2736 5437 2910 5494 libera
2941 5454 2956 5504 ;
2991 5451 3103 5493 non
3144 5442 3226 5490 est
3260 5430 3561 5500 masculus,

1976 5539 2151 5597 neque
2192 5525 2435 5594 femina;
2494 5545 2685 5584 omnes
2737 5527 2884 5582 enim
2948 5542 3045 5580 vos
3098 5537 3270 5578 unum
3331 5519 3464 5577 estis
3509 5521 3565 5579 in

2048 5648 2162 5721 (67)
2196 5651 2351 5708 Rom.
2401 5652 2561 5720 edit.,
2589 5669 2741 5724 quem
2791 5650 3057 5707 arbitrum
3093 5644 3378 5717 constituit,
3412 5664 3567 5723 prle-

1975 5718 2172 5776 dt'casse
2184 5728 2488 5795 putaretur.
