4090 6182
523 318 628 377 379
1542 317 1640 372 AD
1679 316 1914 374 OPEBA
1953 317 2010 375 S.
2044 318 2378 378 AMBROSII
2416 319 2798 379 APPENDIX.
3728 335 3834 394 380

521 442 742 507 Christo
766 442 942 502 Iesu.»
980 442 1201 502 Nullam
1229 442 1551 504 distantiam
1582 443 1720 502 dicit
1742 443 2110 518 credentium,
2142 455 2194 514 Α
2223 449 2530 522 promissus
2555 449 2888 509 fuerat.Ideo
2923 451 3074 512 ultra
3106 453 3390 514 neminem
3428 459 3686 532 oportuit
3714 463 3832 522 cir-

522 544 586 595 ut
609 533 753 594 nulli
781 533 1170 608 praejudicetur
1198 533 1333 608 quid
1358 534 1551 602 fuerit,
1579 544 1876 609 antequam
1908 539 2114 597 crede-
2221 537 2463 595 cumcidi
2479 556 2493 606 ;
2527 539 2657 613 quia
2673 538 2868 597 tandiu
2895 541 3157 600 cucurrit
3187 542 3430 616 signum,
3463 548 3832 626 quoadusque

519 630 638 693 ret;
661 621 919 682 omnibus
946 622 1095 681 enim
1124 621 1212 679 his
1240 639 1414 680 unum
1442 621 1728 680 decretum
1764 635 1846 684 est
1879 626 2111 686 donum.
2223 627 2456 695 veniret,
2492 629 2586 700 qui
2615 628 2917 702 promissus
2948 630 3132 688 fuerat
3181 641 3490 694 restaurare
3539 637 3736 710 ﬁdem,
3769 641 3830 699 in

518 713 682 786 Apud
708 715 885 771 Deum
930 713 1080 770 enim
1107 713 1263 770 nulla
1309 711 1568 770 discretio
1608 729 1965 786 personarum
2009 728 2112 789 est,
2223 731 2330 788 qua
2352 713 2689 787 justiﬁcatus
2729 726 2812 775 est
2856 719 3140 777 Abraham
3185 721 3245 778 in
3278 725 3577 796 praeputio,
3624 735 3686 784 ut
3714 747 3829 788 cre-

517 802 627 861 nisi
651 818 869 860 morum
893 811 947 860 et
970 803 1138 870 vitae;
1172 809 1236 858 ut
1269 801 1524 860 homines
1543 804 1711 863 unius
1739 805 1869 864 ﬁdei
1901 808 2114 867 meritis
2221 804 2486 862 dentibus
2531 823 2644 863 non
2682 824 2821 880 opus
2872 809 2947 865 sit
2978 810 3360 870 circumcisio.
3405 814 3688 874 Abraham
3733 836 3828 878 au-

515 892 944 966 distinguantur,
974 908 1086 949 non
1118 891 1390 965 personis.
1525 935 1541 943 -.
2221 901 2333 952 tem
2368 894 2492 952 ideo
2540 897 2903 955 circumcisus
2957 911 3059 971 est,
3103 902 3236 976 quia
3262 903 3442 961 ﬁlium
3477 924 3534 964 se
3591 909 3829 969 credidit

588 983 770 1056 (νοτε,
805 982 922 1055 29,)
979 1005 998 1028 ι
1037 982 1095 1039 si
1142 999 1269 1054 ergo
1312 1000 1412 1040 vos
1458 999 1648 1041 omnes
1674 1001 1854 1042 unum
1892 989 2024 1046 estis
2052 990 2111 1047 in
2222 983 2562 1054 habiturum,
2617 986 2677 1042 in
2722 1003 2831 1060 quo
2873 1005 3066 1047 omnes
3114 1001 3300 1065 gentes
3346 995 3820 1057 benedicerentur.

512 1071 731 1132 Christo
758 1072 907 1141 Iesu,
934 1088 1061 1146 ergo
1089 1072 1325 1130 Abrahae
1361 1091 1550 1132 semen
1596 1077 1747 1146 estis,
1802 1081 2106 1140 secundum
2220 1072 2347 1130 Ideo
2377 1073 2571 1130 tandiu
2594 1076 2839 1134 cucurrit
2859 1078 3282 1152 signum,donec
3309 1085 3545 1157 veniret,
3578 1090 3677 1162 qui
3706 1100 3827 1148 erat

512 1162 929 1237 promissionem
960 1161 1202 1219 bteredes
1234 1164 1418 1237 (68).)
1461 1165 1658 1222 Semen
1706 1169 1946 1226 Abrahae
1979 1181 2110 1230 sum
2219 1163 2550 1237 promissus.
2582 1165 2641 1222 Si
2683 1174 2867 1224 autem
2901 1167 3006 1225 hoc
3051 1170 3356 1245 crederent,
3389 1178 3539 1250 quod
3584 1161 3825 1239 credidit

513 1270 704 1311 omnes
724 1253 1028 1323 credentes,
1074 1254 1203 1328 quia
1243 1254 1522 1313 Abraham
1555 1266 1714 1332 pater
1745 1271 1826 1320 est
1853 1264 2107 1322 omnium
2217 1253 2523 1326 Abraham,
2549 1273 2662 1314 Ποῦ
2691 1259 2930 1316 stetisset
2955 1260 3343 1334 οίΐοηωοίείοὶ
3385 1283 3455 1324 ne
3481 1269 3624 1326 Ῑοΐῑθ
3655 1288 3824 1344 οΡΡο·

510 1343 889 1412 credentium;
939 1351 992 1400 et
1029 1344 1076 1401 si
1100 1345 1204 1402 ﬁlii
1237 1354 1387 1417 sum,
1439 1351 1756 1416 necessario
1779 1362 1832 1409 et
1863 1355 2110 1427 promis-
2217 1351 2460 1412 neretur,
2493 1344 2624 1420 quia
2669 1348 2716 1404 si
2763 1348 3044 1407 Abraham
3091 1352 3332 1413 credidit
3375 1365 3430 1415 et
3458 1357 3826 1419 circumcisus

510 1433 682 1490 sionis
729 1432 847 1505 ejus
893 1433 1182 1502 heredes;
1230 1447 1292 1493 ut
1336 1449 1743 1513 consequantur
1793 1460 1891 1516 per
1918 1444 2105 1516 ﬁdem,

1920 1444 2105 1516 ﬁdem,
2217 1441 2316 1503 est,
2348 1452 2514 1510 quare
2547 1454 2661 1496 non
2682 1439 3164 1500 circumciduntur
3191 1444 3475 1505 credentes
3507 1449 3535 1505 ?

509 1524 656 1596 quod
706 1522 1038 1595 promissum
1091 1533 1172 1582 est
1214 1525 1471 1598 Abrahae,
1504 1538 1565 1586 ut
1602 1532 1896 1608 participes
1921 1536 2100 1594 simus

2292 1526 2475 1598 (Vers.
2509 1528 2560 1585 6.
2595 1529 2615 1600 )
2663 1552 2682 1575 ι
2704 1529 2978 1598 Quoniam
3005 1542 3187 1591 autem
3221 1537 3351 1594 estis
3379 1537 3483 1596 ﬁlii
3503 1539 3626 1610 Dei,
3667 1541 3822 1600 misit

501 1610 914 1684 justiﬁcationis
943 1613 1060 1688 ejus
1088 1613 1147 1671 in
1171 1631 1337 1688 regno
1357 1618 1644 1677 calorum.
2215 1615 2362 1672 Deus
2389 1618 2660 1690 Spiritum
2686 1620 2817 1676 Filii
2853 1622 2939 1678 sui
2969 1622 3027 1679 in
3056 1625 3222 1682 corda
3251 1636 3458 1700 nostra,
3487 1631 3820 1692 clamantem

2214 1703 2390 1775 Abba,
2441 1708 2617 1764 Pater.
2653 1734 2671 1758 ι
2738 1709 2825 1766 Ab
2879 1710 2968 1768 his
3026 1715 3211 1787 coepit,
3267 1717 3470 1791 quibus
3521 1726 3574 1776 et
3601 1721 3818 1792 scribit,

2376 1763 2390 1775 .
2526 1763 2559 1764 ρ
2740 1763 2819 1766 --Ἰ
2880 1763 2964 1768 --ν
3030 1763 3211 1787 me",
3270 1763 3469 1791 rum--
3523 1763 3574 1776 υ-
3601 1763 3808 1792 ννιιυιί

1110 1763 1339 1823 CAPUT
1402 1766 1500 1824 IV-
2134 1825 2182 1887 Β
2214 1792 2401 1887 dicens
2425 1813 2504 1887 :77:
2534 1797 2806 1887 Quoniam
2832 1808 3016 1859 autem
3046 1803 3175 1861 estis
3199 1804 3304 1862 ﬁlii
3357 1805 3457 1864 Dei
3483 1823 3495 1875 ;
3531 1833 3548 1857 ι
3591 1817 3644 1866 et
3673 1811 3808 1868 sub-

580 1889 760 1958 (Vers.
794 1889 842 1957 1,
876 1889 957 1962 2.)
1005 1914 1022 1938 ‹
1051 1890 1187 1948 Dico
1231 1899 1414 1948 autem
1443 1892 1592 1966 quod
1633 1895 1881 1968 quandiu
1931 1897 2104 1957 haeres
2134 1882 2176 1887 —
2206 1882 2392 1957 ἱιιηείι
2449 1886 2684 1956 Ῐυάῖὲοεε
2730 1905 2858 1945 cum
2900 1890 3010 1947 ait:
3086 1915 3104 1940 ‘
3156 1893 3307 1951 Μίείῖ
3339 1897 3487 1955 Deus
3539 1900 3816 1973 Spirimm

506 1979 771 2051 parvulus
797 1987 897 2049 est,
931 1980 1074 2037 nihil
1100 1980 1285 2037 differt
1314 1999 1344 2037 a
1374 2000 1556 2053 servo,
1599 2001 1726 2042 cum
1755 1987 2104 2048 sitdominus
2212 1976 2342 2033 Filii
2379 1977 2466 2034 δαί
2509 1978 2570 2035 in
2607 1979 2772 2037 corda
2809 1989 3014 2039 Ποδῑτθι·
3049 2007 3068 2032 ι
3148 1984 3380 2054 Quando
3436 1998 3620 2048 autem
3665 1992 3819 2050 dim

505 2068 799 2136 omnium;
850 2069 946 2126 sed
991 2070 1094 2127 sub
1140 2071 1489 2129 curatoribus
1547 2082 1601 2130 et
1671 2077 1952 2134 actoribus
2020 2085 2103 2135 est
2213 2073 2396 2156 gentes
2423 2067 2579 2125 ﬁlios
2623 2069 2724 2126 D91
2771 2071 3057 2130 credentes
3103 2073 3162 2130 in
3194 2074 3498 2148 Chriswm:
3524 2081 3624 2155 (ἰαί
3656 2083 3814 2156 Prius

504 2175 675 2233 usque
715 2159 784 2215 ad
808 2159 1146 2232 praeﬁnitum
1193 2168 1410 2234 tempus
1439 2179 1472 2218 a
1511 2172 1687 2236 patre.
1722 2191 1740 2216 ι
1786 2167 1997 2225 verum
2019 2176 2103 2226 est,
2211 2154 2428 2213 fuerant
2457 2157 2694 2226 inimici,
2715 2159 2948 2219 dubium
2977 2179 3090 2221 non
3118 2173 3234 2223 erat
3263 2166 3479 2226 Iudaeos
3529 2154 3816 2230 credentes

503 2249 631 2324 quia
663 2250 758 2323 jus
802 2257 981 2324 patres
1028 2250 1448 2323 ordinaverunt,
1496 2264 1551 2312 et
1603 2271 1778 2330 usque
1812 2258 1882 2315 ad
1934 2275 2100 2333 quam
2207 2245 2320 2304 dici
2347 2247 2493 2306 ﬁlios
2516 2250 2636 2320 Dei,
2671 2268 2808 2326 quos
2847 2263 3063 2312 constat
3071 2255 3406 2331 jampridem
3437 2260 3542 2320 hoc
3571 2265 3802 2322 nomine

501 2344 716 2395 aetatem
745 2337 1022 2411 subjectus
1050 2339 1244 2398 debeat
1289 2355 1405 2398 esse
1462 2342 1704 2415 adultus,
1738 2355 2095 2418 statuerunt;
2209 2347 2568 2412 ηαηοιιρειῖοεο
2627 2342 2840 2400 Nomen
2897 2345 3047 2403 enim
3121 2347 3223 2405 Dei
3268 2361 3590 2424 acceperant
3653 2356 3812 2414 velut

501 2426 580 2483 ita
607 2436 668 2484 ut
697 2429 944 2501 quandiu
973 2431 1238 2502 parvulus
1269 2441 1370 2501 est,
1421 2431 1678 2492 libertate
1718 2452 1816 2492 sua
1865 2438 1948 2496 uti
1981 2455 2096 2495 non

2208 2426 2444 2502 imagine
2479 2431 2617 2520 (69),
2678 2442 2740 2490 ut
2786 2443 2977 2506 postea
3031 2438 3454 2500 conﬁrmaretur
3506 2461 3606 2518 per
3651 2446 3810 2506 Chri-

503 2517 695 2592 possit,
726 2534 904 2592 neque
934 2523 1078 2582 223
1125 2519 1401 2576 dominari
1440 2521 1599 2593 quasi
1629 2522 1806 2582 haeres
1838 2542 1852 2594 ;
1883 2527 1978 2584 sed
2007 2529 2100 2586 si-
2207 2523 2352 2608 stum
2385 2537 2398 2586 ;
2425 2517 2555 2592 quia
2579 2521 2697 2578 sine
2726 2523 2929 2596 spiritu
2957 2542 3070 2583 non
3099 2536 3214 2585 erat
3240 2531 3486 2603 plenum.
3512 2517 3638 2594 Hoc
3696 2547 3804 2608 est,

501 2612 650 2671 milis
678 2630 846 2687 prope
869 2615 1042 2672 servis
1071 2614 1130 2672 in
1175 2615 1499 2674 conditione
1540 2627 1622 2676 est
1655 2631 1975 2682 curatorum
2008 2629 2097 2685 vel

2208 2607 2354 2680 quod
2383 2608 2520 2667 dicit
2549 2617 2604 2666 et
2639 2612 2708 2670 ad
2748 2613 3021 2672 Romanos
3054 2635 3065 2672 :
3127 2641 3146 2665 ι
3185 2619 3306 2692 Ipse
3351 2622 3590 2695 Spiritus
3622 2607 3811 2684 reddit

499 2713 767 2762 actorum,
815 2704 930 2762 Ηοο
966 2705 1219 2778 exemplo
1272 2705 1469 2780 probat
1507 2723 1621 2778 eos,
1679 2709 1776 2783 qui
1821 2712 1925 2768 sub
1975 2714 2096 2787 lege
2167 2707 2170 2710 ‘
2208 2696 2585 2756 testimonium
2621 2700 2844 2773 spiritui
2878 2713 3066 2762 nostro
3109 2708 3258 2780 quod
3309 2727 3504 2768 sumus
3555 2714 3662 2772 ﬁlii
3697 2715 3809 2772 Dei

498 2794 747 2860 fuerunt,
778 2795 1038 2866 parvulos
1066 2793 1235 2852 fuisse
1275 2795 1423 2855 circa
1466 2797 1751 2868 meritum,
1784 2817 1887 2860 nec
1934 2802 2096 2860 liber-

2209 2787 2383 2859 (Rom.
2436 2807 2561 2860 vui,
2627 2793 2742 2866 16).
2790 2820 2808 2843 ι
2858 2795 2926 2851 Ut
2982 2797 3131 2852 enim
3169 2799 3529 2870 probaremur
3553 2805 3812 2879 adoptati

495 2891 666 2942 tatem
695 2883 952 2941 habuisse
979 2903 992 2952 ;
1021 2883 1152 2958 quia
1179 2885 1238 2942 in
1272 2886 1598 2967 conditione
1626 2888 1764 2964 legis
1792 2893 2094 2950 erantsub-
2205 2893 2320 2934 esse
2366 2897 2399 2937 3
2451 2883 2564 2938 D90
2609 2881 2667 2938 in
2717 2883 2882 2954 ﬁlios:
2918 2884 3185 2957 Spiritum
3215 2903 3378 2947 suum
3428 2890 3584 2948 dedit
3608 2895 3808 2966 1101315.

490 2971 626 3044 iacti
655 2987 818 3028 causa
838 2972 1066 3046 peccati,
2205 2969 2301 3042 qui
2329 2969 2547 3044 signum
2576 2973 2753 3030 Patris
2797 2975 3042 3032 ostendat
3095 2977 3153 3033 in
3194 2977 3370 3047 ﬁlios;
3421 2988 3482 3037 ut
3529 2983 3661 3055 quia
3691 2985 3820 3046 hoc

570 3060 751 3134 (νοτε,
785 3060 864 3133 3,)
902 3084 921 3109 ε
941 3062 1024 3118 na
1051 3069 1104 3118 ει
1132 3077 1233 3118 nos
1269 3076 1396 3119 cum
1425 3079 1666 3123 essemus
1697 3069 1940 3140 parvuli,
1981 3071 2090 3129 sub
2207 3075 2318 3116 non
2348 3062 2674 3121 auderemus
2704 3065 2888 3123 dicere
2917 3066 2976 3122 in
3005 3066 3324 3126 inﬁrmitate
3370 3077 3424 3126 et
3453 3070 3814 3147 indignitate

494 3150 778 3209 elementis
821 3148 988 3222 hujus
1030 3149 1225 3208 mundi
1253 3168 1473 3211 eramus
1519 3153 1778 3227 subjecti.
1813 3183 1832 3208 ι
1875 3161 1939 3216 In
1984 3161 2091 3218 ele-
2120 3197 2164 3258 α
2205 3158 2410 3258 "castra:
2441 3163 2693 3258 suggeret
2720 3162 2782 3211 ιιι
2817 3155 3118 3258 αξιάξδδξηαξ
3162 3157 3391 3258 (Ῑίξδθτθῇ
3429 3159 3613 3258 fama:
3647 3165 3808 3238 (111οά

494 3239 699 3299 mentis
727 3240 1045 3298 neomenias
1060 3239 1333 3314 signiﬁcat
1355 3249 1408 3299 et
1425 3243 1725 3302 Sabbatum
1749 3264 1761 3315 ;
1787 3251 2091 3308 neomenias

2201 3246 2281 3295 est
2335 3249 2510 3314 pater.
2536 3242 2786 3320 Denique
2835 3245 3042 3304 Judaais
3089 3245 3196 3306 hoc
3219 3246 3547 3321 jamdudum
3576 3269 3688 3311 non
3717 3264 3811 3314 est

490 3331 640 3390 enim
686 3340 816 3390 sunt
858 3332 976 3391 dies
1025 3333 1268 3402 lunares,
1311 3349 1449 3408 quos
1503 3335 1803 3396 observant
1857 3340 2033 3399 Judwi
2074 3360 2086 3400 :
2200 3330 2518 3394 concessum
2545 3337 2750 3397 dicere.

489 3423 788 3482 Sabbatum
817 3441 948 3484 vero
983 3423 1103 3482 dies
1131 3425 1288 3500 requi
1327 3425 1550 3485 etionis.
1580 3431 1895 3503 Antequam
1928 3433 2088 3490 veni-
2275 3434 2458 3506 (Vers.
2492 3436 2569 3508 7.)
2607 3460 2626 3484 ι
2655 3438 2845 3510 Itaque
2875 3435 2991 3510 jam
3022 3453 3135 3495 non
3155 3447 3237 3496 est
3255 3443 3566 3511 servus,sed
3586 3444 3784 3505 ﬁlius.»

491 3520 575 3571 ret
596 3527 726 3584 ergo
755 3513 1070 3585 promissio,
1113 3514 1172 3570 id
1225 3524 1327 3583 est,
1377 3525 1673 3591 antequam
1719 3519 1928 3578 donum
1959 3539 2090 3595 gra-
2195 3524 2316 3580 Non
2348 3532 2429 3581 est
2457 3541 2670 3596 servus,
2702 3525 2832 3600 quia
2877 3526 3125 3586 sublatus
3153 3537 3236 3586 est
3256 3545 3289 3585 a
3338 3539 3604 3604 potestate
3636 3535 3798 3609 legis,

491 3597 581 3655 tia)
633 3600 734 3657 Dei
816 3601 1116 3672 puriﬁcaus
1177 3601 1507 3675 justiﬁcaret
1579 3606 1882 3678 credentes,
1931 3613 2086 3685 quasi
2195 3611 2378 3670 socius
2420 3613 2599 3673 factus
2637 3597 3042 3674 benedictionis
3089 3618 3308 3691 proprii
3338 3597 3488 3678 -Filii
3515 3621 3636 3681 Dei.
3683 3597 3717 3673 ἶ
3731 3597 3796 3684 Si

488 3685 796 3760 imperfecti
825 3697 878 3745 et
921 3690 1140 3762 parvuli
1188 3707 1285 3763 per
1323 3692 1496 3765 legem
1525 3693 1646 3762 Dei,
1697 3695 1930 3769 subjecti
1971 3717 2084 3757 era-
2194 3710 2377 3761 autem
2407 3703 2576 3773 ﬁlius,
2603 3713 2657 3762 et
2680 3705 2853 3764 haares
2885 3722 2986 3779 per
3013 3685 3214 3764 Deum:
3248 3733 3266 3757 ι
3302 3709 3548 3768 Dubium
3581 3723 3794 3772 nonest

489 3790 610 3831 mus
640 3777 941 3847 conservis,
963 3778 1119 3853 quasi
1141 3779 1489 3853 paedagogis:
1524 3781 1750 3843 libertas
1770 3786 1917 3844 enim
1944 3805 2086 3845 nos-
2193 3793 2323 3866 quia
2376 3792 2499 3852 ideo
2554 3795 2678 3868 quis
2735 3777 2958 3870 adoptat
3015 3797 3125 3854 sibi
3175 3798 3376 3869 ﬁlium,
3423 3811 3486 3859 ut
3511 3801 3792 3862 heredem

489 3874 572 3922 tra
597 3866 840 3926 obnoxia
865 3879 980 3929 erat
1005 3889 1168 3929 causa
1197 3876 1425 3946 peccati.
1461 3876 1616 3933 Nihil
1651 3884 1837 3936 tamen
1866 3881 1934 3938 de
1976 3883 2082 3940 ele-
2192 3881 2353 3940 illum
2403 3866 2696 3958 relinquat.
2728 3866 2860 3943 Sed“
2888 3885 3188 3945 hereditas
3235 3905 3306 3946 ex
3337 3866 3513 3949 morte
3543 3892 3792 3966 alicujus

486 3956 687 4014 mentis
714 3959 1004 4031 sperabant
1029 3961 1226 4032 Judaei,
1257 3963 1402 4022 sicut
1433 3975 1486 4024 et
1515 3967 1710 4040 pagani
1735 3986 1748 4026 :
1779 3969 1876 4026 sed
1922 3987 2082 4030 crea-
2191 3973 2481 4044 provenit;
2515 3956 2648 4046 quid
2676 3981 2758 4030 est
2785 3990 2932 4049 ergo,
2985 3985 3048 4034 ut
3086 3980 3350 4038 mortales
3402 3979 3645 4038 haredes
3668 3956 3794 4055 ejus

485 4052 658 4104 torem
682 4044 858 4107 Deum
889 4051 1296 4110 venerabantur
1323 4054 1382 4110 in
1422 4064 1690 4113 creatura.
2190 4063 2462 4134 dicantur,
2502 4044 2598 4139 qui
2653 4083 2868 4140 semper
2918 4067 3064 4125 vivit
3094 4069 3123 4127 ἳ
3169 4069 3277 4127 Sed
3322 4070 3605 4144 Scriptura
3634 4087 3790 4129 more

557 4137 740 4209 (Vers.
768 4139 823 4209 4,
855 4141 937 4213 5.)
983 4166 1001 4190 ι
1028 4142 1100 4200 At
1127 4143 1224 4199 ubi
1269 4144 1424 4202 venit
1454 4144 1742 4218 plenitudo
1787 4151 2077 4223 temporis,
2187 4163 2372 4211 nostro
2418 4137 2682 4229 loquitur,
2736 4137 2796 4214 ut
2840 4156 3148 4230 intelligere
3191 4137 3513 4231 possumus;
3545 4169 3607 4218 ut
3635 4164 3787 4221 enim

491 4226 642 4284 misit
695 4229 840 4287 Deus
897 4231 1100 4289 Filium
1155 4249 1316 4290 suum
1375 4234 1580 4292 factum
1611 4252 1681 4292 ex
1721 4237 1974 4306 muliere,
2002 4241 2078 4298 fa-
2187 4243 2437 4299 ostendat
2469 4226 2729 4302 daturum
2757 4253 2968 4318 patrem
3007 4226 3142 4304 ﬁliis
3191 4226 3261 4305 de
3302 4247 3463 4307 bonis
3491 4226 3625 4319 suis,
3662 4251 3783 4310 haec

481 4322 632 4372 ctum
661 4317 764 4375 sub
793 4320 928 4391 lege,
957 4329 1020 4378 ut
1037 4339 1129 4379 eos
1159 4324 1254 4398 qui
1283 4325 1385 4382 sub
1409 4325 1523 4398 lege
1551 4335 1728 4397 erant,
1761 4328 2072 4399 redimeret;
2185 4347 2305 4405 quae
2326 4332 2551 4390 daturus
2581 4344 2683 4404 est,
2714 4317 3092 4393 haereditatem
3119 4339 3378 4411 appellat.

480 4412 543 4460 ut
567 4403 810 4460 ﬁliorum
857 4407 1206 4480 adoptionem
1257 4415 1646 4488 reciperemus.
1697 4442 1715 4467 ι
1771 4417 2074 4476 Plenitudo
2201 4403 2218 4405 _
2259 4423 2438 4495 (Vers.
2469 4424 2551 4497 8.)
2599 4449 2618 4473 ς
2649 4403 2753 4483 Sed
2793 4434 2927 4484 tunc
2953 4403 3524 4500 quidemignorantes
3578 4431 3778 4500 Deum,

480 4493 745 4564 temporis
791 4502 875 4550 est
921 4498 1256 4569 completum
1296 4510 1514 4576 tempus
1559 4505 1704 4577 quod
1740 4505 2072 4578 praeﬁnitum
2105 4562 2154 4589 η
2186 4493 2379 4589 ἥδ’ᾳαὶ
2409 4493 2606 4574 natura
2632 4535 2744 4576 non
2773 4526 2904 4576 sunt
2931 4493 3031 4587 dii,
3063 4493 3409 4578 servie‘batis.
3437 4546 3456 4571 ι
3504 4521 3779 4589 Quoniam

479 4579 658 4638 fuerat
683 4598 715 4637 a
741 4583 855 4638 Deo
907 4583 1086 4654 Patre,
1119 4589 1338 4660 quando
1369 4591 1616 4648 mitteret
1649 4594 1854 4651 Filium
1882 4613 2064 4669 suum,
2105 4579 2154 4622 υ
2185 4579 2338 4677 prius
2367 4622 2464 4679 per
2490 4606 2856 4680 ignorantiam
2886 4579 3184 4681 peccabaut
3224 4579 3547 4670 servientes
3585 4612 3775 4682 idolis,

477 4677 540 4727 ut
567 4687 636 4728 ex
664 4671 896 4745 Virgine
921 4674 1120 4746 factus,
1152 4677 1308 4751 quasi
1356 4678 1524 4738 homo
1564 4694 1902 4759 nasceretur,
1945 4689 2069 4748 sub-
2181 4671 2478 4752 iacileillis
2511 4671 2764 4768 ignotum
2797 4671 3091 4769 signiﬁcat,
3138 4698 3283 4756 sicut
3311 4700 3452 4758 dicit
3486 4701 3546 4758 in
3574 4701 3776 4760 Genesi

471 4757 670 4831 jiciens
696 4778 756 4818 se
787 4763 892 4836 legi
919 4782 1092 4841 usque
1135 4767 1203 4825 ad
1249 4776 1466 4844 tempus
1512 4771 1813 4848 baptismi;
1848 4757 1908 4836 ut
1964 4780 2071 4836 for-
2179 4783 2502 4841 Abimelech
2533 4757 2611 4841 ad
2639 4788 2816 4842 Deum
2839 4757 2876 4842 εν
2899 4812 2917 4834 ε
2945 4757 3201 4858 Domine,
3248 4788 3450 4862 inquit,

476 4865 620 4906 mam
667 4852 821 4950 daret
875 4856 1152 4926 quomodo
1208 4870 1519 4930 peccatores
1573 4864 1770 4935 abluti,
1803 4875 1857 4924 et
1881 4885 1914 4924 a
1933 4868 2069 4942 jugo
2179 4882 2391 4944 gentem
2425 4874 2768 4946 ignorantem
2804 4875 2997 4949 perdes
3025 4852 3399 4951 (Gemma-4)
3482 4906 3500 4930 ι

476 4939 610 5012 legis
649 4939 821 5013 erepti
848 4942 1170 5016 dignatione
1214 4948 1334 5016 Dei,
1378 4949 1481 5006 ﬁlii
1533 4953 1583 5010 ei
1643 4939 2062 5027 adoptarentur,
2183 4939 2204 4944 ’
2250 4939 2545 5034 (Vers.'9.)
2618 4989 2637 5012 ‹
2685 4939 2846 5024 Nunc
2903 4939 3086 5024 autem
3135 4939 3530 5041 cognoscentes
3560 4970 3762 5039 Deum,

475 5028 618 5086 sicut
659 5031 985 5104 promiserat
1052 5033 1351 5108 redemptis
1396 5041 1661 5112 sanguine
1743 5043 1875 5100 Filii
1925 5043 2062 5118 ejus.
2175 5028 2288 5108 imo
2321 5067 2452 5108 vero
2499 5053 2743 5127 cognitis
2797 5056 2930 5124 Deo,
2973 5056 3250 5130 quomodo
3295 5057 3498 5114 iterum
3527 5075 3770 5117 conver-

471 5119 809 5177 Salvatorem
837 5129 1020 5180 autem
1051 5137 1271 5182 necesse
1300 5134 1417 5184 erat
1445 5127 1566 5186 ﬁeri
1609 5129 1712 5188 sub
1743 5131 1877 5205 lege,
1909 5134 2065 5207 quasi
2174 5137 2359 5196 timini
2393 5141 2461 5198 ad
2493 5119 2716 5199 inﬁrma
2754 5152 2807 5201 et
2841 5119 3009 5218 egena
3043 5146 3332 5215 elementa,
3365 5147 3567 5221 quibus
3585 5149 3768 5206 denuo

469 5209 649 5268 ﬁlium
675 5210 911 5270 Abrahze
934 5210 1098 5285 juxta
1117 5229 1336 5274 carnem
1361 5235 1374 5285 ;
1411 5225 1472 5275 ut
1499 5218 1861 5280 circumcisus
1887 5239 2065 5297 appa-
2172 5231 2376 5288 servire
2401 5232 2616 5290 vultis?
2646 5259 2665 5281 ι
2708 5209 2900 5292 Grave
2915 5234 3141 5293 illorum
3171 5236 3474 5294 admissum
3517 5237 3765 5306 adnotat;

471 5307 614 5360 reret
644 5299 694 5360 is
720 5317 855 5374 esse,
885 5302 980 5378 qui
1014 5304 1315 5378 promissus
1341 5305 1597 5379 Abrahae,
1633 5312 1845 5370 veniret
1876 5322 2062 5387 gentes
2171 5321 2300 5395 quia
2352 5329 2474 5396 post
2517 5324 2893 5397 cognitionem
2947 5326 3071 5398 Dei,
3129 5344 3193 5384 ea
3244 5344 3366 5402 qua:
3423 5344 3766 5402 paganorum

464 5391 771 5462 justiﬁcare
817 5411 914 5469 per
955 5393 1141 5464 ﬁdem,
1199 5396 1417 5470 signum
1487 5399 1694 5458 habens
1775 5401 1915 5474 ejus,
1969 5403 2060 5462 cui
2169 5391 2319 5481 sunt,
2352 5391 2522 5486 sequi
2576 5391 2874 5488 coeperant.
2925 5418 2997 5472 Et
3032 5391 3156 5489 plus
3182 5391 3372 5475 addit:
3419 5391 3443 5466 ί
3484 5391 3627 5486 Quia
3653 5435 3765 5476 non

541 5610 1138 5712 LGB‘LEomLAedintxluos
1167 5615 1289 5672 estis
1318 5616 1541 5688 Christi,
1571 5637 1693 5695 ergo
1719 5621 1950 5683 Abrahae
1966 5644 2057 5683 se-
2205 5632 2354 5712 “(69)
2387 5632 2590 5691 Omnes
2614 5633 2747 5712 edit.
2775 5653 2838 5712 ac
2867 5637 3131 5712 nonnulli
3181 5654 3335 5712 mss.,
3379 5639 3583 5698 Nomen
3619 5639 3760 5698 enim

468 5697 578 5736 men
606 5687 726 5736 estis
750 5691 797 5740 et
820 5687 1122 5746 secundum.
1525 5687 1533 5688 ί
1629 5687 1649 5695 ⁷
2163 5687 2288 5758 oliin
2306 5687 2786 5778 Vdeceper‘untﬁuelut
2814 5708 2872 5765 in
2901 5709 3201 5782 imaginem.

823 6071 1102 6148 [Χ
