4108 6184
345 325 446 386 381

1407 326 1769 386 COMMENT.
1812 327 1885 384 IN
1920 325 2138 386 EPIST.
2179 329 2277 386 AD
2313 329 2569 389 GALAT.

3523 342 3630 404 382

344 451 435 510 isti
480 458 858 525 cognoverunt
899 451 1097 520 Deum,
1136 449 1232 508 sed
1273 449 1446 526 magis
1491 452 1700 525 cogniti
1743 468 1774 508 a
1819 453 1935 510 Deo
1965 454 2017 515 A
2043 452 2305 520 rioribus,
2347 453 2541 513 ﬁerent
2585 456 2919 515 exacerbati.
2963 457 3117 516 Nihil
3164 467 3347 520 tamen
3388 460 3496 522 sibi
3543 480 3646 524 no-

343 547 488 598 sunt.
519 563 539 587 ι
584 539 725 601 Cum
752 537 904 596 enim
932 537 992 596 hi
1034 554 1144 598 non
1190 545 1337 604 224
1379 549 1690 617 quaererent
1731 543 1930 612 Deum,

338 638 632 698 advocavit
655 655 748 696 eos
776 639 841 697 ad
870 655 1023 698 suam
1054 641 1285 714 gratiam
1330 658 1343 698 :
1378 649 1432 699 et
1448 641 1508 698 hi
1534 641 1760 715 ingrati,
1787 642 1856 698 ad
1877 659 1940 699 ea

335 729 589 788 converti
645 737 940 802 coeperant,
993 747 1115 804 quae
1177 738 1314 787 tunc
1390 732 1668 800 colebant,
1719 732 1938 806 quando

337 819 663 893 ignorabant
686 822 889 888 Deum;
915 827 976 877 ut
991 827 1392 876 venerarentur
1425 819 1648 877 inﬁrma
1681 829 1736 878 et
1774 839 1939 894 egena

335 909 626 982 elementa,
683 919 737 968 et
790 927 903 967 non
956 917 1073 966 tota
1138 918 1323 965 mente
1385 907 1692 979 Christum,
1733 911 1791 968 in
1828 928 1936 984 quo

335 999 519 1056 omnis
564 999 841 1057 inhabitat
880 997 1165 1055 divinitas.
1214 997 1437 1055 Inﬁrma
1479 1008 1532 1056 et
1583 1015 1749 1073 egena
1801 1000 1938 1059 dicit

334 1089 630 1158 elementa,
662 1088 794 1164 quia
832 1088 1150 1164 imperfecta
1167 1099 1324 1157 sunt;
1357 1089 1425 1146 ad
1455 1089 1756 1162 regendum
1787 1090 1935 1146 enim

337 1176 617 1233 mundum
655 1177 893 1236 invicem
923 1186 1082 1252 egent
1109 1179 1195 1236 sui
1227 1197 1239 1236 :
1271 1178 1331 1235 in
1361 1177 1582 1238 Christo
1613 1187 1797 1236 autem
1818 1196 1934 1252 per-

338 1266 488 1326 facta
513 1268 658 1324 salus
682 1274 783 1324 est.

418 1357 600 1427 (Vers.
637 1356 752 1429 10.)
799 1381 816 1404 ε
852 1355 982 1412 Dies
1011 1356 1333 1427 observatis,
1361 1363 1416 1412 et
1447 1370 1682 1424 menses,
1713 1364 1768 1414 et
1799 1364 1934 1414 tem-

332 1463 487 1520 pora,
515 1456 567 1505 et
596 1464 787 1505 annos.
819 1473 840 1497 ι
881 1447 1012 1515 Quae
1040 1448 1310 1504 elementa
1361 1448 1586 1519 dixerit,
1637 1467 1786 1508 nunc
1830 1449 1937 1506 de-

330 1536 524 1593 clarat.
554 1535 711 1594 Diem
737 1537 820 1593 sol
851 1535 1001 1606 facit,
1060 1553 1274 1595 menses
1321 1554 1514 1595 cursus
1557 1538 1702 1597 lunae
1738 1558 1748 1596 :
1783 1546 1936 1596 tem-

334 1641 470 1698 pora
522 1642 653 1683 vero
698 1634 829 1683 sunt
897 1643 1013 1696 ver,
1076 1636 1253 1697 aestas,
1322 1637 1646 1698 autumnus,
1704 1629 1931 1688 hiems:

335 1724 574 1788 quatuor
630 1716 770 1785 haec,
814 1716 1088 1789 completo
1135 1732 1366 1774 numero
1431 1717 1678 1791 proprio,
1722 1719 1936 1778 faciunt

2047 543 2224 601 cuisse
2245 543 2371 600 illos
2390 544 2544 612 dicit;
2568 545 2702 618 ipsis
2723 564 2868 606 enim
2893 548 3082 606 eberat
3098 548 3360 610 delictum
3382 553 3635 614 illorum:

2048 633 2346 706 Apostolus
2373 633 2520 690 enim
2561 635 2882 708 impleverat
2921 639 3166 698 ofﬁcium
3215 640 3644 715 dispensationis

2049 723 2153 779 sibi
2185 723 2427 793 creditae,
2477 733 2538 782 ut
2591 725 2744 782 omni
2787 744 2913 784 cum
2975 730 3266 803 diligentia
3318 731 3646 804 praedicaret

2051 813 2149 884 eis,
2181 814 2324 872 sicut
2360 815 2497 872 dicit
2545 816 2815 872 Dominus
2861 817 2930 874 ad
2972 821 3291 891 prophetam
3340 822 3640 882 Ezechiel:

2067 930 2084 954 ι
2113 907 2216 975 Tu,
2261 906 2464 981 inquit,
2503 908 2740 979 praedica
2768 926 2780 964 :
2810 907 2857 964 si
2899 915 2953 964 te
2999 909 3295 980 audierint,
3344 914 3643 971 lucraberis

2049 1009 2176 1062 eos;
2211 995 2256 1051 si
2289 996 2607 1069 quominus,
2640 1003 2700 1052 tu
2721 997 2962 1053 salvabis
2990 997 3230 1054 animam
3261 1007 3414 1056 tuam
3441 1003 3637 1061 Ezech.

2047 1101 2130 1152 nr,
2166 1085 2250 1153 19,
2284 1085 2400 1154 21).
2434 1111 2452 1134 ι

2120 1174 2301 1243 (Vers.
2337 1173 2544 1245 13,115.)
2565 1199 2581 1220 ι
2604 1173 2768 1231 Scitis
2795 1173 2924 1248 quia
2943 1190 3040 1246 per
3060 1175 3443 1233 inﬁrmitatem
3463 1179 3647 1236 carnis

2049 1265 2418 1338 evangelizavi
2473 1265 2631 1322 vobis
2679 1263 2795 1337 jam
2847 1265 3062 1338 pridem
3111 1285 3122 1323 :
3177 1275 3230 1323 et
3279 1268 3640 1326 tentationem

2048 1366 2284 1415 vestram
2315 1359 2374 1415 in
2399 1357 2561 1416 carne
2590 1374 2709 1415 mea
2737 1375 2848 1416 non
2873 1358 3182 1430 sprevistis,
3215 1376 3393 1433 neque
3433 1361 3644 1432 respui-

2046 1448 2165 1507 stis.
2216 1449 2280 1506 In
2326 1447 2647 1506 memoriam
2705 1458 2924 1506 revocat
2972 1449 3084 1505 illis
3131 1457 3366 1522 tempus,
3415 1451 3640 1525 quando

2046 1538 2284 1611 primum
2324 1537 2647 1611 praedicavit
2681 1537 2798 1594 illis
2826 1539 3191 1611 Evangelium
3208 1540 3330 1597 Dei.
3349 1542 3474 1613 Ipso
3493 1541 3640 1598 enim

2048 1638 2290 1704 tempore
2315 1630 2538 1702 injuriis
2566 1630 2826 1704 agebatur
2853 1633 3170 1703 Apostolus,
3204 1640 3258 1688 et
3288 1632 3530 1689 caedibus
3558 1631 3639 1688 in-

2046 1721 2383 1790 ﬁrmabatur;
2415 1721 2669 1778 inﬁrmus
2716 1720 2863 1778 enim
2912 1721 3152 1789 videtur,
3176 1720 3271 1794 qui
3293 1721 3642 1789 humiliatur,

330 1821 562 1863 annum.
593 1807 724 1864 Dies
752 1823 882 1880 ergo
919 1806 1234 1878 observant,
1275 1810 1370 1883 qui
1400 1810 1616 1880 dicunt,
1658 1819 1721 1868 ut
1748 1819 1882 1886 puta
1914 1830 1926 1870 :
1961 1821 2007 1882 B
2042 1821 2096 1872 et
2123 1828 2234 1868 non
2259 1811 2467 1867 resistit
2500 1818 2722 1884 prepter
2748 1809 3117 1884 Evangelium
3148 1809 3268 1866 Dei.
3315 1811 3386 1865 Et
3435 1811 3493 1866 in
3541 1810 3646 1868 hoc

334 1895 592 1954 Crastino
638 1896 1100 1969 proﬁciscendum
1129 1914 1243 1955 non
1288 1907 1412 1968 est;
1460 1908 1582 1974 post
1631 1903 1935 1960 crastinum

335 1986 490 2042 enim
547 2003 659 2044 non
715 1987 878 2045 debet
923 1988 1136 2063 aliquid
1194 1990 1446 2048 inchoari
1482 2011 1493 2048 :
1527 2001 1581 2049 et
1625 1993 1704 2050 sic
1759 1995 1939 2050 solent

331 2074 512 2146 magis
540 2075 739 2148 decipi.
773 2075 843 2132 Hi
876 2084 1060 2134 autem
1091 2079 1281 2135 colunt
1329 2097 1564 2148 menses,
1597 2082 1689 2154 qui
1743 2099 1938 2140 cursus

331 2164 482 2222 lunae
503 2173 876 2238 perscrutatur
903 2168 1171 2240 dicentes,
1203 2177 1265 2226 ut
1293 2179 1427 2244 puta
1460 2190 1473 2228 :
1505 2172 1750 2246 Septima
1799 2175 1930 2232 luna

331 2252 706 2312 instrumenta
734 2256 931 2315 conﬁci
963 2274 1075 2315 non
1104 2259 1340 2329 debent;
1370 2277 1517 2318 nona
1545 2260 1748 2319 iterum
1799 2265 1933 2321 luna

329 2360 555 2401 servum
585 2351 854 2418 emptum,
886 2354 950 2403 ut
985 2356 1117 2420 puta
1157 2348 1384 2406 domum
1433 2349 1563 2408 duci
1622 2368 1734 2408 non
1775 2370 1933 2426 opor-

329 2439 437 2500 tet;
496 2439 549 2488 et
594 2449 692 2506 per
742 2434 860 2494 haec
907 2436 1126 2493 facilius
1154 2438 1332 2495 solent
1357 2439 1586 2498 adversa
1623 2444 1932 2514 provenire.

331 2521 605 2594 Tempora
651 2539 782 2579 vero
831 2525 911 2582 sic
957 2524 1273 2593 observant,
1321 2544 1445 2584 cum
1487 2529 1683 2588 dicunt
1715 2549 1728 2590 :
1763 2533 1936 2590 Hodie

335 2615 487 2672 veris
516 2615 743 2673 initium
774 2626 874 2686 est,
907 2618 1182 2676 festivitas
1207 2627 1309 2689 est,
1337 2629 1462 2694 post
1491 2639 1612 2680 cras
1664 2625 1935 2683 Vulcana-

339 2705 414 2763 lia
441 2715 592 2764 sunt.
624 2709 696 2766 Et
739 2710 872 2766 talia
906 2711 1108 2768 iterum
1145 2713 1302 2770 aiunt
1337 2733 1349 2771 :
1381 2715 1668 2773 Posterum
1697 2728 1798 2788 est,
1829 2719 1939 2774 do—

335 2813 491 2854 mum
513 2797 696 2871 egredi
725 2815 838 2856 non
878 2799 1026 2858 licet.
1058 2803 1250 2860 Annos
1265 2804 1347 2861 sic
1367 2805 1578 2872 colunt,
1600 2822 1727 2863 cum
1745 2805 1941 2863 dicunt

337 2887 605 2945 Kalendis
658 2889 936 2948 Januariis
1002 2891 1166 2948 novis
1217 2900 1299 2948 est
1356 2909 1555 2962 annus,
1612 2894 1768 2966 quasi
1826 2910 1939 2950 non

338 2975 589 3050 quotidie
616 2978 746 3034 anni
773 2980 1115 3050 impleantur
1147 2997 1159 3035 :
1192 2981 1287 3036 sed
1322 2989 1384 3036 ut
1421 2981 1547 3036 Jani
1594 2980 1748 3038 illius
1795 2998 1940 3038 reco-

338 3066 460 3123 lant
486 3066 810 3128 memoriam
859 3066 1142 3135 bifrontis,
1192 3067 1298 3124 hac
1329 3068 1719 3142 superstitione
1765 3079 1942 3127 utun-

2049 1904 2231 1960 laudat
2257 1900 2622 1958 constantiam
2652 1917 2863 1968 eorum,
2897 1901 3027 1974 quia
3057 1917 3168 1956 non
3200 1907 3328 1956 sunt
3375 1899 3642 1959 abstracti

2046 2009 2078 2047 a
2105 1992 2250 2047 ﬁde:
2283 1990 2500 2063 injuriae
2529 1989 2677 2045 enim
2717 1989 2967 2062 Apostoli
3019 1989 3254 2047 tentatio
3304 1998 3420 2047 erat
3467 1990 3646 2047 Gala-

2049 2090 2248 2150 tarum,
2280 2079 2339 2136 in
2368 2097 2475 2154 qua
2514 2079 2661 2136 ﬁrmi
2699 2079 2914 2136 inventi
2963 2088 3110 2147 sunt,
3163 2097 3274 2136 non
3328 2079 3643 2137 dubitantis

2047 2171 2113 2228 de
2142 2170 2271 2228 ﬁde.
2310 2170 2536 2227 Possent
2563 2169 2732 2238 enim,
2762 2170 3078 2226 scandalum
3107 2169 3270 2244 passi,
3294 2169 3475 2227 dicere
3499 2171 3638 2243 (72):

2045 2261 2176 2330 Quae
2198 2269 2278 2318 est
2307 2260 2486 2317 virtus
2517 2268 2611 2316 aut
2645 2277 2765 2332 spes
2796 2259 2854 2316 in
2879 2259 2982 2317 hac
3011 2259 3363 2334 ﬁde,quando
3384 2259 3643 2318 minister

2045 2350 2161 2424 ejus
2191 2352 2270 2409 sic
2298 2351 2670 2409 humiliatur?
2701 2351 2805 2409 Sed
2831 2352 2960 2426 quia
2977 2351 3090 2425 jam
3139 2351 3388 2408 animum
3436 2351 3642 2409 futuris

2045 2444 2241 2516 spebus
2300 2443 2621 2510 infecerant,
2656 2451 2950 2515 praesentes
3020 2442 3206 2500 exitus
3266 2459 3364 2516 pro
3427 2441 3638 2500 Christi

2048 2533 2270 2589 nomine
2317 2549 2428 2588 non
2476 2531 2952 2604 pertimescebant,
2999 2533 3136 2590 certi
3185 2533 3348 2588 ﬁdem
3395 2540 3637 2589 nostram

2049 2638 2158 2678 non
2206 2623 2264 2678 in
2311 2621 2493 2688 terris,
2545 2619 2639 2675 sed
2686 2618 2743 2673 in
2778 2619 2932 2675 caelis
2979 2619 3178 2676 habere
3216 2619 3560 2691 dignitatem,
3592 2627 3644 2674 et

2049 2726 2146 2780 pro
2211 2708 2300 2763 his
2349 2705 2805 2761 tribulationibus
2852 2721 3044 2777 magna
3105 2707 3331 2776 rependi
3398 2704 3641 2778 praemia.

2052 2796 2324 2852 Ruborem
2379 2794 2494 2850 illis
2551 2793 2792 2862 incutit;
2852 2793 2983 2866 quia
3028 2799 3150 2866 post
3211 2793 3330 2848 haec
3388 2791 3644 2848 laudabi~

2054 2884 2127 2939 lia
2175 2883 2540 2940 circumventi
2591 2883 2829 2951 fuerant,
2889 2891 2983 2938 aut
3038 2880 3435 2955 vituperabiles
3479 2879 3644 2937 vide-

2052 2981 2261 3030 rentur.
2309 2997 2328 3021 ι
2352 2974 2457 3030 Sed
2486 2973 2628 3030 sicut
2657 2974 2908 3046 angelum
2939 2972 3040 3029 Dei
3076 2971 3371 3045 excepistis
3415 2988 3524 3039 me,
3559 2970 3644 3027 si-

2050 3073 2142 3121 cut
2173 3064 2454 3122 Christum
2479 3066 2683 3122 Jesum.
2726 3090 2744 3113 »
2798 3065 2913 3120 Hoc
2968 3063 3142 3137 magis
3198 3062 3384 3120 laudat
3435 3061 3494 3118 in
3541 3061 3638 3131 eis,

335 3161 456 3221 tur,
489 3170 609 3227 quae
639 3154 800 3225 longe
830 3153 991 3210 debet
1015 3169 1131 3212 esse
1179 3171 1210 3212 a
1266 3173 1455 3214 servus
1502 3159 1622 3215 Dei.
1677 3159 1734 3215 Si
1789 3160 1934 3217 enim
1967 3191 2008 3250 Ο
2049 3155 2178 3228 quia
2222 3156 2488 3228 pressuris
2534 3171 2645 3210 non
2692 3155 3029 3212 deformatus
3066 3162 3146 3210 est
3187 3153 3333 3226 apud
3389 3169 3500 3221 eos,
3548 3153 3642 3209 sed

336 3243 491 3298 Deus
518 3257 586 3296 ex
615 3247 734 3297 toto
781 3243 944 3300 corde
992 3243 1272 3318 diligatur,
1319 3246 1437 3318 ipso
1477 3247 1740 3321 propitio,
1780 3250 1935 3305 nulla

340 3327 507 3385 debet
531 3345 646 3386 esse
673 3330 934 3400 formido,
964 3349 1143 3406 neque
1189 3335 1428 3408 suspicio
1467 3335 1663 3394 harum
1705 3354 1930 3406 rerum;

339 3433 600 3490 prospere
635 3418 783 3475 enim
831 3428 1011 3493 potest
1054 3422 1265 3493 cedere,
1301 3423 1571 3500 quidquid
1609 3426 1938 3501 simpliciter

334 3504 442 3562 sub
472 3507 569 3563 Dei
597 3507 890 3565 devotione
917 3510 1002 3568 ﬁt.

411 3597 593 3668 (Vers.
627 3599 740 3672 11.)
789 3624 808 3648 ι
835 3600 1025 3658 Timeo
1042 3617 1142 3659 vos
1161 3618 1230 3660 ne
1250 3601 1456 3661 frustra
1483 3605 1848 3663 laboraverim
1875 3608 1934 3664 in

335 3688 496 3746 vobis
527 3691 690 3764 (70).»
735 3692 956 3765 Duplici
984 3709 1178 3766 genere
1198 3695 1450 3753 subversi
1470 3696 1690 3754 fuerant
1706 3698 1936 3763 Galatae;

334 3789 396 3837 ut
423 3789 550 3855 post
575 3782 676 3840 Dei
703 3784 932 3856 gratiam
959 3802 1073 3841 non
1102 3788 1282 3844 solum
1310 3789 1379 3846 ad
1425 3789 1597 3862 legem
1652 3797 1935 3846 converte-

334 3879 550 3940 rentur,
580 3872 678 3929 sed
715 3872 784 3929 ad
812 3889 1021 3930 errores
1069 3875 1352 3949 pristinos.
1383 3879 1608 3938 Inducti
1651 3879 1799 3936 enim
1844 3881 1934 3936 vel

332 3960 532 4030 eversi,
566 3961 624 4017 in
656 3962 830 4035 legem
860 3963 1020 4020 facile
1049 3965 1464 4025 declinaverant
1513 3968 1582 4025 ad
1627 3969 1938 4026 observan-

334 4050 464 4109 tiam
497 4050 716 4108 dierum
749 4059 804 4108 et
834 4053 1105 4111 mensium
1141 4075 1154 4124 ;
1187 4056 1410 4114 Sabbati
1439 4059 1590 4114 enim
1623 4059 1935 4117 observatio

333 4148 385 4197 et
411 4143 835 4202 neomeniarum
866 4151 1211 4202 attraxerunt
1239 4147 1366 4205 illos
1394 4148 1463 4206 ad
1502 4148 1637 4206 haec.
1683 4150 1811 4206 Ideo
1839 4150 1937 4205 in-

332 4231 486 4303 quit:
539 4257 556 4279 ‹
587 4232 780 4290 Timeo
811 4251 877 4292 ne
907 4236 1027 4291 sine
1077 4252 1240 4292 causa
1288 4237 1653 4295 laboraverim
1711 4239 1834 4312 (70)
1879 4240 1935 4296 in

334 4321 532 4389 vobis;
579 4347 597 4371 ι
655 4323 735 4380 sic
777 4322 927 4378 enim
970 4323 1194 4380 videbat
1244 4340 1336 4381 eos
1384 4326 1440 4381 in
1469 4326 1623 4399 pejus
1649 4328 1931 4399 proﬁcere,

336 4417 392 4466 ut
420 4419 649 4483 possent
670 4411 837 4470 etiam
867 4430 898 4468 a
929 4413 1150 4472 Christo
1180 4415 1398 4486 penitus
1428 4415 1700 4474 recedere.

402 4507 592 4578 (Vers.
615 4507 728 4580 12.)
747 4508 958 4566 ιΕεῐοῐθ
974 4509 1117 4566 sicut
1135 4526 1251 4583 ego;
1277 4509 1407 4584 quia
1426 4519 1480 4566 et
1501 4527 1598 4584 ego
1619 4513 1760 4569 sicut
1777 4530 1922 4570 vos.»

332 4592 441 4651 Hoc
466 4595 633 4664 dicit,
664 4604 726 4652 ut
753 4597 884 4653 dent
921 4615 1142 4671 operam
1171 4598 1483 4673 corrigendi
1515 4615 1596 4668 ea;
1634 4601 1762 4674 quia
1821 4618 1933 4657 non

331 4694 410 4742 est
430 4686 779 4758 impossibile
810 4695 872 4744 ut
899 4689 1010 4745 sint
1039 4689 1182 4747 sicut
1212 4689 1327 4761 ipse
1353 4709 1365 4756 ;
1400 4689 1531 4763 quia
1575 4697 1630 4746 et
1672 4691 1785 4761 ipse
1828 4690 1933 4748 hoc

332 4783 460 4845 erat,
498 4775 560 4833 id
590 4783 672 4832 est
700 4775 886 4847 homo,
923 4779 1071 4852 quod
1097 4787 1150 4835 et
1188 4779 1272 4834 illi
1306 4796 1318 4847 ;
1369 4787 1422 4835 et
1468 4796 1594 4836 cum
1634 4779 1826 4835 fuisset
1873 4779 1930 4835 in

333 4881 516 4925 errore
562 4883 890 4942 persequens
947 4869 1272 4939 Ecclesiam,
1333 4879 1615 4942 correptus
1657 4871 1932 4930 convertit

333 4973 406 5013 se.
453 4983 470 5006 ι
508 4959 750 5028 Fratres,
782 4959 1006 5017 obsecro
1035 4978 1154 5029 vos,
1212 4959 1356 5018 nihil
1409 4962 1550 5018 mihi
1577 4962 1864 5020 nocuistis.
1898 4987 1915 5008 ι

334 5045 485 5103 Nunc
530 5048 721 5104 mitius
751 5048 862 5121 agit
887 5065 1013 5105 cum
1061 5049 1158 5118 eis,
1214 5056 1268 5106 et
1307 5049 1452 5107 bona
1498 5066 1688 5108 eorum
1731 5049 1929 5123 incipit

336 5151 638 5194 memorare
669 5156 682 5206 ;
715 5147 778 5196 ut
813 5143 936 5211 post
966 5153 1186 5210 magnas
1209 5139 1582 5213 correptiones
1601 5139 1745 5197 bona
1765 5155 1927 5212 opera

334 5227 845 5300 sua(7i)audientes
891 5236 1286 5296 recrearentur,
1335 5237 1389 5286 et
1443 5229 1570 5286 data
1626 5247 1788 5302 opera
1847 5247 1925 5286 re-

337 5315 636 5375 formarent
663 5336 740 5385 se;
765 5334 832 5376 ne
859 5317 1334 5391 objurgationibus
1353 5318 1564 5376 diutius
1586 5317 1756 5393 pressi
1777 5335 1924 5391 aspe-

409 5489 526 5559 (70)
560 5491 717 5547 Rom.
752 5489 910 5558 edit.,
948 5490 1120 5547 Timeo
1148 5507 1212 5544 ne
1229 5489 1339 5544 sine
1357 5506 1515 5545 causa
1551 5492 1920 5548 laboraverim.

409 5563 526 5634 (71)
548 5560 814 5634 Nonnulli
846 5578 998 5629 mss.,
1023 5569 1070 5617 et
1110 5562 1242 5634 bona
1274 5579 1436 5634 opera
1458 5579 1574 5634 sua.
1604 5564 1726 5620 Non
1747 5571 1919 5619 recte.

343 5629 664 5705 Infravem,
697 5632 792 5688 ubi
827 5649 1015 5688 omnes
1062 5633 1194 5688 edit.
1228 5629 1494 5705 ac'pauci
1521 5651 1687 5705 mss.,
1721 5635 1923 5690 diutius

339 5703 528 5772 pressi,
556 5705 852 5778 asperiores
878 5705 1063 5777 ﬁerent
1090 5703 1406 5774 exacerbati,
1437 5703 1534 5761 alii
1563 5722 1702 5764 mss.
1726 5705 1928 5763 melius

2049 3247 2482 3315 commendatus,
2533 3247 2766 3303 scientes
2821 3262 2920 3319 pro
2964 3245 3034 3301 iis
3081 3245 3174 3318 qui
3225 3244 3480 3312 credunt,
3527 3243 3639 3316 pati

2049 3335 2209 3391 illum
2241 3335 2433 3392 exitia.
2467 3336 2621 3393 Sicut
2665 3353 2792 3408 ergo
2846 3337 3102 3408 angelum
3149 3333 3248 3390 Dei
3307 3342 3643 3406 exceperunt

2048 3427 2396 3501 Apostolum,
2426 3425 2708 3484 credentes
2733 3425 2940 3481 donum
2962 3423 3062 3480 Dei
3093 3438 3208 3478 esse
3246 3423 3393 3496 quod
3435 3424 3642 3498 praedi-—

2047 3523 2136 3571 cat
2167 3533 2178 3570 :
2210 3515 2289 3573 sic
2315 3516 2364 3572 ei
2417 3517 2740 3584 deferentes,
2795 3512 2948 3588 quasi
2987 3512 3093 3586 ipsi
3141 3511 3352 3570 auctori
3403 3513 3642 3570 Domino

2046 3603 2172 3659 Jesu
2201 3603 2440 3662 Christo.

2121 3693 2302 3760 (Vers.
2360 3691 2472 3764 15.)
2546 3717 2564 3738 σ
2636 3692 2766 3760 Quae
2826 3709 2952 3766 ergo
3011 3699 3127 3750 erat
3192 3691 3476 3750 beatitudo
3537 3681 3662 3747 ve—x

2048 3790 2159 3838 stra
2191 3782 2308 3855 (73)
2348 3783 2375 3838 ?
2424 3807 2441 3831 ι
2515 3783 2710 3838 Beatos
2758 3781 2858 3838 hos
2915 3783 3082 3839 fuisse
3129 3783 3267 3840 dicit
3310 3787 3455 3845 225
3495 3781 3639 3854 apud

2047 3888 2269 3938 caeteras
2325 3881 2614 3950 Ecclesias,
2657 3899 2753 3955 per
2805 3881 2862 3937 id
2926 3881 3073 3955 quod
3124 3879 3358 3954 apostoli
3421 3875 3642 3948 injuriis

2049 3988 2160 4027 non
2194 3971 2601 4046 frangebantur,
2632 3973 2726 4030 sed
2751 3972 3064 4030 crescebant
3112 3970 3171 4026 in
3218 3970 3344 4024 ﬁde.
3406 3992 3423 4014 ε
3466 3965 3642 4020 Testis

2049 4060 2197 4116 enim
2255 4079 2374 4117 sum
2425 4062 2580 4118 vobis
2630 4062 2778 4137 quia,
2827 4061 2873 4118 si
2946 4060 3067 4114 ﬁeri
3119 4057 3408 4130 potuisset,
3452 4053 3641 4109 oculos

2050 4161 2259 4210 vestros
2325 4153 2622 4222 eruissetis,
2682 4160 2736 4207 et
2800 4147 3089 4207 dedissetis
3151 4143 3312 4199 mihi.
3346 4167 3363 4190 ι
3434 4142 3637 4199 Votum

2047 4260 2235 4300 eorum
2260 4243 2406 4300 circa
2435 4241 2757 4314 religionem
2789 4246 2900 4293 tam
2919 4237 3141 4308 plenum
3175 4231 3417 4289 ostendit
3447 4230 3635 4301 fuisse,

2048 4341 2109 4389 ut
2141 4351 2253 4390 non
2285 4334 2463 4388 solum
2493 4332 2632 4386 bene
2653 4328 2719 4383 ab
2749 4326 2828 4383 eis
2857 4331 3140 4397 susceptus
3163 4323 3254 4392 sit,
3287 4322 3380 4379 sed
3401 4329 3454 4378 et
3469 4321 3639 4379 fortes

2050 4423 2105 4478 in
2159 4423 2266 4480 ﬁde
2310 4420 2525 4477 inventi
2580 4417 2691 4474 sint
2742 4433 2753 4470 :
2793 4424 2847 4473 et
2885 4414 3032 4490 quod
3080 4414 3148 4471 ad
3192 4413 3407 4470 laudem
3457 4410 3632 4485 magis

2049 4512 2285 4582 proﬁcit,
2319 4510 2504 4567 omnia
2537 4525 2673 4582 pene
2693 4523 2790 4563 sua
2819 4505 2902 4562 illi
2930 4505 3250 4561 obtulerunt
3277 4500 3632 4575 proﬂiganda.

2045 4600 2186 4655 Hinc
2215 4602 2338 4672 plus
2367 4601 2536 4667 dolet,
2568 4598 2697 4672 quia
2723 4604 2876 4652 tanta
2903 4594 3142 4652 charitas
3171 4592 3432 4649 subversa
3459 4591 3638 4646 fuerat

2045 4702 2211 4759 prava
2243 4687 2514 4743 doctrina.

2118 4777 2300 4847 (Vers.
2355 4779 2466 4848 16.)
2535 4802 2552 4824 ι
2581 4779 2726 4849 Ergo
2775 4773 3037 4831 inimicus
3080 4771 3238 4829 vobis
3275 4772 3453 4830 factus
3491 4787 3632 4838 sum,

2044 4885 2234 4924 verum
2265 4867 2453 4924 dicens
2476 4865 2633 4923 vobis
2653 4867 2680 4923 ‘P
2707 4892 2724 4915 ι
2774 4866 2890 4921 Ηοο
2923 4863 3078 4934 dicit,
3128 4863 3256 4938 quia
3299 4879 3411 4919 non
3460 4869 3636 4934 potest

2042 4957 2161 5015 ﬁeri
2209 4965 2270 5015 ut
2318 4955 2597 5025 inimicus,
2645 4956 2850 5030 inquit,
2899 4972 2995 5029 ego
3041 4954 3198 5011 vobis
3231 4953 3356 5020 sim,
3402 4965 3634 5024 quorum

2040 5056 2194 5106 tanta
2242 5047 2386 5106 sensi
2436 5047 2714 5122 obsequia.
2760 5047 2864 5103 Sed
2893 5045 3025 5120 quia
3057 5061 3217 5102 nemo
3248 5061 3304 5100 se
3330 5041 3483 5113 argui
3515 5039 3635 5095 vult

2039 5147 2332 5206 errantem,
2366 5137 2574 5196 idcirco
2600 5136 2860 5193 inimicus
2891 5134 3048 5192 vobis
3089 5134 3318 5200 videor;
3364 5130 3512 5202 juste
3540 5143 3636 5182 vos

2041 5229 2461 5304 reprehendens.

2109 5321 2292 5391 (Vera.
2330 5319 2446 5390 17.)
2520 5342 2538 5366 ‹
2590 5318 2948 5376 IEmulantur
3003 5331 3103 5372 vos
3152 5330 3264 5370 non
3324 5311 3458 5367 bene
3494 5323 3506 5361 :
3538 5308 3632 5364 sed

2039 5494 2244 5564 legunt,
2269 5499 2331 5547 ut
2359 5491 2729 5564 inﬂcontextu.
2832 5560 2845 5564 _
2894 5559 2903 5564 _
3374 5555 3385 5564 ,
3439 5551 3476 5564 ν

2109 5551 2372 5635 (72)’Μδδ.
2407 5563 2656 5636 Laudun,
2685 5559 2994 5636 scandalum
3022 5565 3314 5636 proponere
3341 5555 3388 5606 et
3417 5551 3622 5608 dicere.

2038 5630 2258 5702 Quando
2289 5635 2505 5690 Domini
2533 5648 2714 5688 servus
2742 5630 2856 5698 ejus
2885 5630 3136 5702 scit,etc..

2106 5705 2224 5779 (73)
2253 5707 2409 5765 Rom.
2451 5705 2610 5771 edit.,
2645 5701 2744 5758 Ubi
2764 5693 2970 5769 estergo
3001 5693 3264 5753 beatitudo
3293 5703 3466 5753 vestra
3495 5699 3523 5755 ?
