4070 6186
365 335 472 407 3β3

1411 327 1509 383 AD
1542 323 1778 383 OPEBA
1814 323 1870 381 S.
1900 319 2234 381 AMBROSII
2270 318 2650 379 APPENDIX.

3573 319 3682 379 384

365 456 657 519 excludere
682 473 780 515 vos
808 455 1027 525 volunt,
1053 461 1117 512 ut
1139 473 1169 515 e
1211 471 1237 511 s
1269 448 1634 510 mmulemini.
1667 473 1688 497 ι
1743 447 1965 506 Invidia
1989 456 2040 516 Α
2068 456 2228 505 natus
2279 454 2361 504 est
2404 447 2552 504 Isaac
2582 463 2597 516 ;
2626 444 2750 503 ideo
2805 444 2926 505 haec
2976 461 3074 520 per
3121 443 3438 520 allegoriam
3480 446 3682 505 asserit

367 548 681 608 Judaorum
708 546 1000 604 subversas
1028 560 1121 601 eos
1148 541 1467 617 signiﬁcat;
1516 538 1770 597 videntes
1810 538 1959 595 enim
2071 536 2239 606 dicta,
2267 542 2331 593 ut
2365 534 2520 593 aliud
2570 552 2640 592 ex
2682 535 2794 593 alia
2847 533 3163 610 signiﬁcent
3190 551 3437 610 personas
3479 536 3679 594 Ismael

370 638 452 697 sic
474 639 602 697 illas
630 636 891 712 proﬁcere
920 636 981 694 in
1026 631 1352 707 Evangelia,
1403 637 1458 687 et
1504 637 1716 688 tantam
1762 629 1963 688 habere
2070 633 2124 682 et
2145 626 2312 683 Isaac.
2355 625 2550 682 Ismael
2593 624 2744 682 enim
2784 625 3102 683 Judaearum
3154 623 3431 697 signiﬁcat
3474 625 3679 683 nativi-

368 726 692 787 charitatem
731 727 791 784 in
818 726 1103 801 Apostolo,
1138 722 1196 780 id
1237 728 1484 795 egerunt,
1520 728 1791 796 quatenus
1836 721 1964 777 illas

370 816 704 891 deciperent.
726 817 901 874 Erant
927 812 1075 871 enim
1099 810 1235 885 legis
1259 826 1423 868 causa
1435 810 1699 885 apostolis
1724 809 1962 879 inimici,
2012 878 2019 891 ‘

372 914 435 964 ut
470 915 725 965 manente
751 904 975 962 nomine
996 900 1315 971 Salvataris,
1339 900 1581 959 facerent
1605 917 1698 959 eos
1724 900 1965 970 Judaeos,

371 996 668 1069 gaudentes
695 994 756 1052 in
786 992 1072 1051 eversione
1100 1006 1290 1051 eorum
1315 1009 1330 1060 ;
1370 1006 1482 1047 non
1502 989 1650 1047 enim
1682 989 1969 1063 patieban-

370 1092 482 1154 tur,
525 1091 587 1141 ut
614 1083 844 1158 gratiam
875 1082 981 1140 sibi
1020 1080 1343 1156 promissam
1370 1078 1627 1136 audirent
1661 1078 1973 1136 incircum-

369 1173 499 1233 cisis
546 1175 803 1249 gentibus
856 1174 1061 1231 datam.
1108 1172 1236 1230 Idea
1291 1170 1599 1227 imitatores
1654 1187 1793 1226 suos
1844 1169 1972 1225 illas

370 1266 669 1321 valuerunt
696 1262 838 1333 ﬁeri,
886 1271 950 1319 ut
988 1278 1140 1319 mare
1179 1278 1369 1318 eorum
1417 1260 1967 1318 circumciderentur.

443 1352 626 1425 (Vers.
661 1352 773 1425 18.)
822 1374 841 1400 α
882 1351 1248 1408 jEmulamini
1295 1358 1476 1407 autem
1529 1350 1759 1406 meliora
1802 1350 1966 1420 dona,

375 1442 581 1500 bonum
611 1441 949 1500 mmulamini
972 1457 1187 1515 semper
1224 1439 1362 1514 (7(1),
1393 1448 1446 1495 et
1493 1456 1605 1496 non
1633 1440 1812 1495 solum
1844 1455 1971 1497 cum

371 1549 607 1607 praesens
651 1548 772 1588 sum
817 1531 962 1605 apud
1004 1547 1121 1587 vos.
1172 1554 1190 1576 ι
1247 1528 1474 1585 Meliora
1520 1528 1665 1584 dona
1702 1526 1973 1601 spiritalia

369 1630 519 1691 sunt,
548 1638 668 1696 qua:
695 1620 900 1677 imitati
960 1619 1240 1676 habebunt
1281 1618 1535 1675 eﬁ‘ectum
1581 1617 1726 1690 apud
1772 1618 1967 1674 Deum.

369 1713 497 1770 Haec
516 1710 788 1784 spiritalia
814 1711 959 1768 bona
986 1715 1134 1777 sunt,
1165 1725 1287 1782 quas
1310 1709 1434 1764 vult
1465 1714 1528 1763 ut
1573 1723 1787 1781 semper
1832 1705 1973 1762 imi-

369 1808 575 1869 tentur,
607 1816 720 1856 nan
754 1798 824 1856 ad
847 1806 1083 1872 tempus,
1114 1797 1259 1854 sicut
1289 1796 1523 1890 pridem,
1563 1804 1659 1852 aut
1709 1813 1765 1854 se
1813 1813 1963 1869 prae—
1991 1828 2038 1890 Β

368 1897 520 1946 sente
544 1896 782 1957 tantum,
811 1895 933 1961 post
969 1894 1155 1944 autem
1195 1887 1264 1942 ad
1317 1885 1468 1943 aliud
1519 1893 1960 1955 convertantur;

369 1978 463 2034 sed
493 1978 617 2033 vult
644 1978 773 2033 illas
798 1977 867 2033 de
894 1985 1091 2032 caetera
1115 1992 1463 2050 perseverare
1493 1974 1551 2030 in
1581 1973 1748 2031 bona.

441 2067 622 2139 (Vers.
675 2065 790 2138 19.)
835 2065 1066 2121 «Filioli
1111 2064 1243 2135 mei,
1285 2081 1424 2138 quas
1460 2064 1661 2120 iterum
1694 2064 1963 2138 parturia,

368 2160 543 2217 donec
574 2157 827 2217 Christus
872 2158 1141 2216 formetur
1179 2157 1237 2212 in
1290 2156 1468 2213 vobis.
1508 2182 1526 2205 ι
1578 2156 1824 2214 Primum
1872 2173 1969 2231 per

367 2248 531 2307 ﬁdem
561 2248 688 2305 illas
713 2256 973 2322 genuerat
1003 2248 1061 2304 in
1087 2247 1361 2322 baptismo
1384 2265 1399 2315 ;
1427 2247 1522 2304 sed
1541 2247 1672 2322 quia
1697 2250 1851 2305 velut
1872 2264 1969 2321 per

366 2337 621 2394 abortum
650 2337 765 2393 nati
790 2337 930 2411 (75),
953 2336 1245 2394 deformati
1270 2345 1326 2395 et
1351 2336 1560 2393 inﬁrmi
1576 2336 1793 2394 inventi
1813 2344 1963 2407 sunt;

368 2444 519 2484 nunc
548 2444 673 2485 cum
703 2427 893 2485 dolare
920 2425 1141 2485 consilii
1173 2426 1434 2483 reformat
1460 2443 1553 2483 eos
1580 2426 1636 2481 in
1658 2425 1963 2485 Christum.

366 2516 752 2593 Cancipientes
775 2517 925 2574 enim
965 2517 1152 2587 ﬁdem,
1183 2525 1238 2573 et
1288 2534 1508 2575 sensum
1557 2516 1685 2574 ﬁdei
1736 2516 1967 2573 minime

362 2605 728 2676 advertentes,
765 2607 1062 2664 formatum
1092 2606 1374 2664 Christum
1399 2605 1602 2663 animis
1625 2606 1739 2664 suis
1767 2623 1966 2679 negan-

360 2705 454 2755 tur
478 2697 716 2765 habere;
767 2697 812 2753 si
858 2696 1009 2752 enim
1052 2696 1462 2754 intellexissent
1502 2696 1733 2771 gratiam
1774 2696 1875 2755 Dei
1906 2696 1966 2752 in

360 2786 601 2856 Christo,
634 2794 757 2861 post
783 2786 952 2843 ﬁdem
1002 2785 1061 2842 in
1101 2785 1443 2859 judaismum
1495 2786 1805 2847 transducti
1851 2803 1967 2844 non

358 2885 558 2934 essent.

433 2966 616 3038 (Vers.
646 2964 765 3037 20.)
814 2988 833 3011 ι
888 2964 1105 3022 Vellem
1142 2972 1325 3021 autem
1367 2980 1605 3039 praesens
1645 2981 1760 3024 esse
1815 2982 1966 3024 nunc

356 3056 502 3131 apud
527 3072 645 3125 vos,
674 3062 730 3112 et
776 3063 991 3112 mutare
1017 3070 1208 3112 vacem
1248 3071 1461 3124 meam;
1503 3055 1600 3130 qui
1649 3057 1964 3114 confundor

350 3144 416 3220 in
453 3143 631 3202 vobis.
666 3169 684 3191 ι
714 3144 957 3202 Praesens
978 3146 1100 3201 vult
1124 3160 1351 3219 arguere
1378 3144 1506 3202 illas
1534 3146 1676 3219 (76),
1702 3155 1765 3203 ut
1785 3156 1965 3206 mutet

356 3251 548 3293 vacem
572 3250 723 3291 suam
749 3234 817 3291 de
848 3236 1007 3293 laude
1035 3235 1093 3292 in
1126 3236 1591 3310 vituperationem
1639 3255 1850 3310 eorum,
1902 3246 1964 3295 ut

356 3322 567 3399 duplici
606 3341 802 3399 genere
832 3324 1268 3397 confundantur,
1315 3334 1369 3384 et
1417 3325 1485 3382 de
1531 3343 1715 3384 errare
1752 3344 1874 3399 sua,
1910 3336 1965 3385 et

356 3414 554 3471 rubore
580 3414 860 3490 Apostoli,
893 3432 1053 3491 quem
1082 3415 1395 3490 patiebatur
1420 3416 1570 3489 apud
1615 3432 1728 3487 eos,
1760 3416 1964 3490 quibus

356 3500 485 3558 illas
514 3504 853 3574 praetulerat.

428 3590 612 3662 (Vers.
634 3590 724 3659 21,
759 3591 877 3661 22.)
923 3615 942 3638 σ
969 3590 1152 3648 Dicite
1187 3590 1348 3661 mihi,
1380 3590 1475 3665 qui
1508 3590 1611 3647 sub
1638 3591 1761 3665 lege
1785 3591 1960 3649 vultis

355 3696 491 3751 esse,
528 3681 697 3753 legem
732 3697 844 3738 non
870 3680 1080 3755 legistis
1108 3681 1138 3737 ?
1190 3681 1469 3755 Scriptum
1513 3689 1595 3739 est
1639 3682 1789 3740 enim
1833 3685 1963 3760 quia

357 3770 635 3829 Abraham
673 3770 814 3828 duos
844 3770 990 3827 ﬁlias
1016 3769 1272 3827 habuerit
1304 3789 1316 3828 :
1346 3787 1521 3828 unum
1560 3771 1628 3829 de
1659 3772 1880 3844 ancilla,
1906 3783 1962 3832 et

356 3876 528 3917 unum
562 3859 630 3916 de
664 3858 854 3916 libera.
884 3884 902 3906 ι
942 3860 1059 3917 Hoc
1085 3860 1142 3916 in
1173 3860 1371 3918 Genesi
1393 3861 1648 3933 habetur,
1677 3864 1809 3938 quia
1832 3881 1960 3923 cum

354 3949 487 4007 Sara
512 3964 771 4023 generare
806 3965 918 4005 non
944 3957 1144 4023 posset,
1194 3958 1310 4006 erat
1356 3951 1504 4007 enim
1545 3953 1770 4024 sterilis,
1817 3956 1962 4028 Agar

353 4039 611 4097 ancillam
642 4056 794 4096 suam
838 4038 1042 4095 obtulit
1074 4038 1197 4096 viro
1223 4056 1322 4096 sua
1351 4039 1587 4099 Abrahae
1638 4042 1698 4099 in
1745 4061 1961 4103 cancu-

352 4128 536 4186 binam
581 4148 595 4198 ;
640 4136 702 4187 ut
750 4129 896 4207 quod
964 4137 1291 4205 generasset,
1344 4130 1630 4204 adoptaret
1687 4133 1811 4189 sibi.
1869 4134 1960 4191 Sic

354 4217 559 4274 factum
588 4226 754 4276 estut
783 4220 851 4277 de
878 4220 1025 4294 Agar
1050 4228 1363 4278 nasceretur
1376 4220 1594 4278 Ismael.
1620 4222 1751 4279 Post
1775 4232 1956 4281 autem

354 4314 495 4362 nutu
524 4307 625 4362 Dei
656 4308 957 4379 promissus
986 4316 1068 4365 est
1092 4309 1329 4365 Abrahae
1359 4308 1511 4366 ﬁlius
1540 4312 1607 4368 de
1632 4312 1761 4368 Sara
1783 4329 1958 4369 uxore

353 4393 489 4466 ejus,
521 4410 641 4468 qua
669 4402 785 4450 erat
810 4396 1016 4452 sterilis
1050 4415 1062 4453 :
1089 4397 1206 4455 haec
1253 4397 1464 4472 peperit
1506 4398 1741 4456 Abrahae
1787 4401 1953 4459 Isaac.

353 4482 508 4540 Tunc
536 4481 702 4554 coepit
730 4484 1010 4539 Abraham
1040 4484 1180 4541 duos
1226 4486 1425 4543 habere
1471 4487 1637 4556 ﬁlios,
1686 4505 1861 4546 unum
1887 4491 1955 4549 de

350 4570 573 4639 ancilla,
605 4577 659 4626 et
698 4586 869 4626 unum
899 4570 966 4628 de
998 4570 1190 4628 libera.

424 4669 607 4743 (Vers.
642 4669 729 4739 23,
762 4669 879 4743 24.)
915 4694 933 4717 σ
967 4671 1071 4729 Sed
1110 4670 1154 4727 is
1192 4671 1415 4746 quidem
1474 4673 1569 4748 qui
1612 4674 1680 4732 de
1729 4676 1952 4748 ancilla,

354 4758 656 4816 secundum
688 4776 907 4818 carnem
939 4770 1100 4821 natus
1121 4770 1205 4820 est
1242 4782 1253 4821 :
1288 4762 1383 4839 qui
1406 4772 1586 4822 autem
1641 4766 1709 4823 de
1760 4767 1951 4837 libera,

352 4866 448 4923 per
498 4849 977 4923 repromissionem
1003 4871 1017 4920 ;
1071 4870 1193 4926 quas
1223 4863 1351 4912 sunt
1382 4872 1480 4929 per
1514 4856 1828 4929 allegoriam
1857 4857 1956 4914 di-

348 4940 712 5009 ctanlsmael,
737 4940 833 5014 qui
861 4958 929 4997 ex
954 4941 1158 4998 ancilla
1181 4946 1324 5017 Agar
1354 4952 1516 5001 natus
1543 4946 1953 5014 est,secundum

348 5046 568 5089 carnem
620 5039 818 5101 natus;
878 5032 1010 5107 quia
1056 5031 1221 5105 juxta
1276 5034 1738 5092 consuetudinem
1791 5043 1954 5093 natus

349 5128 431 5178 est
478 5140 493 5191 ;
551 5121 698 5180 Isaac
745 5137 874 5177 vero
931 5119 1061 5195 quia
1118 5137 1215 5195 per
1266 5123 1750 5196 repramissianem
1806 5126 1949 5198 (77),

350 5230 461 5271 non
493 5214 795 5273 secundum
823 5211 1302 5284 consuetudinem,
1345 5215 1441 5271 sed
1471 5216 1775 5273 secundum
1815 5234 1955 5292 pra-

350 5302 653 5363 videntiam
684 5303 784 5375 Dei
814 5303 1023 5360 virtute
1052 5309 1211 5359 natus
1239 5312 1320 5360 est
1348 5324 1361 5373 ;
1403 5304 1605 5379 quippe
1651 5323 1777 5363 cum
1824 5307 1956 5365 Sara

347 5400 403 5449 et
429 5412 567 5452 anus
615 5402 755 5453 esset
786 5402 841 5451 et
891 5393 1116 5451 sterilis.
1170 5394 1232 5450 In
1290 5399 1486 5466 typum
1544 5394 1691 5451 enim
1746 5395 1953 5453 Christi

423 5554 543 5628 (24)
576 5558 732 5628 Rom.
773 5557 931 5624 edit.,
960 5554 1185 5611 meliora
1214 5553 1357 5628 denu
1386 5554 1443 5628 in
1473 5555 1605 5628 bona
1642 5544 1862 5628 semper.

582 5627 713 5710 Mss.
742 5629 1149 5710 aliquatuaelut
1173 5625 1406 5710 abortivi
1433 5627 1566 5684 nati.

431 5695 548 5768 (76)
581 5697 738 5754 Rom.
770 5695 906 5757 edit.
914 5742 932 5771 ,
964 5701 1204 5758 Praescia
1234 5698 1519 5773 wltagere
1549 5714 1669 5757 cum
1694 5696 1830 5757 illis.

1982 4558 2031 4617 D

2072 722 2260 785 tatem,
2301 717 2390 772 vel
2449 731 2639 772 eorum
2693 715 2791 790 qui
2848 715 2993 772 servi
3051 714 3263 789 peccati
3320 722 3450 772 sunt
3485 734 3497 772 :
3528 716 3680 776 Isaac

2075 821 2206 862 vero
2237 803 2703 874 Christianarum,
2737 804 2868 879 quia
2913 805 2973 863 in
3021 804 3278 864 libertate
3326 813 3675 875 nascuntur;

2077 896 2219 953 liber
2252 896 2401 952 enim
2434 895 2633 971 ﬁt,qui
2662 896 2866 971 accipit
2893 896 3274 956 remissionem
3302 905 3675 973 peccatorum.

2163 1010 2182 1034 ι
2207 985 2345 1042 Nam
2375 985 2493 1043 haec
2534 992 2663 1043 sunt
2713 986 2825 1044 duo
2863 986 3228 1045 Testamenta.
3253 1012 3272 1035 ι
3331 988 3548 1063 Moyses
3590 1006 3680 1049 ao

2077 1074 2288 1149 cipiens
2319 1075 2639 1149 sanguinem
2652 1075 2819 1133 vituli
2842 1075 2900 1132 in
2919 1077 3386 1151 cratera,aspersit
3410 1080 3677 1152 populum

2078 1164 2288 1222 dicens:
2309 1188 2327 1212 ε
2358 1165 2460 1223 Hic
2477 1174 2560 1223 est
2588 1166 2810 1240 sanguis
2837 1166 3193 1237 Testamenti,
3226 1166 3375 1242 quod
3401 1167 3679 1242 disposuit

2077 1256 2225 1313 Deus
2254 1253 2323 1311 ad
2353 1271 2452 1312 vos
2488 1255 2695 1328 (Exod.
2723 1272 2883 1327 xxiv,
2910 1256 2994 1329 8).
3019 1281 3038 1305 ι
3073 1256 3189 1315 Hoc
3209 1264 3291 1315 est
3317 1258 3464 1333 quod
3483 1259 3632 1316 dixit
3660 1278 3674 1317 :

2092 1369 2111 1393 ‹
2149 1345 2330 1403 Unum
2361 1345 2585 1420 quidem
2623 1362 2655 1401 a
2680 1353 2867 1404 mante
2898 1345 3050 1417 Sina,
3101 1346 3161 1404 in
3207 1347 3528 1405 servitutem
3575 1366 3680 1423 ge—

2080 1451 2295 1505 nerans,
2347 1451 2469 1509 quae
2495 1443 2577 1492 est
2615 1435 2779 1509 Agar.
2824 1461 2842 1484 ι
2892 1436 3009 1493 Lex
3044 1436 3192 1494 enim
3232 1436 3290 1493 in
3329 1445 3518 1495 mante
3545 1437 3683 1496 Sina

2079 1524 2207 1582 data
2257 1533 2357 1594 est,
2408 1542 2572 1600 quam
2616 1526 2832 1599 Moyses
2891 1526 3127 1583 recitans
3187 1528 3413 1601 papula,
3472 1526 3680 1586 librum

2079 1614 2230 1671 hunc
2260 1614 2593 1672 Testamenti
2624 1615 2942 1688 appellavit,
2975 1624 3029 1672 et
3055 1624 3191 1674 tunc
3219 1617 3455 1691 aspersit
3491 1634 3680 1692 popu-

2082 1705 2193 1760 lum
2225 1704 2508 1778 sanguine,
2537 1704 2682 1760 sicut
2706 1704 2850 1765 dixi.
2874 1705 3001 1761 Haac
3041 1706 3132 1762 lex
3170 1722 3291 1762 reas
3333 1707 3515 1763 tenuit
3540 1725 3681 1782 pec—

2080 1800 2309 1863 catores,
2347 1801 2403 1850 et
2426 1801 2711 1867 cmperunt
2740 1793 2885 1850 servi
2932 1809 3048 1851 esse
3098 1793 3329 1868 peccati,
3379 1794 3511 1854 facti
3570 1795 3677 1853 ﬁlii

2079 1883 2226 1956 Agar
2248 1882 2402 1956 quasi
2432 1882 2668 1940 ancillae.

2157 1975 2301 2036 226
2339 1971 2521 2044 (Vers.
2555 1971 2672 2044 25.)
2713 1994 2731 2018 α
2754 1970 2887 2029 Sina
2913 1979 3098 2029 autem
3124 1987 3285 2030 mons
3315 1980 3398 2030 est
3437 1972 3496 2031 in
3525 1974 3681 2031 Ara-

2074 2068 2185 2138 bia,
2208 2069 2304 2144 qui
2333 2069 2692 2143 canjungitur
2724 2068 2877 2141 huic,
2900 2087 3024 2146 quae
3051 2087 3202 2130 nunc
3230 2079 3331 2142 est,
3354 2072 3676 2142 Jerusalem,

2076 2158 2321 2217 serviens
2347 2175 2474 2218 cum
2513 2159 2647 2218 ﬁliis
2674 2159 2809 2218 suis.
2848 2186 2868 2212 ι
2907 2160 3139 2221 Causam
3169 2162 3315 2237 Agar
3368 2162 3680 2237 signiﬁcare

2075 2247 2213 2307 dicit
2259 2248 2559 2306 Jerusalem
2606 2256 2903 2320 terrenam,
2936 2249 2995 2307 id
3043 2257 3127 2307 est
3165 2249 3528 2326 Synagagam,
3556 2268 3679 2326 quae

2075 2343 2136 2399 in
2193 2344 2517 2401 servitutem
2565 2350 2821 2417 generat;
2880 2359 3019 2418 quos
3078 2343 3227 2401 enim
3277 2352 3519 2419 generat,
3572 2344 3678 2402 sub

2076 2440 2299 2507 peccata
2325 2441 2475 2489 sunt.

2150 2523 2331 2596 (Vers.
2359 2522 2474 2596 26.)
2527 2547 2545 2571 ε
2574 2522 2677 2580 Illa
2708 2529 2891 2579 autem
2933 2538 3055 2597 quae
3100 2538 3317 2581 sursum
3348 2531 3429 2581 est
3466 2523 3677 2581 Jerusa-

2077 2613 2204 2683 lem,
2236 2612 2407 2670 libera
2436 2619 2518 2670 est
2551 2629 2564 2668 :
2602 2628 2723 2686 quas
2752 2619 2836 2669 est
2866 2620 3042 2669 mater
3069 2620 3277 2669 nostra.
3302 2638 3320 2661 ι
3357 2612 3675 2687 Haec,quam

2078 2710 2310 2758 matrem
2341 2708 2585 2759 nostram
2619 2700 2779 2771 dicit,
2824 2702 3015 2775 regula
3059 2708 3141 2758 est
3183 2700 3433 2774 mysterii
3472 2700 3678 2758 Dami-

2073 2790 2208 2861 nici,
2240 2808 2336 2865 per
2363 2806 2526 2865 quam
2557 2789 2896 2848 renascimur
2936 2789 2996 2845 in
3041 2788 3369 2858 libertatem,
3434 2788 3579 2846 sicut
3620 2796 3679 2845 et

2074 2880 2191 2956 ipsa
2214 2881 2388 2940 libera
2417 2889 2521 2938 est.
2544 2881 2673 2939 Idea
2706 2887 2761 2938 et
2789 2878 3026 2938 caelestis
3045 2878 3270 2948 dicitur,
3306 2878 3435 2952 quia
3460 2880 3671 2936 cmlum

2073 2969 2225 3028 sedes
2254 2970 2372 3044 ejus
2402 2978 2484 3028 est
2513 2978 2604 3027 :et
2632 2987 2770 3045 quas
2802 2976 3038 3043 generat,
3074 2967 3153 3024 ibi
3198 2974 3362 3024 erunt
3404 2983 3531 3024 cum
3582 2984 3676 3039 ea,

2071 3060 2215 3117 sicut
2252 3058 2390 3118 dicit
2412 3058 2722 3116 Dominus:
2770 3083 2789 3106 ι
2826 3058 3003 3128 Pater,
3053 3074 3190 3132 quas
3241 3055 3444 3115 dedisti
3506 3056 3675 3128 mihi,

2070 3152 2199 3208 vola
2230 3158 2292 3207 ut
2320 3148 2417 3206 ubi
2449 3166 2547 3221 ego
2573 3148 2750 3219 fuero,
2774 3155 2827 3204 et
2855 3146 2913 3204 hi
2944 3146 3057 3205 sint
3085 3162 3300 3204 mecum
3336 3146 3671 3219 (Joan.xvn,

2073 3241 2189 3314 24).
2212 3266 2229 3291 ι
2248 3242 2360 3298 Hac
2379 3248 2461 3298 est
2483 3247 2539 3298 et
2564 3240 2707 3310 vita;
2732 3239 2861 3314 quia
2908 3237 3327 3295 immortalitate
3372 3236 3673 3306 donantur,

2074 3331 2171 3406 qui
2199 3331 2482 3388 credentes
2510 3337 2874 3387 renascuntur
2918 3345 3015 3403 per
3057 3344 3199 3387 eam.
3232 3325 3325 3384 Sic
3368 3324 3572 3383 etenim
3599 3323 3674 3383 de

2071 3422 2309 3480 Domina
2343 3421 2553 3480 dictum
2579 3429 2660 3478 est
2684 3421 2832 3495 quia,
2873 3444 2891 3467 ι
2920 3419 3068 3494 quod
3096 3419 3301 3477 factum
3333 3426 3416 3474 est
3447 3418 3505 3472 in
3530 3417 3673 3491 ipsa,

2014 3546 2019 3552 -
2072 3511 2188 3567 vita
2212 3517 2311 3567 est.
2345 3510 2500 3569 Sicut
2526 3510 2675 3567 enim
2726 3511 2885 3567 Pater
2940 3508 3105 3565 habet
3148 3508 3345 3577 vitam,
3398 3506 3475 3563 ita
3518 3506 3674 3563 dedit

2071 3607 2125 3656 et
2157 3600 2301 3657 Filia
2329 3600 2524 3670 vitam,
2554 3609 2608 3658 et
2630 3599 2747 3656 vita
2789 3608 2905 3657 erat
2936 3600 3034 3655 lux
3081 3597 3373 3654 hominum
3407 3597 3587 3670 (Joan.
3621 3613 3665 3666 ι,

2072 3691 2124 3760 3,
2165 3690 2218 3759 lt;
2261 3708 2315 3760 v,
2358 3691 2475 3764 26).
2509 3716 2526 3739 ι
2568 3693 2695 3749 Haec
2720 3691 2838 3748 vita
2868 3698 2921 3747 et
2953 3692 3053 3747 lux
3090 3697 3268 3746 mater
3291 3686 3539 3744 ﬁdelium
3566 3693 3670 3743 est.

2070 3777 2134 3833 In
2160 3777 2300 3833 Isaia
2321 3777 2427 3835 hoc
2463 3777 2714 3847 habetur,
2747 3777 2894 3853 quod
2922 3775 3232 3850 subjectum
3257 3781 3340 3832 est
3371 3792 3384 3831 :

2143 3866 2325 3937 (Vers.
2368 3867 2485 3940 27.)
2521 3890 2540 3914 ι
2583 3866 2863 3940 Scriptum
2905 3872 2986 3922 est
3028 3865 3174 3923 enim
3221 3881 3233 3919 :
3284 3863 3512 3931 Laetare,
3564 3868 3672 3917 ste-

2071 3954 2210 4026 rilis,
2243 3972 2362 4031 quae
2390 3972 2503 4012 non
2530 3955 2677 4031 paris
2727 3974 2738 4012 :
2779 3971 3004 4028 erumpe
3044 3960 3098 4010 et
3145 3952 3348 4021 clama,
3400 3967 3521 4025 quae
3556 3965 3672 4006 non

2069 4045 2334 4118 parturis;
2371 4044 2499 4119 quia
2532 4044 2695 4103 multi
2725 4044 2829 4101 ﬁlii
2860 4044 3116 4112 desertas,
3148 4040 3324 4114 magis
3347 4054 3508 4114 quam
3552 4035 3675 4108 ejus

2068 4150 2187 4208 quae
2227 4133 2389 4190 habet
2416 4134 2599 4191 virum
2634 4134 2768 4208 (Isa.
2800 4150 2920 4202 xrv,
2969 4132 3048 4205 1).
3102 4156 3121 4180 ι
3177 4130 3333 4186 Hanc
3396 4136 3675 4184 terrenam

2067 4223 2606 4281 Jerusalem.virum
2666 4221 2868 4281 habere
2932 4220 3113 4289 dicit;
3169 4218 3300 4293 quia
3366 4216 3671 4274 secundum

2067 4328 2282 4370 carnem
2317 4320 2535 4386 generat
2573 4331 2586 4370 :
2636 4312 2789 4375 illam
2814 4318 2997 4368 autem
3039 4310 3315 4366 caelestem
3343 4307 3669 4374 Jerusalem,

2065 4421 2228 4477 quam
2283 4404 2422 4462 dicit
2483 4413 2714 4462 matrem
2774 4410 3038 4471 nostram,
3082 4400 3328 4458 sterilem
3392 4396 3669 4471 appellat;

2065 4493 2195 4568 quia
2218 4511 2331 4551 non
2356 4495 2501 4569 parit
2532 4494 2833 4554 secundum
2864 4506 3108 4558 carnem,
3159 4504 3262 4546 nec
3307 4487 3528 4546 dolores
3554 4500 3666 4559 pa-

2065 4582 2225 4652 titur,
2277 4583 2383 4641 hac
2429 4593 2530 4653 est,
2574 4600 2686 4641 non
2746 4580 3003 4656 parturit.
3047 4579 3285 4637 Generat
3320 4583 3504 4633 autem
3550 4573 3672 4630 sine

2063 4674 2314 4746 passione
2376 4674 2703 4748 spiritaliter
2770 4673 3086 4730 exclamans
3146 4669 3205 4725 in
3271 4668 3500 4735 latitia;
3541 4664 3675 4741 quia

2064 4762 2280 4819 deserta
2325 4762 2622 4837 aliquando
2677 4762 2733 4835 (a
2781 4778 2892 4836 quo
2937 4767 3142 4828 autem,
3187 4756 3298 4815 nisi
3340 4755 3410 4812 ab
3456 4754 3658 4823 Adam,

2064 4853 2159 4927 qui
2193 4852 2408 4909 deserta
2430 4852 2547 4908 vita
2572 4859 2795 4910 secutus
2836 4858 2918 4908 est
2956 4849 3241 4921 mortem),
3290 4861 3442 4903 nunc
3482 4845 3671 4918 plures

2063 4942 2211 4999 ﬁlias
2235 4941 2419 5011 habet,
2468 4959 2631 5016 quam
2684 4942 2801 4999 haec
2847 4956 2968 5015 quae
3010 4937 3175 4994 habet
3216 4937 3421 5003 virum,
3468 4933 3527 4991 id
3561 4938 3668 5002 est,

2062 5047 2185 5106 quae
2233 5030 2530 5090 carnaliter
2591 5037 2833 5105 generat.
2882 5028 3063 5085 Multa
3111 5026 3260 5084 enim
3308 5025 3496 5098 plures
3538 5027 3671 5079 sunt

2063 5120 2364 5180 Christiani
2404 5120 2628 5191 Judaais,
2677 5119 2822 5177 sicut
2891 5117 3103 5175 dicitur
3146 5116 3204 5172 in
3254 5109 3599 5188 Apocalypsi
3652 5128 3665 5166 :

2078 5236 2095 5260 ι
2126 5212 2197 5269 Et
2218 5210 2334 5268 vidi
2364 5211 2581 5268 turbam
2612 5224 2885 5283 magnam,
2916 5221 3080 5282 quam
3111 5204 3462 5260 dinumerare
3502 5214 3669 5257 nemo

2063 5310 2296 5378 poterat,
2324 5318 2395 5359 ex
2423 5300 2574 5357 omni
2604 5299 2758 5359 tribu
2778 5306 2834 5357 et
2871 5306 3030 5374 gente
3071 5296 3268 5370 (Apoc.
3299 5310 3404 5361 vn,
3430 5291 3513 5363 9).
3546 5315 3568 5340 ι

2137 5392 2317 5463 (Vers.
2344 5390 2460 5463 28.)
2503 5414 2521 5436 α
2546 5390 2659 5447 Vos
2684 5397 2892 5457 autem,
2921 5388 3140 5453 fratres,
3169 5381 3475 5442 secundum
3518 5380 3670 5437 Isaac

2099 5624 2108 5633 ,
2136 5554 2253 5624 (77)
2284 5552 2455 5608 Abest
2485 5568 2518 5607 a
2547 5568 2677 5609 mss.
2711 5547 3068 5623 quibusdam,
3090 5544 3220 5618 quia
3241 5559 3337 5617 per
3364 5538 3668 5615 repromis-

2064 5641 2278 5681 sronem.
