4108 6184
315 265 413 323 385

1368 262 1730 323 COMMENT.
1774 263 1844 320 ΙΝ
1880 261 2100 318 EPIST.
2142 263 2237 317 AD
2277 262 2536 320 GALAT.

3501 270 3613 329 386

312 386 682 464 promissionis
719 387 823 444 ﬁlii
855 388 1006 446 estis.
1038 415 1058 440 ›
1115 389 1230 447 Hoc
1267 398 1345 447 est
1376 407 1485 447 non
1533 390 1715 447 carnis
1759 389 1904 446 ﬁlios
1935 393 1985 450 Α
2013 386 2218 443 cidenti
2247 404 2324 455 se,
2355 389 2483 459 quia
2511 389 2729 446 debitor
2765 399 2846 448 est
2895 391 3166 448 universae
3219 391 3353 464 legis
3396 393 3612 450 facien-

311 495 436 547 esse,
465 479 559 536 sed
597 479 731 547 Dei;
767 478 898 553 quia
942 480 1097 554 (Isaac
1150 480 1206 536 in
1237 489 1433 554 typum
1471 489 1634 538 natus
1660 490 1743 538 est
1772 481 1900 537 Filii

306 567 414 635 Dei,
447 574 501 622 et
528 568 651 623 vult
681 583 773 623 eos
806 567 1221 643 subintelligere
1273 569 1402 643 quia
1452 568 1584 628 facti
1627 569 1731 626 ﬁlii
1776 569 1899 639 Dei,

304 657 545 714 conversi
578 665 731 726 sunt,
765 665 828 714 ut
873 670 1050 716 essent
1093 659 1196 716 filii
1238 660 1461 718 carnis:
1501 659 1547 717 si
1596 676 1729 716 vero
1773 659 1902 716 resi-

299 745 533 819 piscant,
561 754 693 804 sunt
721 747 822 803 ﬁlii
850 748 968 805 Dei.

368 835 549 907 (Vers.
583 837 698 909 29.)
744 862 762 885 ι
792 838 895 894 Sed
947 838 1225 913 quomodo
1275 847 1410 895 tunc
1454 838 1549 912 qui
1600 837 1899 896 secundum

296 939 511 980 carnem
543 933 704 982 natus
756 927 956 996 fuerat,
1009 927 1437 1001 persequebatur
1479 945 1624 998 eum,
1675 927 1770 1000 qui
1821 943 1900 982 se-

293 1013 534 1070 cundum
566 1016 827 1088 spiritum
855 1035 870 1084 ;
904 1017 981 1072 ita
1009 1025 1064 1072 et
1094 1034 1264 1074 nunc.
1297 1044 1314 1066 ›
1354 1019 1472 1074 Νοη
1496 1019 1670 1075 solum
1704 1019 1898 1086 Ismae]

293 1103 596 1160 secundum
628 1121 852 1162 carnem
885 1114 1044 1162 natus
1073 1114 1172 1175 est,
1205 1108 1297 1164 sed
1328 1116 1382 1163 et
1410 1108 1591 1175 Esau;
1651 1107 1781 1180 quia
1839 1117 1894 1166 et

293 1188 404 1262 ipse
428 1193 486 1246 in
507 1193 697 1265 populi
717 1194 932 1251 Iudaici
960 1202 1156 1268 typum
1183 1204 1343 1252 natus
1359 1203 1459 1252 est.
1485 1197 1562 1252 De
1583 1212 1692 1268 quo
1714 1197 1771 1253 in
1787 1195 1894 1252 Ma.

291 1279 474 1336 lachia
503 1281 770 1355 propheta
793 1283 1060 1356 scriptum
1089 1292 1170 1341 est
1204 1303 1216 1341 :
1275 1310 1292 1333 ι
1320 1284 1486 1342 Iacob
1512 1285 1706 1354 dilexi,
1750 1287 1895 1342 Esau

291 1385 424 1426 vero
469 1371 622 1428 odivi
661 1373 916 1444 (Malach.
958 1391 999 1443 ι,
1032 1376 1086 1444 2,
1117 1374 1197 1447 3).
1232 1400 1248 1422 ι
1310 1375 1412 1433 Hic
1469 1375 1896 1449 persequebatur

284 1459 451 1516 Iacob
503 1461 658 1532 (Gen.
713 1479 897 1532 xxvrr,
943 1463 1062 1536 41),
1094 1464 1189 1538 qui
1240 1465 1297 1520 in
1341 1464 1534 1538 populi
1586 1463 1892 1526 Christiani

285 1547 456 1620 ﬁgura
512 1558 693 1620 natus,
754 1560 982 1609 vocatus
1029 1562 1112 1610 est
1167 1555 1353 1621 Israel,
1420 1554 1527 1612 hoc
1581 1563 1684 1624 est,
1724 1553 1893 1611 homo

285 1638 477 1694 videns
519 1641 714 1698 Deum.
778 1642 1050 1698 Similiter
1109 1651 1163 1698 et
1216 1643 1438 1699 Iudaeos
1495 1660 1592 1716 per
1619 1643 1891 1700 invidiam

2012 474 2117 531 dae.
2150 498 2168 522 ι
2218 475 2454 530 Possunt
2483 477 2655 550 aliqui
2685 479 2856 552 legem
2899 479 3245 553 aliquatenus
3289 495 3528 547 servare,
3558 489 3612 537 et

2011 581 2121 620 non
2153 563 2478 622 circumcidi
2513 585 2524 621 :
2561 583 2686 622 nam
2730 569 2889 625 multi
2933 570 3306 626 Romanorum
3339 571 3395 625 in
3425 569 3612 626 Iudaea

2012 654 2305 711 servabant
2355 655 2529 727 legem
2584 657 2976 717 incircumcisi.
3025 660 3181 718 Unde
3228 659 3364 718 dicit
3411 661 3611 718 Paulus

2011 743 2290 815 apostolus
2345 743 2414 799 ad
2460 744 2759 818 Agrippam
2789 764 2965 820 regem
2996 749 3242 806 Iudaea:
3291 773 3309 797 ι
3337 749 3482 818 Scio,
3514 766 3611 807 rex

2011 833 2290 905 Agrippa;
2347 832 2528 890 credis
2578 835 2882 908 prophetis,
2928 839 3042 895 scio
3089 839 3218 912 quia
3257 839 3435 896 credis
3467 839 3607 912 (Act.

2009 937 2172 990 xxvr,
2212 921 2327 993 27).
2357 946 2374 969 ι
2441 924 2513 978 Et
2540 924 2792 981 centurio
2821 925 2983 999 cujus
3010 943 3198 983 servus
3225 935 3341 983 erat
3369 928 3610 984 moritu-

2009 1025 2124 1078 rus,
2155 1011 2270 1084 qui,
2301 1010 2531 1067 mittens
2572 1012 2639 1068 ad
2669 1014 2877 1082 Iesum,
2933 1013 3156 1085 rogabat
3200 1024 3262 1070 ut
3299 1017 3529 1087 veniret,
3558 1024 3612 1072 et

2007 1107 2222 1153 sanaret
2251 1114 2470 1154 servum
2499 1099 2654 1172 ejus;
2701 1103 2790 1159 cui
2837 1102 3216 1160 testimonium
3267 1102 3613 1174 perhibentes

2005 1186 2180 1243 Iudaei
2210 1187 2464 1246 dicebant
2492 1189 2560 1245 ad
2583 1191 2766 1247 Iesum
2802 1210 2814 1248 :
2861 1217 2878 1238 ι
2900 1191 3114 1264 Dignus
3145 1199 3226 1247 est
3257 1200 3317 1247 ut
3349 1191 3453 1248 hoc
3480 1207 3613 1264 prae-

2006 1283 2115 1334 stes
2142 1277 2190 1332 ei
2214 1295 2228 1345 ;
2260 1277 2444 1350 diligit
2473 1279 2620 1334 enim
2651 1289 2866 1352 gentem
2892 1289 3162 1349 nostram,
3194 1287 3247 1335 et
3268 1281 3611 1353 Synagogam

2007 1366 2123 1439 ipse
2163 1367 2462 1424 aediﬁcavit
2493 1368 2655 1424 nobis
2677 1370 2830 1440 (Luc.
2858 1369 3032 1439 vu,1i,
3049 1371 3130 1442 5).
3163 1393 3180 1416 ι
3225 1369 3397 1424 Nemo
3425 1377 3612 1425 tamen

2006 1455 2368 1513 circumcisus
2414 1474 2526 1514 non
2563 1465 2735 1514 totam
2783 1459 2958 1531 legem
3003 1467 3220 1527 servat;
3271 1457 3488 1515 debitor
3528 1466 3610 1515 est

2003 1545 2173 1614 enim,
2212 1545 2342 1619 quia
2361 1547 2704 1604 circumcisis
2732 1548 2858 1604 data
2892 1556 2973 1604 est
3007 1548 3117 1605 lex.
3147 1549 3261 1605 Hoc
3291 1547 3413 1603 ideo
3438 1547 3606 1619 dixit,

2001 1633 2131 1707 quia
2173 1643 2281 1690 tam
2331 1634 2554 1692 hebetes
2599 1653 2656 1693 se
2697 1636 3078 1707 ostendebant,
3126 1644 3189 1694 ut
3224 1635 3377 1710 digni
3426 1645 3608 1694 essent

283 1727 530 1800 persequi
575 1728 912 1800 signiﬁcavit
953 1729 1334 1798 Christianos;
1374 1731 1525 1788 unde
1571 1732 1699 1789 data
1727 1750 1959 1818 operaB
2002 1723 2189 1818 0111858
2217 1741 2386 1818 0n???
2413 1723 2549 1818 legis
2577 1735 2814 1798 portare.

280 1815 500 1873 Galatas
526 1825 838 1874 everterant
866 1818 1074 1874 carnali
1099 1820 1318 1876 astutia.

352 1905 539 1977 (Vers.
574 1905 690 1978 30.)
765 1931 783 1955 ι
832 1906 937 1963 Sed
992 1907 1127 1982 quid
1173 1908 1308 1966 dicit
1360 1909 1690 1984 Scriptura?
1735 1911 1889 1984 Ejice

277 1994 562 2063 ancillam,
595 2002 648 2051 et
679 1995 859 2052 ﬁlium
891 1995 1048 2069 ejus;
1082 2014 1195 2054 non
1225 2001 1371 2055 enim
1408 2000 1579 2057 haeres
1607 2002 1712 2058 erit
1740 2002 1890 2059 ﬁlius

275 2085 497 2140 ancillae
523 2100 647 2140 cum
679 2084 798 2141 ﬁlio
816 2102 936 2142 meo
965 2088 1135 2145 Isaac.
1157 2114 1175 2136 ι
1226 2090 1353 2148 Haec
1378 2091 1545 2147 verba
1572 2093 1716 2148 Sarze
1737 2100 1886 2161 sunt,
1903 2079 1920 2096 ’

273 2189 394 2246 quae
441 2182 637 2247 typum
692 2173 857 2231 habet
892 2177 1195 2234 Ierusalem
1252 2180 1510 2249 caelestis,
1542 2180 1609 2237 de
1656 2183 1885 2254 promis-

273 2261 426 2319 sione
457 2278 721 2334 generans
761 2265 929 2332 Isaac,
956 2274 1018 2322 ut
1059 2265 1235 2338 ejecto
1265 2268 1382 2325 ﬁlio
1425 2270 1662 2338 ancillae,
1695 2270 1750 2327 id
1781 2280 1884 2342 est,

271 2350 464 2408 Iudaeo
511 2353 738 2425 populo,
787 2353 1194 2413 incredulitatis
1241 2373 1404 2414 causa
1445 2357 1660 2430 abjecto
1713 2360 1883 2431 (servi

269 2442 414 2499 enim
458 2444 669 2516 peccati
695 2453 847 2515 sunt,
878 2446 1081 2519 quibus
1110 2449 1236 2505 data
1254 2449 1506 2506 remissio
1534 2459 1882 2523 peccatorum

272 2548 380 2588 non
429 2531 567 2604 est),
613 2533 790 2591 haeres
825 2535 898 2592 sit
948 2535 1102 2593 ﬁlius
1159 2538 1346 2595 liberae
1395 2539 1547 2596 illius
1585 2540 1883 2597 Ierusalem

270 2637 546 2695 supernae,
581 2625 677 2698 qui
711 2633 792 2681 est
822 2628 1066 2700 populus
1099 2644 1281 2685 novus
1307 2629 1458 2703 regni
1491 2631 1774 2688 caelorum.

351 2711 540 2784 (Vers.
573 2713 689 2787 31.)
735 2738 753 2762 ι
785 2715 973 2790 Itaque
1015 2733 1126 2774 non
1155 2734 1348 2775 sumus
1375 2719 1589 2776 ancillae
1617 2719 1741 2788 ﬁlii,
1791 2720 1885 2777 sed

274 2798 480 2870 liberae,
497 2818 605 2875 qua
624 2802 877 2861 libertate
894 2805 1147 2864 Christus
1165 2824 1268 2864 nos
1293 2808 1572 2865 liberavit.
1593 2834 1612 2858 ι
1655 2810 1887 2864 Fuimus

272 2888 442 2960 igitur
469 2893 684 2950 ancillae
710 2893 838 2966 ﬁlii,
871 2895 1005 2952 dum
1049 2899 1290 2969 peccatis
1331 2914 1552 2954 eramus
1603 2897 1836 2952 obnoxii
1869 2915 1882 2953 :

271 2977 365 3034 sed
395 2989 616 3054 accepta
646 2983 970 3041 remissione
997 2993 1348 3057 peccatorum
1379 3002 1412 3041 a
1453 2985 1700 3051 Christo,
1741 2985 1889 3042 libe-

274 3068 377 3124 rati
405 3085 620 3128 sumus.

909 3160 1258 3245 CAPUTyJ.

348 3247 536 3318 (Vers.
564 3247 644 3319 1.)
681 3268 700 3294 ι
727 3245 875 3304 State
904 3264 1053 3321 ergo,
1085 3258 1139 3307 et
1169 3251 1344 3309 nolite
1373 3252 1574 3310 iterum
1603 3255 1888 3313 servitutis

266 3333 412 3406 jugo
436 3335 730 3392 contineri.
757 3361 775 3385 ›
833 3337 1100 3395 Standum
1132 3350 1321 3399 monet
1352 3342 1406 3399 in
1445 3353 1667 3417 accepta
1693 3345 1886 3419 gratia,

274 3431 340 3478 ut
371 3439 486 3479 non
516 3425 802 3484 redeuntes
835 3429 904 3484 ad
935 3437 1140 3499 vetera,
1179 3431 1439 3490 amittant
1486 3435 1694 3492 donum
1726 3436 1888 3493 liber-

273 3513 412 3569 tatis
445 3515 590 3587 quod
618 3516 839 3574 fuerant
877 3522 1180 3577 consecuti.

349 3603 535 3675 (Vers.
566 3605 648 3677 2.)
690 3631 708 3653 ε
736 3607 879 3664 Ecce
910 3625 1009 3682 ego
1053 3610 1256 3668 Paulus
1283 3611 1409 3670 dico
1444 3613 1623 3684 vobis,
1669 3615 1801 3689 quia
1840 3617 1887 3673 si

271 3693 779 3765 circumcidamini,
842 3697 1098 3755 Christus
1145 3700 1305 3756 vobis
1354 3702 1497 3760 nihil
1542 3705 1806 3777 proderit.
1854 3732 1872 3755 ι

271 3785 432 3842 Nunc
461 3793 660 3858 apertae
685 3787 935 3843 veritatis
983 3797 1036 3844 et
1074 3791 1420 3849 auctoritatis
1453 3810 1565 3851 suae
1610 3797 1723 3852 vim
1774 3814 1887 3853 non

273 3881 442 3944 tacet,
473 3875 666 3932 dicens
711 3895 722 3934 :
763 3902 781 3925 ι
823 3878 964 3936 Ecce
1003 3895 1100 3953 ego
1136 3881 1338 3938 Paulus
1375 3883 1500 3942 dico
1544 3887 1724 3957 vobis,
1752 3913 1769 3935 ι
1829 3888 1887 3944 id

274 3975 374 4035 est,
407 3983 512 4040 ego
543 3967 801 4040 magister
833 3971 1099 4042 gentium,
1132 3972 1291 4046 cujus
1311 3992 1449 4048 opus
1475 3977 1606 4034 estis
1636 3978 1694 4032 in
1729 3978 1886 4035 Chri-

276 4063 380 4124 sto,
417 4057 602 4129 palam
633 4057 792 4114 vobis
822 4059 982 4117 dico:
1039 4087 1056 4108 ι
1095 4062 1231 4129 Quia
1263 4064 1404 4120 nihil
1438 4066 1683 4139 proderit
1728 4068 1889 4124 vobis

277 4143 554 4214 Christus,
586 4146 633 4202 si
663 4147 1164 4208 circumcidamini.
1198 4177 1216 4200 ι
1272 4153 1392 4224 Ipse
1437 4155 1585 4210 enim
1616 4156 1888 4213 Dominus

275 4232 352 4290 ait
385 4253 396 4291 :
457 4259 478 4284 ι
510 4235 627 4291 Lex
653 4245 708 4292 et
745 4237 1026 4310 prophetae
1061 4255 1232 4314 usque
1271 4241 1337 4297 ad
1357 4242 1623 4300 Joannem
1648 4263 1661 4313 ;
1687 4261 1757 4302 ex
1778 4262 1888 4319 quo

277 4337 510 4396 regnum
543 4326 809 4382 caelorum
860 4327 1190 4399 praedicatur
1221 4331 1372 4402 (Luc.
1403 4349 1523 4402 xvi,
1557 4333 1669 4406 l6).
1701 4361 1719 4383 ι
1778 4336 1890 4391 An-

278 4421 500 4488 tequam
537 4429 664 4487 ergo
717 4431 862 4470 nova
923 4415 1192 4490 inciperet
1250 4419 1590 4491 praedicatio,
1645 4425 1890 4496 oportuit

1919 3122 1964 3182 C

2079 1814 2261 1885 (Vers.
2291 1814 2371 1887 4.)
2417 1839 2436 1862 ι
2477 1816 2744 1873 Evacuati
2784 1817 2918 1874 estis
2963 1833 2996 1872 a
3043 1815 3286 1874 Christo.
3322 1841 3340 1864 ι
3397 1813 3610 1883 Quibus

1996 1901 2140 1957 nihil
2193 1903 2414 1975 prodest
2463 1904 2736 1974 Christus,
2795 1904 3046 1962 evacuati
3097 1913 3227 1960 sunt
3271 1920 3303 1960 a
3350 1902 3602 1972 Christo;

1996 1999 2153 2048 erant
2179 1994 2329 2049 enim
2359 1995 2530 2067 gratia
2561 1994 2680 2067 ejus
2703 1995 2874 2068 pleni,
2905 2011 3014 2068 qua
3043 1993 3351 2062 recedente,
3380 2009 3604 2051 evacua-

1995 2081 2041 2136 ti
2072 2091 2221 2138 sunt.
2257 2084 2355 2139 His
2383 2085 2531 2142 enim
2583 2085 2850 2159 loquitur,
2893 2085 2989 2159 qui
3036 2095 3157 2158 post
3198 2093 3481 2156 acceptum
3510 2082 3603 2140 do-

1996 2187 2132 2227 num
2192 2173 2378 2244 gratim
2431 2173 2554 2242 Dei,
2605 2173 2929 2230 circumcidi
2969 2191 3025 2230 se
3072 2175 3404 2230 maluerunt.
3449 2198 3467 2220 ι
3497 2166 3604 2240 Qui

1995 2259 2142 2316 enim
2173 2259 2232 2316 in
2262 2261 2376 2334 lege
2405 2262 2721 2334 gloriamini
2762 2263 2902 2335 (78),
2941 2279 2973 2318 a
3011 2263 3181 2336 gratia
3223 2261 3531 2320 excidistis.
3568 2287 3587 2309 ι

1993 2347 2216 2406 Iustitia
2244 2349 2380 2422 legis
2407 2358 2510 2421 est,
2533 2351 2579 2408 si
2607 2361 2918 2422 serventur,
2950 2369 3070 2426 quae
3095 2351 3221 2408 data
3247 2359 3397 2409 sunt.
3429 2351 3597 2408 Ideo-

1993 2453 2098 2511 que
2127 2440 2221 2512 qui
2251 2441 2309 2496 in
2341 2440 2430 2497 his
2453 2440 2748 2512 justiﬁcari
2788 2457 2844 2498 se
2877 2441 2996 2498 vult
3026 2449 3148 2514 post
3177 2438 3368 2506 ﬁdem,
3395 2439 3603 2497 amittit

1995 2529 2222 2600 gratiam
2249 2549 2263 2597 ;
2297 2530 2425 2602 quia
2462 2531 2529 2586 ad
2557 2532 2662 2587 hoc
2690 2532 2844 2588 venit
2863 2531 3071 2588 donum
3101 2529 3222 2598 Dei,
3251 2539 3313 2586 ut
3341 2531 3599 2586 cessanti-

1993 2615 2096 2672 bus
2124 2617 2388 2673 oneribus
2408 2619 2566 2690 legis,
2583 2617 2916 2688 justiﬁcaret
2933 2618 3216 2674 credentes
3235 2617 3381 2690 apud
3405 2620 3596 2677 Deum.

2069 2706 2251 2776 (Vers.
2289 2707 2345 2774 5,
2373 2707 2454 2777 6.)
2502 2731 2519 2752 -
2549 2707 2660 2761 Nos
2688 2715 2871 2762 autem
2923 2706 3124 2778 spiritu
3174 2722 3244 2761 ex
3288 2705 3397 2761 ﬁde
3453 2723 3602 2778 spem

1990 2792 2225 2864 justitize
2255 2801 2672 2864 exspectamus;
2723 2809 2850 2848 nam
2900 2793 2959 2848 in
2999 2792 3220 2851 Christo
3261 2793 3388 2849 Iesu
3433 2811 3606 2867 neque

1995 2880 2348 2937 circumcisio
2370 2881 2670 2954 quidquam
2697 2882 2862 2951 valet,
2895 2897 3071 2956 neque
3100 2882 3431 2955 praeputium
3467 2902 3477 2936 :
3512 2882 3605 2938 sed

1997 2971 2154 3042 ﬁdes,
2191 2989 2314 3046 quae
2344 2989 2440 3046 per
2467 2974 2793 3032 charitatem
2837 2983 3112 3048 operatur.
3145 2999 3162 3021 -
3226 2975 3492 3046 Apertum
3525 2981 3606 3030 est

1999 3061 2148 3134 quod
2204 3062 2361 3133 dicit,
2429 3065 2559 3138 quia
2605 3081 2727 3138 spes
2775 3064 3194 3138 justiﬁcationis
3249 3065 3308 3120 in
3364 3063 3471 3120 ﬁde
3527 3073 3609 3122 est

1998 3172 2096 3228 per
2125 3155 2404 3228 spiritum,
2435 3173 2547 3212 non
2603 3175 2700 3230 per
2742 3175 2906 3231 opera
2940 3157 3122 3230 legis;
3183 3157 3242 3212 in
3296 3156 3404 3212 ﬁde
3456 3156 3604 3212 enim

1996 3246 2323 3318 spiritaliter
2348 3248 2462 3302 Deo
2494 3249 2736 3304 servitur
2761 3247 3056 3304 devotione
3088 3245 3310 3315 mentis,
3343 3253 3396 3302 et
3434 3245 3604 3317 puri-

1998 3341 2110 3390 tate
2139 3334 2342 3390 cordis.
2378 3335 2534 3391 Uude
2568 3335 2707 3391 dicit
2744 3336 3027 3391 Dominus
3059 3335 3126 3390 ad
3156 3335 3552 3390 Samaritanam
3588 3350 3600 3390 :

2011 3448 2028 3471 ς
2076 3425 2225 3481 Deus
2269 3424 2500 3497 spiritus
2549 3432 2650 3492 est,
2709 3433 2760 3481 et
2811 3425 3109 3480 adorantes
3139 3440 3287 3492 eum,
3323 3423 3382 3477 in
3411 3423 3609 3494 spiritu

1997 3521 2052 3570 et
2097 3514 2332 3569 veritate
2385 3513 2611 3571 adorare
2658 3521 2874 3586 oportet
2924 3514 3109 3586 (Joan.
3168 3530 3246 3582 vr,
3288 3512 3404 3585 24).
3445 3538 3462 3560 ι
3523 3514 3604 3568 Ac
3665 3592 3678 3600 ’

1996 3617 2092 3674 per
2122 3601 2228 3659 hoc
2258 3619 2435 3677 neque
2464 3603 2795 3676 praeputium
2848 3602 2998 3659 valet
3047 3601 3369 3676 quidquam,
3428 3617 3602 3676 neque

1997 3692 2349 3749 circumcisio
2381 3712 2394 3749 :
2431 3693 2524 3749 sed
2555 3694 2670 3749 sola
2708 3693 2844 3750 ﬁdes
2871 3709 3010 3766 opus
3043 3701 3126 3749 est
3155 3692 3212 3748 in
3243 3692 3508 3750 charitate
3533 3690 3602 3747 ad

1989 3781 2480 3871 justiﬁcatiouem;
2530 3781 2664 3839 ﬁdes
2701 3783 2850 3839 enim
2878 3782 3144 3840 charitate
3172 3782 3413 3838 fraterna
3442 3780 3604 3837 debet

1996 3871 2228 3940 muniri,
2259 3880 2321 3928 ut
2351 3873 2613 3944 perfectio
2648 3873 2719 3930 sit
2746 3873 3038 3931 credentis.
3072 3874 3320 3948 Denique
3353 3872 3604 3928 Salvator

1996 3960 2147 4033 quod
2176 3961 2420 4032 primum
2452 3963 2773 4018 mandatum
2819 3973 2960 4020 esset
3003 3961 3367 4034 interroganti
3409 3959 3602 4015 scribae

1996 4050 2279 4124 respondit
2309 4067 2322 4107 :
2368 4075 2386 4099 ‹
2419 4052 2626 4128 Diliges
2654 4055 2959 4112 Dominum
2989 4055 3167 4109 Deum
3198 4059 3358 4106 tuum
3395 4065 3464 4103 ex
3488 4054 3605 4103 toto

1995 4141 2160 4198 corde
2191 4151 2286 4199 tuo
2316 4153 2371 4200 et
2399 4160 2469 4200 ex
2499 4155 2615 4202 tota
2641 4147 2825 4202 anima
2844 4153 2960 4211 tua,
2991 4152 3044 4197 et
3076 4141 3400 4212 proximum
3447 4147 3603 4195 tuum

1995 4245 2255 4311 tanquam
2286 4246 2339 4294 te
2381 4239 2582 4310 ipsum.
2640 4241 2702 4294 In
2760 4238 2868 4304 his,
2929 4233 3133 4305 inquit,
3188 4230 3403 4288 duobus
3454 4245 3604 4285 man-

1997 4327 2142 4384 datis
2173 4335 2292 4384 tota
2323 4329 2410 4384 lex
2443 4327 2642 4400 pendet
2671 4333 2725 4382 et
2771 4323 3052 4397 propheta:
3085 4322 3301 4395 (Matth.
3334 4339 3476 4392 xxu,
3515 4321 3604 4390 37,

1999 4415 2087 4484 39,
2115 4415 2231 4489 40).
2262 4441 2278 4463 ι
2323 4416 2648 4488 Imperfecta
2673 4424 2804 4472 sunt
2835 4415 3022 4488 itaque
3046 4423 3268 4483 caetera,
3301 4413 3521 4487 quando
3545 4413 3603 4468 in

277 4502 610 4560 circumcidi
646 4521 658 4559 :
703 4519 851 4561 nunc
896 4512 1079 4560 autem
1121 4505 1237 4579 lege
1274 4506 1404 4564 ﬁdei
1450 4493 1795 4578 succedente,
1827 4530 1890 4569 ea
1915 4493 1964 4551 Ῑ)
1999 4502 2088 4560 his
2121 4505 2338 4562 duobus
2365 4503 2640 4560 mandatis
2669 4503 2936 4578 perfectio
2981 4504 3318 4562 continetur.

278 4596 562 4671 sequenda
605 4605 754 4663 sunt,
785 4613 905 4670 quae
934 4597 1091 4654 rudis
1121 4598 1324 4656 veritas
1348 4599 1506 4673 jubet
1531 4620 1544 4669 ;
1578 4603 1706 4676 quia
1734 4615 1892 4663 vetus

279 4690 331 4738 et
359 4699 577 4741 novum
625 4681 912 4740 admisceri
963 4700 1074 4740 non
1117 4684 1338 4755 debent,
1369 4689 1663 4746 autoritate
1691 4691 1893 4747 Domi-

281 4772 337 4826 ni
389 4771 788 4846 praedicantis;
851 4773 928 4828 ait
975 4773 1161 4830 enim:
1207 4777 1418 4833 uNemo
1457 4777 1892 4838 additamentum

284 4862 449 4930 panni
502 4860 660 4917 rudis
703 4861 874 4917 assuit
927 4861 1259 4920 vestimento
1304 4866 1515 4934 veteri;
1565 4869 1714 4926 tollit
1743 4871 1893 4928 enim

283 4949 678 5008 fortitudinem
701 4949 819 5022 ejus
846 4967 877 5006 a
910 4951 1262 5023 vestimento,
1289 4962 1343 5010 et
1373 4956 1548 5029 major
1567 4958 1630 5014 ﬁt
1657 4961 1896 5018 scissura

289 5037 507 5111 (Matth.
542 5057 625 5109 ix,
660 5041 772 5113 16).
805 5067 823 5091 ι
868 5043 950 5098 Ac
979 5058 1076 5115 per
1120 5042 1228 5101 hoc
1249 5059 1360 5100 non
1389 5046 1568 5102 solum
1600 5048 1744 5106 nihil
1774 5068 1896 5124 pro-

285 5125 430 5184 derit
472 5128 629 5186 ﬁdeli
668 5129 856 5188 addita
887 5137 1032 5196 227
1062 5131 1438 5201 circumcisio,
1470 5135 1566 5191 sed
1595 5144 1648 5193 et
1677 5139 1891 5208 oberit;

288 5226 467 5301 majus
490 5228 642 5285 enim
665 5230 871 5287 malum
918 5240 1002 5289 est
1029 5248 1099 5290 ex
1126 5231 1300 5302 libero
1319 5251 1540 5293 servum
1560 5234 1701 5308 ﬁeri,
1733 5253 1895 5311 quam

290 5319 466 5377 nasci.

363 5408 554 5478 (Vera.
578 5409 659 5482 3.)
692 5435 710 5458 ι
730 5408 1016 5469 Testiﬁcor
1037 5418 1221 5468 autem
1249 5413 1401 5471 omni
1431 5415 1647 5474 homini
1666 5415 1898 5478 circum-

2074 4605 2254 4675 (Vers.
2289 4605 2368 4677 7.)
2411 4629 2430 4653 ι
2456 4603 2774 4663 Currebatis
2816 4604 2980 4674 bene,
3032 4605 3158 4679 quis
3187 4620 3286 4661 vos
3314 4601 3606 4676 impedivit

2002 4694 2221 4750 veritati
2251 4711 2362 4751 non
2384 4695 2609 4752 obedire
2629 4695 2657 4752 ἳ
2686 4721 2704 4744 ι
2750 4693 3072 4751 Exercitum
3105 4695 3329 4750 illorum
3355 4694 3414 4748 in
3442 4709 3606 4766 opera

2002 4781 2131 4838 ﬁdei
2160 4782 2366 4838 bonum
2397 4784 2564 4840 fuisse
2593 4792 2848 4853 testatur,
2895 4782 2993 4840 sed
3037 4782 3287 4856 nequitia
3333 4782 3604 4838 malorum

2004 4870 2295 4927 hominum
2338 4871 2608 4942 detentos,
2639 4889 2706 4930 ne
2735 4889 2958 4930 cursum
3006 4888 3167 4928 suum
3205 4870 3446 4928 efﬁcacia
3473 4887 3607 4944 per-

2002 4968 2307 5030 severante,
2337 4972 2802 5020 consummarent.
2836 4961 2991 5019 Unde
3020 4971 3083 5019 ut
3109 4962 3435 5036 resipiscant
3465 4959 3606 5016 hor-

2005 5061 2173 5122 tatur,
2203 5052 2270 5109 de
2300 5060 2496 5110 catero
2525 5053 2666 5109 nulli
2688 5071 2878 5111 eorum
2907 5054 3214 5122 credentes,
3247 5052 3342 5124 qui
3362 5060 3424 5107 ut
3443 5067 3606 5123 opera

2004 5143 2139 5216 legis
2187 5145 2458 5200 servanda
2503 5144 2816 5214 suaderent,
2848 5144 3177 5218 evangelicae
3231 5141 3444 5200 veritati
3494 5155 3604 5195 non

2005 5249 2098 5290 eos
2127 5232 2351 5291 obedire
2377 5235 2652 5292 sinebant.

2081 5325 2264 5398 (Vera.
2295 5326 2376 5400 8.)
2421 5351 2440 5374 ι
2471 5326 2664 5383 Suasio
2691 5332 2876 5383 vestra
2904 5342 3017 5383 non
3049 5331 3129 5381 est
3149 5339 3181 5378 a
3208 5323 3344 5388 Deo,
3373 5317 3468 5390 qui
3498 5333 3608 5372 vo-

2007 5423 2096 5475 cat
2119 5433 2240 5475 vos.
2271 5443 2291 5469 »
2350 5417 2558 5476 Verum
2610 5425 2711 5487 est,
2755 5419 2885 5492 quia
2919 5417 3164 5474 humano
3203 5408 3436 5471 consilio
3491 5405 3607 5462 hac

368 5625 491 5699 (78)
527 5629 610 5687 Ita
636 5645 768 5688 mss.
801 5630 986 5703 plures
1011 5645 1076 5689 ac
1106 5629 1382 5703 potiores;
1413 5629 1585 5707 aliqui
1618 5641 1824 5704 tamen,
1847 5642 1902 5692 et
1924 5649 2116 5692 omnes
2147 5634 2306 5706 edit.,
2337 5638 2399 5693 in
2427 5637 2530 5709 lege
2549 5634 2941 5708 justiﬁcamini.
