4070 6186
436 251 541 312 387

1475 247 1569 302 AD
1607 243 1841 301 OPERA
1879 243 1935 298 S.
1978 239 2316 299 AMBROSII
2352 241 2732 305 APPENDIX.

3649 235 3758 294 388

441 378 679 451 agebant
727 375 926 446 Judmi,
961 383 1024 432 ut
1053 375 1336 432 mitterent
1377 388 1469 428 eos
1513 369 1614 427 sub
1657 369 1789 442 legis
1810 367 2042 441 jugum:
2074 370 2124 429 Α
2156 365 2484 426 delictorum
2535 368 2674 442 (82),
2718 365 2938 426 liberati
2987 373 3134 422 sunt.
3181 388 3198 410 ι
3227 362 3464 451 Tantum
3495 377 3565 451 ne
3595 361 3758 451 liber.

436 483 546 523 non
601 466 701 523 Dei
745 465 981 538 judicio,
1033 465 1128 540 qui
1177 461 1407 522 vocabat
1453 477 1544 517 eos
1574 475 1669 533 per
1712 458 2037 532 Apostolum

435 572 597 612 suum
630 555 696 612 ad
728 556 977 628 gratiam.

510 646 694 718 (Vers.
725 646 806 719 9.)
852 671 870 692 ε
902 644 1181 703 Modicum
1216 643 1546 700 fermentum
1594 649 1763 698 totam
1808 656 2036 696 massam

435 735 810 808 corrumpit.»
856 736 970 791 Hoc
998 733 1156 802 dicit,
1205 733 1334 806 quia
1380 731 1509 788 licet
1555 731 1856 804 quidquam
1907 729 2040 801 legis

435 822 796 881 admiscentes
823 823 972 892 ﬁdei,
1008 824 1220 879 violant
1241 822 1428 891 ﬁdem,
1449 837 1517 876 ne
1558 820 1754 876 habeat
1773 819 2036 886 fructum,

434 922 530 969 aut
561 911 631 968 sit
659 913 1033 986 acceptabilis.
1069 914 1184 969 Hoc
1215 912 1338 968 ideo
1377 911 1597 984 adjecit,
1629 925 1696 965 ne
1729 910 1871 965 forte
1891 909 2037 964 inco-

437 1000 639 1057 lumem
663 1019 719 1058 se
750 1009 1004 1074 putarent
1028 1001 1228 1059 habere
1244 1001 1472 1075 gratiam
1494 999 1622 1055 ﬁdei
1641 999 1783 1072 (79),
1804 998 1851 1056 si
1873 1015 2038 1071 pauca

435 1090 569 1162 legis
601 1091 970 1149 observarent.

511 1184 692 1256 (Vens.
727 1186 839 1255 10.)
890 1211 906 1233 ι
936 1186 1053 1258 Ego
1106 1183 1324 1241 conﬁdo
1372 1182 1431 1238 in
1471 1181 1629 1238 vobis
1675 1181 1732 1237 in
1780 1181 2037 1247 Domino,

434 1273 564 1346 quia
591 1275 735 1330 nihil
765 1275 919 1331 aliud
951 1273 1221 1332 sentietis.
1257 1299 1275 1322 ι
1319 1272 1433 1329 Hac
1461 1287 1554 1343 spe
1600 1287 1656 1326 se
1709 1269 1845 1325 dicit
1874 1268 2041 1324 ﬁdere

435 1362 502 1419 de
533 1364 637 1431 iis;
673 1364 803 1439 quia
845 1381 957 1420 non
1007 1371 1221 1436 sponte,
1273 1361 1368 1417 sed
1424 1358 1790 1417 circumventi
1843 1357 2042 1414 erroris

436 1454 586 1510 viam
622 1453 982 1510 intraverant.
1020 1453 1149 1509 Ideo
1195 1459 1414 1507 ostenso
1458 1466 1588 1505 vero
1632 1449 1849 1516 itinere,
1882 1448 2041 1505 facile

434 1557 526 1598 eos
582 1559 738 1614 posse
792 1541 997 1598 reverti
1047 1539 1297 1598 conﬁdit.
1356 1539 1505 1607 «Qui
1536 1546 1718 1594 autem
1748 1521 2086 1594 conturbat‘

436 1650 554 1703 vos,
577 1632 820 1706 portabit
835 1631 1136 1704 judicium,
1154 1631 1472 1704 quicunque
1492 1639 1571 1686 est
1587 1629 1700 1685 ille.
1720 1654 1737 1677 ι
1755 1625 2042 1696 Quomodo

2148 463 2316 512 tatem
2373 456 2431 513 in
2492 458 2838 515 occasionem
2892 453 3047 513 carni
3097 451 3258 510 detis.
3290 473 3308 497 ι
3356 450 3473 506 Hoc
3500 449 3659 520 dicit,
3689 467 3760 508 ne

2148 555 2430 620 acceptam
2474 547 2785 606 libertatem
2813 545 3030 604 occasio
3063 541 3246 602 carnis
3273 538 3480 596 adimat
3512 557 3523 596 :
3556 541 3626 598 ad
3653 540 3762 599 hoc

2149 637 2297 691 enim
2326 637 2652 695 circumcidi
2699 654 2792 695 eos
2843 637 3121 704 volebant,
3170 640 3232 689 ut
3275 631 3333 686 in
3382 631 3757 689 conditionem

2151 726 2286 798 legis
2314 726 2605 785 intrarent.
2641 728 2772 785 Ideo
2787 735 2994 795 monet,
3023 743 3092 783 ne
3113 723 3244 782 dent
3265 722 3608 780 occasionem
3631 739 3761 779 con-

2150 816 2438 874 sentiendo
2484 819 2582 875 eis.
2631 844 2647 867 ε
2691 819 2797 876 Sed
2842 835 2938 890 per
2980 815 3335 874 dilectionem
3376 813 3603 886 spiritus
3650 832 3760 872 ser-

2150 905 2264 962 vite
2292 908 2454 965 vobis
2492 909 2753 967 invicem.
2779 934 2798 956 ι
2852 909 2974 964 Non
3004 922 3098 979 per
3131 904 3388 961 affectum
3423 905 3605 961 carnis
3633 905 3759 962 cha-

2152 999 2370 1055 ritatem
2402 999 2729 1069 habendam,
2761 999 2857 1057 sed
2886 1015 2983 1072 per
3011 995 3363 1053 dilectionem
3386 996 3614 1068 spiritus
3642 1012 3753 1052 ex-

2152 1088 2424 1159 hortatur,
2459 1099 2521 1146 ut
2547 1090 2790 1147 invicem
2827 1089 2933 1146 sibi
2963 1087 3196 1160 subjecti
3224 1087 3356 1143 sint.

2224 1181 2406 1252 (Vers.
2442 1180 2553 1253 14.)
2601 1207 2619 1229 ‹
2644 1181 2911 1237 Universa
2957 1179 3103 1236 enim
3155 1177 3246 1233 lex
3285 1176 3343 1232 in
3373 1175 3532 1232 vobis
3560 1177 3618 1232 in
3645 1192 3761 1233 uno

2152 1268 2318 1324 verbo
2349 1269 2612 1341 impletur
2644 1287 2657 1325 :
2707 1268 2916 1341 Diliges
2961 1266 3281 1340 proximum
3318 1272 3478 1321 tuum
3521 1264 3666 1322 sicut
3701 1273 3758 1321 te

2151 1358 2330 1432 ipsum
2366 1358 2555 1432 (Leuit.
2587 1376 2708 1428 xrx,
2744 1358 2857 1432 18).
2889 1382 2908 1406 ι
2954 1358 3070 1414 Hoc
3095 1357 3360 1428 scriptum
3399 1363 3483 1412 est
3511 1355 3569 1410 in
3602 1354 3759 1410 Lev1-

2151 1449 2282 1516 tico,
2314 1451 2460 1524 quod
2489 1468 2656 1524 supra
2685 1451 2895 1508 dictum
2943 1459 3042 1519 est,
3094 1448 3226 1522 quia
3271 1445 3533 1521 perfectio
3562 1447 3761 1505 salutis

2150 1556 2245 1612 per
2265 1541 2619 1598 dilectionem
2637 1553 2921 1616 operatur;
2940 1541 3070 1614 quia
3083 1540 3177 1614 qui
3201 1554 3312 1594 non
3333 1537 3516 1612 diligit
3534 1539 3758 1595 fratrem

2150 1645 2260 1686 non
2290 1631 2474 1706 diligit
2519 1635 2715 1703 Deum,
2761 1631 2897 1691 dicit
2937 1633 3174 1688 Joannes
3203 1629 3484 1703 apostolus
3514 1629 3573 1704 (Ι
3593 1629 3754 1687 Joan.

435 1723 531 1796 qui
559 1732 834 1779 errantem
863 1720 1113 1778 converti
1145 1720 1296 1788 facit,
1329 1718 1764 1775 remunerandus
1811 1725 1912 1786 est,
1945 1716 2044 1773 di-
2070 1731 2116 1793 Β
2152 1736 2229 1788 iv,
2267 1717 2380 1792 20).

433 1819 590 1869 cente
619 1809 820 1868 Iacobo
839 1809 1088 1882 apostolo
1108 1807 1167 1864 in
1188 1808 1419 1880 epistola
1445 1825 1544 1864 sua
1575 1826 1586 1864 :
1627 1832 1644 1854 ι
1663 1805 1770 1875 Qui
1793 1806 2042 1864 converti

435 1900 626 1958 fecerit
677 1907 1041 1972 peccatorem,
1093 1897 1330 1955 salvabit
1386 1898 1632 1954 animam
1660 1896 1780 1969 ejus
1807 1914 1838 1953 a
1865 1903 2042 1952 morte

437 1992 578 2064 (80),
625 1997 679 2046 et
724 1988 932 2062 operiet
977 1987 1392 2044 multitudinem
1437 1995 1785 2061 peccatorum
1835 1986 2036 2059 (Iacob.

433 2099 488 2150 v,
523 2079 652 2153 20);
686 2104 705 2128 ι
749 2079 827 2135 ita
855 2086 910 2134 et
955 2078 1051 2150 qui
1096 2085 1243 2135 recta
1273 2076 1628 2134 incedentem
1657 2075 1769 2145 via,
1829 2073 1933 2130 iter
1983 2073 2041 2130 in

433 2170 661 2228 devium
709 2169 857 2242 cogit
922 2167 1158 2237 ﬂectere,
1210 2167 1622 2225 damnationem
1662 2166 2038 2240 consequitur,

433 2260 750 2333 quicunque
808 2257 996 2314 fuerit.
1053 2259 1167 2316 Hoc
1210 2267 1433 2330 propter
1491 2257 1593 2314 hos
1649 2255 1908 2340 subjicit';
1974 2270 2042 2310 ne

433 2348 529 2422 qui
563 2348 669 2404 sibi
699 2348 956 2406 meritum
989 2347 1368 2418 defenderent,
1396 2365 1460 2404 eo
1512 2346 1660 2421 quod
1708 2346 1814 2402 filii
1861 2352 2042 2401 essent

435 2437 671 2494 Abrahae
695 2436 856 2509 juxta
883 2453 1124 2493 carnem.
1149 2438 1399 2511 Denique
1427 2437 1732 2494 exaltantes
1761 2452 1817 2491 se
1845 2435 2042 2492 dicunt

432 2527 501 2584 ad
528 2529 758 2586 Iesum:
812 2555 828 2576 ι
858 2528 966 2584 Nos
1013 2526 1117 2583 ﬁlii
1165 2527 1403 2584 Abrahae
1444 2543 1634 2584 sumus
1685 2527 1864 2599 (Joan.
1915 2541 2037 2593 vni,

435 2616 550 2690 33).
591 2641 608 2665 .

507 2705 686 2779 (Vers.
723 2704 835 2777 11.)
881 2729 899 2752 ε
928 2704 1046 2777 Ego
1075 2712 1280 2772 autem,
1324 2703 1540 2772 fratres,
1575 2702 1622 2758 si
1652 2700 2042 2759 circumcisio-

433 2811 557 2852 nem
604 2793 863 2868 praedico,
893 2793 1027 2867 quid
1071 2791 1253 2848 adhuc
1282 2791 1720 2865 persecutionem
1761 2789 1940 2861 patior
1960 2788 1988 2845 ‘f
2008 2814 2026 2838 ι

433 2887 697 2957 Apertum
741 2890 841 2950 est,
874 2881 1022 2955 quod
1051 2880 1227 2948 dicit;
1257 2880 1381 2936 ideo
1411 2879 1559 2935 enim
1589 2877 1744 2952 quasi
1776 2876 2040 2936 inimicus

431 2972 638 3027 Judaeis
676 2968 999 3038 habebatur,
1033 2976 1087 3024 et
1115 2984 1226 3023 non
1255 2969 1579 3024 desinebant
1605 2985 1637 3024 a
1664 2965 2040 3040 persecutione

435 3059 586 3132 ejus;
621 3065 765 3123 228
795 3058 926 3133 quia
953 3057 1434 3115 circumcisionem
1458 3058 1574 3130 jam
1603 3072 1716 3113 non
1762 3063 1906 3113 stare
1949 3055 2038 3112 de-

433 3158 612 3217 cebat.
640 3161 891 3234 Denique
936 3139 1141 3218 Judzeis
1189 3161 1672 3235 compellentibus,
1701 3168 1755 3218 et
1781 3177 2040 3234 saepenu-

434 3265 585 3305 mero
617 3249 778 3308 falsas
806 3251 1185 3310 accusationes
1231 3259 1426 3309 contra
1466 3269 1592 3309 eum
1635 3251 2030 3319 deferentibus,

429 3338 718 3414 obliquum
745 3340 990 3413 judicem
1021 3342 1235 3412 videns,
1263 3351 1483 3399 coactus
1519 3342 1818 3416 appellavit
1849 3341 2036 3399 Caesa-

429 3445 544 3484 rem
573 3431 715 3502 (Act.
748 3449 885 3502 xxv,
924 3433 1036 3505 11).
1093 3459 1111 3482 ‹
1150 3435 1296 3506 Ergo
1327 3440 1652 3490 evacuatum
1683 3439 1766 3488 est
1795 3432 2035 3488 scanda-

430 3519 544 3574 lum
597 3524 797 3578 crucis.
831 3548 849 3571 ι
912 3524 1244 3580 Scandalum
1292 3531 1408 3579 erat
1460 3522 1666 3578 Iudaeis
1717 3521 2033 3594 praedicatio

427 3607 627 3676 crucis,
653 3610 780 3682 quia
810 3609 1108 3666 Sabbatum
1129 3620 1183 3667 et
1203 3610 1680 3666 circumcisionem
1711 3609 2028 3667 evacuabat.

428 3696 485 3753 Si
543 3704 724 3754 autem
786 3698 1105 3757 admitteret
1164 3699 1664 3769 circumcisionem,
1727 3715 1838 3756 non
1891 3709 2032 3758 esset

425 3787 768 3858 scandalum,
799 3797 854 3846 et
881 3789 1097 3861 paciﬁci
1125 3799 1304 3846 essent
1320 3790 1480 3847 nobis
1498 3789 1692 3847 Judaei.
1714 3791 1850 3849 Nam
1872 3790 2031 3848 dice-

425 3878 560 3935 bant
589 3877 656 3935 de
687 3879 968 3936 Salvatore
1002 3897 1014 3936 :
1063 3903 1081 3928 ‹
1112 3880 1234 3936 Non
1264 3888 1345 3937 est
1374 3879 1465 3937 hic
1500 3881 1667 3938 homo
1708 3898 1738 3939 a
1765 3883 1901 3953 Deo,
1933 3882 2027 3955 qui

423 3971 720 4030 Sabbatum
744 3990 857 4030 non
885 3973 1127 4030 custodit
1157 3973 1340 4047 (Joan.
1372 3991 1455 4043 ιχ,
1490 3975 1603 4048 16).
1634 4000 1653 4025 ι

498 4063 679 4139 (Vera.
716 4065 828 4139 i2.)
876 4088 896 4113 ς
928 4064 1148 4121 Utinam
1175 4070 1230 4120 et
1257 4063 1654 4120 abscindantur
1692 4063 1772 4134 hi,
1798 4065 1892 4138 qui
1925 4084 2026 4124 vos

423 4153 753 4213 subvertunt
775 4157 786 4213 l
812 4180 831 4205 ι
884 4155 1015 4213 Tale
1050 4163 1132 4211 est
1178 4154 1303 4224 hoc,
1356 4154 1515 4228 quale
1543 4161 1598 4210 et
1627 4155 1768 4211 illud
1806 4156 1872 4212 ad
1911 4156 2025 4214 Co-

423 4243 662 4300 rinthios
693 4245 752 4300 in
791 4245 972 4318 prima
1003 4264 1015 4302 :
1064 4271 1081 4294 ‹
1112 4244 1218 4314 Qui
1249 4261 1382 4314 non,
1416 4244 1621 4318 inquit,
1653 4252 1799 4301 amat
1827 4245 2026 4301 Domi—

423 4349 556 4388 num
582 4333 788 4402 Iesum,
811 4335 884 4390 sit
911 4335 1204 4392 anathema
1227 4335 1285 4408 (Ι
1307 4335 1432 4392 Cor.
1455 4353 1572 4405 xvr,
1597 4335 1713 4410 22).
1739 4361 1757 4385 ι
1797 4336 1886 4391 Ex
1905 4335 2024 4408 ipso

422 4439 577 4497 grege
609 4424 862 4525 morbido
893 4432 1023 4481 sunt
1054 4435 1108 4481 et
1132 4427 1193 4481 hi
1244 4444 1380 4500 quos
1409 4426 1582 4484 sociat
1611 4427 1894 4483 sententiae
1923 4445 2026 4485 eo-
2052 4466 2100 4525 D

421 4528 583 4579 rum;
619 4519 682 4566 ut
705 4512 1100 4569 abscindantur
1128 4531 1160 4570 a
1201 4514 1583 4572 misericordia
1625 4515 1848 4571 Domini
1881 4517 2021 4591 (81),

419 4601 514 4674 qui
545 4599 760 4658 Galatas
811 4603 912 4659 Dei
965 4602 1136 4676 gratia
1190 4612 1462 4660 exuerunt
1513 4621 1525 4659 :
1582 4612 1637 4660 et
1692 4622 1804 4661 non
1841 4607 2020 4666 solum

420 4689 760 4761 spiritaliter,
789 4691 883 4748 sed
912 4700 966 4749 et
990 4693 1302 4763 carnaliter,
1333 4693 1434 4749 hos
1463 4693 1779 4764 maledicit;
1811 4705 1875 4753 ut
1893 4697 2022 4772 quia

417 4777 740 4836 circumcidi
797 4781 1013 4838 Galatas
1060 4783 1344 4856 cogebant,
1391 4782 1494 4855 ipsi
1544 4783 2016 4858 abscinderentur,

417 4873 480 4922 ut
514 4868 976 4942 multiplicaretur
1003 4871 1091 4928 his
1131 4873 1291 4930 dolor
1315 4874 1580 4946 corporis.

491 4957 674 5032 (Vers.
720 4962 830 5036 13.)
873 4988 890 5011 ι
911 4963 1024 5022 Vos
1053 4963 1201 5020 enim
1233 4964 1292 5024 in
1323 4967 1633 5024 libertatem
1662 4967 1843 5024 vocati
1865 4968 2014 5038 estis,

416 5046 632 5106 fratres.
660 5074 680 5098 ι
723 5051 786 5106 In
817 5051 1128 5108 libertatem
1158 5055 1336 5110 vocati
1378 5065 1506 5111 sunt
1524 5075 1538 5124 ;
1571 5057 1699 5129 quia
1717 5073 1844 5112 cum
1882 5073 2017 5129 pec-

413 5138 550 5195 catis
578 5147 760 5196 essent
790 5139 1042 5212 obnoxii,
1065 5142 1165 5198 Dei
1187 5143 1360 5215 gratia
1382 5144 1713 5218 accipientes
1731 5146 2012 5203 remissam

489 5259 606 5405 (79)
637 5260 1074 5343 Mssanonnulli,
1110 5263 1296 5320 habere
1323 5264 1556 5336 gratiam
1581 5263 1700 5322 Dei.

516 5331 608 5405 80)
639 5334 822 5391 Dictio
859 5351 894 5389 a
920 5340 1087 5391 morte
1123 5351 1151 5391 e
1197 5335 1320 5392 cod.
1371 5351 1484 5391 non
1529 5337 1700 5405 paucis

516 5331 608 5405 80)
639 5332 822 5391 Dictio
859 5351 894 5389 a
920 5340 1087 5391 morte
1123 5351 1151 5391 e
1197 5331 1341 5392 codf
1371 5351 1484 5391 non
1529 5337 1715 5408 paucis
1760 5336 2014 5394 restitui-

414 5411 768 5552 t_m(._8-l)_Mss.
804 5478 1036 5552 aliquot,
1064 5496 1098 5552 a
1126 5479 1573 5552 menteDomini;
1602 5495 1783 5552 unus,
1801 5499 1835 5536 a
1866 5497 2012 5536 man-

418 5547 848 5624 datiipgmini;
889 5547 1087 5624 reliqui
1130 5559 1184 5607 et
1223 5550 1382 5624 edit.,
1412 5570 1447 5606 a
1479 5547 1844 5624 misericordia
1893 5552 2008 5610 Dei.

491 5617 611 5688 (82)
643 5619 846 5679 Omnes
873 5617 1027 5681 edit:
1043 5638 1103 5680 ac
1148 5621 1306 5696 pauci
1336 5617 1466 5680 mss.
1476 5665 1492 5694 ,
1521 5623 1624 5682 Dei
1659 5624 1887 5695 gratiam
1913 5642 2013 5680 ac-

2224 1809 2404 1881 (Vers.
2441 1810 2554 1882 15.)
2601 1833 2619 1857 ι
2650 1809 2808 1878 Quod
2834 1809 2878 1866 si
2911 1808 3175 1866 mordetis
3207 1808 3467 1877 invicem,
3498 1816 3552 1865 et
3569 1809 3762 1865 crimi-

2152 1900 2296 1955 natis
2329 1899 2445 1973 (83)
2473 1917 2487 1968 ;
2519 1901 2701 1956 videte
2754 1916 2825 1957 ne
2868 1899 2935 1956 ab
2978 1899 3218 1957 invicem
3264 1898 3691 1955 consumamini.
3725 1926 3742 1949 ι

2149 1989 2500 2047 Manifestum
2531 1998 2614 2046 est
2656 1989 2785 2062 quia
2815 1989 3086 2046 dissensio
3135 1989 3367 2044 fratrum
3421 1987 3646 2043 inimica
3676 1996 3760 2045 est

2150 2081 2501 2151 dilectionis;
2538 2083 2664 2139 ideo
2693 2088 2882 2139 monet
2909 2091 2972 2139 ut
3009 2080 3222 2154 pacifici
3255 2079 3370 2136 sint
3407 2077 3757 2150 proﬁcientes

2151 2174 2210 2230 in
2237 2173 2402 2230 bono.
2441 2172 2843 2230 Contentiones
2872 2173 3022 2229 enim
3055 2179 3316 2246 generant
3347 2168 3616 2242 jurgium,
3646 2187 3760 2227 cu-

2144 2261 2236 2335 jus
2260 2263 2474 2320 fructus
2512 2271 2594 2319 est
2623 2263 2754 2319 vitae
2783 2263 3154 2336 consumptio.

2224 2353 2404 2424 (Vers.
2432 2353 2544 2427 16.)
2589 2378 2607 2402 ι
2656 2353 2792 2410 Dico
2854 2361 3057 2424 autem,
3107 2353 3306 2426 spiritu
3353 2352 3650 2423 ambulate,
3702 2364 3762 2414 et

2149 2441 2650 2514 concupiscentiam
2683 2442 2866 2500 carnis
2896 2459 3007 2499 non
3039 2441 3353 2516 perﬁcietis.
3381 2469 3399 2492 ι
3459 2444 3757 2518 Postquam

2148 2550 2180 2589 a
2210 2533 2324 2603 lege
2354 2531 2624 2589 factorum
2658 2548 2750 2589 eos
2770 2532 3079 2606 prohibuit,
3113 2533 3171 2608 in
3195 2547 3304 2606 qua
3331 2543 3458 2590 sunt
3486 2542 3760 2607 praecepta

2149 2622 2408 2691 carnalia,
2442 2638 2592 2680 nunc
2620 2630 2682 2678 ut
2711 2639 2742 2678 a
2772 2623 2925 2680 vitiis
2962 2622 3147 2680 carnis
3176 2639 3232 2679 se
3259 2622 3596 2690 contineant,
3620 2637 3764 2693 prae-

2149 2711 2302 2785 cipit.
2337 2712 2442 2770 Hic
2483 2713 2632 2769 enim
2669 2711 2870 2786 spiritu
2907 2711 3172 2782 ambulat,
3205 2713 3300 2786 qui
3331 2711 3470 2784 fugit
3505 2718 3749 2784 peccata.

2224 2801 2407 2872 (Vers.
2445 2801 2560 2874 17.)
2607 2825 2624 2848 ε
2655 2802 2789 2858 Nam
2822 2818 2948 2859 caro
2987 2800 3327 2873 concupiscit
3351 2799 3612 2856 adversus
3640 2800 3758 2872 spi-

2149 2891 2339 2960 ritum,
2372 2890 2599 2963 spiritus
2637 2906 2767 2948 vero
2813 2891 3075 2948 adversus
3121 2905 3369 2956 carnem;
3427 2888 3544 2945 haec
3601 2889 3760 2945 enim

2149 2979 2256 3036 sibi
2287 2979 2528 3038 invicem
2557 2979 2938 3050 adversantur,
2973 2987 3034 3036 ut
3069 2993 3177 3034 non
3208 2993 3272 3034 ea
3300 2994 3421 3051 quae
3453 2977 3645 3045 vultis,
3674 2977 3764 3034 fa-

2068 3096 2118 3161 C
2149 3069 2469 3142 ciatis(86.).
2497 3095 2516 3118 ι
2562 3072 2710 3127 Duas
2754 3071 2898 3143 leges
2956 3067 3234 3161 proponit,
3277 3069 3420 3161 sicut
3447 3066 3580 3123 facit
3600 3076 3665 3161 _et
3695 3068 3761 3122 in

2147 3161 2378 3234 epistola
2407 3162 2476 3217 ad
2505 3162 2782 3218 Romanos
2805 3161 2930 3234 (vn,
2961 3159 3076 3232 23),
3112 3175 3231 3232 quae
3276 3156 3517 3214 invicem
3553 3156 3723 3213 adver

2145 3268 2215 3308 see
2242 3258 2406 3308 sunt:
2442 3267 2608 3307 unam
2646 3251 2767 3320 Dei,
2811 3251 3039 3306 alteram
3084 3248 3312 3321 peccati.
3361 3247 3492 3315 Quae.
3534 3245 3660 3302 ideo
3691 3247 3755 3304 in

2143 3356 2306 3396 carne
2335 3339 2698 3412 signiﬁcatur,
2745 3338 2875 3412 quia
2900 3338 3220 3395 visibilibus
3247 3337 3570 3406 oblectatur,
3595 3337 3756 3409 cupi-

2144 3427 2211 3483 da
2233 3437 2613 3500 peccatorum;
2658 3437 2721 3484 ut
2749 3427 2838 3483 his
2884 3427 2991 3485 sibi
3039 3424 3476 3495 abversantibus,
3533 3425 3755 3482 medius

2142 3517 2310 3574 homo
2338 3533 2449 3574 non
2479 3535 2542 3574 ea
2569 3534 2690 3591 quae
2721 3518 2862 3587 vult,
2899 3525 3040 3590 agat.
3071 3516 3276 3573 Divina
3313 3515 3461 3572 enim
3496 3514 3585 3570 lex
3613 3531 3754 3587 pre-

2141 3606 2244 3662 mit
2273 3616 2326 3663 et
2353 3608 2505 3680 fugat
2548 3609 2720 3682 legem
2770 3607 2996 3682 peccati,
3056 3607 3351 3664 consulens
3396 3603 3628 3672 homini,
3683 3611 3750 3660 ut

2139 3698 2383 3771 vigorem
2415 3706 2623 3755 natura:
2651 3714 2762 3755 suae
2809 3697 3103 3766 custodiat,
3149 3712 3218 3752 ne
3263 3693 3512 3767 capiatur
3551 3693 3751 3750 illece-

2138 3789 2251 3846 bris
2285 3808 2296 3847 :
2330 3789 2427 3847 illa
2451 3808 2479 3848 e
2513 3797 2704 3849 contra
2731 3789 2791 3846 in
2820 3789 3041 3846 insidiis
3071 3803 3256 3860 agens,
3306 3785 3519 3843 lacessit
3549 3783 3751 3841 homi-

2136 3898 2262 3939 nem
2291 3883 2600 3953 blanditiis,
2633 3892 2696 3941 ut
2724 3892 2945 3959 spernat
2986 3891 3317 3958 praeceptum
3348 3881 3481 3954 legis
3513 3879 3743 3940 divinae.

2137 3972 2277 4031 Cum
2303 3991 2431 4048 ergo
2461 3976 2800 4034 consenserit
2847 3975 3014 4032 homo
3068 3974 3174 4046 legi
3229 3972 3351 4039 Dei,
3407 3969 3745 4029 contradicit

2136 4064 2226 4120 lex
2265 4065 2493 4136 peccati,
2541 4065 2775 4123 suadens
2812 4064 3029 4121 homini
3057 4080 3126 4120 ne
3158 4062 3323 4121 faciat
3369 4060 3520 4136 quod
3572 4059 3746 4132 impe-

2134 4161 2219 4209 rat
2254 4155 2343 4209 lex
2370 4154 2603 4212 divina:
2655 4173 2684 4211 e
2725 4154 2944 4212 diverso
2986 4160 3172 4210 autem
3223 4151 3313 4207 lex
3366 4150 3467 4206 Dei
3522 4156 3747 4205 revocat

2134 4242 2451 4312 hominem;
2518 4261 2587 4301 ne
2643 4244 2808 4302 faciat
2880 4243 3027 4318 quod
3082 4242 3321 4316 suggerit
3367 4240 3457 4295 lex
3508 4239 3738 4311 peccati.

2136 4330 2296 4398 Quod
2328 4331 2550 4405 quidem
2579 4331 2747 4390 homo
2778 4349 2891 4390 non
2923 4331 3075 4389 videt
3105 4347 3218 4388 esse
3245 4327 3540 4385 absurdum
3569 4344 3583 4394 ;
3634 4326 3741 4382 scit

2135 4421 2283 4478 enim
2315 4432 2524 4481 naturae
2552 4442 2664 4482 suae
2714 4439 3034 4498 congruere,
3089 4423 3135 4478 si
3190 4421 3356 4478 faciat
3384 4416 3531 4493 quod
3568 4416 3741 4489 impe-

2135 4519 2218 4568 rat
2238 4513 2328 4569 lex
2359 4514 2479 4570 Dei.
2511 4513 2759 4588 Denique
2791 4513 3008 4588 gaudet,
3043 4510 3264 4586 quando
3295 4509 3411 4566 haec
3439 4507 3552 4580 agit
3577 4524 3587 4562 :
3608 4521 3736 4562 cum

2128 4619 2191 4661 ea
2220 4611 2497 4676 operatur,
2533 4621 2654 4678 qua;
2683 4604 2923 4677 suggerit
2951 4603 3043 4659 lex
3084 4600 3317 4675 peccati,
3347 4597 3501 4654 videt
3528 4613 3587 4654 se
3616 4603 3737 4652 tur-

2128 4710 2273 4766 pem,
2305 4703 2359 4750 et
2388 4693 2575 4750 horret
2620 4703 2742 4766 post
2791 4693 3021 4750 factum.
3067 4692 3303 4765 Ideoque
3338 4689 3475 4762 legis
3507 4686 3740 4760 spiritus

2127 4793 2399 4857 praecepta
2424 4785 2693 4842 servanda
2720 4793 2868 4854 sunt,
2906 4794 2961 4843 et
2989 4784 3235 4843 carnalia
3277 4779 3564 4854 fugienda;
3615 4778 3738 4851 ipsa

2128 4874 2275 4931 enim
2333 4874 2673 4932 conscientia
2717 4883 2956 4945 accusat,
3004 4875 3051 4931 si
3094 4874 3144 4930 ei
3193 4873 3520 4941 consentiat,
3553 4869 3737 4928 sciens

2126 4963 2343 5020 horrori
2372 4980 2509 5032 esse,
2539 4981 2661 5038 qua;
2690 4965 2940 5039 suggerit
2964 4965 3055 5020 lex
3084 4964 3311 5037 peccati.

2197 5054 2381 5127 (Vers.
2415 5054 2529 5127 18.)
2577 5080 2594 5102 ‹
2623 5053 2782 5121 Quod
2817 5054 2864 5110 si
2896 5052 3098 5126 spiritu
3129 5051 3402 5110 ducimini
3444 5049 3584 5124 (85),
3617 5064 3733 5105 non

2124 5144 2254 5201 estis
2284 5143 2386 5201 sub
2418 5145 2553 5218 lege.
2576 5170 2594 5192 ι
2641 5144 2764 5200 Νοη
2800 5151 2882 5200 est
2909 5143 3224 5212 obscurum,
3251 5141 3380 5215 quia
3407 5139 3504 5214 qui
3531 5137 3729 5196 ducem

2122 5265 2387 5332 cipientes,
2435 5263 2656 5320 remissa
2703 5257 3030 5332 delictorum,
3063 5258 3176 5320 etc:
3206 5259 3357 5316 Infra
3385 5274 3517 5315 vero
3565 5258 3728 5316 Rom.

2122 5335 2256 5392 edit.
2292 5338 2427 5404 sola,
2458 5342 2506 5390 et
2533 5353 2595 5408 in,
2614 5335 2868 5408 ditionem
2897 5336 3039 5408 tegis,
3071 5343 3176 5391 etc.

2197 5408 2313 5483 (83)
2346 5401 2503 5483 nam.
2537 5407 2694 5483 ed_it.,
2723 5401 2974 5483 mordetis
2996 5401 3216 5461 invicem
3241 5408 3288 5458 et
3305 5401 3588 5458 comeditis.

2345 5479 2552 5535 Eadem
2586 5473 2743 5537 Rom.
2774 5480 2931 5549 edit.,
2963 5485 3024 5533 ut
3055 5495 3160 5535 non
3184 5491 3502 5548 quacunque
3542 5473 3726 5542 vultis,

2120 5551 2603 5696 [αῗὲέῗίΐοηηηιιί
2630 5643 2785 5696 mss.,
2815 5624 2862 5681 si
2885 5623 3098 5696 Spiritu
3121 5622 3219 5680 Dei
3241 5619 3514 5678 ducimini.
