4108 6184
267 279 366 339 389

1317 277 1678 338 COMMENT.
1718 278 1791 336 IN
1827 276 2045 334 EPIST.
2091 277 2186 333 AD
2225 277 2479 333 GALAT.

3450 278 3556 337 390

264 413 422 471 habet
450 410 714 486 Spiritum
743 418 1019 480 sanctum,
1071 425 1183 466 non
1214 418 1392 478 errat;
1426 410 1516 466 lex
1557 407 1705 464 enim
1753 425 1849 464 er-
1878 412 1930 472 Α
1959 408 2124 462 Bonae
2161 406 2307 462 enim
2339 406 2465 460 vita:
2497 406 2707 462 fructus
2735 405 2918 462 aridos
2947 406 3102 472 facit,
3132 404 3367 479 perdens
3395 423 3547 480 spem

263 501 505 560 rantibus
549 501 890 572 dominatur,
943 501 1084 558 sicut
1113 499 1222 558 alio
1253 501 1374 558 loco
1401 498 1574 557 dicit:
1642 521 1661 546 ι
1688 497 1844 555 Iusto

259 609 364 649 non
393 600 474 649 est
503 593 594 648 lex
626 592 806 666 posita
845 591 904 664 (Ι
935 591 1072 648 Tim.
1099 608 1141 660 ῐ,
1173 590 1254 663 9.)
1287 616 1306 638 ι

325 682 506 754 (Vers.
542 684 629 752 19,
665 683 756 752 20,
787 682 902 754 21.)
949 706 967 729 ι
987 681 1279 740 Manifesta
1311 687 1442 737 sunt
1470 687 1652 737 autem
1682 695 1850 752 opera

254 773 450 841 carnis,
485 789 606 847 quae
637 781 764 829 sunt
793 772 1151 840 adulterium,
1182 771 1499 838 fornicatio,
1533 769 1845 841 impuritas,

253 861 580 931 obscenitas,
602 862 935 932 idololatria,
958 861 1248 929 veneﬁcia,
1273 859 1604 928 inimicitiae,
1628 866 1852 914 conten-

253 952 451 1023 tiones,
491 951 896 1021 simulationes,
940 952 1036 1007 irae
1071 951 1216 1023 (86),
1265 949 1594 1018 simultates,
1626 948 1848 1005 dissen-

250 1043 451 1108 siones,
483 1040 737 1111 haareses,
767 1041 1019 1109 invidiae,
1050 1039 1374 1108 homicidia,
1405 1040 1714 1107 ebrietates,
1744 1055 1848 1094 co-

250 1134 627 1202 messationes,
661 1141 716 1190 et
745 1147 871 1204 quae
901 1139 1028 1187 sunt
1055 1131 1142 1186 his
1175 1128 1401 1198 similia,
1439 1146 1559 1202 qua;
1603 1127 1846 1201 praedico

247 1221 430 1290 vobis,
461 1221 606 1279 sicut
637 1227 690 1276 et
721 1219 976 1292 praedixi,
1009 1217 1155 1292 quod
1175 1217 1232 1273 hi
1264 1218 1359 1292 qui
1388 1218 1521 1274 talia
1544 1225 1731 1290 agunt,
1764 1234 1846 1274 re-

245 1310 342 1384 gni
369 1309 471 1366 Dei
500 1309 873 1366 hereditatem
894 1325 1005 1365 non
1025 1317 1473 1382 consequentur»
1508 1308 1634 1364 Haec
1659 1308 1846 1364 omnia

243 1407 298 1455 et
326 1398 416 1456 his
445 1398 651 1455 similia
682 1398 817 1472 legis
852 1397 1062 1471 peccati
1098 1397 1346 1454 membra
1372 1405 1522 1466 sunt,
1547 1401 1692 1460 229
1724 1413 1844 1470 quas

241 1505 544 1577 Apostolus
596 1522 762 1579 opera
813 1505 996 1563 carnis
1030 1506 1304 1580 appellat:
1352 1505 1483 1580 quia
1511 1521 1720 1562 errores
1750 1503 1840 1560 isti

241 1607 309 1648 ex
345 1593 555 1649 mundo
583 1601 734 1663 sunt,
791 1610 859 1650 ex
906 1611 1016 1668 quo
1065 1602 1118 1651 et
1165 1611 1312 1653 caro.
1363 1593 1564 1652 Omnia
1605 1609 1844 1667 namque

240 1692 461 1757 peccata
497 1683 566 1740 de
597 1683 736 1740 foris
761 1684 1020 1740 oriuntur
1041 1701 1111 1740 ex
1132 1695 1283 1758 parte
1299 1686 1621 1754 carnis,non
1641 1701 1707 1741 ex
1723 1699 1842 1756 par-

240 1780 289 1829 te
319 1773 586 1847 spiritus;
636 1773 761 1831 ideo
815 1791 933 1831 non
973 1774 1208 1832 absurde
1234 1792 1398 1850 opera
1425 1773 1608 1833 carnis
1636 1773 1837 1830 dicun-
1865 1780 1913 1842 Β

237 1871 345 1920 tur.

312 1951 501 2025 (Vers.
533 1951 636 2023 22,
676 1953 764 2022 23,
805 1953 924 2026 24.)
985 1977 1003 2004 ι
1041 1954 1276 2012 Fructus
1315 1971 1448 2012 vero
1485 1952 1723 2027 Spiritus
1758 1959 1839 2010 est

234 2039 502 2112 charitas,
546 2042 826 2116 gaudium,
866 2059 995 2116 pax,
1048 2044 1456 2117 longanimitas,
1503 2041 1835 2116 benignitas,

232 2146 376 2203 spes,
412 2131 630 2202 lenitas,
682 2133 1048 2200 continentia,
1080 2135 1322 2203 castitas,
1369 2133 1619 2190 bonitas:
1648 2133 1838 2189 adver-

231 2237 323 2277 sus
350 2220 673 2294 hujusmodi
700 2239 811 2279 non
839 2231 922 2279 est
955 2224 1063 2280 lex.
1097 2223 1202 2292 Qui
1233 2232 1413 2281 autem
1444 2231 1575 2281 sunt
1603 2223 1833 2290 Christi,

233 2326 455 2367 carnem
485 2328 638 2369 suam
669 2313 1072 2370 cruciﬁxerunt
1101 2331 1228 2371 cum
1270 2314 1426 2371 vitiis
1475 2321 1528 2370 et
1575 2311 1836 2384 concupi-

231 2399 477 2458 scentiis.
498 2426 518 2452 ›
556 2400 679 2458 Non
705 2401 869 2459 dixit:
905 2403 1081 2476 Opera
1099 2403 1326 2476 spiritus
1349 2402 1590 2460 charitas
1617 2409 1718 2468 est,
1741 2399 1836 2456 sed

230 2487 442 2560 fructus
473 2491 729 2563 spiritus;
781 2493 875 2548 lex
902 2494 1051 2548 enim
1085 2493 1316 2567 spiritus
1353 2492 1492 2560 haec,
1523 2508 1644 2566 quae
1672 2506 1836 2563 supra

228 2580 582 2650 memoravit,
614 2580 932 2652 fructiﬁcat,
963 2590 1026 2638 ut
1044 2599 1114 2639 ex
1125 2583 1215 2639 his
1234 2581 1526 2639 haereditas
1547 2579 1699 2654 regni
1731 2595 1838 2636 coe-

241 2669 422 2727 lorum
471 2680 784 2745 quaeratur:
843 2673 940 2746 qui
992 2674 1142 2730 enim
1183 2672 1409 2731 Christo
1443 2670 1630 2729 devoti
1675 2677 1832 2738 sunt,

239 2758 338 2817 bos
366 2761 512 2818 dicit
539 2761 808 2834 Christos,
841 2763 901 2820 id
929 2771 1012 2821 est
1035 2771 1252 2821 unctos.
1297 2763 1367 2820 Hi
1398 2777 1642 2830 carnem,
1671 2759 1731 2816 id
1759 2765 1841 2815 est

240 2849 536 2921 mundum,
567 2852 920 2927 cruciﬁgunt,
941 2850 1162 2927 quando
1179 2852 1295 2910 haec
1315 2868 1384 2908 ex
1405 2851 1608 2924 quibus
1625 2863 1839 2904 errores

240 2940 1088 3011 oriuntur,condemnant.Hunc
1117 2959 1340 2999 sensum
1369 2949 1424 2997 et
1447 2941 1684 2996 Joannes
1712 2952 1840 3008 apo-

239 3029 415 3086 stolus
445 3041 687 3099 secutus,
717 3034 814 3090 ait:
864 3059 882 3080 ι
901 3033 1085 3089 Nolite
1123 3031 1355 3101 diligere
1372 3028 1524 3086 hunc
1545 3027 1836 3096 mundum,

242 3133 425 3192 neque
453 3137 516 3177 ea
549 3137 670 3193 quae
722 3121 783 3177 in
829 3121 937 3176 hoc
966 3118 1176 3175 mundo
1206 3127 1355 3175 sunt.
1391 3117 1448 3174 Si
1489 3115 1614 3190 quis
1657 3115 1840 3187 diligit
1873 3143 1916 3205 ο

235 3208 660 3276 mundum,non
680 3225 710 3265 e
739 3217 792 3264 st
824 3208 1068 3266 charitas
1094 3207 1275 3264 Patris
1303 3208 1363 3264 in
1383 3207 1502 3275 illo;
1525 3205 1656 3280 quia
1678 3221 1841 3262 omne

235 3299 396 3372 quod
425 3299 486 3354 in
512 3298 619 3355 hoc
648 3298 856 3356 mundo
901 3307 1002 3368 est,
1052 3297 1496 3370 concupiscentia
1522 3297 1705 3353 carnis
1731 3303 1836 3366 est,

237 3395 296 3443 et
334 3389 785 3461 concupiscentia
836 3391 1124 3448 oculorum
1157 3389 1210 3462 (Ι
1246 3389 1404 3444 Joan.
1435 3405 1498 3457 ιι,
1541 3388 1630 3454 15,
1664 3388 1778 3457 16).
1802 3411 1820 3434 ι

237 3475 350 3543 Qui
371 3493 500 3550 ergo
532 3477 825 3547 mundum,
855 3487 910 3535 et
930 3478 1078 3552 quod
1108 3478 1164 3533 in
1193 3477 1400 3533 mundo
1425 3484 1525 3544 est,
1557 3493 1673 3532 non
1699 3493 1828 3532 con-

234 3566 498 3638 cupiscit,
523 3565 616 3624 hic
649 3583 870 3624 carnem
897 3566 1195 3638 cruciﬁgit,
1224 3567 1412 3640 Neque
1437 3567 1586 3624 enim
1615 3567 1837 3639 corpori

237 3653 487 3710 humano
515 3655 635 3714 haec
653 3657 792 3712 vitia
822 3655 1144 3714 ascribenda
1172 3664 1323 3726 sunt,
1355 3656 1412 3712 id
1440 3663 1524 3713 est
1556 3656 1835 3724 idolatria,

235 3742 524 3812 veneﬁcia,
554 3744 1062 3816 harescsﬁnvidiae,
1093 3745 1425 3816 inimicitias,
1451 3746 1546 3802 iraa
1578 3753 1632 3801 et
1661 3744 1792 3801 talia
1821 3762 1833 3801 :

238 3833 331 3890 sed
371 3832 498 3890 ideo
526 3837 771 3893 carnalia
814 3837 1099 3906 dicuntur,
1151 3835 1280 3910 quia
1323 3852 1394 3892 ex
1435 3843 1590 3908 parte
1642 3833 1838 3891 mundi

239 3931 386 3981 sunt.
430 3925 581 3981 sicut
610 3941 775 3998 supra
811 3926 1138 3983 memoravi.
1185 3927 1399 3982 Interea
1445 3941 1556 3980 non
1601 3924 1839 3996 amplius

241 4029 400 4087 quam
433 4013 624 4072 decem
656 4031 743 4072 res
771 4018 974 4088 posuit,
1007 4032 1143 4089 quas
1171 4015 1384 4072 fructus
1411 4014 1640 4088 spiritus
1659 4013 1842 4086 signi-

240 4102 401 4173 ﬁcat;
452 4113 514 4162 ut
542 4105 601 4162 in
663 4105 751 4163 his
778 4107 968 4163 omnia
995 4107 1320 4180 complexus
1362 4105 1618 4162 videatur
1646 4121 1834 4161 secun-

238 4194 364 4252 dum
395 4196 619 4254 tabulas
642 4197 976 4255 Testamenti
998 4195 1118 4264 Dei,
1149 4196 1209 4252 in
1237 4195 1438 4269 quibus
1462 4202 1577 4252 non’
1604 4194 1842 4267 amplius

239 4299 398 4356 quam
431 4285 624 4344 decem
653 4287 823 4343 verba
857 4286 1243 4343 mandatorum
1272 4284 1474 4341 tradita
1495 4292 1642 4341 sunt.

310 4376 501 4449 (Vers.
534 4376 622 4445 25,
654 4376 770 4449 26.)
817 4398 836 4423 ι
883 4374 942 4432 Si
989 4374 1236 4430 vivimus
1280 4373 1502 4445 spiritu,
1538 4373 1738 4446 spiritu
1780 4381 1836 4430 et

238 4466 609 4524 ambulemus.
657 4467 782 4524 Non
825 4467 1000 4523 simus
1027 4463 1252 4520 inanem
1285 4461 1517 4535 gloriam
1545 4469 1834 4528 sectantes,

240 4553 486 4614 invicem
534 4563 918 4628 provocantes,
968 4553 1210 4612 invicem
1267 4549 1604 4609 invidentes.
1647 4577 1667 4600 ι
1724 4551 1839 4607 Hoc

241 4643 390 4715 dicit,
429 4645 562 4718 quia
592 4645 638 4702 si
669 4645 808 4703 bene
835 4653 891 4702 et
910 4644 1140 4702 honeste
1178 4641 1444 4710 vivimus,
1475 4640 1652 4697 bonos
1679 4638 1838 4696 debe-

245 4749 360 4791 mus
388 4733 600 4791 habere
633 4741 686 4791 et
713 4751 926 4803 mores;
959 4732 1066 4791 hoc
1101 4741 1185 4791 est
1209 4731 1360 4789 enim
1389 4729 1592 4804 spiritu
1621 4729 1832 4799 vivere,

244 4821 738 4881 incontaminatam
789 4824 960 4881 vitam
1000 4822 1238 4880 habere:
1286 4830 1341 4879 et
1382 4821 1464 4878 sic
1488 4820 1689 4894 spiritu
1726 4836 1838 4876 am-

245 4909 529 4983 bulamus,
557 4914 604 4971 si
625 4913 746 4986 paci
768 4913 1084 4970 studeamus
1113 4929 1128 4979 ;
1182 4910 1299 4968 haec
1325 4910 1476 4966 enim
1541 4909 1684 4982 parit
1704 4909 1831 4966 cha-

246 5001 488 5060 ritatem.
520 5005 708 5060 Inanis
739 5010 922 5059 autem
968 4989 1147 5074 gloria
1176 5008 1256 5057 est
1291 5000 1436 5057 velle
1466 4999 1710 5069 vincere,
1740 4997 1838 5056 ubi

245 5093 535 5162 praemium
557 5109 672 5150 non
699 5099 815 5161 est;
848 5099 912 5147 ut
950 5091 1074 5164 quis
1102 5090 1346 5147 studium
1385 5089 1584 5157 habeat
1613 5099 1835 5148 conten-

245 5179 408 5240 tionis
466 5189 522 5240 et
570 5180 964 5250 aemulationis,
1010 5179 1188 5237 sciens
1233 5179 1363 5254 quia
1403 5179 1522 5237 haec
1576 5187 1838 5253 generant

248 5268 518 5330 discordis
581 5281 636 5330 et
723 5273 892 5329 lites:
967 5293 987 5318 ι
1038 5270 1271 5327 Servum
1343 5277 1547 5339 autem,
1625 5271 1833 5344 inquit,

249 5359 468 5420 Domini
516 5379 628 5420 non
674 5371 888 5436 oportet
929 5361 1145 5435 litigare
1202 5359 1289 5432 (ΙΙ
1343 5361 1481 5418 Tim.
1533 5377 1597 5431 II,
1657 5359 1773 5434 24).
1808 5386 1826 5409 ι

343 5506 436 5580 86)
489 5509 648 5565 Rom.
681 5506 842 5580 edit.,
871 5502 1623 5580 contentiones,_mnulationes
1644 5506 1765 5580 ira.

343 5508 436 5580 86)
489 5509 648 5565 Rom.
681 5508 842 5572 edit.,
871 5508 1240 5568 contentiones,
1266 5508 1623 5560 mutationes
1644 5508 1765 5560 ira.

257 5508 445 5706 E“$87)
489 5580 650 5637 Rom.
711 5578 879 5658 edit._
907 5578 1023 5634 sola
1071 5576 1167 5632 etsi
1214 5573 1594 5656 circumventus
1651 5574 1836 5657 fuerit.

369 5665 455 5706 em
494 5667 618 5706 cum
650 5659 762 5706 vet.
794 5649 928 5706 edit.
978 5655 1032 5705 et
1077 5664 1209 5704 mss.
1257 5645 1606 5706 quibusdam.
1656 5647 1836 5702 hum:-

369 5645 455 5707 em
494 5667 618 5709 cum
650 5659 762 5709 vet.
794 5648 928 5708 edit.
978 5655 1032 5705 et
1077 5664 1209 5704 mss.
1257 5645 1606 5720 quibusdam,
1654 5645 1841 5702 humi-

1957 494 2284 568 promissam
2339 501 2498 551 castae
2543 493 3011 563 conversationis;
3090 493 3236 551 bona
3279 494 3432 551 enim
3495 502 3549 551 et

1957 596 2105 644 casta
2131 585 2251 642 vita
2305 583 2554 642 moribus
2608 585 2851 644 ornanda
2905 592 3010 656 est,
3050 591 3106 642 et
3159 584 3546 642 benevolentia

1960 673 2364 749 locupletanda.

2567 800 2795 858 CAPUT
2835 801 2931 859 VI.

2033 918 2218 989 (Vers.
2281 917 2332 982 1,
2354 917 2408 974 2.
2443 916 2464 987 )
2512 939 2530 964 ‹
2552 917 2788 986 Fratres,
2817 917 2916 974 etsi
2947 927 3356 992 praeoccupatus
3377 919 3547 976 fuerit

1961 1005 2078 1079 (87)
2107 1005 2274 1062 homo
2299 1005 2368 1061 ab
2387 1004 2577 1078 aliquo
2597 1005 2822 1075 delicto,
2857 1023 2956 1064 vos
2986 1008 3082 1080 qui
3105 1008 3376 1079 spiritales
3395 1009 3547 1078 estis,

1958 1096 2214 1152 instruite
2245 1095 2562 1167 hujusmodi
2593 1095 2652 1151 in
2682 1095 2883 1169 spiritu
2913 1096 3374 1165 mansuetudinis,
3421 1111 3549 1152 con-

1957 1185 2204 1242 siderans
2255 1185 2627 1257 temetipsum,
2677 1201 2747 1241 ne
2788 1193 2842 1241 et
2895 1193 2959 1242 tu
3009 1186 3258 1254 tenteris,
3309 1185 3551 1244 invicem

1957 1291 2124 1333 onera
2177 1283 2358 1332 vestra
2403 1283 2634 1347 portate.
2673 1301 2692 1322 ι
2739 1276 2899 1332 Nunc
2929 1275 3032 1331 hos
3079 1276 3407 1347 alloquitur,
3457 1272 3553 1346 qui

1958 1365 2231 1423 ﬁrmiores
2254 1373 2432 1435 erant,
2481 1382 2551 1422 ne
2607 1365 2890 1421 inﬂatione
2907 1364 3068 1421 bona)
3095 1365 3224 1421 vita:
3243 1380 3395 1430 eum,
3453 1364 3550 1437 qui

1957 1453 2099 1513 forte
2129 1472 2160 1511 a
2195 1462 2418 1528 peccato
2461 1455 2883 1512 circumventus
2921 1454 3138 1522 fuisset,
3182 1451 3551 1526 spernendum

1954 1553 2212 1616 putarent
2242 1553 2296 1601 et
2323 1543 2721 1616 abjiciendum,
2758 1543 2993 1616 ideoque
3019 1541 3418 1599 consulendum
3440 1541 3550 1598 his.

1955 1641 2095 1698 Cum
2119 1642 2543 1699 mansuetudine
2571 1643 2720 1699 enim
2752 1639 3103 1715 provocandi
3139 1647 3268 1695 sunt
3295 1639 3364 1696 ad
3387 1640 3552 1697 refor-

1955 1732 2185 1790 mandos
2217 1749 2294 1803 se,
2348 1733 2478 1807 quia
2503 1733 2551 1790 si
2597 1733 2778 1790 acrius
2832 1748 2904 1788 ex
2968 1730 3296 1788 auctoritate
3347 1729 3556 1790 fuerint

1948 1823 2210 1896 correpti,
2263 1839 2376 1879 non
2405 1840 2464 1880 se
2506 1822 2787 1896 patientur
2816 1821 2979 1895 argui
3003 1865 3016 1889 ,
3058 1820 3154 1878 sed
3179 1828 3234 1877 et
3261 1818 3554 1877 defendere

1945 1929 2002 1970 se
2031 1911 2324 1985 incipient,
2359 1928 2426 1968 ne
2455 1921 2644 1986 turpes
2671 1911 3012 1980 videantur,
3051 1920 3104 1968 et
3150 1908 3425 1982 incipiunt
3449 1923 3555 1981 pe-

1942 2000 2092 2074 jores
2121 2002 2263 2059 ﬁeri.
2323 2002 2478 2059 Tolle
2507 2003 2655 2058 enim
2686 2001 2761 2058 ho
2788 2002 2996 2058 minem
3026 2016 3058 2057 a
3094 1999 3447 2057 contentione
3501 2005 3556 2055 et

1947 2091 2198 2160 audacia,
2227 2099 2282 2147 et
2304 2091 2532 2149 habebis
2545 2108 2670 2148 eum
2701 2091 3014 2165 subjectum
3038 2109 3054 2160 ;
3083 2090 3370 2147 humilitas
3398 2089 3548 2146 enim

1945 2179 2113 2236 etiam
2163 2180 2426 2253 superbos
2495 2182 2636 2238 solet
2683 2183 2984 2238 inclinare.
3047 2182 3119 2238 Et
3158 2190 3222 2237 ut
3255 2197 3382 2238 cum
3441 2186 3557 2236 tota

1945 2270 2118 2326 animi
2149 2270 2374 2328 lenitate
2401 2271 2570 2342 ﬁerit,
2611 2271 2817 2344 adjecit
2845 2290 2857 2329 :
2905 2296 2923 2320 ι
2951 2272 3030 2329 Ne
3057 2279 3111 2328 et
3136 2277 3198 2326 tu
3226 2269 3484 2338 tenteris;
3519 2295 3538 2318 ι

1944 2368 2008 2415 ιιι
2038 2360 2126 2416 vel
2158 2359 2262 2418 hac
2300 2379 2468 2420 causa
2495 2378 2608 2418 non
2641 2369 2934 2434 sperneret
2974 2366 3333 2434 peccatorem,
3375 2357 3554 2415 sciens

1945 2457 1999 2504 et
2027 2465 2084 2505 se
2112 2466 2268 2522 posse
2300 2469 2546 2525 peccare.
2590 2453 2699 2508 «Et
2728 2451 2809 2508 sic
2838 2448 3141 2524 implebitis
3172 2449 3349 2521 legem
3370 2446 3544 2506 Chri-

1947 2539 2048 2608 sti;
2081 2566 2099 2588 ι
2144 2542 2236 2598 lex
2267 2544 2416 2599 enim
2452 2542 2659 2599 Christi
2689 2558 2882 2598 omnes
2909 2542 3092 2598 salvos
3115 2540 3237 2594 vult
3269 2537 3388 2593 ﬁeri
3416 2555 3428 2593 :
3482 2554 3546 2595 ac

1948 2645 2045 2702 per
2089 2629 2196 2687 hoc
2233 2632 2329 2704 qui
2367 2631 2527 2687 fratri
2569 2630 2819 2703 peccanti
2847 2629 3106 2696 consulit,
3156 2637 3219 2685 ut
3255 2627 3442 2684 redeat
3476 2626 3550 2683 ad

1954 2719 2324 2790 propositum,
2357 2718 2550 2789 implet
2573 2718 2919 2773 voluntatem
2948 2715 3177 2773 Christi.

2027 2806 2210 2873 (Vers.
2255 2805 2307 2873 3,
2357 2805 2439 2877 4.)
2501 2828 2520 2852 ‹
2561 2805 2618 2861 Si
2652 2805 2802 2860 enim
2843 2803 2968 2878 quis
3015 2802 3236 2859 videtur
3279 2799 3386 2858 sibi
3431 2814 3547 2857 esse

1953 2894 2186 2966 aliquid,
2222 2910 2347 2950 cum
2377 2893 2521 2950 nihil
2566 2895 2658 2962 sit,
2692 2910 2749 2950 se
2787 2893 2967 2966 ipsum
3003 2889 3236 2949 seducti.
3266 2888 3416 2962 Opus
3443 2906 3550 2946 au-

1953 2991 2065 3039 tem
2104 2999 2267 3040 suum
2311 2983 2504 3057 probet
2559 2982 2973 3057 unusquisque;
3007 2988 3061 3037 et
3089 2987 3222 3036 tunc
3249 2979 3308 3034 in
3337 2985 3550 3035 semet-

1953 3071 2074 3145 ipso
2120 3080 2336 3129 tantum
2375 3073 2604 3147 gloriam
2635 3071 2880 3140 habebit,
2934 3078 2989 3128 et
3037 3085 3151 3126 non
3180 3069 3238 3126 in
3269 3068 3462 3124 altero.
3513 3092 3533 3116 ι

1949 3161 2158 3220 Verum
2183 3169 2283 3231 est,
2313 3179 2417 3220 nec
2447 3163 2580 3220 latet
2612 3175 2966 3236 quemquam,
2997 3159 3127 3233 quia
3155 3159 3201 3216 si
3241 3165 3399 3215 actus
3427 3173 3542 3213 no-

1947 3260 2090 3309 stros
2119 3261 2173 3309 et
2212 3261 2453 3310 mentem
2497 3251 2926 3321 consideremus,
2976 3251 3120 3306 nulli
3161 3266 3262 3306 nos
3293 3257 3535 3322 antepo-

1948 3343 2153 3412 nimus,
2188 3351 2242 3399 et
2261 3360 2363 3401 nec
2383 3344 2545 3401 facile
2558 3357 2889 3418 quemquam
2903 3340 3237 3412 judicamus.
3261 3337 3366 3406 Qui
3388 3337 3540 3394 enim

1947 3433 2240 3490 extollitur
2267 3436 2424 3507 quasi
2453 3433 2666 3507 aliquid
2695 3434 2790 3501 sit,
2821 3439 2998 3498 errat;
3028 3428 3202 3485 nescit
3230 3427 3378 3484 enim
3408 3426 3542 3500 quia

1947 3519 2015 3576 de
2042 3519 2360 3579 humilitate
2387 3521 2670 3579 crescitur.
2720 3520 2903 3579 Verba
2948 3519 3097 3576 enim
3143 3515 3445 3574 Salvatoris
3493 3523 3548 3572 et

1948 3621 2098 3685 gesta
2141 3621 2268 3672 ante
2310 3615 2502 3672 oculos
2529 3630 2642 3672 non
2671 3613 2856 3682 habet,
2907 3612 3004 3685 qui
3034 3626 3163 3669 cum
3190 3609 3264 3667 sit
3292 3608 3545 3665 omnium

1947 3704 2240 3774 Dominus,
2266 3704 2589 3761 humiliavit
2620 3720 2678 3760 se
2709 3702 2972 3776 (Philipp.
3026 3718 3090 3768 ιι,
3139 3697 3238 3774 8);
3278 3707 3340 3756 ut
3383 3697 3546 3754 nobis

1949 3792 2184 3850 formam
2229 3794 2384 3850 daret
2440 3793 2578 3867 quid
2632 3792 2787 3866 sequi
2827 3790 3168 3858 deberemus,
3213 3790 3261 3846 si
3303 3802 3545 3847 crescere

1947 3883 2223 3940 velimus:
2255 3893 2310 3940 et
2329 3883 2378 3940 si
2402 3899 2504 3940 nos
2531 3882 2883 3955 erigeremus,
2923 3880 3347 3947 inclinaremur,
3399 3874 3547 3950 quod

1948 3973 2084 4030 facit
2139 3973 2417 4045 imperitia
2476 3971 2660 4028 cordis
2705 3970 2915 4038 inflati;
2977 3978 3042 4026 ut
3089 3966 3234 4040 apud
3291 3965 3549 4020 homines

1948 4062 2390 4122 commendatior
2438 4061 2711 4118 videatur.
2762 4062 3033 4132 Spernens
3070 4056 3218 4112 enim
3247 4060 3302 4110 et
3349 4049 3545 4122 despi-

1948 4157 2100 4215 ciens
2143 4165 2469 4231 peccatores,
2500 4155 2716 4229 justum
2754 4169 2812 4211 se
2850 4150 3038 4207 videri
3067 4143 3372 4212 contendit,
3404 4141 3549 4198 sicut

1950 4256 2004 4305 et
2036 4247 2346 4320 pharisaeus
2373 4248 2496 4317 ille,
2513 4261 2678 4320 quem
2699 4240 2972 4299 Dominus
2991 4237 3215 4293 denotat
3235 4233 3386 4306 (Luc.
3404 4247 3546 4300 xvn,

1954 4337 2039 4407 10,
2097 4338 2210 4410 11).
2251 4334 2538 4409 Numquid
2596 4346 2710 4388 non
2767 4343 2896 4385 vere
2948 4326 3042 4383 hic
3097 4322 3389 4396 imperitus
3443 4330 3547 4392 est,
3617 4337 3621 4340 ·

1951 4427 2048 4500 qui
2093 4426 2378 4500 praesentis
2423 4421 2609 4496 gloriae
2665 4417 2899 4493 cupidus
2926 4415 3056 4474 est?
3107 4412 3390 4488 Numquid
3435 4428 3576 4480 non~

1863 4509 1912 4568 D
1947 4533 2076 4575 vere
2102 4517 2169 4573 de
2210 4514 2416 4573 futuris
2446 4513 2716 4585 desperat,
2747 4508 2845 4585 qui
2875 4507 3187 4566 mercedem
3229 4503 3460 4576 justitiae
3490 4502 3548 4558 in

1948 4608 2202 4684 praesenti
2233 4607 2356 4664 vult
2383 4603 2646 4678 consequi
2675 4603 2704 4660 ?
2732 4603 2911 4672 Quare
2931 4601 2959 4658 ‘f
2987 4599 3127 4668 Quia
3152 4613 3266 4654 non
3295 4603 3376 4652 est
3403 4600 3548 4658 230

1943 4705 2128 4779 justus
2156 4705 2215 4760 in
2240 4720 2422 4776 opere,
2453 4701 2550 4761 sed
2578 4717 2673 4775 per
2701 4699 2978 4756 fallaciam
3022 4695 3184 4769 ﬁngit
3226 4693 3503 4768 justitiam
3529 4710 3545 4761 ;

1947 4795 2044 4871 qui
2073 4795 2222 4852 enim
2254 4795 2374 4850 vult
2395 4793 2580 4866 justus
2617 4807 2750 4859 esse,
2793 4790 3033 4846 alterum
3081 4787 3188 4844 sibi
3246 4785 3546 4860 praeponit,

1948 4895 2011 4944 ut
2033 4902 2161 4943 vere
2185 4883 2369 4957 justus
2397 4883 2489 4939 sit.
2511 4879 2908 4955 Unusquisque
2940 4880 3090 4937 enim
3120 4878 3248 4952 plus
3278 4878 3424 4934 mala
3450 4892 3549 4934 sua

1945 4976 2124 5045 novit,
2158 4991 2324 5049 quam
2351 4971 2598 5030 alterius.

2023 5068 2231 5141 ((Vers.
2261 5067 2342 5141 5.)
2396 5091 2414 5114 ‹
2466 5063 2860 5138 Unusquisque
2899 5059 3049 5118 enim
3080 5075 3236 5116 suam
3266 5057 3543 5116 sarcinam

1947 5158 2206 5232 portabit.
2249 5183 2268 5206 ι
2310 5156 2396 5214 Ad
2439 5163 2777 5229 postremum
2819 5153 2927 5211 hoc
2962 5151 3144 5208 voluit
3189 5151 3543 5207 innotescere

1949 5247 2220 5321 superbis,
2254 5246 2384 5320 quia
2411 5261 2522 5301 non
2571 5242 2970 5316 coinquinatur
3025 5241 3151 5313 quis
3193 5239 3376 5295 alieno
3407 5253 3545 5309 pec-
3634 5319 3640 5326 ’

1947 5345 2088 5407 cato,
2152 5334 2456 5395 dummodo
2491 5333 2798 5403 dissentiat,
2848 5339 2911 5390 ut
2967 5344 3129 5387 nemo
3175 5333 3426 5384 versatur
3484 5339 3542 5379 se

1951 5481 2076 5538 liate
2104 5479 2452 5551 hujusmodi;
2485 5487 2541 5536 at
2585 5475 2769 5537 caeteri
2821 5490 2951 5532 mss.
2998 5471 3170 5542 magis
3221 5464 3540 5539 commode,

1948 5570 2197 5628 instruite
2223 5567 2544 5641 hujusmodi.
