4070 6186
490 245 591 304 391

1511 238 1605 292 AD
1643 234 1878 291 OPERA
1916 232 1972 288 S.
2012 229 2347 288 AMBROSII
2383 229 2764 288 APPENDIX.

3672 227 3779 286 392

477 371 711 444 jungere
740 365 1031 442 peccatori,
1060 373 1154 422 aut
1181 363 1529 422 accedentem
1565 361 1633 417 ad
1690 376 1746 416 se
1776 358 2070 433 suscipere,
2107 359 2157 418 A
2192 355 2458 412 membra.
2492 356 2632 412 Huic
2649 372 2778 428 ergo
2822 354 3349 425 reiinserviendum,
3391 372 3512 430 quae
3533 356 3776 430 prodest;

483 468 544 516 ut
577 475 702 516 eum
735 459 995 514 lucretur.
1201 515 1203 518 ,

556 548 739 620 (Vers.
776 547 856 616 6.)
876 572 893 591 ε
924 544 1307 604 Communicet
1338 552 1520 598 autem
1553 541 1619 609 is,
1651 539 1746 612 qui
1776 539 2069 597 catechiza-

481 645 573 694 tur
593 636 761 693 verbo
792 636 907 709 (88)
933 662 950 684 ι
989 636 1070 706 (id
1087 643 1190 703 est,
1209 633 1301 706 qui
1328 631 1554 688 verbum
1572 630 1669 686 Dei
1691 629 1918 686 audiens
1937 629 2069 701 est).

497 753 513 774 -
542 726 593 782 ei
643 725 737 798 qui
769 724 1088 791 catechizat,
1139 725 1190 778 in
1241 721 1498 777 omnibus
1539 719 1720 775 bonis.
1756 744 1773 764 ι
1831 719 1948 774 Hoc
1975 718 2073 774 di-

481 817 578 884 cit,
611 823 671 871 ut
701 814 1022 872 doctoribus
1050 813 1338 869 audientes
1363 810 1772 868 communicent
1802 809 1858 863 in
1882 808 2072 864 omni—

479 903 583 960 bus
619 903 798 960 bonis.
833 903 887 959 Si
921 911 1101 956 autem
1150 901 1310 955 aliter
1338 907 1498 972 agant
1547 915 1707 971 quam
1763 897 1981 965 docent,
2013 898 2069 952 in

480 993 568 1048 his
600 993 713 1048 illis
743 1008 850 1048 non
883 989 1426 1056 communicandum,
1475 988 1566 1044 sed
1610 986 2070 1053 dissentiendum,

479 1089 537 1136 ut
573 1081 742 1153 magis
773 1081 872 1137 lux
901 1081 1004 1136 tibi
1033 1079 1147 1136 dux
1183 1080 1276 1146 sit,
1329 1095 1489 1151 quam
1540 1078 1726 1134 homo.
1776 1076 1893 1131 Sibi
1922 1077 2067 1132 enim

479 1171 683 1240 oberit,
712 1188 822 1226 non
853 1170 954 1226 tibi
981 1189 990 1225 :
1027 1169 1156 1242 quia
1187 1185 1308 1241 qua
1340 1167 1610 1233 docuerit,
1644 1167 1919 1227 observas.

560 1261 743 1332 (Vers.
778 1261 854 1333 7.)
902 1285 918 1305 ι
959 1259 1143 1315 Nolite
1173 1274 1376 1326 errare,
1408 1261 1556 1316 Deus
1591 1277 1702 1317 non
1733 1261 2059 1322 deridetur..

479 1349 699 1408 Nemini
769 1348 998 1404 dubium
1029 1356 1111 1404 est
1142 1350 1256 1404 Deo
1286 1349 1644 1421 imposturam
1668 1349 1786 1407 ﬁeri
1813 1370 1924 1410 non
1953 1371 2072 1427 pos-

477 1455 555 1508 se,
587 1439 683 1495 sed
713 1437 818 1495 hoc
845 1437 913 1494 ab
971 1453 1034 1493 eo
1079 1454 1531 1512 unumquemque
1586 1442 1870 1515 consequi,
1924 1444 2068 1517 quod

477 1535 735 1585 meretur.

551 1619 734 1691 (Vers.
767 1618 850 1690 8.)
897 1642 913 1663 ι
945 1616 1102 1684 Quod
1133 1618 1280 1673 enim
1327 1618 1451 1690 quis
1477 1620 1854 1691 seminaverit,
1886 1622 1992 1681 hoc
2017 1631 2072 1679 et

2181 461 2288 501 non
2322 445 2758 515 circumcisioni,
2789 447 2869 503 rei
2902 463 3052 504 nunc
3072 446 3244 502 inani.

2253 536 2436 608 (Vers.
2473 537 2586 608 11.)
2635 560 2652 582 ε
2683 536 2888 594 Scitote
2924 537 3042 608 (91)
3079 534 3337 609 qualibus
3360 534 3559 593 litteris
3584 537 3780 609 scripsi

2181 625 2342 681 vobis
2371 641 2494 682 mea
2525 643 2710 683 manu.
2745 652 2762 674 ι
2807 628 3216 684 Auctoritatem
3247 625 3342 681 dat
3371 625 3616 698 epistolae
3643 643 3778 694 suae;

2181 732 2305 770 cum
2338 716 2486 771 enim
2517 715 2655 773 dicit
2681 736 2692 772 :
2742 741 2760 763 ‹
2788 718 2904 790 Ego
2933 717 3126 789 scripsi
3160 733 3281 772 mea
3301 733 3488 784 manu,
3511 741 3528 761 ι
3565 716 3780 773 obediri

2182 804 2306 858 vult
2364 803 2568 858 litteris
2626 805 2732 860 his.
2767 805 2871 860 Ubi
2899 806 3045 861 enim
3086 805 3422 878 holographa
3452 823 3644 863 manus
3675 815 3780 875 est,

2179 896 2380 952 falsum
2403 895 2516 952 dici
2548 913 2658 953 non
2691 905 2888 969 potest,
2926 915 2994 954 ne
3025 899 3166 954 forte
3204 897 3568 954 circumventi
3599 915 3785 954 excu—

2181 994 2363 1041 sarent
2419 987 2485 1042 de
2533 987 2783 1059 epistola,
2837 987 2993 1059 quasi
3025 995 3118 1043 aut
3150 987 3292 1044 falsa
3321 995 3481 1056 esset,
3517 995 3612 1043 aut
3665 1002 3780 1042 non

2178 1083 2318 1131 esset
2352 1075 2626 1148 Apostoli,
2662 1079 2910 1134 nolentes
2939 1093 2994 1133 se
3021 1077 3369 1150 reprehendi.

2256 1165 2438 1237 (Vers.
2475 1166 2588 1238 12.)
2633 1193 2650 1214 ε
2681 1166 3007 1242 Quicunque
3033 1170 3231 1224 volunt
3262 1169 3474 1241 placere
3505 1167 3561 1222 in
3591 1183 3778 1235 carne,

2184 1255 2239 1310 hi
2275 1265 2489 1328 cogunt
2520 1273 2618 1312 vos
2643 1257 2989 1328 circumcidi,
3023 1266 3237 1314 tantum
3255 1275 3322 1314 ne
3345 1257 3525 1316 crucis
3567 1257 3778 1314 Christi

2184 1345 2630 1416 persecutionem
2659 1347 2961 1419 patiantur.
3000 1373 3018 1396 ι
3060 1349 3121 1402 ln
3142 1364 3303 1403 carne
3329 1348 3561 1419 placere,
3601 1345 3782 1402 homi-

2183 1442 2350 1500 nibus
2384 1445 2598 1516 placere
2619 1444 2915 1518 signiﬁcat.
2958 1445 3029 1501 Ut
3071 1444 3218 1500 enim
3263 1443 3465 1500 Iudaeis
3501 1443 3783 1515 propitiis,

2179 1541 2273 1588 aut
2322 1549 2431 1589 non
2483 1533 2700 1590 infestis
2765 1534 3045 1603 viverent,
3103 1551 3241 1608 quos
3297 1532 3786 1606 pseudoapostolos

2177 1619 2334 1689 dicit,
2367 1622 2448 1678 sic
2481 1622 2768 1680 Christum
2827 1623 3224 1696 praedicabant,
3265 1632 3329 1680 ut
3357 1631 3410 1678 et
3457 1623 3626 1696 legem
3661 1638 3786 1678 ser-

478 1719 664 1767 metet.
697 1707 804 1776 Qui
833 1709 980 1763 enim
1015 1707 1370 1763 seminaverit
1399 1707 1456 1762 in
1487 1725 1648 1765 carne
1679 1727 1870 1778 sua,ex
1905 1728 2066 1769 carne
2099 1720 2146 1781 Β
2175 1713 2408 1769 vandam
2441 1713 2704 1771 docerent
2731 1733 2742 1770 :
2785 1715 2933 1788 quod
2986 1716 3284 1788 Apostolus
3341 1731 3618 1788 nunquam
3651 1730 3779 1768 me-

481 1808 648 1857 metet
705 1798 1139 1869 corruptionem.
1175 1823 1192 1843 »
1238 1797 1338 1854 Hic
1371 1799 1621 1854 carnalia
1665 1799 1824 1870 vitia,
1857 1818 1976 1875 quae
2006 1803 2069 1858 in

478 1904 643 1948 carne
672 1886 894 1944 admitti
927 1887 1125 1955 solent,
1156 1886 1450 1958 signiﬁcat,
1475 1889 1640 1961 utqui
1669 1905 1890 1946 carnem
1911 1907 2065 1948 snam

478 1981 807 2055 corruperit,
839 1979 974 2036 sciat
1007 1996 1062 2036 se
1093 1980 1419 2052 corruqtelae
1457 1978 1704 2037 futurum
1737 1981 2062 2039 obnoxium.

473 2070 794 2143 Corrumpit
823 2077 1002 2125 autem
1031 2085 1246 2140 corpus,
1280 2067 1376 2141 qui
1409 2067 1727 2127 inconcessa
1764 2075 2064 2144 praesumit.

487 2186 504 2208 ι
541 2161 648 2230 Qui
678 2174 810 2216 vero
839 2157 1195 2215 seminaverit
1224 2157 1281 2214 in
1332 2156 1530 2230 spiritu
1558 2157 1624 2214 de
1654 2159 1855 2232 spiritu
1903 2173 2070 2222 metet

475 2251 648 2307 vitam
669 2259 950 2306 aeternam.
986 2275 1004 2296 ι
1047 2247 1226 2303 Homo
1265 2246 1611 2304 Christianus
1631 2249 1831 2320 spiritu
1857 2261 2070 2308 constat

475 2349 528 2398 et
593 2356 786 2407 carne;
837 2337 1004 2394 homo
1051 2338 1199 2393 enim
1264 2336 1334 2393 ad
1381 2339 1843 2410 comparationem
1893 2343 2068 2397 sancti

475 2429 740 2502 Spiritus,
771 2445 897 2486 caro
928 2436 1029 2484 est.
1063 2426 1205 2485 Cum
1244 2443 1373 2498 ergo
1402 2427 1622 2498 spiritui
1649 2427 1742 2484 dat
1762 2445 2066 2500 assensum,

473 2517 741 2574 cohibens
772 2535 832 2574 se
873 2517 1042 2573 abiis
1067 2533 1187 2589 quae
1232 2517 1506 2572 contraria
1535 2525 1682 2586 sunt,
1739 2517 2070 2589 spiritaliter

473 2609 722 2666 seminat
757 2627 770 2676 ;
808 2615 868 2663 ut
898 2606 1070 2678 possit
1098 2615 1301 2662 metere
1330 2604 1501 2660 vitam
1548 2613 1828 2663 aeternam.
1882 2607 2070 2663 Testi—

478 2697 739 2754 monium
769 2696 918 2752 enim
949 2695 1190 2767 Spiritus
1221 2695 1441 2767 accipit,
1498 2703 1552 2751 et
1594 2696 2068 2753 immortalitatem

481 2786 600 2860 (89)
633 2787 755 2842 loco
790 2784 1080 2842 mercedis.
1118 2783 1272 2841 Sicut
1301 2785 1448 2840 enim
1479 2786 1573 2858 qui
1628 2785 1932 2858 corrumpit
1964 2785 2071 2842 de-

480 2876 777 2932 honestans
833 2889 1029 2945 corpus
1081 2890 1264 2942 suum,
1317 2891 1434 2930 non
1465 2873 1531 2930 ad
1559 2875 1945 2941 aeternitatem,
1975 2874 2070 2932 sed

481 2965 547 3020 ad
580 2962 994 3035 corruptionem
1027 2961 1324 3032 pertinebit
1371 2981 1383 3030 ;
1410 2963 1483 3020 ita
1514 2971 1567 3019 et
1596 2965 1689 3036 qui
1727 2965 2071 3023 incontami-

479 3061 671 3108 natum
717 3067 773 3107 se
811 3049 1076 3121 custodit,
1143 3050 1315 3107 vitam
1365 3060 1622 3109 aeternam
1682 3063 2063 3128 consequetur.
2098 3075 2142 3137 ρ

481 3142 607 3198 Haec
637 3151 718 3198 est
744 3140 893 3197 enim
924 3147 1124 3197 aeterna
1155 3141 1288 3211 vita,
1319 3140 1506 3198 vivere
1534 3142 1650 3199 sine
1683 3149 1862 3215 poena,
1891 3155 1945 3202 et
1974 3145 2065 3202 ha-

474 3231 602 3288 bere
648 3231 900 3305 gloriam.
970 3229 1104 3286 Nam
1135 3231 1178 3286 si
1210 3231 1302 3290 hic
1331 3233 1398 3289 ad
1429 3249 1664 3306 praesens
1688 3235 1780 3308 qui
1815 3235 1869 3290 in
1899 3235 2066 3290 solli-

475 3325 724 3384 citudine
766 3335 866 3394 est,
933 3333 1092 3398 negat
1121 3341 1176 3382 se
1207 3327 1431 3394 vivere;
1485 3334 1690 3400 quanto
1745 3327 1915 3399 magis
1969 3325 2065 3382 ubi

476 3419 689 3477 alienus
723 3435 753 3473 a
782 3420 916 3486 Deo,
951 3419 1132 3491 ignem
1163 3427 1424 3476 tortorem
1458 3421 1698 3492 patietur
1734 3419 1883 3492 (90)!

547 3509 729 3581 (Vers.
759 3510 840 3581 9.)
887 3533 904 3555 ι
928 3510 1141 3565 Bonum
1173 3519 1354 3566 autem
1403 3509 1665 3566 facientes
1693 3525 1805 3564 non
1834 3507 2067 3564 deﬁcia-

475 3613 598 3654 mus
621 3617 634 3666 ;
673 3606 917 3669 tempore
939 3599 1087 3653 enim
1109 3599 1333 3670 proprio
1354 3605 1620 3653 metemus
1637 3594 2051 3666 infatigabiles.-

476 3690 591 3746 Hoc
620 3689 777 3755 dicit,
812 3688 938 3760 quia
969 3689 1064 3761 qui
1093 3689 1254 3745 fortis
1283 3698 1364 3746 est
1389 3688 1457 3744 ad
1480 3687 1884 3757 seminandum,
1907 3689 2066 3744 fortis

473 3779 580 3836 erit
609 3787 662 3836 et
692 3778 756 3835 ad
789 3778 1134 3849 metendum,
1169 3779 1224 3836 id
1249 3788 1350 3849 est,
1386 3780 1465 3836 sic
1496 3780 1742 3853 recipiet,
1791 3781 2066 3853 quomodo

473 3869 622 3927 facit.
682 3869 812 3927 Ideo
865 3878 1148 3943 promptos
1195 3888 1295 3927 nos
1336 3871 1403 3928 ad
1450 3869 1902 3928 benefaciendum
1952 3887 2066 3928 esse

469 3963 743 4032 hortatur,
779 3981 880 4021 nec
908 3963 1205 4020 fastidium
1254 3963 1368 4036 pati
1389 3963 1606 4034 debere,
1665 3980 1886 4022 securos
1938 3965 2068 4038 quia

469 4071 568 4127 pro
601 4055 791 4128 parvis
823 4071 1019 4127 magna
1047 4052 1396 4126 recipiemus,
1427 4062 1480 4111 et
1508 4070 1608 4126 pro
1638 4054 1869 4110 terrenis
1897 4062 2066 4110 reter-

470 4164 559 4216 na,
592 4155 838 4222 tempore
862 4163 971 4221 quo
1001 4145 1255 4219 promisit
1283 4146 1447 4202 Deus.

542 4249 724 4317 (Vers.
757 4247 870 4320 10.)
916 4273 933 4294 ι
965 4247 1111 4320 Ergo
1151 4246 1283 4303 dum
1313 4253 1529 4318 tempus
1557 4241 1842 4312 habemus,
1875 4257 2064 4314 opere-

473 4351 596 4390 mur
624 4335 841 4392 bonum
883 4338 952 4393 ad
1002 4354 1211 4394 omnes.
1248 4364 1266 4387 ι
1308 4337 1555 4394 Gentiles
1599 4343 1816 4407 tempus
1862 4331 2068 4389 habent

471 4425 741 4496 operandi
767 4427 998 4492 malum;
1035 4427 1288 4483 homines
1317 4427 1463 4483 enim
1483 4428 1601 4483 sine
1630 4427 1762 4493 Deo,
1788 4423 2063 4498 quomodo

476 4521 708 4586 possunt
762 4514 978 4586 operari
1025 4513 1273 4571 bonum?
1315 4515 1617 4572 Christiani
1671 4523 1854 4570 autem
1913 4516 2065 4589 facti,

470 4618 688 4681 tempus
721 4608 924 4666 habent
953 4608 1215 4682 Operandi
1243 4610 1452 4666 bonum
1483 4610 1551 4666 ad
1572 4627 1761 4667 omnes
1788 4611 2060 4684 homines,

469 4708 528 4755 ut
559 4707 682 4770 post
708 4709 986 4773 acceptam
1017 4699 1185 4756 ﬁdem
1229 4701 1436 4757 bonum
1465 4716 1603 4772 opus
1640 4700 1889 4772 proﬁciat
1914 4718 2062 4758 mer-

470 4787 589 4844 cedi
643 4792 945 4862 promissae.
1004 4792 1240 4864 Tempus
1272 4790 1420 4847 enim
1468 4791 1676 4848 idcirco
1735 4793 2064 4850 conceditur

467 4881 598 4937 vitae
629 4926 644 4950 ,
672 4889 734 4938 ut
779 4882 893 4954 jam
936 4882 1082 4955 juste
1138 4897 1440 4953 versemur,
1501 4885 1814 4956 exemplum
1873 4885 2064 4942 dantes

470 4973 785 5045 gentilibus.
832 4997 850 5022 ς
893 4974 1132 5030 Maxime
1162 4983 1343 5030 autem
1375 4976 1444 5031 ad
1475 4976 1806 5035 domesticos
1852 4979 2000 5036 ﬁdei.
2025 5004 2042 5026 ν

474 5061 680 5118 Verum
711 5071 792 5120 est
835 5064 964 5136 quia
993 5063 1269 5121 faciliores
1298 5074 1350 5122 et
1379 5069 1762 5140 propensiores
1809 5069 1867 5124 in
1915 5071 2061 5129 bono

471 5151 618 5210 circa
646 5151 847 5209 fratres
874 5168 988 5209 esse
1028 5150 1325 5223 debemus;
1388 5157 1520 5230 quia
1570 5159 1810 5217 invicem
1867 5177 2060 5218 sumus

543 5315 660 5390 (88)
707 5316 861 5378 Hanc
911 5316 1262 5392 parenthesin
1313 5318 1471 5375 Rom.
1511 5318 1646 5377 edit.
1703 5323 2060 5394 praetermise-

698 5461 832 5520 Cod.
863 5461 1143 5541 nonnulli,
1199 5461 1514 5518 Testimonio
1541 5463 1676 5519 enim
1711 5466 1948 5537 Spiritus
1974 5486 2059 5526 ac-

475 5533 629 5601 cipiet
655 5534 1124 5590 immortalitatem.

549 5602 666 5672 (91)
698 5605 962 5666 Nonnulli
983 5621 1138 5676 mss.,
1168 5605 1338 5680 ignem
1369 5611 1654 5664 torrentem
1677 5609 1932 5682 patietur.

2181 1803 2309 1871 tuit,
2351 1802 2444 1859 sed
2471 1813 2790 1862 constanter
2819 1805 2966 1878 quod
2996 1822 3188 1862 verum
3223 1814 3326 1874 est,
3358 1821 3468 1862 non
3499 1805 3690 1870 tacuit,
3721 1810 3782 1858 et

2181 1891 2286 1947 sibi
2345 1901 2398 1948 et
2458 1891 2546 1949 his
2588 1894 2909 1966 providens,
2970 1911 3106 1968 quos
3171 1894 3418 1951 docebat.
3477 1893 3776 1966 Denique:

2193 2006 2210 2026 ε
2238 1981 2374 2053 Ego,
2410 1981 2622 2056 inquit,
2684 2001 2794 2040 non
2817 1987 2993 2063 solum
3023 1985 3204 2058 ligari,
3230 1983 3323 2040 sed
3353 1991 3407 2039 et
3437 1983 3575 2038 mori
3608 1997 3780 2055 para—

2179 2077 2270 2126 tus
2297 2087 2420 2126 sum
2453 2072 2514 2126 in
2539 2073 2925 2147 Hierosolyma
2953 2091 3052 2147 pro
3097 2073 3320 2130 nomine
3347 2071 3569 2128 Domini
3600 2070 3778 2127 nostri

2178 2163 2304 2221 Jesu
2333 2163 2541 2222 Christi
2570 2168 2718 2239 (Act.
2750 2184 2870 2236 xxI,
2901 2167 3015 2241 13).
3041 2192 3059 2218 ι

2252 2256 2432 2327 (Vers.
2472 2257 2584 2330 13.)
2629 2284 2646 2305 ι
2675 2258 2861 2331 Neque
2891 2258 3038 2314 enim
3067 2257 3171 2331 ipsi
3198 2257 3292 2332 qui
3321 2256 3781 2315 circumcisisunt

2181 2346 2351 2419 legem
2378 2347 2698 2404 custodiunt
2731 2367 2742 2404 :
2775 2347 2869 2404 sed
2900 2349 3098 2405 volunt
3125 2366 3223 2406 vos
3249 2347 3592 2418 circumcidi,
3617 2359 3677 2405 ut
3710 2349 3782 2405 in

2178 2452 2361 2502 vestra
2403 2461 2572 2500 carne
2616 2445 2990 2518 glorientur.»
3039 2446 3166 2503 Tale
3211 2456 3292 2504 est
3339 2447 3464 2516 hoc,
3513 2447 3670 2522 quale
3715 2455 3781 2502 et

2179 2544 2322 2600 illud
2368 2543 2578 2601 dictum
2609 2545 2678 2601 ad
2715 2547 3024 2618 apostolum
3083 2548 3341 2604 Petrum:
3390 2573 3407 2595 -
3437 2547 3493 2604 Si
3535 2555 3594 2603 tu
3643 2563 3773 2602 cum

2177 2642 2254 2698 sis
2288 2643 2535 2713 Judmus,
2578 2645 2862 2716 gentiliter
2915 2646 3083 2715 vivis,
3157 2646 3433 2719 quomodo
3485 2645 3775 2718 compellis

2179 2750 2364 2814 gentes
2393 2742 2673 2814 judaizare
2706 2744 2918 2815 (supra.
2948 2761 3012 2812 ιι,
3047 2743 3136 2814 14)
3169 2744 3197 2800 ‘l
3226 2767 3244 2790 ι
3313 2744 3393 2799 Ita
3433 2751 3487 2798 et
3533 2743 3591 2798 hi
3639 2759 3774 2798 cum

2179 2833 2283 2905 ipsi
2335 2834 2506 2906 legem
2539 2850 2651 2890 non
2695 2833 3067 2902 custodirent,
3117 2841 3500 2890 conversantes
3545 2831 3775 2903 injuste,

2177 2921 2656 2979 circumcisionem
2723 2921 3062 2991 zelabantur,
3120 2931 3181 2977 ut
3234 2918 3463 2992 proinde
3521 2919 3779 2975 vindices

2179 3019 2234 3066 et
2286 3022 2556 3070 amatores
2599 3014 2734 3088 legis
2795 3012 3160 3069 viderentur:
3208 3026 3331 3066 cum
3371 3016 3588 3065 constet
3622 3015 3771 3073 231

2177 3108 2328 3167 hunc
2385 3112 2556 3184 legem
2612 3113 2906 3170 defendere
2951 3119 3008 3168 et
3052 3108 3348 3177 custodire,
3398 3108 3495 3180 qui
3521 3106 3777 3178 justitias

2175 3200 2292 3272 ejus
2364 3203 2707 3276 exsequitur,
2765 3211 2821 3260 et
2865 3203 3205 3269 mandatum,
3262 3197 3410 3271 quod
3464 3197 3533 3254 ad
3596 3200 3773 3258 vitam

2173 3291 2460 3364 pertinens
2485 3294 2674 3350 datum
2704 3302 2806 3362 est,
2855 3311 2967 3350 non
2999 3293 3388 3365 praetermittit.
3452 3289 3600 3348 Talis
3637 3307 3774 3363 ergo

2175 3379 2498 3435 Galatarum
2531 3383 2816 3437 excusatio
2870 3389 2984 3437 erat
3028 3382 3170 3455 (92).
3215 3382 3342 3439 Haec
3386 3381 3543 3448 dicit,
3590 3389 3649 3434 ut
3677 3379 3772 3433 vel

2174 3469 2255 3524 sic
2279 3468 2616 3542 intelligant,
2644 3471 2775 3544 quia
2804 3471 3180 3528 illudebantur
3201 3474 3355 3528 velut
3385 3470 3540 3527 stulti
3574 3477 3626 3525 et
3656 3469 3771 3524 he-

2175 3558 2344 3626 betes,
2378 3557 2444 3614 de
2477 3575 2711 3631 quorum
2752 3560 3037 3618 doloribus
3066 3562 3450 3634 gloriarentur.

2247 3647 2432 3719 (Vers.
2472 3648 2585 3721 14.)
2631 3675 2649 3696 ι
2675 3649 2814 3706 Mihi
2843 3666 2974 3706 vero
3020 3649 3164 3707 absit
3229 3650 3452 3722 gloriari
3486 3650 3624 3723 (93),
3656 3649 3770 3705 nisi

2175 3737 2234 3792 in
2294 3754 2456 3794 cruce
2505 3738 2731 3794 Domini
2777 3739 2953 3796 nostri
2995 3739 3123 3796 Jesu
3187 3738 3414 3807 Christi,
3465 3755 3559 3811 per
3601 3754 3770 3812 quem

2176 3827 2316 3884 mihi
2346 3829 2586 3885 mundus
2636 3829 2938 3887 cruciﬁxus
2965 3838 3066 3900 est,
3093 3837 3148 3887 et
3174 3847 3274 3903 ego
3305 3829 3530 3887 mundo.
3565 3855 3583 3878 ι
3620 3829 3772 3896 Quo-

2175 3915 2340 3972 modo
2424 3917 2866 3992 pseudoapostoll
2937 3919 3322 3988 tribulationes
3381 3937 3479 3994 pro
3542 3918 3771 3975 nomine

2173 4007 2380 4065 Christi
2414 4009 2569 4082 quasi
2601 4009 2744 4064 nihil
2768 4010 3080 4082 profuturas
3124 4026 3219 4082 per
3249 4010 3588 4083 hypocrisim
3623 4008 3768 4064 redi-

2177 4114 2262 4152 me
2274 4097 2428 4165 bant,
2473 4097 2859 4156 erubescentes
2888 4100 2946 4155 in
2975 4099 3092 4168 his;
3132 4100 3210 4156 ita
3233 4109 3288 4157 et
3314 4101 3609 4173 Apostolus
3637 4099 3770 4170 glo—

2176 4187 2420 4243 riabatur
2450 4187 2518 4242 de
2554 4187 2662 4256 his,
2695 4189 2874 4245 sciens
2903 4205 3153 4263 magnam
3184 4206 3283 4262 pro
3313 4189 3435 4245 istis
3464 4189 3578 4244 fore
3613 4203 3772 4242 mer-

2173 4274 2404 4332 cedem:
2461 4277 2934 4349 quemadmodum
2988 4288 3043 4335 et
3086 4281 3385 4352 coapostoli
3439 4279 3576 4350 ejus,
3623 4278 3773 4333 sicut

2173 4365 2440 4436 scriptum
2498 4375 2582 4423 est
2642 4368 2701 4424 in
2755 4369 2988 4426 Actibus
3034 4372 3445 4442 apostolorum:
3519 4391 3537 4414 ι
3587 4365 3769 4435 Tunc,

2091 4467 2140 4526 Β
2176 4455 2383 4529 inquit,
2440 4457 2566 4514 caesi
2625 4459 2884 4516 exierunt
2937 4460 3171 4534 apostoli
3221 4459 3288 4516 de
3329 4459 3590 4527 concilio,
3625 4473 3775 4528 gau-

2175 4547 2372 4604 dentes
2412 4549 2540 4621 quia
2575 4550 2729 4623 digni
2760 4551 2937 4607 habiti
2989 4560 3118 4608 sunt
3147 4567 3246 4623 pro
3285 4549 3510 4606 nomine
3557 4547 3772 4606 Christi

2169 4639 2562 4695 contumeliam
2596 4641 2708 4714 pati
2742 4642 2884 4713 (Act.
2916 4660 2974 4708 v,
3005 4642 3124 4714 41).
3160 4668 3178 4690 ι
3226 4641 3397 4714 Cujus
3425 4657 3554 4713 ergo
3581 4640 3774 4696 omnis

2168 4743 2288 4799 spes
2319 4727 2378 4784 in
2408 4727 2617 4784 Christi
2665 4738 2767 4796 est,
2817 4731 2911 4787 hic
2962 4730 3236 4804 gloriatur
3292 4732 3351 4786 in
3406 4745 3574 4788 cruce
3622 4726 3769 4800 ejus,

2172 4815 2302 4870 huic
2348 4823 2402 4870 et
2444 4817 2683 4875 mundus
2753 4818 3058 4876 cruciﬁxus
3116 4828 3222 4887 est,
3291 4828 3479 4877 certus
3523 4833 3769 4874 amorem

2171 4903 2351 4960 crucis
2373 4904 2578 4961 Christi
2612 4907 2785 4965 vitam
2811 4926 2946 4982 esse,
2983 4908 3179 4966 mundi
3236 4925 3368 4966 vero
3412 4923 3653 4964 amorem
3675 4923 3771 4978 pa-

2173 5013 2289 5053 rere
2331 5007 2586 5058 mortem.
2647 5004 2892 5060 Invicem
2923 5019 3052 5076 ergo
3093 5003 3202 5059 sibi
3251 5003 3456 5058 mortui
3509 5009 3661 5068 sunt,
3713 5008 3774 5055 et

2171 5091 2414 5147 mundus
2443 5091 2732 5166 Apostolo,
2763 5103 2818 5150 et
2860 5097 3162 5166 Apostolus
3188 5093 3428 5160 mundo;
3459 5093 3591 5149 dum
3621 5091 3770 5146 nihil

2169 5182 2513 5254 concupiscit
2538 5184 2838 5255 Apostolus
2867 5184 3084 5254 mundi,
3129 5191 3185 5239 et
3238 5182 3372 5240 dum
3420 5182 3563 5239 nihil
3601 5180 3776 5238 habet

2245 5331 2364 5472 (91)
2397 5331 2498 5387 Ms.
2532 5332 2702 5402 Vall.,
2753 5335 2926 5394 Videte
2951 5333 3200 5405 qualibus
3233 5334 3440 5403 litteris,
3461 5340 3570 5415 etc.
3708 5401 3720 5415 .

2272 5402 2365 5472 92)
2427 5402 2616 5462 Codex
2669 5405 2842 5472 Vall.,
2889 5407 3096 5472 clades;
3144 5406 3370 5472 quidam
3425 5404 3543 5472 alu,
3572 5403 3720 5460 cladi

2272 5402 2368 5480 92)
2417 5402 2616 5480 Codex
2669 5405 2842 5475 Vall.,
2889 5402 3096 5480 clades;
3144 5406 3370 5480 quidam
3425 5402 3543 5474 alii,
3572 5402 3774 5471 cladis,

2167 5488 2291 5544 ergo
2325 5476 2646 5531 Galatarum
2671 5478 2954 5535 exsultatio
2983 5476 3178 5534 eorum“
3191 5486 3324 5535 erat.

2244 5543 2358 5618 (92)
2389 5545 2546 5604 Rom.
2579 5547 2740 5620 edit.,
2770 5549 2909 5610 Mihi
2933 5567 3056 5606 vero
3073 5567 3181 5608 non
3209 5549 3478 5622 contingat
3511 5547 3770 5623 gloriari.
