4070 6186
250 285 355 344 393

1333 295 1694 357 COMMENT.
1737 300 1810 358 IN
1841 301 2057 361 EPIST.
2089 305 2186 362 AD
2227 306 2470 366 EPHES.

3450 323 3554 382 394

250 410 493 467 mundus
520 427 700 482 suum,
734 412 883 486 quod
913 425 1172 486 agnoscat
1202 417 1260 473 in
1289 421 1571 493 Apostolo,
1615 425 1759 481 sicut
1788 434 1843 482 et
1868 431 1920 489 Α
1953 442 2175 500 pausam
2207 429 2449 488 haberet.
2496 432 2553 488 Si
2591 443 2777 492 autem
2829 435 3084 498 duriores
3122 457 3183 499 se
3209 418 3563 517 prastarent,

244 500 518 558 Dominus
568 501 694 558 ait:
762 524 781 548 ι
812 503 974 572 Ecce,
1004 529 1022 550 ι
1068 505 1271 580 inquit,
1315 533 1335 556 ι
1385 511 1642 586 princeps
1687 514 1853 588 hujus

242 590 439 646 mundi
470 591 650 660 venit,
682 599 739 648 et
795 593 852 648 in
900 610 986 650 me
1024 594 1274 654 inveniet
1319 599 1464 656 nihil
1515 602 1698 674 (Joan.
1728 621 1847 674 XIV,

238 678 360 752 30).
387 706 407 728 .

317 771 507 841 (Vers.
562 771 790 845 I5,l6.)
849 775 957 830 «In
1012 774 1233 835 Christo
1287 778 1436 836 enim
1491 782 1621 840 Iesu
1672 800 1850 858 neque

231 859 603 918 circumcisio
631 861 926 936 quidquam
969 873 1071 935 est,
1107 883 1284 943 neque
1328 873 1692 944 praeputium;
1753 874 1848 931 sed

228 966 390 1006 nova
419 958 683 1008 creatura.
715 952 786 1007 Et
825 962 1096 1028 quotquot
1126 957 1268 1016 hanc
1306 963 1550 1034 regulam
1597 980 1849 1039 sequun-

226 1047 348 1109 tur,
383 1056 492 1112 pax
522 1058 684 1114 super
722 1043 849 1099 illos
879 1053 933 1101 et
962 1046 1358 1119 misericordia,
1389 1060 1443 1107 et
1477 1069 1642 1126 super
1676 1055 1846 1113 Israel

228 1131 360 1188 Dei.
392 1155 411 1179 ι
470 1132 626 1188 Nova
677 1143 927 1192 creatura
961 1145 1042 1194 est
1085 1141 1426 1213 regeneratio
1474 1152 1679 1216 nostra,
1728 1145 1848 1204 haec

230 1229 324 1278 est
356 1238 478 1295 quae
518 1221 611 1279 dat
655 1224 966 1297 profectum
999 1231 1485 1302 permanantibus;
1520 1250 1683 1308 super
1712 1236 1845 1294 istos

231 1311 394 1368 enim
425 1319 509 1368 est
533 1330 637 1386 pax
667 1315 788 1372 Dei.
824 1316 932 1384 Qui
969 1319 1117 1375 enim
1147 1338 1273 1378 cum
1304 1324 1418 1379 Deo
1449 1324 1712 1396 paciﬁcus
1741 1335 1841 1397 est,

231 1411 453 1467 nullius
495 1411 849 1470 inimicitiam
906 1418 1140 1485 metuit;
1191 1416 1336 1475 232
1375 1430 1528 1479 tutus
1576 1424 1725 1481 enim
1763 1432 1844 1482 est

225 1501 577 1574 protectione
611 1511 666 1559 et
695 1503 1078 1563 misericordia
1109 1510 1232 1578 Dei,
1279 1527 1397 1585 quae
1427 1515 1700 1585 promissa
1737 1522 1840 1585 est,

226 1599 288 1647 et
322 1599 507 1648 manet
535 1608 703 1670 super
753 1594 918 1650 Israel
948 1596 1067 1666 Dei,
1100 1615 1214 1656 non
1261 1617 1425 1674 super
1454 1604 1618 1660 Israel
1649 1604 1843 1661 homi-

226 1681 362 1748 nis;
395 1680 574 1738 Iudaei
605 1682 755 1739 enim
787 1700 900 1741 non
930 1685 1212 1745 credentes
1254 1690 1515 1748 Israelita;
1563 1701 1694 1749 sunt
1747 1711 1843 1751 se-

221 1770 482 1828 cundum
513 1789 753 1830 carnem.
790 1776 936 1833 Duas
959 1793 1086 1850 ergo
1113 1787 1292 1852 partes
1345 1781 1704 1854 signiﬁcavit,
1737 1801 1841 1841 su—
1862 1809 1910 1871 Β

220 1876 334 1934 per
383 1877 521 1934 quas
568 1872 749 1921 manet
775 1882 884 1938 pax
937 1874 991 1923 et
1036 1868 1415 1928 misericordia
1456 1872 1576 1942 Dei,
1625 1873 1839 1931 Iudaeo-

220 1966 366 2006 rum
392 1949 752 2023 credentium,
783 1962 838 2010 et
867 1956 1159 2028 gentilium
1188 1957 1458 2017 ﬁdelium.

316 2039 500 2110 (Vers.
529 2043 640 2114 I7.)
685 2045 796 2101 «De
824 2053 1022 2103 caetero
1051 2063 1215 2105 nemo
1235 2049 1374 2106 mihi
1396 2051 1662 2108 molestus
1691 2051 1781 2110 sit.
1803 2076 1822 2102 ι

218 2131 513 2188 Molestias
538 2131 643 2188 sibi
672 2134 855 2191 noluit
874 2135 941 2192 de
971 2145 1168 2195 caetero
1204 2138 1345 2209 ﬁeri,
1375 2148 1438 2198 ut
1466 2141 1666 2198 iterum
1695 2141 1836 2200 forte

219 2229 516 2294 cogeretur
558 2222 799 2280 scribere
829 2242 843 2282 :
895 2227 991 2282 sed
1010 2225 1128 2299 jam
1171 2231 1528 2288 correctiores
1557 2231 1684 2289 illos
1713 2233 1836 2290 vult

222 2310 351 2367 ﬁeri
406 2320 516 2380 ;ut
570 2313 871 2387 amputatis
915 2317 1216 2390 erroribus,
1272 2329 1396 2396 post
1468 2327 1620 2380 tanta
1669 2321 1836 2382 taedia

309 2509 429 2583 (94)
458 2511 613 2570 Rom.
632 2513 792 2585 edit.,
825 2516 1024 2590 Magna
1051 2517 1190 2575 enim
1216 2521 1530 2592 constantia,
1560 2529 1665 2582 etc.

1961 525 2015 573 et
2065 518 2398 577 inﬂexibiles
2429 520 2487 577 in
2517 525 2913 598 convertendo,
2942 540 3216 588 cessarent
3256 532 3326 592 ab
3368 551 3464 605 eo;
3499 546 3563 594 ut

1961 607 2073 664 illis
2108 626 2298 682 operas
2325 628 2449 670 suas
2499 620 2553 669 et
2579 614 2878 675 eﬁicaciam
2914 618 3278 694 impenderet,
3327 624 3398 683 de
3424 627 3564 702 qui-

1959 695 2062 753 bus
2104 699 2411 758 mercedem
2459 711 2556 759 aut
2611 705 2828 763 lucrum
2866 719 3125 782 speraret.
3194 736 3214 762 ι
3242 715 3360 788 Ego
3410 695 3560 776 enim

1959 786 2215 860 stigmata
2240 791 2467 848 Domini
2497 794 2624 851 Iesu
2653 794 2859 853 Christi
2889 798 2949 855 in
2996 816 3224 874 corpore
3262 786 3384 863 meo
3421 822 3562 882 por-

1957 881 2033 930 to.
2066 899 2084 921 ι
2130 876 2247 934 Hoc
2274 877 2411 937 dicit
2464 880 2658 952 iratus,
2691 885 2820 958 quia
2847 887 3128 959 passiones
3157 908 3290 965 quas
3320 876 3558 954 creden-

1956 966 2097 1022 tium
2130 984 2291 1025 causa
2335 971 2669 1043 patiebatur,
2709 975 3016 1036 inefﬁcaces
3045 979 3103 1036 in
3152 982 3267 1040 illis
3293 985 3555 1056 videbat;

1956 1057 2217 1129 quoniam
2273 1063 2590 1119 constantia
2621 1065 2736 1139 (94)
2778 1075 2831 1124 et
2860 1068 2969 1126 ﬁde
2999 1069 3269 1130 doctrinae
3315 1091 3428 1132 suae
3457 1092 3558 1149 pro

1956 1146 2176 1205 Christo
2206 1150 2390 1225 plagas
2437 1162 2492 1210 et
2519 1154 2746 1212 vincula
2778 1156 2890 1229 pati
2921 1174 3034 1215 non
3074 1161 3284 1233 timuit,
3315 1165 3410 1222 sed
3438 1146 3556 1240 pas-

1953 1253 2045 1294 sus
2074 1246 2155 1296 est
2202 1256 2388 1300 amore
2437 1244 2780 1303 credentium
2811 1246 3094 1307 cicatrices
3131 1252 3414 1326 plagarum
3445 1255 3556 1314 ha-

1953 1327 2080 1384 bere
2126 1345 2183 1384 se
2225 1331 2282 1386 in
2321 1347 2580 1405 corpore;
2624 1351 2733 1408 quo
2785 1353 2898 1394 non
2953 1338 3140 1397 minus
3193 1341 3432 1401 ﬁdeliter
3477 1345 3558 1401 eis

1952 1417 2291 1491 praedicaret,
2335 1421 2479 1480 sicut
2526 1431 2581 1482 et
2617 1425 3123 1502 pseudoapostopli,
3184 1431 3282 1506 qui
3338 1432 3556 1494 Galatas

1951 1506 2296 1580 deceperant.
2349 1512 2638 1570 Neminem
2688 1515 2874 1589 itaque
2927 1518 3050 1575 vult
3097 1518 3206 1576 sibi
3256 1523 3553 1582 molestum

1951 1612 2086 1666 esse,
2129 1598 2224 1672 qui
2255 1598 2387 1657 huic
2419 1601 2500 1658 rei
2529 1601 2761 1661 devotus
2790 1621 2900 1662 non
2930 1614 3014 1664 est
3036 1607 3187 1676 ;‘ista
3224 1611 3374 1669 enim
3406 1614 3556 1688 stig-

1950 1694 2117 1756 mata,
2149 1686 2208 1744 id
2247 1696 2348 1759 est,
2390 1689 2674 1750 cicatrices
2694 1695 3000 1768 plagarum,
3049 1697 3373 1758 testimonia
3417 1686 3551 1763 sunt

1949 1775 2294 1836 credentium
2330 1795 2543 1852 eorum,
2586 1783 2681 1859 qui
2712 1785 3020 1859 patiuntur,
3049 1787 3197 1862 quod
3235 1787 3391 1864 digni
3421 1799 3554 1851 sunt

1946 1868 2134 1927 futura
2154 1871 2544 1944 promissione.

2021 1961 2204 2034 (Vers.
2236 1962 2326 2036 18)
2392 1988 2411 2013 ι
2444 1963 2634 2022 Gratia
2672 1965 2851 2024 nostri
2899 1967 3127 2027 Domini
3175 1970 3304 2030 Iesu
3343 1971 3553 2033 Christi

1947 2065 2072 2106 cum
2123 2051 2325 2123 spiritu
2363 2061 2572 2124 vestro,
2619 2054 2834 2116 fratres.
2887 2081 2907 2106 ι
2959 2059 3084 2117 Non
3131 2061 3268 2135 legis
3321 2063 3552 2137 gratiam

1945 2137 2100 2208 dicit,
2133 2140 2228 2197 sed
2258 2142 2484 2199 Domini
2528 2145 2705 2202 nostri
2733 2147 2863 2204 Iesu
2900 2146 3108 2207 Christi
3138 2166 3255 2210 esse
3282 2167 3410 2211 cum
3442 2154 3550 2227 spi-

1945 2229 2057 2287 ritu
2086 2231 2336 2304 illorum,
2377 2251 2514 2309 quos
2542 2236 2819 2311 spiritales
2847 2237 3047 2301 fratres
3078 2242 3344 2320 appellat;
3373 2259 3553 2321 neque

1943 2323 2090 2382 enim
2121 2325 2343 2399 penitus
2383 2344 2576 2389 omnes
2606 2330 2828 2393 fuerant
2842 2335 3048 2396 eversi.

215 2702 3529 2750 -—-——__._______.______________________

478 2871 613 2959 IN
707 2873 1481 2964 EPISTOLAM
1582 2881 1701 2971 B.
1803 2883 2202 2973 PAULI
2294 2889 2457 2975 AD
2553 2828 3278 2987 EPHESIOS.

751 3183 888 3242 231
926 3188 1310 3248 PROLOGUS.

293 3271 562 3345 Ephesios
612 3277 909 3349 Apostolus
972 3295 1085 3334 non
1131 3279 1388 3337 fundavit
1425 3280 1485 3337 in
1543 3280 1673 3347 ﬁde,
1728 3281 1825 3339 sed

209 3363 594 3437 conﬁrmavit,
625 3369 803 3424 multa
846 3369 990 3424 mala
1018 3385 1117 3443 pro
1157 3369 1246 3427 his
1286 3387 1478 3444 passus
1505 3388 1537 3428 a
1575 3372 1820 3446 perﬁdis,

210 3455 369 3512 sicut
414 3455 546 3514 dicit
587 3476 600 3515 :
668 3481 687 3508 ‹
741 3458 798 3516 Si
844 3460 1016 3529 enim,
1063 3461 1367 3518 secundum
1417 3461 1724 3532 hominem,
1753 3464 1823 3522 ad

211 3545 426 3603 bestias
453 3549 690 3621 pugnavi
722 3547 951 3623 Ephesi,
992 3550 1128 3625 quid
1159 3551 1299 3608 mihi
1330 3552 1579 3625 prodest,
1608 3554 1655 3610 si
1681 3571 1822 3611 mor-

208 3636 307 3693 tui
346 3652 455 3693 non
485 3647 778 3713 resurgunt
808 3640 868 3711 (Ι
912 3640 1040 3698 Cor.
1089 3657 1190 3711 xv,
1222 3641 1358 3713 32)?
1386 3666 1405 3690 ›
1446 3643 1519 3700 Et
1559 3644 1821 3717 quoniam

209 3741 460 3800 pugnam
491 3745 644 3785 suam
676 3747 787 3787 non
818 3729 938 3787 sine
965 3731 1165 3790 eﬁ'ectu
1206 3733 1562 3805 perfectionis
1593 3735 1710 3808 (95)
1743 3735 1824 3792 il-

213 3820 409 3876 lorum
439 3822 728 3894 praevidet,
761 3822 1004 3896 gaudens
1030 3824 1087 3880 in
1119 3824 1218 3894 eis,
1247 3824 1316 3881 ad
1348 3825 1578 3883 meliora
1601 3826 1823 3899 scriptis

215 3909 475 3976 hortatur
501 3913 569 3968 de
609 3913 766 3970 urbis
790 3915 976 3971 Romae
1015 3915 1304 3984 custodia;
1338 3916 1469 3989 quia
1498 3918 1729 3975 veniens
1754 3917 1822 3975 ab

213 3999 626 4070 Hierosolymis
677 4001 735 4055 in
791 4002 1046 4058 custodia
1081 4003 1188 4060 sub
1241 4004 1566 4077 ﬁdejussore
1603 4007 1824 4064 intelli-

206 4089 377 4159 gitur
410 4085 643 4157 degisse,
676 4104 906 4146 manens
932 4098 1088 4148 extra
1113 4101 1289 4151 castra
1313 4095 1371 4153 in
1403 4096 1680 4157 conducta
1721 4114 1822 4155 suo

208 4178 281 4248 (Α
292 4181 365 4231 ct.
401 4191 609 4245 xxvm,
642 4176 757 4250 30).

765 4323 995 4383 CAPUT
1021 4324 1310 4386 PRIMUM.

296 4449 478 4521 (Vers.
526 4449 604 4522 I.)
665 4474 683 4496 ι
721 4451 925 4508 Paulus
967 4451 1255 4524 apostolus
1305 4451 1510 4511 Christi
1562 4457 1686 4514 Iesu
1725 4476 1822 4532 per

1857 3187 1908 3251 C
1937 3195 2072 3257 stro,
2100 3196 2154 3245 et
2177 3190 2419 3249 Domino
2453 3193 2579 3251 Iesu
2602 3194 2842 3254 Christo.
2874 3221 2894 3247 ι
2953 3199 3196 3258 Gratiam
3246 3200 3348 3258 Dei
3403 3219 3531 3261 cum

1932 3279 2136 3334 sanctis
2162 3279 2301 3337 dicit
2328 3298 2444 3340 esse
2467 3292 2523 3340 et
2548 3283 2826 3356 ﬁdelibus,
2849 3303 3011 3360 quem
3042 3289 3257 3346 Patrem
3277 3299 3528 3350 nostrum

1932 3367 2205 3439 appellat;
2237 3370 2369 3444 quia
2395 3371 2464 3428 ab
2489 3371 2608 3446 ipso
2644 3383 2776 3432 sunt
2803 3376 2991 3435 omnia
3018 3386 3073 3436 et
3099 3378 3325 3438 condita
3351 3390 3407 3439 et
3435 3397 3534 3438 re-

1930 3463 2209 3545 staurata:
2248 3459 2534 3520 Christum
2563 3473 2746 3523 autem
2775 3467 3078 3526 Dominum
3105 3477 3380 3541 nostrum,
3405 3470 3538 3545 quia

1930 3544 2167 3605 redemit
2194 3564 2315 3617 nos,
2343 3550 2576 3610 offerens
2603 3571 2661 3612 se
2692 3572 2791 3629 pro
2815 3557 2998 3616 nobis.
3422 3544 3437 3545 ί
3518 3583 3524 3589 ·

2006 3636 2190 3709 (Vers.
2231 3638 2312 3714 3.)
2372 3665 2391 3690 ‹
2437 3641 2768 3703 Benedictus
2814 3648 2962 3705 Deus
3000 3655 3056 3706 et
3107 3648 3270 3706 Pater
3308 3649 3537 3709 Domini

1930 3727 2106 3784 nostri
2153 3729 2282 3784 Iesu
2321 3728 2550 3800 Christi,
2581 3734 2677 3809 qui
2711 3734 3001 3795 benedixit
3043 3752 3145 3796 nos
3175 3738 3330 3798 omni
3355 3738 3540 3798 bene-

1929 3815 2174 3874 dictione
2204 3819 2464 3893 spiritali,
2506 3848 2526 3873 ι
2566 3823 2625 3881 id
2662 3834 2767 3897 est,
2798 3843 2911 3885 non
2951 3828 3250 3900 mundana,
3292 3829 3390 3888 sed
3422 3847 3530 3889 cce-

1930 3906 2057 3963 lesti
2086 3907 2508 3970 benedictione:
2543 3929 2721 3989 neque
2749 3918 3120 3991 corruptibili,
3153 3917 3249 3976 sed
3287 3927 3530 3988 aeterna;

1931 3996 2062 4070 quia
2085 3998 2261 4070 gloria
2285 3998 2732 4062 Christianorum
2763 4023 2876 4064 non
2898 4008 2958 4064 in
2983 4016 3147 4077 terra,
3179 4007 3275 4065 sed
3300 4008 3362 4065 in
3390 4009 3532 4066 caelo

1930 4094 2032 4156 est,
2073 4095 2128 4144 et
2190 4096 2271 4146 est
2300 4091 2359 4147 in
2400 4091 2641 4153 Christo.
2692 4095 2868 4155 Omne
2913 4097 3063 4154 enim
3097 4096 3306 4154 donum
3345 4098 3533 4171 gratia:

1928 4176 2029 4233 Dei
2059 4177 2118 4234 in
2165 4177 2389 4238 Christo
2429 4191 2550 4253 est;
2583 4192 2645 4241 ut
2682 4186 2728 4242 si
2757 4188 2904 4260 quis,
2933 4195 3117 4260 spreto
3161 4185 3408 4256 Christo,
3438 4185 3531 4244 be-

1929 4265 2113 4324 nedici
2141 4284 2199 4325 se
2233 4285 2266 4325 a
2309 4271 2423 4328 Deo
2468 4279 2642 4346 putet,
2675 4290 2856 4330 errare
2901 4291 2959 4332 se
3007 4274 3166 4333 sciat.
3219 4274 3401 4334 Aliter
3447 4283 3528 4334 ta-

1930 4370 2059 4411 men
2094 4355 2446 4416 benedicitur
2488 4361 2653 4432 Deus,
2704 4371 2759 4420 et
2813 4362 2975 4420 aliter
3014 4364 3290 4423 homines.
3345 4365 3532 4426 Unum

1929 4445 2152 4519 quidem
2187 4448 2594 4507 benedictionis
2644 4467 2848 4510 nomen
2894 4461 2998 4522 est,
3037 4455 3132 4513 sed
3180 4472 3280 4531 pro
3329 4459 3532 4516 merito

218 4539 567 4596 voluntatem
595 4541 694 4597 Dei
725 4542 930 4600 sanctis
981 4541 1265 4612 omnibus,
1304 4541 1401 4617 qui
1431 4552 1560 4600 sum
1584 4545 1821 4618 Ephesi;
1849 4560 1897 4620 Β
1929 4552 2174 4610 personae
2199 4539 2364 4598 debet
2392 4540 2663 4615 intelligi;
2692 4559 2821 4601 nam
2847 4553 2902 4602 et
2926 4545 3104 4604 facere
3126 4546 3335 4606 dicitur
3361 4549 3528 4622 Deus,

217 4637 274 4684 et
304 4626 558 4685 ﬁdelibus
587 4629 644 4685 in
684 4629 907 4688 Christo
936 4634 1086 4690 Iesu.
1131 4658 1151 4682 ιι
1199 4632 1378 4689 Solito
1410 4648 1562 4690 more
1587 4635 1820 4706 scribit,

217 4718 528 4790 apostolum
556 4719 706 4776 enim
751 4738 807 4778 se
839 4737 955 4779 esse
984 4722 1195 4780 Christi
1223 4723 1354 4781 Iesu
1396 4723 1498 4780 Dei
1536 4725 1822 4784 voluntate

218 4814 464 4886 testatur.
519 4809 641 4866 Non
687 4810 866 4866 solum
913 4810 1171 4869 ﬁdelibus
1199 4814 1395 4872 scribit
1438 4814 1580 4886 (96),
1615 4815 1716 4872 sed
1764 4824 1818 4875 et

215 4878 455 4966 sanctis';
503 4906 568 4954 ut
611 4908 747 4956 tunc
775 4915 904 4957 vere
931 4899 1123 4959 ﬁdeles
1154 4902 1285 4972 sint,
1319 4903 1364 4958 si
1395 4902 1604 4961 fuerint
1639 4907 1815 4964 sancti

215 4987 276 5042 in
303 4986 527 5044 Christo
555 4989 702 5048 Iesu.
737 4990 890 5048 Bona
917 4991 1064 5046 enim
1079 4992 1195 5048 vita
1225 4999 1356 5050 tunc
1377 4993 1674 5064 prodestac
1701 5012 1817 5052 cre-

214 5073 371 5131 ditur
395 5086 603 5148 sancta,
635 5078 682 5134 si
713 5079 816 5135 sub
846 5077 1072 5136 nomine
1102 5079 1307 5138 Christi
1338 5080 1607 5139 habeatur
1637 5101 1650 5141 :
1684 5086 1815 5141 alio-

213 5165 309 5240 qui
367 5167 770 5225 contaminatio
799 5168 928 5240 erit,
980 5167 1111 5242 quia
1163 5169 1232 5226 ad
1286 5171 1551 5245 injuriam
1594 5173 1816 5247 proﬁcit

212 5255 499 5313 creatoris.
1384 5254 1389 5258 ’

287 5345 474 5420 (Vers.
510 5347 594 5420 2.)
635 5371 653 5392 ε
685 5346 872 5404 Gratia
899 5347 1059 5405 vobis
1079 5354 1134 5406 et
1160 5363 1266 5421 pax
1298 5365 1330 5405 a
1371 5351 1484 5409 Deo
1512 5351 1672 5411 Patre
1699 5371 1811 5412 no-

287 5476 409 5548 (95)
469 5475 594 5534 Vet.
623 5475 778 5552 edit.,
837 5493 943 5533 non
1004 5477 1116 5552 sine
1180 5478 1364 5549 elfectu
1423 5480 1806 5552 profectionis;

211 5547 477 5624 Bonna;
514 5592 528 5604 .
565 5591 578 5604 .
615 5547 883 5624 profectus
899 5567 920 5615 ;
956 5550 1158 5624 miss._.
1203 5547 1231 5624 ζ
1254 5593 1266 5607 .
1307 5596 1319 5607 .
1354 5595 1366 5607 .
1403 5547 1804 5624 (perfectionis.

285 5618 408 5693 (99)
445 5620 584 5693 Rom
615 5618 746 5677 edit.
782 5621 1076 5693 praemissis
1094 5621 1310 5679 duobus
1333 5618 1804 5693 primis'Apostoli

209 5690 469 5749 versibus
496 5691 576 5749 ita
624 5690 871 5762 resumit,
901 5693 1106 5752 Paulus
1132 5690 1400 5768 apostofus
1426 5694 1552 5754 Iesu
1586 5690 1803 5755 Christi.

537 5789 778 5851 ΡΑτιοι..
819 5790 996 5850 XVII.

1930 4634 1985 4684 et
2025 4627 2282 4687 homines
2310 4629 2527 4689 faciunt
2551 4650 2564 4690 :
2592 4632 2688 4690 sed
2715 4634 2860 4692 Deus
2901 4644 3043 4694 nutu
3065 4636 3184 4692 solo
3220 4636 3530 4713 impassibi-

1936 4717 2062 4774 liter
2088 4719 2259 4789 facit;
2310 4719 2564 4779 homines
2611 4731 2795 4780 autem
2835 4740 3022 4796 manu,
3063 4733 3286 4798 conatu,
3319 4728 3529 4800 labore,

1931 4807 2131 4864 sudore
2159 4807 2423 4867 efﬁciunt.
2455 4812 2602 4868 Deus
2649 4827 2778 4884 ergo
2826 4811 3198 4884 benedicitur,
3238 4832 3369 4876 cum
3414 4819 3527 4876 lau-

1931 4895 2094 4954 dibus
2122 4897 2304 4971 dignis
2332 4899 2622 4957 extollitur
2655 4919 2667 4958 :
2707 4900 2962 4960 homines
2979 4911 3164 4962 autem
3193 4905 3275 4964 sic
3302 4905 3528 4965 benedi-

1930 4994 2006 5052 cit
2024 4995 2190 5066 Deus,
2220 5004 2284 5054 ut
2313 4996 2522 5056 donum
2553 4995 2698 5056 232
2729 5001 2916 5075 gratiae
2953 5018 3066 5060 sua
3095 5003 3176 5061 eis
3219 5003 3528 5079 impertiat,

1929 5099 2042 5141 non
2068 5087 2369 5146 secundum
2399 5090 2598 5148 merita
2625 5106 2838 5163 eorum,
2885 5091 2982 5151 sed
3009 5092 3314 5153 secundum
3365 5099 3525 5154 mise-

1929 5173 2224 5232 ricordiam
2255 5193 2431 5236 suam.
2461 5180 2536 5237 Et
2563 5180 2689 5238 ideo
2717 5181 2865 5240 dixit
2894 5197 2911 5241 :
2954 5204 2977 5234 ς
3016 5183 3125 5254 Qui
3153 5199 3261 5241 nos
3285 5183 3524 5242 benedi—

1927 5263 2013 5320 xit
2042 5264 2101 5322 in
2134 5265 2520 5327 benedictione
2565 5271 2833 5346 spiritali;
2862 5297 2883 5324 ι
2934 5281 2998 5331 ut
3042 5271 3357 5333 ostenderet
3391 5284 3525 5345 per-

1926 5355 2124 5414 fectam
2173 5355 2617 5421 benedictionem
2663 5362 2782 5421 dari
2827 5363 3135 5423 caelestium
3176 5357 3527 5421 credentibus

1927 5484 2093 5539 Solito
2121 5500 2267 5540 more
2313 5487 2514 5548 scribit.
2559 5532 2572 5546 .
2617 5532 2629 5546 .
2676 5533 2688 5547 .
2735 5535 2748 5548 .
2778 5487 3047 5544 voluntate
3098 5491 3334 5542 testatur.
3391 5481 3524 5541 Sano

1921 5556 2016 5629 etis
2031 5557 2302 5629 omnibus,
2317 5557 2409 5629 qui
2427 5565 2568 5616 sunt.
2607 5603 2620 5617 .
2661 5603 2674 5616 .
2705 5561 2764 5616 in
2797 5557 3006 5616 Christo
3031 5556 3175 5612 Iesu.
3209 5555 3329 5614 Non
3351 5556 3527 5615 solum

1920 5626 2160 5697 ﬁdelibus
2191 5626 2399 5688 scribit.

3223 5798 3296 5867 I3
