4070 6186
441 111 545 172 395

1459 116 1555 171 AD
1595 113 1830 170 OPERA
1866 110 1924 168 S.
1963 110 2297 169 AMBROSII
2335 110 2714 170 APPENDIX.

3631 108 3738 168 396

439 240 497 297 in
547 239 788 308 Christo,
814 247 892 325 ut.
922 238 1070 311 pleni
1094 239 1207 295 sint
1226 239 1401 312 gloria
1449 239 1681 306 caelesti,
1705 253 1866 309 supra
1885 243 2041 308 pote-
2065 242 2117 300 Α
2149 237 2305 305 toris,
2339 236 2407 292 ab
2445 252 2627 292 errore
2691 249 2856 308 quem
2913 241 3170 306 coeperat,
3237 240 3597 302 restauratur,
3650 250 3750 307 pro

438 337 604 386 states
650 328 898 386 subvecti
945 329 1231 385 ccelorum.
1285 327 1424 396 Quia
1468 353 1486 374 ι
1531 327 1628 382 ubi
1678 341 1796 410 ego,
1832 325 2035 399 inquit,

437 433 548 486 ero,
581 417 699 473 illic
729 425 783 474 et
810 417 1065 472 minister
1095 433 1248 473 meus
1279 416 1383 472 erit
1423 416 1730 487 (Joan..xu,
1765 415 1904 488 26).:

513 514 693 588 (Vers.
735 514 816 586 4.)
859 541 877 562 ι
924 515 1079 573 Sicut
1125 516 1292 588 elegit
1323 533 1423 572 nos
1453 515 1510 571 in
1534 516 1652 588 ipso
1681 527 1806 572 ante
1844 517 2038 573 mundi

437 603 912 674 constitutionem,
970 612 1032 660 ut
1088 622 1331 661 essemus
1386 605 1561 661 sancti
1613 613 1667 660 et
1696 605 2036 661 immaculati

435 710 619 754 coram
671 710 734 752 eo
773 695 830 752 in
869 695 1161 754 charitate.
1194 720 1212 743 ι
1276 696 1542 752 Praescius
1587 696 1836 752 omnium
1893 698 2038 752 Deus

437 785 540 844 scit
567 787 662 860 qui
693 787 960 845 credituri
992 795 1176 843 essent
1206 786 1263 841 in
1295 785 1599 854 Christum,
1631 785 1773 842 sicut
1802 784 1939 841 dicit
1969 783 2038 839 ad

435 876 740 933 Romanos:
805 901 822 925 ι
855 877 1004 945 Quos
1062 877 1305 949 praesciit
1343 885 1407 933 'et
1453 876 1676 933 vocavit
1723 893 1824 932 nos
1856 877 2033 946 (Rom.

435 981 559 1032 Vm,
590 965 677 1032 29,
709 964 800 1037 30)
827 984 841 1034 ;
879 991 896 1014 ι
942 983 1055 1022 non
1087 967 1266 1022 solum
1298 983 1365 1022 ex
1385 966 1608 1034 Iudaeis,
1643 966 1737 1022 sed
1771 965 1936 1021 etiam
1968 980 2038 1020 ex

436 1054 706 1125 gentibus.
740 1054 888 1122 Quos
926 1071 1053 1127 ergo
1082 1056 1229 1111 Deus
1251 1071 1447 1111 vocare
1499 1053 1724 1121 dicitur,
1775 1068 2037 1126 perseve-

433 1151 558 1199 rant
587 1143 646 1199 in
670 1143 816 1199 ﬁde:
851 1143 908 1198 hi
961 1152 1089 1198 sunt
1124 1160 1261 1216 quos
1298 1143 1464 1216 elegit
1507 1151 1633 1199 ante
1673 1143 1945 1198 mundum
1979 1141 2036 1196 in

435 1231 692 1300 Christo;
721 1239 783 1287 ut
814 1231 925 1287 sint
965 1231 1388 1288 incontaminati
1420 1249 1606 1288 coram
1639 1234 1751 1287 Deo
1782 1231 1839 1286 in
1897 1229 2038 1286 cha-

436 1322 616 1390 ritate,
643 1321 750 1378 hoc
779 1329 880 1390 est,
913 1329 974 1376 ut
1009 1338 1163 1376 amor
1188 1322 1286 1377 Dei
1309 1329 1553 1377 sanctam
1582 1322 1697 1376 illis
1718 1320 1880 1376 faciat
1910 1336 2037 1376 con-

434 1412 821 1468 versationem.
845 1411 1018 1468 Nemo
1048 1410 1197 1467 enim
1246 1411 1445 1466 melius
1471 1410 1638 1467 alicui
1671 1409 2034 1481 obtemperat,

433 1516 597 1573 quam
617 1501 710 1573 qui
742 1517 809 1557 ex
840 1499 1107 1557 charitate
1132 1499 1472 1573 obsequitur.

2148 341 2297 389 certo
2327 330 2533 388 habens
2563 339 2861 387 creatorem
2907 345 3070 384 suum
3111 345 3282 384 unum
3317 344 3433 384 esse
3461 329 3638 385 Deum
3696 336 3752 384 et

2146 421 2466 477 Dominum.
2499 420 2640 478 Hinc
2677 429 2758 477 est
2781 417 2930 476 unde
2958 425 3010 474 et
3039 416 3274 474 Joannes
3302 417 3361 474 in
3403 417 3750 490 Apocalypsi

2147 515 2314 572 dicit:
2354 541 2371 563 ε
2404 516 2536 572 Vidi
2563 515 2796 572 Michael
2838 523 2891 572 et
2936 512 3157 585 angelos
3206 511 3326 583 ejus
3360 510 3418 567 in
3468 512 3608 568 caelo
3655 529 3752 584 pu-

2149 624 2313 678 gnare
2333 625 2458 664 cum
2488 609 2726 665 dracone
2758 616 2812 664 et
2841 626 2966 664 cum
3000 605 3254 662 exercitu
3283 604 3402 676 ejus
3425 605 3614 677 (Apoc.
3646 622 3752 676 xu,

2151 697 2228 766 7).
2267 722 2284 744 ι
2328 697 2455 754 Haec
2504 699 2866 771 repugnantia
2893 696 3100 770 partim
3124 695 3192 752 de
3211 711 3394 752 errore
3419 703 3518 765 est,
3547 696 3749 772 partim

2151 785 2218 842 de
2237 795 2513 858 usurpatae
2543 789 2858 860 tyrannidis
2888 787 3342 861 praesumptione.

2221 877 2500 949 (Vers.“,
2538 878 2652 948 12.)
2690 901 2708 924 κ
2744 879 2806 932 In
2835 895 2943 951 quo
2970 885 3022 932 et
3058 893 3159 932 nos
3179 877 3366 933 sortiti
3387 895 3578 935 sumus
3604 880 3748 952 (98),

2147 965 2521 1038 praedestinati
2564 967 2869 1022 secundum
2915 967 3257 1039 propositum
3315 968 3434 1036 Dei,
3479 967 3575 1041 qui
3626 969 3751 1025 uni-

2149 1075 2305 1114 versa
2329 1058 2540 1114 creavit
2571 1058 2876 1114 secundum
2909 1057 3205 1114 consilium
3235 1058 3546 1114 voluntatis
3595 1075 3746 1127 suae;

2147 1158 2209 1205 ut
2241 1151 2416 1206 simus
2437 1150 2497 1206 in
2519 1151 2741 1206 laudem
2771 1151 2959 1222 gloriae
2986 1148 3104 1220 ejus
3133 1166 3256 1216 nos,
3309 1151 3405 1224 qui
3447 1160 3572 1209 ante
3627 1169 3746 1226 spe-

2148 1239 2395 1295 ravimus
2450 1240 2507 1295 in
2550 1239 2794 1298 Christo.
2825 1265 2843 1288 ι
2902 1239 3018 1296 Hoc
3063 1246 3164 1307 est,
3217 1240 3366 1312 quod
3425 1240 3584 1310 dicit,
3617 1241 3750 1314 quia

2147 1329 2483 1402 dispensatio
2530 1329 2942 1401 praedicationis
3000 1328 3088 1384 his
3138 1328 3355 1386 decreta
3411 1339 3491 1387 est
3520 1347 3550 1386 a
3607 1334 3744 1403 Deo,

2149 1422 2245 1493 qui
2277 1439 2346 1477 ex
2365 1423 2570 1479 Iudaeis
2599 1422 2953 1480 crediderunt
2985 1421 3045 1476 in
3075 1421 3379 1479 Christum.
3423 1422 3578 1480 Unde
3609 1427 3748 1482 nul-

2149 1513 2234 1570 lus
2263 1531 2331 1570 ex
2361 1513 2617 1586 gentibus
2640 1514 2707 1570 ad
2738 1512 3100 1585 apostolatum
3131 1513 3338 1568 electus
3367 1519 3486 1579 est;
3517 1511 3746 1584 dignum

507 1589 687 1662 (Vers.
725 1590 806 1663 5.)
859 1615 875 1637 ε
901 1589 1304 1645 Praedestinans
1332 1605 1435 1676 nos
1478 1588 1538 1643 in
1566 1584 1929 1676 adoptionem
1943 1585 2030 1676 ﬁ-

2143 1601 2290 1657 enim
2322 1584 2437 1659 erat
2465 1621 2534 1660 ex
2557 1603 2645 1660 his
2671 1584 2799 1675 eligi
2841 1603 3241 1675 praedicatores,
3291 1601 3387 1676 qui
3437 1609 3563 1660 ante
3611 1620 3749 1676 spe-

434 1679 637 1734 liorum
663 1695 758 1751 per
784 1678 974 1734 Jesum
1011 1677 1295 1736 Christum
1326 1675 1385 1732 in
1435 1677 1638 1748 ipsum.
1665 1701 1683 1723 ι
1733 1675 1849 1731 Hoc
1899 1671 2036 1730 dicit

433 1765 745 1822 decrevisse
776 1769 974 1834 Deum,
1005 1774 1067 1822 ut
1096 1765 1382 1822 credentes
1413 1764 1471 1820 in
1502 1763 1787 1822 Christum
1815 1762 2034 1834 adopta-

433 1864 624 1912 rentur
651 1856 709 1912 in
741 1855 887 1912 ﬁlios
924 1856 1106 1926 aDeo,
1134 1863 1188 1912 et
1211 1863 1380 1929 caput
1405 1855 1650 1929 ipsorum
1683 1853 1752 1910 sit
1783 1853 2036 1912 Christus

434 1963 596 2003 verus
625 1948 724 2004 Dei
744 1946 940 2005 Filius.

507 2046 687 2119 (Vers.
711 2045 790 2117 6.)
842 2069 860 2092 ι
899 2043 1211 2102 Secundum
1260 2042 1524 2116 placitum
1577 2041 1882 2100 voluntatis
1923 2057 2034 2096 suae

433 2138 490 2194 in
521 2135 740 2193 laudem
771 2135 1041 2191 claritatis
1069 2150 1180 2191 sua:
1211 2133 1350 2206 (97).
1385 2159 1403 2183 ι
1447 2133 1574 2188 Tale
1599 2132 1866 2206 placitum
1894 2130 2034 2188 dicit

430 2229 606 2284 Deum
640 2224 928 2291 habuisse;
958 2230 1020 2279 ut
1047 2223 1117 2278 ad
1147 2222 1363 2279 laudem
1395 2220 1666 2278 claritatis
1699 2220 1817 2292 ejus
1867 2218 2030 2292 profi-

434 2324 581 2373 ceret
635 2313 808 2386 gratia
869 2312 995 2369 data
1024 2311 1382 2378 hominibus;
1416 2317 1477 2365 ut
1507 2310 1655 2366 salus
1689 2316 1876 2364 nostra
1922 2307 2032 2379 glo-

433 2405 514 2460 ria
541 2402 640 2459 Dei
689 2403 779 2459 sit.
857 2427 875 2448 -
900 2401 1022 2469 Qua
1072 2399 1401 2472 gratiﬁcavit
1442 2416 1544 2455 nos
1573 2399 1631 2453 in
1663 2397 1867 2453 dilecto
1889 2397 2032 2452 Filio

432 2509 551 2550 suo.
581 2518 598 2541 ν
652 2493 798 2548 Deus
826 2491 986 2548 nobis
1008 2489 1236 2563 gratiam
1265 2488 1437 2557 dedit,
1474 2494 1696 2561 propter
1725 2487 1874 2560 quod
1903 2503 2032 2544 cre-

433 2582 679 2640 didimus
703 2583 762 2638 in
810 2581 1017 2638 Filium
1069 2580 1186 2653 ejus
1239 2579 1522 2640 Christum
1563 2598 1576 2648 ;
1612 2580 1852 2652 diligens
1883 2577 2027 2634 enim

433 2677 782 2752 unigenitum
820 2693 1004 2746 suum,
1034 2675 1372 2733 amatoribus
1400 2674 1516 2748 ejus
1562 2674 1754 2733 divina
1804 2689 2033 2731 munera

433 2767 684 2840 largitur.

507 2864 690 2936 (Vers.
725 2865 804 2936 7.)
848 2888 867 2912 ι
895 2879 932 2919 n
977 2879 1085 2936 quo
1132 2863 1401 2919 habemus
1445 2861 1887 2936 redemptionem
1917 2878 2013 2934 per

435 2954 759 3026 sanguinem
790 2953 983 3026 ipsius,
1022 2952 1400 3008 remissionem
1432 2960 1803 3024 peccatorum.
1831 2977 1849 3000 ι
1919 2955 2029 3008 Du-

435 3042 635 3114 plicem
663 3042 910 3114 fgratiam
951 3041 1161 3114 ﬂagitat
1191 3060 1204 3110 ;
1260 3042 1390 3115 quia
1421 3049 1474 3097 et
1524 3041 1756 3098 redemit
1779 3059 1879 3098 nos
1908 3057 2026 3097 san-

435 3131 599 3203 guine
627 3145 747 3200 suo,
779 3137 832 3186 et
879 3137 1102 3202 peccata
1129 3129 1290 3187 nobis
1331 3146 1446 3188 non
1480 3130 1798 3204 imputavit,
1822 3130 1879 3188 id
1923 3138 2025 3199 est,

431 3223 664 3281 redemit
690 3231 744 3280 et
775 3224 1120 3283 manumisit.

504 3324 687 3396 (Vers.
714 3323 796 3395 8.)
843 3348 863 3375 ι
890 3323 1204 3382 Secundum
1242 3325 1472 3383 divitias
1515 3325 1703 3398 gratiae
1743 3339 1874 3390 suae,
1907 3337 2030 3394 quae

429 3413 898 3484 superabundavit
928 3414 987 3469 in
1015 3415 1198 3480 nobis,
1221 3416 1279 3471 in
1309 3416 1464 3471 omni
1493 3414 1766 3487 sapientia
1804 3421 1857 3468 et
1885 3427 2030 3482 pru-

430 3501 637 3558 dentia.
671 3527 690 3550 ι
751 3503 923 3558 Addit
951 3503 1020 3558 ad
1067 3506 1295 3575 gratiam
1327 3523 1341 3570 ;
1396 3505 1525 3575 quia
1554 3511 1677 3574 post
1723 3517 1887 3573 supra
1919 3516 2030 3556 me-

431 3601 643 3650 morata
668 3593 934 3650 beneﬁcia
981 3594 1190 3650 donum
1238 3588 1449 3653 accedit
1481 3593 1762 3667 sapientiae
1805 3601 1860 3648 et
1906 3608 2030 3664 pru-

431 3681 632 3740 dentiae
659 3699 844 3741 rerum
874 3685 1272 3757 spiritualium.

503 3783 688 3855 ('Vers.
718 3785 775 3852 9,
799 3783 915 3855 10.)
956 3808 974 3832 ι
997 3785 1067 3841 Ut
1096 3793 1290 3840 notum
1313 3785 1473 3842 nobis
1507 3785 1671 3842 faciat
1700 3783 2028 3858 mysterium

429 3871 734 3929 voluntatis
775 3889 906 3942 suae,
977 3872 1138 3945 juxta
1182 3873 1587 3946 beneplacitum
1650 3891 1832 3943 suum,
1881 3873 2030 3947 quod

431 3963 717 4036 proposuit
768 3963 826 4019 in
876 3979 1024 4032 eum,
1073 3964 1133 4018 in
1187 3963 1650 4035 dispensationem
1673 3969 1817 4027 233
1858 3963 2028 4019 adim-

430 4060 690 4133 pletionis
718 4067 1064 4132 temporum;
1098 4068 1411 4117 restaurans
1442 4060 1631 4116 omnia
1661 4060 1718 4115 in
1778 4059 2024 4127 Christo,

430 4163 551 4221 quae
572 4150 629 4204 in
659 4150 813 4206 caelis
843 4159 1053 4218 sunt,et
1081 4167 1201 4223 quae
1223 4150 1278 4206 in
1310 4159 1501 4207 terra.»
1523 4150 1637 4205 Hoc
1663 4148 1873 4220 placuit
1891 4150 2024 4215 Deo,

429 4235 589 4306 cujus
643 4239 939 4294 consilium
985 4239 1272 4296 retractari
1317 4256 1428 4295 non
1473 4247 1653 4311 potest
1696 4256 1707 4294 :
1746 4245 1807 4292 ut
1849 4243 2028 4292 osten-

2145 1706 2405 1754 raverunt
2436 1699 2689 1767 salutem,
2721 1713 2841 1770 quae
2887 1696 3002 1753 illis
3033 1697 3300 1770 promissa
3322 1704 3438 1754 erat
3471 1698 3533 1753 in
3571 1696 3750 1756 Chri-

2146 1801 2250 1850 sto.

2221 1888 2403 1959 (Vers.
2442 1885 2527 1954 i3,
2559 1887 2671 1959 14.)
2719 1912 2737 1936 ι
2784 1889 2846 1944 In
2892 1905 3002 1960 quo
3030 1895 3085 1944 et
3123 1903 3244 1955 vos,
3277 1903 3405 1944 cum
3452 1885 3746 1943 audissetis

2146 1977 2376 2032 verbum
2401 1976 2650 2033 veritatis
2671 1976 2959 2049 Evangelii
2983 1976 3178 2031 salutis
3208 1981 3420 2040 vestras,
3455 1972 3743 2030 credentes

2146 2067 2345 2138 signati
2383 2066 2514 2121 estis
2553 2066 2764 2138 Spiritu
2811 2065 3193 2138 promissionis
3235 2071 3462 2131 sancto;
3505 2064 3600 2137 qui
3659 2071 3743 2120 est

2142 2156 2338 2227 pignus
2369 2155 2705 2212 haereditatis
2731 2163 2952 2223 nostrai,
2983 2155 3041 2211 in
3081 2153 3516 2226 redemptionem
3546 2153 3735 2225 acqui-

2146 2246 2386 2314 sitionis,
2422 2246 2480 2301 in
2506 2246 2723 2302 laudem
2755 2245 2942 2317 gloriae
2973 2245 3170 2318 ipsius.
3201 2269 3220 2294 ι
3263 2245 3407 2300 Laus
3420 2244 3608 2316 gloria:
3641 2243 3746 2300 Dei

2143 2343 2242 2404 est,
2275 2352 2402 2392 cum
2448 2335 2611 2391 multi
2653 2335 3019 2407 acquiruntur
3060 2333 3130 2390 ad
3175 2333 3341 2391 ﬁdem
3391 2333 3532 2406 (99),
3595 2332 3743 2391 sicut

2144 2425 2317 2496 gloria
2345 2423 2548 2480 medici
2577 2432 2676 2493 est,
2726 2423 2772 2480 si
2818 2425 3024 2480 multos
3057 2431 3231 2480 curet.
3265 2421 3501 2496 Ideoque
3530 2421 3597 2478 ad
3623 2421 3737 2494 glo-

2143 2515 2280 2572 riam
2328 2515 2427 2572 Dei
2467 2513 2723 2588 pertinet,
2780 2512 2908 2587 quia
2939 2522 3124 2587 gentes
3152 2513 3392 2582 vocavit,
3435 2521 3496 2570 ut
3544 2513 3738 2571 salutis

2141 2629 2251 2669 sua:
2269 2613 2536 2669 medelam
2589 2619 3056 2684 consequerentur
3094 2628 3190 2684 per
3216 2611 3380 2667 ﬁdem
3410 2612 3735 2684 promissam

2139 2706 2361 2775 Iudaeis,
2385 2707 2603 2778 signum
2633 2706 2900 2762 habentes
2922 2706 3322 2779 redemptionis
3348 2715 3512 2780 atque
3566 2706 3740 2764 haere-

2139 2801 2331 2858 ditatis
2379 2801 2608 2870 futurae,
2652 2800 2922 2872 Spiritum
2965 2808 3211 2858 sanctum
3265 2801 3454 2857 datum
3485 2808 3612 2873 post
3638 2801 3731 2857 ba-

2139 2893 2420 2964 ptismum.
2445 2891 2732 2964 Redempti
2753 2891 2902 2947 enim
2933 2892 3171 2950 haeredes
3197 2891 3466 2963 designati
3501 2900 3653 2960 sunt,
3689 2893 3740 2948 si

2059 2977 2103 3038 C
2139 2982 2196 3038 in
2219 2982 2628 3054 regeneratione
2659 2982 2999 3053 perdurent;
3034 2989 3096 3037 ut
3129 2979 3264 3036 ﬁdes
3282 2979 3460 3052 prima
3482 2979 3738 3050 veniam,

2137 3085 2325 3135 sancta
2351 3093 2484 3134 vero
2512 3074 2860 3134 conversatio
2899 3076 3200 3149 perdamus
3243 3090 3367 3131 cum
3415 3072 3544 3143 ﬁde,
3580 3089 3737 3132 coro-

2138 3182 2264 3222 nam
2288 3173 2583 3222 mereatur.

2211 3253 2393 3327 (Vers.
2430 3255 2516 3323 l5,
2553 3254 2667 3326 l6.)
2715 3280 2732 3303 ι
2763 3254 3056 3326 Propterea
3075 3259 3129 3307 et
3159 3268 3278 3325 ego,
3296 3251 3487 3310 audita
3516 3252 3621 3312 ﬁde
3645 3269 3740 3311 ve-

2138 3352 2251 3399 stra
2279 3347 2339 3399 in
2367 3343 2606 3399 Domino
2633 3343 2780 3413 Jesu,
2813 3352 2867 3401 et
2882 3341 3180 3400 dilectione
3209 3342 3266 3397 in
3291 3358 3482 3399 omnes
3497 3350 3736 3412 sanctos,

2139 3448 2250 3487 non
2288 3447 2440 3488 cesso
2466 3432 2666 3503 gratias
2711 3431 2924 3506 agendo
2977 3447 3076 3503 pro
3114 3429 3295 3500 vobis,
3329 3446 3740 3489 commemora-

2138 3521 2345 3576 tionem
2377 3522 2544 3577 vestri
2581 3521 2757 3578 facere
2783 3522 2841 3577 in
2867 3519 3215 3578 orationibus
3229 3520 3388 3577 meis.
3416 3544 3434 3567 ι
3463 3519 3734 3588 Quoniam

2132 3609 2296 3682 juxta
2336 3609 2619 3668 decretum
2665 3611 2786 3681 Dei,
2819 3627 2928 3684 quo
2985 3609 3180 3666 statuit
3219 3616 3407 3682 gentes
3442 3609 3741 3683 participes

2137 3697 2255 3754 ﬁeri
2280 3699 2662 3770 promissionis
2702 3700 3038 3767 Iudaeorum,
3071 3697 3259 3754 audito
3289 3698 3516 3771 Ephesii
3565 3697 3740 3755 verbo

2137 3786 2259 3854 Dei,
2311 3796 2670 3859 susceperunt
2716 3786 2881 3843 ﬁdem
2932 3785 3161 3854 Christi,
3215 3784 3508 3858 diligentes
3544 3802 3739 3843 omnes

2138 3883 2376 3943 sanctos,
2416 3876 2560 3933 sicut
2615 3876 2900 3933 mandavit
2949 3874 3252 3942 Dominus;
3296 3873 3399 3930 hac
3426 3889 3588 3931 causa
3618 3875 3737 3930 Deo

2141 3963 2342 4035 gratias
2387 3966 2501 4035 agit
2555 3982 2656 4037 pro
2693 3965 3053 4022 conversione
3091 3973 3146 4020 et
3189 3963 3459 4021 charitate
3515 3980 3732 4034 eorum,

2137 4052 2230 4123 qui
2267 4051 2523 4124 dignatus
2552 4061 2633 4109 est
2665 4062 2852 4126 gentes
2884 4069 3282 4126 concorporare
3308 4053 3531 4109 Iudaeis.

2213 4141 2393 4208 (Vers.
2426 4141 2511 4208 17,
2546 4143 2754 4213 18,19.)
2799 4165 2818 4190 ‹
2842 4144 2911 4200 Ut
2936 4145 3082 4200 Deus
3120 4142 3346 4199 Domini
3380 4143 3555 4198 nostri
3604 4142 3738 4197 Jesu

2138 4231 2371 4300 Christi,
2397 4233 2558 4288 Pater
2575 4233 2864 4303 claritatis,
2897 4234 2989 4291 det
3027 4234 3188 4291 vobis
3218 4234 3479 4307 spiritum
3520 4232 3737 4305 sapien-

429 4323 581 4379 deret
625 4324 684 4379 in
721 4325 942 4381 Christo
990 4329 1322 4400 mysterium
1367 4329 1672 4385 voluntatis
1729 4342 1838 4382 suae
1893 4332 2026 4381 tem-
2055 4337 2106 4396 D
2140 4321 2231 4376 tiae
2261 4329 2315 4376 et
2370 4323 2726 4380 revelationis
2791 4322 2850 4378 in
2896 4324 3177 4396 agnitione
3204 4323 3339 4397 ejus,
3390 4323 3740 4380 illuminatos

430 4429 581 4486 pore,
607 4430 717 4486 quo
742 4416 972 4470 revelari
1006 4417 1146 4471 illud
1187 4418 1368 4473 voluit
1396 4419 1456 4473 in
1513 4418 1849 4490 agnitionem
1880 4431 2027 4472 crea-

430 4513 586 4560 turae.
617 4503 886 4560 Voluntas
907 4513 1091 4561 autem
1114 4505 1232 4576 ejus
1262 4505 1378 4561 haec
1417 4507 1545 4574 fuit,
1568 4515 1629 4562 ut
1658 4515 1794 4563 tunc
1845 4507 2027 4580 propi-

429 4591 542 4647 tius
571 4589 727 4648 ﬁeret
751 4592 1131 4667 omnibus,qui
1166 4593 1223 4648 in
1248 4610 1431 4649 errore
1459 4596 1757 4665 erant,sive
1774 4596 1831 4650 in
1852 4596 2024 4664 caelis,

431 4680 548 4736 sive
579 4679 636 4735 in
658 4683 1073 4757 terris,quando
1102 4684 1385 4742 Christum
1407 4685 1784 4742 manifestavit
1803 4687 1909 4742 hoc
1935 4687 2028 4743 do-

433 4784 569 4824 num
598 4784 716 4826 esse
745 4773 1112 4842 credentium,
1139 4791 1208 4830 ne
1235 4773 1350 4830 illis
1374 4773 1782 4846 imputarentur
1810 4785 2030 4848 peccata

431 4856 862 4928 suscipientibus
938 4860 1103 4918 ﬁdem
1129 4861 1584 4920 Christi.‘0mnis
1627 4881 1754 4938 ergo
1783 4873 2032 4920 creatura

431 4945 487 5000 in
514 4945 669 5002 cmlis
696 4955 752 5004 et
777 4949 836 5003 in
866 4951 1047 5018 terris,
1077 4951 1210 5007 dum
1242 4953 1411 5011 discit
1430 4953 1766 5026 agnitionem
1798 4952 2025 5022 Christi,

435 5040 775 5091 restauratur
819 5037 890 5093 ad
933 5037 991 5094 id
1024 5039 1172 5112 quod
1207 5048 1289 5096 est
1322 5042 1562 5098 condita.
1597 5041 1734 5099 Cum
1787 5041 1935 5097 enim
1961 5041 2030 5098 ad

434 5123 602 5180 unius
631 5123 732 5181 Dei
752 5123 919 5182 ﬁdem
952 5125 1245 5196 imbuitur,
1275 5128 1499 5200 cognito
1544 5128 1809 5201 mysterio
1848 5128 2030 5186 Salva-

473 5242 624 5328 ,,(97)
682 5244 1021 5328 mam-edit.,
1075 5247 1369 5328 Secundum
1411 5249 2032 5328 beneplacitum...._cla-

427 5321 612 5394 ritqtis
634 5321 822 5394 grqtiq:
849 5334 958 5374 sum
971 5335 994 5386 ;
1021 5326 1132 5375 vet.
1165 5336 1389 5394 acimss.
1417 5321 1562 5394 inter
1588 5337 1646 5394 se
1672 5323 2029 5394 conveniunt,

430 5386 737 5518 ἓέῗήὶιᾶἱῖῗέί
787 5389 984 5448 horum
1042 5392 1299 5451 nonnulli
1354 5408 1454 5465 pro
1509 5393 1773 5450 claritatis
1799 5386 2033 5453 efferunt

2139 4413 2338 4469 habere
2366 4415 2557 4472 oculos
2585 4415 2768 4473 cordis
2795 4416 3005 4483 vestri;
3038 4417 3107 4473 ad
3146 4416 3251 4474 hoc
3289 4424 3352 4473 ut
3388 4415 3576 4472 sciatis
3612 4429 3740 4486 qua

2139 4503 2211 4559 sit
2233 4520 2354 4574 spes
2382 4506 2691 4562 vocationis
2719 4504 2858 4576 ejus,
2902 4513 2956 4561 et
2991 4521 3111 4578 quae
3150 4505 3364 4562 divitiae
3395 4501 3739 4562 haereditatis

2140 4593 2326 4664 gloriae
2363 4593 2480 4664 ejus
2531 4594 2589 4648 in
2633 4593 2856 4649 sanctis.
2895 4619 2914 4642 ι
2954 4593 3306 4651 Manifestum
3344 4600 3426 4650 est
3452 4593 3579 4666 quia
3609 4589 3741 4646 ideo

2139 4697 2194 4736 se
2232 4698 2386 4736 orare
2424 4682 2562 4738 dicit
2593 4699 2692 4754 pro
2713 4681 2811 4750 eis,
2841 4690 2904 4738 ut
2931 4683 3060 4740 ﬁdei
3087 4701 3199 4740 suae
3229 4699 3380 4757 spem
3396 4687 3742 4754 cognoscant

2141 4771 2198 4827 in
2228 4771 2668 4828 remuneratione
2695 4774 2941 4842 cmlesti;
2986 4773 3116 4848 quia
3141 4791 3268 4832 cum
3309 4776 3467 4848 plene
3504 4771 3741 4830 scierint

2139 4867 2232 4940 qui
2271 4867 2484 4922 fructus
2517 4876 2597 4924 est
2619 4869 2982 4937 credentium,
3002 4871 3386 4944 propensiores
3415 4869 3549 4925 ﬁent
3585 4868 3740 4924 circa

2127 4955 2492 5020 excolendam
2547 4959 2890 5031 religionem.
2937 4961 3054 5016 Jam
3111 4960 3260 5017 enim
3308 4960 3366 5014 in
3413 4954 3739 5029 hujusmodi

2139 5046 2416 5119 profectus
2473 5047 2590 5104 fore
2642 5049 2884 5119 videtur,
2950 5051 3080 5124 quia
3119 5052 3163 5107 si
3221 5057 3514 5124 antequam
3557 5047 3745 5104 sciant

2140 5135 2522 5208 promissionis
2552 5137 2802 5210 gloriam,
2851 5147 2965 5196 tam
2995 5140 3183 5198 devoti
3222 5147 3386 5207 sunt;
3418 5135 3747 5212 propensio-

2213 5253 2331 5398 ἔ98)
2360 5254 2518 5311 Rom.
2551 5253 2709 5324 edit.,
2749 5261 2797 5311 et
2827 5273 2920 5313 nos
2943 5263 3082 5312 sorte
3118 5255 3389 5313 constituti
3419 5271 3621 5311 sumus.

2237 5325 2305 5381 99
2367 5325 2496 5386 Mss.
2546 5328 2826 5398 nonnulli,
2875 5345 2994 5387 cum
3037 5329 3194 5386 multi
3221 5334 3553 5386 concurrunt
3577 5345 3621 5383 at

2139 5325 2331 5452 “(1199)
2367 5325 2496 5386 Mss.
2546 5328 2826 5398 nonnulli,
2875 5345 2994 5387 cum
3037 5329 3194 5386 multi
3221 5334 3553 5386 concurrunt
3577 5325 3651 5383 ad
3668 5326 3741 5399 ﬁ-
