  <div class='ocr_page' id='page_1' title='image "/cluster/home/n/w/nwhite01/storage/ocr_20150623/17/hvd.32044096580436/204.png"; bbox 0 0 4108 6184; ppageno 0'>
   <div class='ocr_carea' id='block_1_1' title="bbox 285 143 380 206">
    <p class='ocr_par' dir='ltr' id='par_1_1' title="bbox 285 143 380 206">
     <span class='ocr_line' id='line_1_1' title="bbox 285 143 380 206; baseline 0 0"><span class='ocrx_word' id='word_1_1' title='bbox 285 143 380 206; x_wconf 89' lang='lat'>397</span> 
     </span>
    </p>
   </div>
   <div class='ocr_carea' id='block_1_2' title="bbox 1346 155 2496 220">
    <p class='ocr_par' dir='ltr' id='par_1_2' title="bbox 1346 155 2496 220">
     <span class='ocr_line' id='line_1_2' title="bbox 1346 155 2496 220; baseline 0.006 -8"><span class='ocrx_word' id='word_1_2' title='bbox 1346 155 1705 213; x_wconf 87' lang='lat' dir='ltr'>COMMENT.</span> <span class='ocrx_word' id='word_1_3' title='bbox 1747 157 1818 214; x_wconf 88' lang='lat' dir='ltr'><strong>IN</strong></span> <span class='ocrx_word' id='word_1_4' title='bbox 1856 157 2074 216; x_wconf 86' lang='lat' dir='ltr'>EPIST.</span> <span class='ocrx_word' id='word_1_5' title='bbox 2116 160 2211 216; x_wconf 83' lang='lat' dir='ltr'>AD</span> <span class='ocrx_word' id='word_1_6' title='bbox 2249 162 2496 220; x_wconf 86' lang='lat' dir='ltr'>EPHES.</span> 
     </span>
    </p>
   </div>
   <div class='ocr_carea' id='block_1_3' title="bbox 3462 172 3568 233">
    <p class='ocr_par' dir='ltr' id='par_1_3' title="bbox 3462 172 3568 233">
     <span class='ocr_line' id='line_1_3' title="bbox 3462 172 3568 233; baseline -0.028 0"><span class='ocrx_word' id='word_1_7' title='bbox 3462 172 3568 233; x_wconf 88' lang='lat'>398</span> 
     </span>
    </p>
   </div>
   <div class='ocr_carea' id='block_1_4' title="bbox 284 278 3568 372">
    <p class='ocr_par' dir='ltr' id='par_1_4' title="bbox 284 278 3568 372">
     <span class='ocr_line' id='line_1_4' title="bbox 284 278 3568 372; baseline 0.008 -39"><span class='ocrx_word' id='word_1_8' title='bbox 284 294 360 334; x_wconf 91' lang='lat' dir='ltr'>res</span> <span class='ocrx_word' id='word_1_9' title='bbox 399 278 532 335; x_wconf 85' lang='lat' dir='ltr'>fient</span> <span class='ocrx_word' id='word_1_10' title='bbox 582 281 909 349; x_wconf 91' lang='lat' dir='ltr'>necessario,</span> <span class='ocrx_word' id='word_1_11' title='bbox 966 296 1093 337; x_wconf 92' lang='lat' dir='ltr'>cum</span> <span class='ocrx_word' id='word_1_12' title='bbox 1147 281 1527 353; x_wconf 76' lang='lat' dir='ltr'>cognoverint.</span> <span class='ocrx_word' id='word_1_13' title='bbox 1587 281 1874 341; x_wconf 89' lang='lat' dir='ltr'>Claritatis</span> <span class='ocrx_word' id='word_1_14' title='bbox 1897 288 1950 347; x_wconf 78' lang='grc' dir='ltr'><strong>Α</strong></span> <span class='ocrx_word' id='word_1_15' title='bbox 1987 301 2112 341; x_wconf 90' lang='lat' dir='ltr'>nem</span> <span class='ocrx_word' id='word_1_16' title='bbox 2161 286 2462 343; x_wconf 88' lang='lat' dir='ltr'>Ecclesiam</span> <span class='ocrx_word' id='word_1_17' title='bbox 2511 287 2722 360; x_wconf 87' lang='lat' dir='ltr'>dicens,</span> <span class='ocrx_word' id='word_1_18' title='bbox 2753 292 3069 350; x_wconf 82' lang='lat' dir='ltr'>summatim</span> <span class='ocrx_word' id='word_1_19' title='bbox 3099 301 3279 352; x_wconf 88' lang='lat' dir='ltr'>totum</span> <span class='ocrx_word' id='word_1_20' title='bbox 3308 313 3568 372; x_wconf 85' lang='lat' dir='ltr'>compre-</span> 
     </span>
    </p>
   </div>
   <div class='ocr_carea' id='block_1_5' title="bbox 283 367 1861 442">
    <p class='ocr_par' dir='ltr' id='par_1_5' title="bbox 283 367 1861 442">
     <span class='ocr_line' id='line_1_5' title="bbox 283 367 1861 442; baseline 0.003 -20"><span class='ocrx_word' id='word_1_21' title='bbox 283 373 457 423; x_wconf 87' lang='lat' dir='ltr'>tamen</span> <span class='ocrx_word' id='word_1_22' title='bbox 516 367 597 439; x_wconf 85' lang='grc'><strong>(1)</strong></span> <span class='ocrx_word' id='word_1_23' title='bbox 646 369 864 425; x_wconf 87' lang='lat' dir='ltr'>Patrem</span> <span class='ocrx_word' id='word_1_24' title='bbox 909 377 1072 426; x_wconf 89' lang='lat' dir='ltr'>vocat</span> <span class='ocrx_word' id='word_1_25' title='bbox 1117 371 1312 438; x_wconf 91' lang='lat' dir='ltr'>Deum,</span> <span class='ocrx_word' id='word_1_26' title='bbox 1347 376 1400 426; x_wconf 88' lang='lat' dir='ltr'>et</span> <span class='ocrx_word' id='word_1_27' title='bbox 1430 369 1636 428; x_wconf 86' lang='lat' dir='ltr'>Christi</span> <span class='ocrx_word' id='word_1_28' title='bbox 1664 373 1861 442; x_wconf 92' lang='lat' dir='ltr'>Deum,</span> 
     </span>
    </p>
   </div>
   <div class='ocr_carea' id='block_1_6' title="bbox 279 457 1869 521">
    <p class='ocr_par' dir='ltr' id='par_1_6' title="bbox 279 457 1869 521">
     <span class='ocr_line' id='line_1_6' title="bbox 279 457 1869 521; baseline 0.004 -10"><span class='ocrx_word' id='word_1_29' title='bbox 279 471 399 511; x_wconf 90' lang='lat' dir='ltr'>cum</span> <span class='ocrx_word' id='word_1_30' title='bbox 446 473 610 513; x_wconf 87' lang='lat' dir='ltr'>verus</span> <span class='ocrx_word' id='word_1_31' title='bbox 653 457 816 514; x_wconf 91' lang='lat' dir='ltr'>Pater</span> <span class='ocrx_word' id='word_1_32' title='bbox 845 457 1053 517; x_wconf 82' lang='lat' dir='ltr'>Christi</span> <span class='ocrx_word' id='word_1_33' title='bbox 1084 460 1154 514; x_wconf 86' lang='lat' dir='ltr'>sit</span> <span class='ocrx_word' id='word_1_34' title='bbox 1182 461 1348 521; x_wconf 90' lang='lat' dir='ltr'>Deus.</span> <span class='ocrx_word' id='word_1_35' title='bbox 1388 468 1441 516; x_wconf 92' lang='lat' dir='ltr'>et</span> <span class='ocrx_word' id='word_1_36' title='bbox 1470 462 1616 517; x_wconf 89' lang='lat' dir='ltr'>Deus</span> <span class='ocrx_word' id='word_1_37' title='bbox 1642 470 1869 517; x_wconf 90' lang='lat' dir='ltr'>creatu-</span> 
     </span>
    </p>
   </div>
   <div class='ocr_carea' id='block_1_7' title="bbox 279 545 1867 620">
    <p class='ocr_par' dir='ltr' id='par_1_7' title="bbox 279 545 1867 620">
     <span class='ocr_line' id='line_1_7' title="bbox 279 545 1867 620; baseline 0.005 -20"><span class='ocrx_word' id='word_1_38' title='bbox 279 562 363 601; x_wconf 64' lang='lat' dir='ltr'>rae.</span> <span class='ocrx_word' id='word_1_39' title='bbox 405 545 510 602; x_wconf 89' lang='lat' dir='ltr'>Sed</span> <span class='ocrx_word' id='word_1_40' title='bbox 558 555 613 602; x_wconf 93' lang='lat' dir='ltr'>et</span> <span class='ocrx_word' id='word_1_41' title='bbox 671 547 786 620; x_wconf 88' lang='lat' dir='ltr'>ipse</span> <span class='ocrx_word' id='word_1_42' title='bbox 833 549 1103 606; x_wconf 85' lang='lat' dir='ltr'>Dominus</span> <span class='ocrx_word' id='word_1_43' title='bbox 1134 549 1324 606; x_wconf 90' lang='lat' dir='ltr'>eadem</span> <span class='ocrx_word' id='word_1_44' title='bbox 1354 549 1527 607; x_wconf 88' lang='lat' dir='ltr'>dicit:</span> <span class='ocrx_word' id='word_1_45' title='bbox 1575 551 1770 608; x_wconf 72' lang='lat' dir='ltr'>«Vado</span> <span class='ocrx_word' id='word_1_46' title='bbox 1798 551 1867 608; x_wconf 93' lang='lat' dir='ltr'>ad</span> 
     </span>
    </p>
   </div>
   <div class='ocr_carea' id='block_1_8' title="bbox 275 635 1869 708">
    <p class='ocr_par' dir='ltr' id='par_1_8' title="bbox 275 635 1869 708">
     <span class='ocr_line' id='line_1_8' title="bbox 275 635 1869 708; baseline 0.004 -18"><span class='ocrx_word' id='word_1_47' title='bbox 275 635 481 691; x_wconf 85' lang='lat' dir='ltr'>Patrem</span> <span class='ocrx_word' id='word_1_48' title='bbox 533 653 717 692; x_wconf 89' lang='lat' dir='ltr'>meum</span> <span class='ocrx_word' id='word_1_49' title='bbox 767 646 820 693; x_wconf 94' lang='lat' dir='ltr'>et</span> <span class='ocrx_word' id='word_1_50' title='bbox 852 639 1064 695; x_wconf 85' lang='lat' dir='ltr'>Patrem</span> <span class='ocrx_word' id='word_1_51' title='bbox 1096 648 1364 708; x_wconf 88' lang='lat' dir='ltr'>vestrum,</span> <span class='ocrx_word' id='word_1_52' title='bbox 1396 642 1572 697; x_wconf 91' lang='lat' dir='ltr'>Deum</span> <span class='ocrx_word' id='word_1_53' title='bbox 1600 657 1784 697; x_wconf 91' lang='lat' dir='ltr'>meum</span> <span class='ocrx_word' id='word_1_54' title='bbox 1815 649 1869 697; x_wconf 87' lang='lat' dir='ltr'>et</span> 
     </span>
    </p>
   </div>
   <div class='ocr_carea' id='block_1_9' title="bbox 272 725 1869 801">
    <p class='ocr_par' dir='ltr' id='par_1_9' title="bbox 272 725 1869 801">
     <span class='ocr_line' id='line_1_9' title="bbox 272 725 1869 801; baseline 0.003 -21"><span class='ocrx_word' id='word_1_55' title='bbox 272 725 440 780; x_wconf 90' lang='lat' dir='ltr'>Deum</span> <span class='ocrx_word' id='word_1_56' title='bbox 477 732 724 781; x_wconf 88' lang='lat' dir='ltr'>vestrum</span> <span class='ocrx_word' id='word_1_57' title='bbox 759 727 940 797; x_wconf 83' lang='lat' dir='ltr'>(Joan.</span> <span class='ocrx_word' id='word_1_58' title='bbox 974 745 1074 796; x_wconf 87' lang='lat' dir='ltr'>xx,</span> <span class='ocrx_word' id='word_1_59' title='bbox 1120 729 1233 801; x_wconf 81' lang='grc'><strong>17).</strong></span> <span class='ocrx_word' id='word_1_60' title='bbox 1272 755 1291 778; x_wconf 76' lang='grc' dir='ltr'><strong><em>ι</em></strong></span> <span class='ocrx_word' id='word_1_61' title='bbox 1334 730 1528 785; x_wconf 86' lang='lat' dir='ltr'>Totius</span> <span class='ocrx_word' id='word_1_62' title='bbox 1556 746 1684 801; x_wconf 91' lang='lat' dir='ltr'>ergo</span> <span class='ocrx_word' id='word_1_63' title='bbox 1709 729 1869 786; x_wconf 89' lang='lat' dir='ltr'>clari-</span> 
     </span>
    </p>
   </div>
   <div class='ocr_carea' id='block_1_10' title="bbox 271 814 1870 891">
    <p class='ocr_par' dir='ltr' id='par_1_10' title="bbox 271 814 1870 891">
     <span class='ocr_line' id='line_1_10' title="bbox 271 814 1870 891; baseline 0.003 -21"><span class='ocrx_word' id='word_1_64' title='bbox 271 814 396 870; x_wconf 81' lang='lat' dir='ltr'>tatis</span> <span class='ocrx_word' id='word_1_65' title='bbox 453 815 616 871; x_wconf 90' lang='lat' dir='ltr'>Pater</span> <span class='ocrx_word' id='word_1_66' title='bbox 645 823 725 872; x_wconf 91' lang='lat' dir='ltr'>est</span> <span class='ocrx_word' id='word_1_67' title='bbox 757 834 770 883; x_wconf 91' lang='lat'>;</span> <span class='ocrx_word' id='word_1_68' title='bbox 806 817 934 889; x_wconf 86' lang='lat' dir='ltr'>quia</span> <span class='ocrx_word' id='word_1_69' title='bbox 974 817 1041 872; x_wconf 89' lang='lat' dir='ltr'>ab</span> <span class='ocrx_word' id='word_1_70' title='bbox 1073 819 1192 891; x_wconf 91' lang='lat' dir='ltr'>ipso</span> <span class='ocrx_word' id='word_1_71' title='bbox 1224 827 1305 874; x_wconf 91' lang='lat' dir='ltr'>est</span> <span class='ocrx_word' id='word_1_72' title='bbox 1334 819 1517 873; x_wconf 91' lang='lat' dir='ltr'>omnis</span> <span class='ocrx_word' id='word_1_73' title='bbox 1545 819 1784 886; x_wconf 85' lang='lat' dir='ltr'>claritas,</span> <span class='ocrx_word' id='word_1_74' title='bbox 1816 825 1870 875; x_wconf 90' lang='lat' dir='ltr'>et</span> 
     </span>
    </p>
   </div>
   <div class='ocr_carea' id='block_1_11' title="bbox 270 905 1870 978">
    <p class='ocr_par' dir='ltr' id='par_1_11' title="bbox 270 905 1870 978">
     <span class='ocr_line' id='line_1_11' title="bbox 270 905 1870 978; baseline 0.004 -20"><span class='ocrx_word' id='word_1_75' title='bbox 270 911 528 975; x_wconf 86' lang='lat' dir='ltr'>potestas,</span> <span class='ocrx_word' id='word_1_76' title='bbox 559 913 612 960; x_wconf 92' lang='lat' dir='ltr'>et</span> <span class='ocrx_word' id='word_1_77' title='bbox 665 905 924 978; x_wconf 84' lang='lat' dir='ltr'>dignitas.</span> <span class='ocrx_word' id='word_1_78' title='bbox 965 908 1066 962; x_wconf 91' lang='lat' dir='ltr'>Est</span> <span class='ocrx_word' id='word_1_79' title='bbox 1096 916 1150 962; x_wconf 93' lang='lat' dir='ltr'>et</span> <span class='ocrx_word' id='word_1_80' title='bbox 1180 908 1340 964; x_wconf 90' lang='lat' dir='ltr'>Pater</span> <span class='ocrx_word' id='word_1_81' title='bbox 1367 906 1598 976; x_wconf 87' lang='lat' dir='ltr'>Christi,</span> <span class='ocrx_word' id='word_1_82' title='bbox 1637 907 1731 964; x_wconf 90' lang='lat' dir='ltr'>sed</span> <span class='ocrx_word' id='word_1_83' title='bbox 1757 908 1870 964; x_wconf 89' lang='lat' dir='ltr'>ali-</span> 
     </span>
    </p>
   </div>
   <div class='ocr_carea' id='block_1_12' title="bbox 269 993 1867 1066">
    <p class='ocr_par' dir='ltr' id='par_1_12' title="bbox 269 993 1867 1066">
     <span class='ocr_line' id='line_1_12' title="bbox 269 993 1867 1066; baseline 0.003 -19"><span class='ocrx_word' id='word_1_84' title='bbox 269 999 388 1060; x_wconf 87' lang='lat' dir='ltr'>ter;</span> <span class='ocrx_word' id='word_1_85' title='bbox 451 994 580 1066; x_wconf 86' lang='lat' dir='ltr'>quia</span> <span class='ocrx_word' id='word_1_86' title='bbox 625 993 717 1051; x_wconf 90' lang='lat' dir='ltr'>hic</span> <span class='ocrx_word' id='word_1_87' title='bbox 774 1012 944 1051; x_wconf 89' lang='lat' dir='ltr'>verus</span> <span class='ocrx_word' id='word_1_88' title='bbox 991 996 1170 1054; x_wconf 88' lang='lat' dir='ltr'>Filius</span> <span class='ocrx_word' id='word_1_89' title='bbox 1199 1004 1301 1064; x_wconf 88' lang='lat' dir='ltr'>est,</span> <span class='ocrx_word' id='word_1_90' title='bbox 1333 1006 1387 1053; x_wconf 92' lang='lat' dir='ltr'>et</span> <span class='ocrx_word' id='word_1_91' title='bbox 1424 999 1570 1054; x_wconf 91' lang='lat' dir='ltr'>Deus</span> <span class='ocrx_word' id='word_1_92' title='bbox 1595 998 1867 1064; x_wconf 92' lang='lat' dir='ltr'>omnium,</span> 
     </span>
    </p>
   </div>
   <div class='ocr_carea' id='block_1_13' title="bbox 270 1079 1868 1144">
    <p class='ocr_par' dir='ltr' id='par_1_13' title="bbox 270 1079 1868 1144">
     <span class='ocr_line' id='line_1_13' title="bbox 270 1079 1868 1144; baseline 0.004 -9"><span class='ocrx_word' id='word_1_93' title='bbox 270 1079 362 1137; x_wconf 90' lang='lat' dir='ltr'>sed</span> <span class='ocrx_word' id='word_1_94' title='bbox 410 1098 524 1138; x_wconf 92' lang='lat' dir='ltr'>non</span> <span class='ocrx_word' id='word_1_95' title='bbox 554 1083 629 1138; x_wconf 86' lang='lat' dir='ltr'>ita</span> <span class='ocrx_word' id='word_1_96' title='bbox 673 1083 886 1140; x_wconf 89' lang='lat' dir='ltr'>Christi</span> <span class='ocrx_word' id='word_1_97' title='bbox 915 1085 1061 1140; x_wconf 90' lang='lat' dir='ltr'>Deus</span> <span class='ocrx_word' id='word_1_98' title='bbox 1091 1095 1191 1142; x_wconf 90' lang='lat' dir='ltr'>est.</span> <span class='ocrx_word' id='word_1_99' title='bbox 1225 1086 1314 1142; x_wconf 89' lang='lat' dir='ltr'>Sic</span> <span class='ocrx_word' id='word_1_100' title='bbox 1342 1086 1490 1142; x_wconf 91' lang='lat' dir='ltr'>enim</span> <span class='ocrx_word' id='word_1_101' title='bbox 1520 1088 1668 1143; x_wconf 91' lang='lat' dir='ltr'>Deus</span> <span class='ocrx_word' id='word_1_102' title='bbox 1697 1086 1868 1144; x_wconf 91' lang='lat' dir='ltr'>Chri-</span> 
     </span>
    </p>
   </div>
   <div class='ocr_carea' id='block_1_14' title="bbox 271 1169 1864 1242">
    <p class='ocr_par' dir='ltr' id='par_1_14' title="bbox 271 1169 1864 1242">
     <span class='ocr_line' id='line_1_14' title="bbox 271 1169 1864 1242; baseline 0.004 -18"><span class='ocrx_word' id='word_1_103' title='bbox 271 1169 338 1225; x_wconf 90' lang='lat' dir='ltr'>sti</span> <span class='ocrx_word' id='word_1_104' title='bbox 371 1179 454 1226; x_wconf 90' lang='lat' dir='ltr'>est</span> <span class='ocrx_word' id='word_1_105' title='bbox 483 1189 496 1238; x_wconf 89' lang='lat'>;</span> <span class='ocrx_word' id='word_1_106' title='bbox 530 1171 660 1242; x_wconf 90' lang='lat' dir='ltr'>quia</span> <span class='ocrx_word' id='word_1_107' title='bbox 695 1173 840 1228; x_wconf 85' lang='lat' dir='ltr'>Deus</span> <span class='ocrx_word' id='word_1_108' title='bbox 871 1172 939 1228; x_wconf 94' lang='lat' dir='ltr'>de</span> <span class='ocrx_word' id='word_1_109' title='bbox 968 1175 1080 1229; x_wconf 92' lang='lat' dir='ltr'>Deo</span> <span class='ocrx_word' id='word_1_110' title='bbox 1111 1173 1364 1230; x_wconf 87' lang='lat' dir='ltr'>Christus</span> <span class='ocrx_word' id='word_1_111' title='bbox 1391 1183 1509 1230; x_wconf 90' lang='lat' dir='ltr'>est:</span> <span class='ocrx_word' id='word_1_112' title='bbox 1541 1185 1864 1233; x_wconf 73' lang='lat' dir='ltr'>caeterorum</span> 
     </span>
    </p>
   </div>
   <div class='ocr_carea' id='block_1_15' title="bbox 268 1263 1866 1340">
    <p class='ocr_par' dir='ltr' id='par_1_15' title="bbox 268 1263 1866 1340">
     <span class='ocr_line' id='line_1_15' title="bbox 268 1263 1866 1340; baseline 0.005 -25"><span class='ocrx_word' id='word_1_113' title='bbox 268 1270 452 1317; x_wconf 90' lang='lat' dir='ltr'>autem</span> <span class='ocrx_word' id='word_1_114' title='bbox 503 1263 648 1318; x_wconf 90' lang='lat' dir='ltr'>Deus</span> <span class='ocrx_word' id='word_1_115' title='bbox 693 1271 773 1318; x_wconf 91' lang='lat' dir='ltr'>est</span> <span class='ocrx_word' id='word_1_116' title='bbox 828 1281 993 1321; x_wconf 90' lang='lat' dir='ltr'>causa</span> <span class='ocrx_word' id='word_1_117' title='bbox 1034 1266 1281 1334; x_wconf 91' lang='lat' dir='ltr'>terroris,</span> <span class='ocrx_word' id='word_1_118' title='bbox 1323 1266 1466 1322; x_wconf 89' lang='lat' dir='ltr'>sicut</span> <span class='ocrx_word' id='word_1_119' title='bbox 1497 1267 1613 1340; x_wconf 90' lang='lat' dir='ltr'>ipse</span> <span class='ocrx_word' id='word_1_120' title='bbox 1641 1267 1779 1324; x_wconf 91' lang='lat' dir='ltr'>dicit</span> <span class='ocrx_word' id='word_1_121' title='bbox 1807 1267 1866 1323; x_wconf 90' lang='lat' dir='ltr'>in</span> 
     </span>
    </p>
   </div>
   <div class='ocr_carea' id='block_1_16' title="bbox 271 1351 1867 1431">
    <p class='ocr_par' dir='ltr' id='par_1_16' title="bbox 271 1351 1867 1431">
     <span class='ocr_line' id='line_1_16' title="bbox 271 1351 1867 1431; baseline 0.006 -25"><span class='ocrx_word' id='word_1_122' title='bbox 271 1351 544 1408; x_wconf 83' lang='lat' dir='ltr'>Malachia</span> <span class='ocrx_word' id='word_1_123' title='bbox 581 1353 881 1426; x_wconf 88' lang='lat' dir='ltr'>propheta:</span> <span class='ocrx_word' id='word_1_124' title='bbox 932 1381 950 1402; x_wconf 78' lang='grc' dir='ltr'>ι</span> <span class='ocrx_word' id='word_1_125' title='bbox 981 1355 1037 1412; x_wconf 92' lang='lat' dir='ltr'>Si</span> <span class='ocrx_word' id='word_1_126' title='bbox 1065 1357 1215 1412; x_wconf 90' lang='lat' dir='ltr'>Deus</span> <span class='ocrx_word' id='word_1_127' title='bbox 1243 1372 1341 1431; x_wconf 90' lang='lat' dir='ltr'>ego</span> <span class='ocrx_word' id='word_1_128' title='bbox 1370 1373 1516 1425; x_wconf 88' lang='lat' dir='ltr'>sum,</span> <span class='ocrx_word' id='word_1_129' title='bbox 1546 1357 1643 1414; x_wconf 91' lang='lat' dir='ltr'>ubi</span> <span class='ocrx_word' id='word_1_130' title='bbox 1671 1366 1753 1415; x_wconf 92' lang='lat' dir='ltr'>est</span> <span class='ocrx_word' id='word_1_131' title='bbox 1786 1357 1867 1414; x_wconf 88' lang='lat' dir='ltr'>ti-</span> 
     </span>
    </p>
   </div>
   <div class='ocr_carea' id='block_1_17' title="bbox 271 1443 1090 1516">
    <p class='ocr_par' dir='ltr' id='par_1_17' title="bbox 271 1443 1090 1516">
     <span class='ocr_line' id='line_1_17' title="bbox 271 1443 1090 1516; baseline 0.007 -22"><span class='ocrx_word' id='word_1_132' title='bbox 271 1457 394 1495; x_wconf 92' lang='lat' dir='ltr'>mor</span> <span class='ocrx_word' id='word_1_133' title='bbox 421 1457 576 1497; x_wconf 89' lang='lat' dir='ltr'>meus</span> <span class='ocrx_word' id='word_1_134' title='bbox 609 1443 826 1512; x_wconf 81' lang='lat' dir='ltr'>(Malae.</span> <span class='ocrx_word' id='word_1_135' title='bbox 852 1462 890 1511; x_wconf 80' lang='grc' dir='ltr'>ι,</span> <span class='ocrx_word' id='word_1_136' title='bbox 923 1444 980 1516; x_wconf 88' lang='grc'><strong>6)</strong></span> <span class='ocrx_word' id='word_1_137' title='bbox 1014 1445 1042 1500; x_wconf 68' lang='grc' dir='ltr'><strong>Ῡ</strong></span> <span class='ocrx_word' id='word_1_138' title='bbox 1073 1471 1090 1494; x_wconf 79' lang='grc' dir='ltr'><strong><em>ι</em></strong></span> 
     </span>
    </p>
   </div>
   <div class='ocr_carea' id='block_1_18' title="bbox 339 1529 1866 1608">
    <p class='ocr_par' dir='ltr' id='par_1_18' title="bbox 339 1529 1866 1608">
     <span class='ocr_line' id='line_1_18' title="bbox 339 1529 1866 1608; baseline 0.003 -21"><span class='ocrx_word' id='word_1_139' title='bbox 339 1529 523 1602; x_wconf 87' lang='lat' dir='ltr'>(Vers.</span> <span class='ocrx_word' id='word_1_140' title='bbox 572 1532 660 1601; x_wconf 88' lang='lat'>20,</span> <span class='ocrx_word' id='word_1_141' title='bbox 711 1532 828 1604; x_wconf 79' lang='lat' dir='ltr'><strong>2i.)</strong></span> <span class='ocrx_word' id='word_1_142' title='bbox 885 1558 902 1581; x_wconf 79' lang='grc' dir='ltr'>ι</span> <span class='ocrx_word' id='word_1_143' title='bbox 933 1533 1005 1590; x_wconf 88' lang='lat' dir='ltr'>Et</span> <span class='ocrx_word' id='word_1_144' title='bbox 1032 1550 1153 1607; x_wconf 64' lang='lat' dir='ltr'>quae</span> <span class='ocrx_word' id='word_1_145' title='bbox 1182 1542 1264 1590; x_wconf 89' lang='lat' dir='ltr'>est</span> <span class='ocrx_word' id='word_1_146' title='bbox 1294 1535 1512 1594; x_wconf 87' lang='lat' dir='ltr'>excelsa</span> <span class='ocrx_word' id='word_1_147' title='bbox 1545 1533 1866 1608; x_wconf 84' lang='lat' dir='ltr'>magnitudo</span> 
     </span>
    </p>
   </div>
   <div class='ocr_carea' id='block_1_19' title="bbox 1977 375 3565 452">
    <p class='ocr_par' dir='ltr' id='par_1_19' title="bbox 1977 375 3565 452">
     <span class='ocr_line' id='line_1_19' title="bbox 1977 375 3565 452; baseline 0.009 -20"><span class='ocrx_word' id='word_1_148' title='bbox 1977 375 2194 445; x_wconf 90' lang='lat' dir='ltr'>hendit,</span> <span class='ocrx_word' id='word_1_149' title='bbox 2235 377 2381 450; x_wconf 89' lang='lat' dir='ltr'>quod</span> <span class='ocrx_word' id='word_1_150' title='bbox 2419 377 2478 432; x_wconf 93' lang='lat' dir='ltr'>in</span> <span class='ocrx_word' id='word_1_151' title='bbox 2507 380 2646 435; x_wconf 63' lang='lat' dir='ltr'>cosio</span> <span class='ocrx_word' id='word_1_152' title='bbox 2678 388 2758 436; x_wconf 91' lang='lat' dir='ltr'>est</span> <span class='ocrx_word' id='word_1_153' title='bbox 2796 389 2850 438; x_wconf 90' lang='lat' dir='ltr'>et</span> <span class='ocrx_word' id='word_1_154' title='bbox 2887 381 2946 439; x_wconf 93' lang='lat' dir='ltr'>in</span> <span class='ocrx_word' id='word_1_155' title='bbox 2974 391 3146 452; x_wconf 87' lang='lat' dir='ltr'>terra;</span> <span class='ocrx_word' id='word_1_156' title='bbox 3178 393 3240 442; x_wconf 93' lang='lat' dir='ltr'>ut</span> <span class='ocrx_word' id='word_1_157' title='bbox 3268 386 3327 442; x_wconf 90' lang='lat' dir='ltr'>in</span> <span class='ocrx_word' id='word_1_158' title='bbox 3358 404 3565 446; x_wconf 91' lang='lat' dir='ltr'>novum</span> 
     </span>
    </p>
   </div>
   <div class='ocr_carea' id='block_1_20' title="bbox 1976 466 3612 542">
    <p class='ocr_par' dir='ltr' id='par_1_20' title="bbox 1976 466 3612 542">
     <span class='ocr_line' id='line_1_20' title="bbox 1976 466 3612 542; baseline 0.007 -19"><span class='ocrx_word' id='word_1_159' title='bbox 1976 466 2259 523; x_wconf 90' lang='lat' dir='ltr'>hominem</span> <span class='ocrx_word' id='word_1_160' title='bbox 2292 467 2537 524; x_wconf 87' lang='lat' dir='ltr'>membra</span> <span class='ocrx_word' id='word_1_161' title='bbox 2564 469 2680 542; x_wconf 87' lang='lat' dir='ltr'>ejus</span> <span class='ocrx_word' id='word_1_162' title='bbox 2705 471 3035 542; x_wconf 80' lang='lat' dir='ltr'>efﬁciantur,</span> <span class='ocrx_word' id='word_1_163' title='bbox 3072 474 3204 531; x_wconf 90' lang='lat' dir='ltr'>dum</span> <span class='ocrx_word' id='word_1_164' title='bbox 3233 475 3568 535; x_wconf 86' lang='lat' dir='ltr'>conﬁtentur</span> <span class='ocrx_word' id='word_1_165' title='bbox 3605 499 3612 506; x_wconf 77' lang='grc'><strong><em>-</em></strong></span> 
     </span>
    </p>
   </div>
   <div class='ocr_carea' id='block_1_21' title="bbox 1978 554 3569 638">
    <p class='ocr_par' dir='ltr' id='par_1_21' title="bbox 1978 554 3569 638">
     <span class='ocr_line' id='line_1_21' title="bbox 1978 554 3569 638; baseline 0.009 -27"><span class='ocrx_word' id='word_1_166' title='bbox 1978 554 2129 612; x_wconf 92' lang='lat' dir='ltr'>hunc</span> <span class='ocrx_word' id='word_1_167' title='bbox 2157 573 2298 624; x_wconf 84' lang='lat' dir='ltr'>esse,</span> <span class='ocrx_word' id='word_1_168' title='bbox 2329 572 2427 629; x_wconf 90' lang='lat' dir='ltr'>per</span> <span class='ocrx_word' id='word_1_169' title='bbox 2444 572 2607 629; x_wconf 88' lang='lat' dir='ltr'>quem</span> <span class='ocrx_word' id='word_1_170' title='bbox 2645 559 2774 617; x_wconf 89' lang='lat' dir='ltr'>facti</span> <span class='ocrx_word' id='word_1_171' title='bbox 2805 577 2836 616; x_wconf 90' lang='lat' dir='ltr'>a</span> <span class='ocrx_word' id='word_1_172' title='bbox 2863 564 2978 620; x_wconf 93' lang='lat' dir='ltr'>Deo</span> <span class='ocrx_word' id='word_1_173' title='bbox 3004 571 3153 620; x_wconf 88' lang='lat' dir='ltr'>sunt.</span> <span class='ocrx_word' id='word_1_174' title='bbox 3185 565 3569 638; x_wconf 89' lang='lat' dir='ltr'>Subjiciuntur</span> 
     </span>
    </p>
   </div>
   <div class='ocr_carea' id='block_1_22' title="bbox 1979 643 3568 726">
    <p class='ocr_par' dir='ltr' id='par_1_22' title="bbox 1979 643 3568 726">
     <span class='ocr_line' id='line_1_22' title="bbox 1979 643 3568 726; baseline 0.008 -27"><span class='ocrx_word' id='word_1_175' title='bbox 1979 643 2126 699; x_wconf 89' lang='lat' dir='ltr'>enim</span> <span class='ocrx_word' id='word_1_176' title='bbox 2159 643 2244 699; x_wconf 91' lang='lat' dir='ltr'>illi</span> <span class='ocrx_word' id='word_1_177' title='bbox 2275 644 2432 716; x_wconf 89' lang='lat' dir='ltr'>quasi</span> <span class='ocrx_word' id='word_1_178' title='bbox 2462 646 2631 716; x_wconf 88' lang='lat' dir='ltr'>capiti</span> <span class='ocrx_word' id='word_1_179' title='bbox 2658 649 2922 719; x_wconf 90' lang='lat' dir='ltr'>membra,</span> <span class='ocrx_word' id='word_1_180' title='bbox 2953 667 3024 708; x_wconf 81' lang='lat' dir='ltr'>ex</span> <span class='ocrx_word' id='word_1_181' title='bbox 3049 668 3159 726; x_wconf 90' lang='lat' dir='ltr'>quo</span> <span class='ocrx_word' id='word_1_182' title='bbox 3189 653 3417 711; x_wconf 90' lang='lat' dir='ltr'>trahunt</span> <span class='ocrx_word' id='word_1_183' title='bbox 3443 655 3568 712; x_wconf 89' lang='lat' dir='ltr'>ori-</span> 
     </span>
    </p>
   </div>
   <div class='ocr_carea' id='block_1_23' title="bbox 1980 733 3566 815">
    <p class='ocr_par' dir='ltr' id='par_1_23' title="bbox 1980 733 3566 815">
     <span class='ocr_line' id='line_1_23' title="bbox 1980 733 3566 815; baseline 0.009 -28"><span class='ocrx_word' id='word_1_184' title='bbox 1980 733 2198 804; x_wconf 87' lang='lat' dir='ltr'>ginem;</span> <span class='ocrx_word' id='word_1_185' title='bbox 2248 739 2311 788; x_wconf 92' lang='lat' dir='ltr'>ut</span> <span class='ocrx_word' id='word_1_186' title='bbox 2349 733 2538 790; x_wconf 87' lang='lat' dir='ltr'>omnia</span> <span class='ocrx_word' id='word_1_187' title='bbox 2584 733 2644 790; x_wconf 91' lang='lat' dir='ltr'>in</span> <span class='ocrx_word' id='word_1_188' title='bbox 2690 739 2947 796; x_wconf 90' lang='lat' dir='ltr'>omnibus</span> <span class='ocrx_word' id='word_1_189' title='bbox 2971 742 3398 815; x_wconf 87' lang='lat' dir='ltr'>adimpleantur.</span> <span class='ocrx_word' id='word_1_190' title='bbox 3427 743 3566 802; x_wconf 88' lang='lat' dir='ltr'>Cum</span> 
     </span>
    </p>
   </div>
   <div class='ocr_carea' id='block_1_24' title="bbox 1979 822 3567 903">
    <p class='ocr_par' dir='ltr' id='par_1_24' title="bbox 1979 822 3567 903">
     <span class='ocr_line' id='line_1_24' title="bbox 1979 822 3567 903; baseline 0.009 -27"><span class='ocrx_word' id='word_1_191' title='bbox 1979 823 2130 878; x_wconf 91' lang='lat' dir='ltr'>enim</span> <span class='ocrx_word' id='word_1_192' title='bbox 2185 822 2417 895; x_wconf 86' lang='lat' dir='ltr'>regressi</span> <span class='ocrx_word' id='word_1_193' title='bbox 2471 824 2682 881; x_wconf 84' lang='lat' dir='ltr'>fuerint</span> <span class='ocrx_word' id='word_1_194' title='bbox 2728 827 2796 884; x_wconf 92' lang='lat' dir='ltr'>ad</span> <span class='ocrx_word' id='word_1_195' title='bbox 2825 831 3223 888; x_wconf 84' lang='lat' dir='ltr'>confessionem</span> <span class='ocrx_word' id='word_1_196' title='bbox 3253 835 3420 892; x_wconf 89' lang='lat' dir='ltr'>unius</span> <span class='ocrx_word' id='word_1_197' title='bbox 3445 835 3567 903; x_wconf 88' lang='lat' dir='ltr'>Dei,</span> 
     </span>
    </p>
   </div>
   <div class='ocr_carea' id='block_1_25' title="bbox 1978 909 3572 991">
    <p class='ocr_par' dir='ltr' id='par_1_25' title="bbox 1978 909 3572 991">
     <span class='ocr_line' id='line_1_25' title="bbox 1978 909 3572 991; baseline 0.009 -25"><span class='ocrx_word' id='word_1_198' title='bbox 1978 909 2259 967; x_wconf 83' lang='lat' dir='ltr'>ﬂectentes</span> <span class='ocrx_word' id='word_1_199' title='bbox 2303 928 2447 984; x_wconf 89' lang='lat' dir='ltr'>genu</span> <span class='ocrx_word' id='word_1_200' title='bbox 2485 913 2730 984; x_wconf 91' lang='lat' dir='ltr'>Christo,</span> <span class='ocrx_word' id='word_1_201' title='bbox 2777 916 3110 991; x_wconf 89' lang='lat' dir='ltr'>adimpletur</span> <span class='ocrx_word' id='word_1_202' title='bbox 3137 921 3194 976; x_wconf 89' lang='lat' dir='ltr'>in</span> <span class='ocrx_word' id='word_1_203' title='bbox 3223 922 3481 980; x_wconf 88' lang='lat' dir='ltr'>omnibus</span> <span class='ocrx_word' id='word_1_204' title='bbox 3508 932 3572 980; x_wconf 88' lang='lat' dir='ltr'>ut</span> 
     </span>
    </p>
   </div>
   <div class='ocr_carea' id='block_1_26' title="bbox 1978 999 3572 1082">
    <p class='ocr_par' dir='ltr' id='par_1_26' title="bbox 1978 999 3572 1082">
     <span class='ocr_line' id='line_1_26' title="bbox 1978 999 3572 1082; baseline 0.01 -29"><span class='ocrx_word' id='word_1_205' title='bbox 1978 1000 2050 1055; x_wconf 91' lang='lat' dir='ltr'>sit</span> <span class='ocrx_word' id='word_1_206' title='bbox 2081 999 2290 1066; x_wconf 85' lang='lat' dir='ltr'>omnia,</span> <span class='ocrx_word' id='word_1_207' title='bbox 2322 1000 2451 1074; x_wconf 89' lang='lat' dir='ltr'>quia</span> <span class='ocrx_word' id='word_1_208' title='bbox 2478 1001 2547 1057; x_wconf 90' lang='lat' dir='ltr'>ab</span> <span class='ocrx_word' id='word_1_209' title='bbox 2576 1003 2697 1076; x_wconf 90' lang='lat' dir='ltr'>ipso</span> <span class='ocrx_word' id='word_1_210' title='bbox 2725 1013 2855 1061; x_wconf 91' lang='lat' dir='ltr'>sunt</span> <span class='ocrx_word' id='word_1_211' title='bbox 2877 1025 2893 1074; x_wconf 90' lang='lat'>;</span> <span class='ocrx_word' id='word_1_212' title='bbox 2925 1022 2990 1064; x_wconf 88' lang='lat' dir='ltr'>ac</span> <span class='ocrx_word' id='word_1_213' title='bbox 3017 1024 3112 1080; x_wconf 91' lang='lat' dir='ltr'>per</span> <span class='ocrx_word' id='word_1_214' title='bbox 3139 1008 3245 1066; x_wconf 89' lang='lat' dir='ltr'>hoc</span> <span class='ocrx_word' id='word_1_215' title='bbox 3271 1011 3385 1082; x_wconf 88' lang='lat' dir='ltr'>ipse</span> <span class='ocrx_word' id='word_1_216' title='bbox 3405 1011 3464 1067; x_wconf 91' lang='lat' dir='ltr'>in</span> <span class='ocrx_word' id='word_1_217' title='bbox 3491 1012 3572 1069; x_wconf 88' lang='lat' dir='ltr'>eis</span> 
     </span>
    </p>
   </div>
   <div class='ocr_carea' id='block_1_27' title="bbox 1977 1089 3571 1164">
    <p class='ocr_par' dir='ltr' id='par_1_27' title="bbox 1977 1089 3571 1164">
     <span class='ocr_line' id='line_1_27' title="bbox 1977 1089 3571 1164; baseline 0.009 -22"><span class='ocrx_word' id='word_1_218' title='bbox 1977 1097 2079 1156; x_wconf 90' lang='lat' dir='ltr'>est,</span> <span class='ocrx_word' id='word_1_219' title='bbox 2137 1089 2268 1162; x_wconf 87' lang='lat' dir='ltr'>quia</span> <span class='ocrx_word' id='word_1_220' title='bbox 2295 1091 2506 1147; x_wconf 91' lang='lat' dir='ltr'>virtute</span> <span class='ocrx_word' id='word_1_221' title='bbox 2536 1090 2655 1164; x_wconf 85' lang='lat' dir='ltr'>ejus</span> <span class='ocrx_word' id='word_1_222' title='bbox 2691 1093 3003 1151; x_wconf 90' lang='lat' dir='ltr'>subsistunt</span> <span class='ocrx_word' id='word_1_223' title='bbox 3032 1114 3048 1164; x_wconf 87' lang='lat'>;</span> <span class='ocrx_word' id='word_1_224' title='bbox 3081 1096 3396 1155; x_wconf 87' lang='lat' dir='ltr'>recedentes</span> <span class='ocrx_word' id='word_1_225' title='bbox 3423 1100 3571 1156; x_wconf 91' lang='lat' dir='ltr'>enim</span> 
     </span>
    </p>
   </div>
   <div class='ocr_carea' id='block_1_28' title="bbox 1977 1179 3576 1246">
    <p class='ocr_par' dir='ltr' id='par_1_28' title="bbox 1977 1179 3576 1246">
     <span class='ocr_line' id='line_1_28' title="bbox 1977 1179 3576 1246; baseline 0.006 -13"><span class='ocrx_word' id='word_1_226' title='bbox 1977 1193 2008 1232; x_wconf 96' lang='lat' dir='ltr'>a</span> <span class='ocrx_word' id='word_1_227' title='bbox 2031 1179 2164 1246; x_wconf 92' lang='lat' dir='ltr'>Deo,</span> <span class='ocrx_word' id='word_1_228' title='bbox 2196 1195 2462 1237; x_wconf 89' lang='lat' dir='ltr'>evacuare</span> <span class='ocrx_word' id='word_1_229' title='bbox 2493 1181 2653 1238; x_wconf 93' lang='lat' dir='ltr'>illum</span> <span class='ocrx_word' id='word_1_230' title='bbox 2685 1182 2970 1240; x_wconf 89' lang='lat' dir='ltr'>videntur.</span> <span class='ocrx_word' id='word_1_231' title='bbox 2998 1183 3155 1242; x_wconf 90' lang='lat' dir='ltr'>Unde</span> <span class='ocrx_word' id='word_1_232' title='bbox 3190 1186 3302 1242; x_wconf 91' lang='lat' dir='ltr'>alio</span> <span class='ocrx_word' id='word_1_233' title='bbox 3330 1187 3452 1246; x_wconf 92' lang='lat' dir='ltr'>loco</span> <span class='ocrx_word' id='word_1_234' title='bbox 3477 1186 3576 1242; x_wconf 89' lang='lat' dir='ltr'>di-</span> 
     </span>
    </p>
   </div>
   <div class='ocr_carea' id='block_1_29' title="bbox 1977 1267 3573 1344">
    <p class='ocr_par' dir='ltr' id='par_1_29' title="bbox 1977 1267 3573 1344">
     <span class='ocr_line' id='line_1_29' title="bbox 1977 1267 3573 1344; baseline 0.008 -23"><span class='ocrx_word' id='word_1_235' title='bbox 1977 1267 2079 1322; x_wconf 89' lang='lat' dir='ltr'>cit:</span> <span class='ocrx_word' id='word_1_236' title='bbox 2156 1293 2175 1316; x_wconf 79' lang='grc' dir='ltr'>ι</span> <span class='ocrx_word' id='word_1_237' title='bbox 2231 1268 2302 1326; x_wconf 94' lang='lat' dir='ltr'>Ut</span> <span class='ocrx_word' id='word_1_238' title='bbox 2357 1278 2604 1328; x_wconf 87' lang='lat' dir='ltr'>crescant</span> <span class='ocrx_word' id='word_1_239' title='bbox 2651 1271 2838 1330; x_wconf 87' lang='lat' dir='ltr'>omnia</span> <span class='ocrx_word' id='word_1_240' title='bbox 2864 1273 2954 1344; x_wconf 54' lang='lat' dir='ltr'>,in</span> <span class='ocrx_word' id='word_1_241' title='bbox 3014 1273 3417 1334; x_wconf 86' lang='lat' dir='ltr'>incrementum</span> <span class='ocrx_word' id='word_1_242' title='bbox 3473 1277 3573 1334; x_wconf 87' lang='lat' dir='ltr'>Dei</span> 
     </span>
    </p>
   </div>
   <div class='ocr_carea' id='block_1_30' title="bbox 1981 1356 2514 1430">
    <p class='ocr_par' dir='ltr' id='par_1_30' title="bbox 1981 1356 2514 1430">
     <span class='ocr_line' id='line_1_30' title="bbox 1981 1356 2514 1430; baseline 0.006 -18"><span class='ocrx_word' id='word_1_243' title='bbox 1981 1356 2217 1428; x_wconf 80' lang='lat' dir='ltr'>(Coloss.</span> <span class='ocrx_word' id='word_1_244' title='bbox 2249 1373 2313 1427; x_wconf 83' lang='grc' dir='ltr'>ιι,</span> <span class='ocrx_word' id='word_1_245' title='bbox 2349 1357 2462 1430; x_wconf 83' lang='grc'><strong>19).</strong></span> <span class='ocrx_word' id='word_1_246' title='bbox 2494 1383 2514 1409; x_wconf 72' lang='grc' dir='ltr'>ι</span> 
     </span>
    </p>
   </div>
   <div class='ocr_carea' id='block_1_31' title="bbox 2579 1449 2942 1519">
    <p class='ocr_par' dir='ltr' id='par_1_31' title="bbox 2579 1449 2942 1519">
     <span class='ocr_line' id='line_1_31' title="bbox 2579 1449 2942 1519; baseline 0.008 -11"><span class='ocrx_word' id='word_1_247' title='bbox 2579 1449 2836 1519; x_wconf 58' lang='lat' dir='ltr'>LCAPUT</span> <span class='ocrx_word' id='word_1_248' title='bbox 2871 1452 2942 1511; x_wconf 93' lang='lat' dir='ltr'>II.</span> 
     </span>
    </p>
   </div>
   <div class='ocr_carea' id='block_1_32' title="bbox 2055 1535 3571 1608">
    <p class='ocr_par' dir='ltr' id='par_1_32' title="bbox 2055 1535 3571 1608">
     <span class='ocr_line' id='line_1_32' title="bbox 2055 1535 3571 1608; baseline 0.005 -13"><span class='ocrx_word' id='word_1_249' title='bbox 2055 1536 2238 1608; x_wconf 76' lang='lat' dir='ltr'>(Vera.</span> <span class='ocrx_word' id='word_1_250' title='bbox 2277 1537 2328 1604; x_wconf 86' lang='grc'>1,</span> <span class='ocrx_word' id='word_1_251' title='bbox 2387 1535 2468 1608; x_wconf 82' lang='grc'>2.)</span> <span class='ocrx_word' id='word_1_252' title='bbox 2532 1563 2551 1587; x_wconf 79' lang='grc' dir='ltr'>ι</span> <span class='ocrx_word' id='word_1_253' title='bbox 2598 1540 2672 1596; x_wconf 83' lang='grc' dir='ltr'>Ει</span> <span class='ocrx_word' id='word_1_254' title='bbox 2701 1556 2799 1597; x_wconf 91' lang='lat' dir='ltr'>vos</span> <span class='ocrx_word' id='word_1_255' title='bbox 2827 1556 2954 1597; x_wconf 91' lang='lat' dir='ltr'>cum</span> <span class='ocrx_word' id='word_1_256' title='bbox 2983 1543 3175 1600; x_wconf 82' lang='lat' dir='ltr'>essetis</span> <span class='ocrx_word' id='word_1_257' title='bbox 3203 1543 3410 1602; x_wconf 86' lang='lat' dir='ltr'>mortui</span> <span class='ocrx_word' id='word_1_258' title='bbox 3436 1543 3571 1602; x_wconf 84' lang='lat' dir='ltr'>deli-</span> 
     </span>
    </p>
   </div>
   <div class='ocr_carea' id='block_1_33' title="bbox 265 1619 3572 1709">
    <p class='ocr_par' dir='ltr' id='par_1_33' title="bbox 265 1619 3572 1709">
     <span class='ocr_line' id='line_1_33' title="bbox 265 1619 3572 1709; baseline 0.006 -35"><span class='ocrx_word' id='word_1_259' title='bbox 265 1619 493 1676; x_wconf 85' lang='lat' dir='ltr'>virtutis</span> <span class='ocrx_word' id='word_1_260' title='bbox 529 1619 646 1692; x_wconf 87' lang='lat' dir='ltr'>ejus</span> <span class='ocrx_word' id='word_1_261' title='bbox 677 1621 734 1676; x_wconf 93' lang='lat' dir='ltr'>in</span> <span class='ocrx_word' id='word_1_262' title='bbox 764 1637 885 1690; x_wconf 87' lang='lat' dir='ltr'>vos,</span> <span class='ocrx_word' id='word_1_263' title='bbox 919 1622 1013 1694; x_wconf 90' lang='lat' dir='ltr'>qui</span> <span class='ocrx_word' id='word_1_264' title='bbox 1039 1623 1288 1693; x_wconf 87' lang='lat' dir='ltr'>creditis,</span> <span class='ocrx_word' id='word_1_265' title='bbox 1329 1626 1633 1683; x_wconf 89' lang='lat' dir='ltr'>secundum</span> <span class='ocrx_word' id='word_1_266' title='bbox 1664 1641 1869 1698; x_wconf 87' lang='lat' dir='ltr'>opera—</span> <span class='ocrx_word' id='word_1_267' title='bbox 1893 1647 1941 1709; x_wconf 81' lang='grc' dir='ltr'>Β</span> <span class='ocrx_word' id='word_1_268' title='bbox 1977 1625 2083 1682; x_wconf 92' lang='lat' dir='ltr'>ctis</span> <span class='ocrx_word' id='word_1_269' title='bbox 2129 1634 2183 1682; x_wconf 92' lang='lat' dir='ltr'>et</span> <span class='ocrx_word' id='word_1_270' title='bbox 2213 1627 2450 1698; x_wconf 90' lang='lat' dir='ltr'>peccatis</span> <span class='ocrx_word' id='word_1_271' title='bbox 2475 1628 2694 1696; x_wconf 89' lang='lat' dir='ltr'>vestris,</span> <span class='ocrx_word' id='word_1_272' title='bbox 2735 1629 2795 1685; x_wconf 92' lang='lat' dir='ltr'>in</span> <span class='ocrx_word' id='word_1_273' title='bbox 2825 1630 3027 1703; x_wconf 88' lang='lat' dir='ltr'>quibus</span> <span class='ocrx_word' id='word_1_274' title='bbox 3054 1631 3351 1706; x_wconf 88' lang='lat' dir='ltr'>aliquando</span> <span class='ocrx_word' id='word_1_275' title='bbox 3385 1635 3572 1692; x_wconf 83' lang='lat' dir='ltr'>ambu-</span> 
     </span>
    </p>
   </div>
   <div class='ocr_carea' id='block_1_34' title="bbox 265 1707 1866 1787">
    <p class='ocr_par' dir='ltr' id='par_1_34' title="bbox 265 1707 1866 1787">
     <span class='ocr_line' id='line_1_34' title="bbox 265 1707 1866 1787; baseline 0.005 -25"><span class='ocrx_word' id='word_1_276' title='bbox 265 1707 471 1764; x_wconf 88' lang='lat' dir='ltr'>tionem</span> <span class='ocrx_word' id='word_1_277' title='bbox 523 1710 784 1782; x_wconf 66' lang='lat' dir='ltr'>potentias</span> <span class='ocrx_word' id='word_1_278' title='bbox 838 1710 1192 1768; x_wconf 86' lang='lat' dir='ltr'>fortitudinis</span> <span class='ocrx_word' id='word_1_279' title='bbox 1232 1713 1372 1786; x_wconf 86' lang='lat' dir='ltr'>ejus,</span> <span class='ocrx_word' id='word_1_280' title='bbox 1405 1731 1568 1787; x_wconf 90' lang='lat' dir='ltr'>quam</span> <span class='ocrx_word' id='word_1_281' title='bbox 1610 1722 1866 1787; x_wconf 87' lang='lat' dir='ltr'>operatus</span> 
     </span>
    </p>
   </div>
   <div class='ocr_carea' id='block_1_35' title="bbox 264 1797 1868 1873">
    <p class='ocr_par' dir='ltr' id='par_1_35' title="bbox 264 1797 1868 1873">
     <span class='ocr_line' id='line_1_35' title="bbox 264 1797 1868 1873; baseline 0.004 -21"><span class='ocrx_word' id='word_1_282' title='bbox 264 1805 343 1852; x_wconf 91' lang='lat' dir='ltr'>est</span> <span class='ocrx_word' id='word_1_283' title='bbox 385 1798 445 1854; x_wconf 92' lang='lat' dir='ltr'>in</span> <span class='ocrx_word' id='word_1_284' title='bbox 496 1797 742 1867; x_wconf 87' lang='lat' dir='ltr'>Christo,</span> <span class='ocrx_word' id='word_1_285' title='bbox 782 1800 1054 1856; x_wconf 87' lang='lat' dir='ltr'>suscitans</span> <span class='ocrx_word' id='word_1_286' title='bbox 1085 1801 1244 1857; x_wconf 92' lang='lat' dir='ltr'>illum</span> <span class='ocrx_word' id='word_1_287' title='bbox 1275 1819 1306 1858; x_wconf 89' lang='lat' dir='ltr'>a</span> <span class='ocrx_word' id='word_1_288' title='bbox 1334 1803 1590 1873; x_wconf 90' lang='lat' dir='ltr'>mortuis,</span> <span class='ocrx_word' id='word_1_289' title='bbox 1620 1810 1675 1860; x_wconf 89' lang='lat' dir='ltr'>et</span> <span class='ocrx_word' id='word_1_290' title='bbox 1700 1803 1868 1860; x_wconf 83' lang='lat' dir='ltr'>collo-</span> 
     </span>
    </p>
   </div>
   <div class='ocr_carea' id='block_1_36' title="bbox 261 1885 1869 1965">
    <p class='ocr_par' dir='ltr' id='par_1_36' title="bbox 261 1885 1869 1965">
     <span class='ocr_line' id='line_1_36' title="bbox 261 1885 1869 1965; baseline 0.004 -25"><span class='ocrx_word' id='word_1_291' title='bbox 261 1885 416 1941; x_wconf 89' lang='lat' dir='ltr'>cavit</span> <span class='ocrx_word' id='word_1_292' title='bbox 466 1885 535 1942; x_wconf 90' lang='lat' dir='ltr'>ad</span> <span class='ocrx_word' id='word_1_293' title='bbox 572 1886 860 1942; x_wconf 82' lang='lat' dir='ltr'>dexteram</span> <span class='ocrx_word' id='word_1_294' title='bbox 892 1887 998 1943; x_wconf 89' lang='lat' dir='ltr'>sibi</span> <span class='ocrx_word' id='word_1_295' title='bbox 1027 1889 1090 1943; x_wconf 89' lang='lat' dir='ltr'>in</span> <span class='ocrx_word' id='word_1_296' title='bbox 1118 1890 1433 1947; x_wconf 76' lang='lat' dir='ltr'>coelestibus</span> <span class='ocrx_word' id='word_1_297' title='bbox 1462 1908 1624 1965; x_wconf 90' lang='lat' dir='ltr'>super</span> <span class='ocrx_word' id='word_1_298' title='bbox 1650 1908 1869 1947; x_wconf 92' lang='lat' dir='ltr'>omnem</span> 
     </span>
    </p>
   </div>
   <div class='ocr_carea' id='block_1_37' title="bbox 261 1973 1870 2051">
    <p class='ocr_par' dir='ltr' id='par_1_37' title="bbox 261 1973 1870 2051">
     <span class='ocr_line' id='line_1_37' title="bbox 261 1973 1870 2051; baseline 0.006 -23"><span class='ocrx_word' id='word_1_299' title='bbox 261 1973 646 2047; x_wconf 88' lang='lat' dir='ltr'>Principatum</span> <span class='ocrx_word' id='word_1_300' title='bbox 675 1984 730 2031; x_wconf 90' lang='lat' dir='ltr'>et</span> <span class='ocrx_word' id='word_1_301' title='bbox 773 1976 1126 2048; x_wconf 88' lang='lat' dir='ltr'>Potestatem,</span> <span class='ocrx_word' id='word_1_302' title='bbox 1173 1987 1228 2036; x_wconf 90' lang='lat' dir='ltr'>et</span> <span class='ocrx_word' id='word_1_303' title='bbox 1255 1981 1556 2051; x_wconf 86' lang='lat' dir='ltr'>Virtutem,</span> <span class='ocrx_word' id='word_1_304' title='bbox 1587 1990 1641 2038; x_wconf 89' lang='lat' dir='ltr'>et</span> <span class='ocrx_word' id='word_1_305' title='bbox 1669 1983 1870 2038; x_wconf 92' lang='lat' dir='ltr'>Domi-</span> 
     </span>
    </p>
   </div>
   <div class='ocr_carea' id='block_1_38' title="bbox 260 2064 1871 2142">
    <p class='ocr_par' dir='ltr' id='par_1_38' title="bbox 260 2064 1871 2142">
     <span class='ocr_line' id='line_1_38' title="bbox 260 2064 1871 2142; baseline 0.006 -24"><span class='ocrx_word' id='word_1_306' title='bbox 260 2064 576 2134; x_wconf 90' lang='lat' dir='ltr'>nationem,</span> <span class='ocrx_word' id='word_1_307' title='bbox 628 2073 681 2120; x_wconf 91' lang='lat' dir='ltr'>et</span> <span class='ocrx_word' id='word_1_308' title='bbox 729 2081 892 2122; x_wconf 92' lang='lat' dir='ltr'>omne</span> <span class='ocrx_word' id='word_1_309' title='bbox 940 2083 1164 2136; x_wconf 89' lang='lat' dir='ltr'>nomen,</span> <span class='ocrx_word' id='word_1_310' title='bbox 1213 2069 1362 2142; x_wconf 92' lang='lat' dir='ltr'>quod</span> <span class='ocrx_word' id='word_1_311' title='bbox 1410 2069 1734 2127; x_wconf 88' lang='lat' dir='ltr'>nominatur</span> <span class='ocrx_word' id='word_1_312' title='bbox 1760 2088 1871 2128; x_wconf 92' lang='lat' dir='ltr'>non</span> 
     </span>
    </p>
   </div>
   <div class='ocr_carea' id='block_1_39' title="bbox 260 2153 1868 2235">
    <p class='ocr_par' dir='ltr' id='par_1_39' title="bbox 260 2153 1868 2235">
     <span class='ocr_line' id='line_1_39' title="bbox 260 2153 1868 2235; baseline 0.006 -26"><span class='ocrx_word' id='word_1_313' title='bbox 260 2154 445 2210; x_wconf 89' lang='lat' dir='ltr'>solum</span> <span class='ocrx_word' id='word_1_314' title='bbox 477 2154 536 2210; x_wconf 93' lang='lat' dir='ltr'>in</span> <span class='ocrx_word' id='word_1_315' title='bbox 566 2153 672 2212; x_wconf 87' lang='lat' dir='ltr'>hoc</span> <span class='ocrx_word' id='word_1_316' title='bbox 699 2157 922 2226; x_wconf 64' lang='lat' dir='ltr'>saeculo,</span> <span class='ocrx_word' id='word_1_317' title='bbox 954 2157 1049 2214; x_wconf 88' lang='lat' dir='ltr'>sed</span> <span class='ocrx_word' id='word_1_318' title='bbox 1077 2166 1131 2215; x_wconf 89' lang='lat' dir='ltr'>et</span> <span class='ocrx_word' id='word_1_319' title='bbox 1153 2159 1212 2215; x_wconf 92' lang='lat' dir='ltr'>in</span> <span class='ocrx_word' id='word_1_320' title='bbox 1241 2159 1449 2218; x_wconf 90' lang='lat' dir='ltr'>futuro.</span> <span class='ocrx_word' id='word_1_321' title='bbox 1472 2185 1491 2210; x_wconf 75' lang='grc' dir='ltr'><strong><em>ι</em></strong></span> <span class='ocrx_word' id='word_1_322' title='bbox 1534 2161 1868 2235; x_wconf 83' lang='lat' dir='ltr'>Exemplum</span> 
     </span>
    </p>
   </div>
   <div class='ocr_carea' id='block_1_40' title="bbox 259 2243 1871 2318">
    <p class='ocr_par' dir='ltr' id='par_1_40' title="bbox 259 2243 1871 2318">
     <span class='ocr_line' id='line_1_40' title="bbox 259 2243 1871 2318; baseline 0.004 -18"><span class='ocrx_word' id='word_1_323' title='bbox 259 2243 464 2300; x_wconf 91' lang='lat' dir='ltr'>salutis</span> <span class='ocrx_word' id='word_1_324' title='bbox 509 2243 854 2302; x_wconf 90' lang='lat' dir='ltr'>credentium</span> <span class='ocrx_word' id='word_1_325' title='bbox 895 2253 950 2302; x_wconf 92' lang='lat' dir='ltr'>et</span> <span class='ocrx_word' id='word_1_326' title='bbox 997 2247 1185 2318; x_wconf 65' lang='lat' dir='ltr'>gloria)</span> <span class='ocrx_word' id='word_1_327' title='bbox 1212 2247 1271 2304; x_wconf 90' lang='lat' dir='ltr'>in</span> <span class='ocrx_word' id='word_1_328' title='bbox 1302 2249 1702 2306; x_wconf 87' lang='lat' dir='ltr'>resurrectione</span> <span class='ocrx_word' id='word_1_329' title='bbox 1741 2250 1871 2306; x_wconf 90' lang='lat' dir='ltr'>Sal-</span> 
     </span>
    </p>
   </div>
   <div class='ocr_carea' id='block_1_41' title="bbox 259 2336 1867 2414">
    <p class='ocr_par' dir='ltr' id='par_1_41' title="bbox 259 2336 1867 2414">
     <span class='ocr_line' id='line_1_41' title="bbox 259 2336 1867 2414; baseline 0.004 -23"><span class='ocrx_word' id='word_1_330' title='bbox 259 2337 476 2392; x_wconf 89' lang='lat' dir='ltr'>vatoris</span> <span class='ocrx_word' id='word_1_331' title='bbox 522 2336 821 2393; x_wconf 91' lang='lat' dir='ltr'>consistere</span> <span class='ocrx_word' id='word_1_332' title='bbox 877 2337 1188 2411; x_wconf 88' lang='lat' dir='ltr'>proﬁtetur,</span> <span class='ocrx_word' id='word_1_333' title='bbox 1241 2347 1303 2395; x_wconf 90' lang='lat' dir='ltr'>ut</span> <span class='ocrx_word' id='word_1_334' title='bbox 1332 2356 1401 2396; x_wconf 87' lang='lat' dir='ltr'>ex</span> <span class='ocrx_word' id='word_1_335' title='bbox 1441 2357 1503 2396; x_wconf 89' lang='lat' dir='ltr'>ea</span> <span class='ocrx_word' id='word_1_336' title='bbox 1530 2348 1867 2414; x_wconf 90' lang='lat' dir='ltr'>cognoscant</span> 
     </span>
    </p>
   </div>
   <div class='ocr_carea' id='block_1_42' title="bbox 261 2425 1864 2500">
    <p class='ocr_par' dir='ltr' id='par_1_42' title="bbox 261 2425 1864 2500">
     <span class='ocr_line' id='line_1_42' title="bbox 261 2425 1864 2500; baseline 0.004 -19"><span class='ocrx_word' id='word_1_337' title='bbox 261 2425 479 2496; x_wconf 88' lang='lat' dir='ltr'>ﬁdeles,</span> <span class='ocrx_word' id='word_1_338' title='bbox 529 2431 676 2489; x_wconf 83' lang='grc'>234</span> <span class='ocrx_word' id='word_1_339' title='bbox 723 2427 857 2500; x_wconf 91' lang='lat' dir='ltr'>quid</span> <span class='ocrx_word' id='word_1_340' title='bbox 887 2427 966 2484; x_wconf 92' lang='lat' dir='ltr'>eis</span> <span class='ocrx_word' id='word_1_341' title='bbox 1005 2428 1335 2500; x_wconf 91' lang='lat' dir='ltr'>promissum</span> <span class='ocrx_word' id='word_1_342' title='bbox 1367 2438 1468 2487; x_wconf 91' lang='lat' dir='ltr'>est.</span> <span class='ocrx_word' id='word_1_343' title='bbox 1501 2431 1684 2487; x_wconf 91' lang='lat' dir='ltr'>Simili</span> <span class='ocrx_word' id='word_1_344' title='bbox 1715 2431 1864 2486; x_wconf 91' lang='lat' dir='ltr'>enim</span> 
     </span>
    </p>
   </div>
   <div class='ocr_carea' id='block_1_43' title="bbox 266 2521 1862 2595">
    <p class='ocr_par' dir='ltr' id='par_1_43' title="bbox 266 2521 1862 2595">
     <span class='ocr_line' id='line_1_43' title="bbox 266 2521 1862 2595; baseline 0.003 -19"><span class='ocrx_word' id='word_1_345' title='bbox 266 2521 434 2579; x_wconf 92' lang='lat' dir='ltr'>modo</span> <span class='ocrx_word' id='word_1_346' title='bbox 465 2523 806 2579; x_wconf 89' lang='lat' dir='ltr'>extollentur</span> <span class='ocrx_word' id='word_1_347' title='bbox 835 2539 1001 2595; x_wconf 86' lang='lat' dir='ltr'>supra</span> <span class='ocrx_word' id='word_1_348' title='bbox 1033 2525 1200 2580; x_wconf 71' lang='lat' dir='ltr'>cmlos</span> <span class='ocrx_word' id='word_1_349' title='bbox 1230 2524 1406 2582; x_wconf 88' lang='lat' dir='ltr'>futuri</span> <span class='ocrx_word' id='word_1_350' title='bbox 1434 2542 1561 2582; x_wconf 91' lang='lat' dir='ltr'>cum</span> <span class='ocrx_word' id='word_1_351' title='bbox 1602 2525 1822 2582; x_wconf 89' lang='lat' dir='ltr'>Christo</span> <span class='ocrx_word' id='word_1_352' title='bbox 1848 2544 1862 2594; x_wconf 91' lang='lat'>;</span> 
     </span>
    </p>
   </div>
   <div class='ocr_carea' id='block_1_44' title="bbox 263 2613 1867 2687">
    <p class='ocr_par' dir='ltr' id='par_1_44' title="bbox 263 2613 1867 2687">
     <span class='ocr_line' id='line_1_44' title="bbox 263 2613 1867 2687; baseline 0.002 -20"><span class='ocrx_word' id='word_1_353' title='bbox 263 2613 410 2668; x_wconf 91' lang='lat' dir='ltr'>sicut</span> <span class='ocrx_word' id='word_1_354' title='bbox 474 2613 589 2687; x_wconf 91' lang='lat' dir='ltr'>ipse</span> <span class='ocrx_word' id='word_1_355' title='bbox 645 2615 814 2672; x_wconf 87' lang='lat' dir='ltr'>dicit:</span> <span class='ocrx_word' id='word_1_356' title='bbox 884 2639 901 2662; x_wconf 75' lang='grc' dir='ltr'>ι</span> <span class='ocrx_word' id='word_1_357' title='bbox 931 2615 1108 2683; x_wconf 90' lang='lat' dir='ltr'>Pater,</span> <span class='ocrx_word' id='word_1_358' title='bbox 1142 2616 1270 2670; x_wconf 92' lang='lat' dir='ltr'>volo</span> <span class='ocrx_word' id='word_1_359' title='bbox 1299 2623 1361 2670; x_wconf 90' lang='lat' dir='ltr'>ut</span> <span class='ocrx_word' id='word_1_360' title='bbox 1389 2614 1486 2670; x_wconf 89' lang='lat' dir='ltr'>ubi</span> <span class='ocrx_word' id='word_1_361' title='bbox 1515 2614 1691 2683; x_wconf 88' lang='lat' dir='ltr'>fuero,</span> <span class='ocrx_word' id='word_1_362' title='bbox 1723 2622 1778 2671; x_wconf 87' lang='lat' dir='ltr'>et</span> <span class='ocrx_word' id='word_1_363' title='bbox 1806 2614 1867 2671; x_wconf 88' lang='lat' dir='ltr'>hi</span> 
     </span>
    </p>
   </div>
   <div class='ocr_carea' id='block_1_45' title="bbox 267 2703 1864 2778">
    <p class='ocr_par' dir='ltr' id='par_1_45' title="bbox 267 2703 1864 2778">
     <span class='ocr_line' id='line_1_45' title="bbox 267 2703 1864 2778; baseline 0.003 -22"><span class='ocrx_word' id='word_1_364' title='bbox 267 2717 490 2758; x_wconf 89' lang='lat' dir='ltr'>mecum</span> <span class='ocrx_word' id='word_1_365' title='bbox 540 2704 673 2773; x_wconf 88' lang='lat' dir='ltr'>sint,</span> <span class='ocrx_word' id='word_1_366' title='bbox 705 2711 758 2759; x_wconf 94' lang='lat' dir='ltr'>et</span> <span class='ocrx_word' id='word_1_367' title='bbox 787 2703 1011 2760; x_wconf 88' lang='lat' dir='ltr'>videant</span> <span class='ocrx_word' id='word_1_368' title='bbox 1040 2704 1270 2778; x_wconf 88' lang='lat' dir='ltr'>gloriam</span> <span class='ocrx_word' id='word_1_369' title='bbox 1295 2721 1471 2761; x_wconf 90' lang='lat' dir='ltr'>meam</span> <span class='ocrx_word' id='word_1_370' title='bbox 1505 2705 1686 2777; x_wconf 85' lang='lat' dir='ltr'>(Joan.</span> <span class='ocrx_word' id='word_1_371' title='bbox 1720 2721 1864 2774; x_wconf 82' lang='lat' dir='ltr'>xvn,</span> 
     </span>
    </p>
   </div>
   <div class='ocr_carea' id='block_1_46' title="bbox 262 2788 1870 2866">
    <p class='ocr_par' dir='ltr' id='par_1_46' title="bbox 262 2788 1870 2866">
     <span class='ocr_line' id='line_1_46' title="bbox 262 2788 1870 2866; baseline 0.002 -22"><span class='ocrx_word' id='word_1_372' title='bbox 262 2788 380 2862; x_wconf 76' lang='grc'><strong>24).</strong></span> <span class='ocrx_word' id='word_1_373' title='bbox 416 2816 436 2840; x_wconf 77' lang='grc' dir='ltr'><strong><em>ι</em></strong></span> <span class='ocrx_word' id='word_1_374' title='bbox 483 2792 599 2848; x_wconf 88' lang='lat' dir='ltr'>Hoc</span> <span class='ocrx_word' id='word_1_375' title='bbox 628 2799 853 2866; x_wconf 88' lang='lat' dir='ltr'>propter</span> <span class='ocrx_word' id='word_1_376' title='bbox 880 2795 1315 2851; x_wconf 89' lang='lat' dir='ltr'>incarnationem</span> <span class='ocrx_word' id='word_1_377' title='bbox 1338 2793 1469 2850; x_wconf 92' lang='lat' dir='ltr'>Filii</span> <span class='ocrx_word' id='word_1_378' title='bbox 1495 2793 1684 2861; x_wconf 88' lang='lat' dir='ltr'>Dei,ut</span> <span class='ocrx_word' id='word_1_379' title='bbox 1702 2795 1870 2848; x_wconf 89' lang='lat' dir='ltr'>etiam</span> 
     </span>
    </p>
   </div>
   <div class='ocr_carea' id='block_1_47' title="bbox 261 2876 1871 2956">
    <p class='ocr_par' dir='ltr' id='par_1_47' title="bbox 261 2876 1871 2956">
     <span class='ocr_line' id='line_1_47' title="bbox 261 2876 1871 2956; baseline 0.001 -24"><span class='ocrx_word' id='word_1_380' title='bbox 261 2876 434 2935; x_wconf 90' lang='lat' dir='ltr'>homo</span> <span class='ocrx_word' id='word_1_381' title='bbox 482 2879 658 2937; x_wconf 89' lang='lat' dir='ltr'>factus</span> <span class='ocrx_word' id='word_1_382' title='bbox 705 2899 868 2956; x_wconf 90' lang='lat' dir='ltr'>super</span> <span class='ocrx_word' id='word_1_383' title='bbox 915 2899 1106 2940; x_wconf 91' lang='lat' dir='ltr'>omnes</span> <span class='ocrx_word' id='word_1_384' title='bbox 1151 2885 1319 2939; x_wconf 79' lang='lat' dir='ltr'>caelos</span> <span class='ocrx_word' id='word_1_385' title='bbox 1365 2898 1480 2938; x_wconf 89' lang='lat' dir='ltr'>esse</span> <span class='ocrx_word' id='word_1_386' title='bbox 1527 2881 1767 2947; x_wconf 86' lang='lat' dir='ltr'>dicatur,</span> <span class='ocrx_word' id='word_1_387' title='bbox 1816 2887 1871 2935; x_wconf 92' lang='lat' dir='ltr'>et</span> 
     </span>
    </p>
   </div>
   <div class='ocr_carea' id='block_1_48' title="bbox 261 2967 1942 3061">
    <p class='ocr_par' dir='ltr' id='par_1_48' title="bbox 261 2967 1942 3061">
     <span class='ocr_line' id='line_1_48' title="bbox 261 2967 1942 3061; baseline -0.001 -38"><span class='ocrx_word' id='word_1_388' title='bbox 261 2983 432 3040; x_wconf 89' lang='lat' dir='ltr'>super</span> <span class='ocrx_word' id='word_1_389' title='bbox 468 2978 724 3026; x_wconf 90' lang='lat' dir='ltr'>cunctam</span> <span class='ocrx_word' id='word_1_390' title='bbox 756 2979 1061 3028; x_wconf 87' lang='lat' dir='ltr'>creaturam</span> <span class='ocrx_word' id='word_1_391' title='bbox 1092 2973 1289 3026; x_wconf 91' lang='lat' dir='ltr'>sedens</span> <span class='ocrx_word' id='word_1_392' title='bbox 1319 2971 1386 3024; x_wconf 91' lang='lat' dir='ltr'>ad</span> <span class='ocrx_word' id='word_1_393' title='bbox 1419 2970 1705 3025; x_wconf 82' lang='lat' dir='ltr'>dexteram</span> <span class='ocrx_word' id='word_1_394' title='bbox 1744 2967 1866 3036; x_wconf 91' lang='lat' dir='ltr'>Dei,</span> <span class='ocrx_word' id='word_1_395' title='bbox 1900 3001 1942 3061; x_wconf 67' lang='grc' dir='ltr'><strong>Ο</strong></span> 
     </span>
    </p>
   </div>
   <div class='ocr_carea' id='block_1_49' title="bbox 261 3056 1870 3132">
    <p class='ocr_par' dir='ltr' id='par_1_49' title="bbox 261 3056 1870 3132">
     <span class='ocr_line' id='line_1_49' title="bbox 261 3056 1870 3132; baseline -0.001 -19"><span class='ocrx_word' id='word_1_396' title='bbox 261 3058 473 3117; x_wconf 88' lang='lat' dir='ltr'>habens</span> <span class='ocrx_word' id='word_1_397' title='bbox 533 3077 739 3117; x_wconf 90' lang='lat' dir='ltr'>nomen</span> <span class='ocrx_word' id='word_1_398' title='bbox 766 3062 866 3116; x_wconf 95' lang='lat' dir='ltr'>Dei</span> <span class='ocrx_word' id='word_1_399' title='bbox 895 3077 992 3132; x_wconf 91' lang='lat' dir='ltr'>per</span> <span class='ocrx_word' id='word_1_400' title='bbox 1024 3067 1300 3126; x_wconf 89' lang='lat' dir='ltr'>naturam,</span> <span class='ocrx_word' id='word_1_401' title='bbox 1333 3074 1445 3112; x_wconf 92' lang='lat' dir='ltr'>non</span> <span class='ocrx_word' id='word_1_402' title='bbox 1474 3073 1571 3130; x_wconf 87' lang='lat' dir='ltr'>per</span> <span class='ocrx_word' id='word_1_403' title='bbox 1608 3056 1870 3129; x_wconf 86' lang='lat' dir='ltr'>adoptio-</span> 
     </span>
    </p>
   </div>
   <div class='ocr_carea' id='block_1_50' title="bbox 258 3149 1867 3222">
    <p class='ocr_par' dir='ltr' id='par_1_50' title="bbox 258 3149 1867 3222">
     <span class='ocr_line' id='line_1_50' title="bbox 258 3149 1867 3222; baseline 0 -17"><span class='ocrx_word' id='word_1_404' title='bbox 258 3166 391 3206; x_wconf 89' lang='lat' dir='ltr'>nem</span> <span class='ocrx_word' id='word_1_405' title='bbox 421 3170 434 3218; x_wconf 89' lang='lat'>;</span> <span class='ocrx_word' id='word_1_406' title='bbox 469 3161 533 3207; x_wconf 89' lang='lat' dir='ltr'>ut</span> <span class='ocrx_word' id='word_1_407' title='bbox 579 3158 914 3222; x_wconf 86' lang='lat' dir='ltr'>cognoscant</span> <span class='ocrx_word' id='word_1_408' title='bbox 947 3151 1109 3205; x_wconf 90' lang='lat' dir='ltr'>illum</span> <span class='ocrx_word' id='word_1_409' title='bbox 1141 3166 1258 3205; x_wconf 87' lang='lat' dir='ltr'>esse</span> <span class='ocrx_word' id='word_1_410' title='bbox 1296 3149 1504 3204; x_wconf 90' lang='lat' dir='ltr'>Filium</span> <span class='ocrx_word' id='word_1_411' title='bbox 1534 3151 1634 3205; x_wconf 93' lang='lat' dir='ltr'>Dei</span> <span class='ocrx_word' id='word_1_412' title='bbox 1665 3149 1757 3222; x_wconf 90' lang='lat' dir='ltr'>qui</span> <span class='ocrx_word' id='word_1_413' title='bbox 1788 3149 1867 3205; x_wconf 89' lang='lat' dir='ltr'>il—</span> 
     </span>
    </p>
   </div>
   <div class='ocr_carea' id='block_1_51' title="bbox 261 3238 1866 3311">
    <p class='ocr_par' dir='ltr' id='par_1_51' title="bbox 261 3238 1866 3311">
     <span class='ocr_line' id='line_1_51' title="bbox 261 3238 1866 3311; baseline 0.001 -17"><span class='ocrx_word' id='word_1_414' title='bbox 261 3241 383 3296; x_wconf 88' lang='lat' dir='ltr'>lum</span> <span class='ocrx_word' id='word_1_415' title='bbox 417 3239 838 3297; x_wconf 83' lang='lat' dir='ltr'>cruciﬁxerunt.</span> <span class='ocrx_word' id='word_1_416' title='bbox 889 3238 1079 3292; x_wconf 84' lang='lat' dir='ltr'>Honor</span> <span class='ocrx_word' id='word_1_417' title='bbox 1108 3238 1254 3293; x_wconf 90' lang='lat' dir='ltr'>enim</span> <span class='ocrx_word' id='word_1_418' title='bbox 1285 3253 1448 3311; x_wconf 90' lang='lat' dir='ltr'>quem</span> <span class='ocrx_word' id='word_1_419' title='bbox 1477 3238 1563 3293; x_wconf 93' lang='lat' dir='ltr'>illi</span> <span class='ocrx_word' id='word_1_420' title='bbox 1592 3239 1745 3296; x_wconf 90' lang='lat' dir='ltr'>dedit</span> <span class='ocrx_word' id='word_1_421' title='bbox 1773 3241 1866 3296; x_wconf 86' lang='lat' dir='ltr'>Pa-</span> 
     </span>
    </p>
   </div>
   <div class='ocr_carea' id='block_1_52' title="bbox 255 3327 1863 3399">
    <p class='ocr_par' dir='ltr' id='par_1_52' title="bbox 255 3327 1863 3399">
     <span class='ocr_line' id='line_1_52' title="bbox 255 3327 1863 3399; baseline 0.001 -15"><span class='ocrx_word' id='word_1_422' title='bbox 255 3337 350 3384; x_wconf 88' lang='lat' dir='ltr'>ter</span> <span class='ocrx_word' id='word_1_423' title='bbox 400 3344 499 3398; x_wconf 90' lang='lat' dir='ltr'>per</span> <span class='ocrx_word' id='word_1_424' title='bbox 549 3327 978 3399; x_wconf 88' lang='lat' dir='ltr'>generationem,</span> <span class='ocrx_word' id='word_1_425' title='bbox 1038 3335 1170 3384; x_wconf 91' lang='lat' dir='ltr'>tunc</span> <span class='ocrx_word' id='word_1_426' title='bbox 1199 3327 1580 3385; x_wconf 87' lang='lat' dir='ltr'>manifestatus</span> <span class='ocrx_word' id='word_1_427' title='bbox 1607 3337 1710 3399; x_wconf 90' lang='lat' dir='ltr'>est,</span> <span class='ocrx_word' id='word_1_428' title='bbox 1739 3346 1863 3386; x_wconf 93' lang='lat' dir='ltr'>cum</span> 
     </span>
    </p>
   </div>
   <div class='ocr_carea' id='block_1_53' title="bbox 255 3417 1864 3488">
    <p class='ocr_par' dir='ltr' id='par_1_53' title="bbox 255 3417 1864 3488">
     <span class='ocr_line' id='line_1_53' title="bbox 255 3417 1864 3488; baseline 0.001 -16"><span class='ocrx_word' id='word_1_429' title='bbox 255 3423 434 3472; x_wconf 87' lang='lat' dir='ltr'>natus</span> <span class='ocrx_word' id='word_1_430' title='bbox 473 3417 642 3473; x_wconf 91' lang='lat' dir='ltr'>homo</span> <span class='ocrx_word' id='word_1_431' title='bbox 689 3433 875 3488; x_wconf 91' lang='lat' dir='ltr'>passus</span> <span class='ocrx_word' id='word_1_432' title='bbox 916 3426 1019 3485; x_wconf 92' lang='lat' dir='ltr'>est,</span> <span class='ocrx_word' id='word_1_433' title='bbox 1049 3425 1104 3474; x_wconf 90' lang='lat' dir='ltr'>et</span> <span class='ocrx_word' id='word_1_434' title='bbox 1152 3418 1301 3474; x_wconf 91' lang='lat' dir='ltr'>victa</span> <span class='ocrx_word' id='word_1_435' title='bbox 1333 3425 1508 3474; x_wconf 90' lang='lat' dir='ltr'>morte</span> <span class='ocrx_word' id='word_1_436' title='bbox 1537 3419 1864 3487; x_wconf 83' lang='lat' dir='ltr'>resurrexit,</span> 
     </span>
    </p>
   </div>
   <div class='ocr_carea' id='block_1_54' title="bbox 251 3504 1860 3579">
    <p class='ocr_par' dir='ltr' id='par_1_54' title="bbox 251 3504 1860 3579">
     <span class='ocr_line' id='line_1_54' title="bbox 251 3504 1860 3579; baseline 0.002 -19"><span class='ocrx_word' id='word_1_437' title='bbox 251 3505 568 3561; x_wconf 89' lang='lat' dir='ltr'>ascendens</span> <span class='ocrx_word' id='word_1_438' title='bbox 623 3504 769 3560; x_wconf 91' lang='lat' dir='ltr'>unde</span> <span class='ocrx_word' id='word_1_439' title='bbox 824 3505 1197 3572; x_wconf 87' lang='lat' dir='ltr'>descenderat,</span> <span class='ocrx_word' id='word_1_440' title='bbox 1246 3522 1412 3579; x_wconf 91' lang='lat' dir='ltr'>super</span> <span class='ocrx_word' id='word_1_441' title='bbox 1455 3523 1646 3564; x_wconf 92' lang='lat' dir='ltr'>omnes</span> <span class='ocrx_word' id='word_1_442' title='bbox 1673 3507 1860 3564; x_wconf 62' lang='lat' dir='ltr'>caelos.</span> 
     </span>
    </p>
   </div>
   <div class='ocr_carea' id='block_1_55' title="bbox 251 3593 1864 3668">
    <p class='ocr_par' dir='ltr' id='par_1_55' title="bbox 251 3593 1864 3668">
     <span class='ocr_line' id='line_1_55' title="bbox 251 3593 1864 3668; baseline 0.003 -19"><span class='ocrx_word' id='word_1_443' title='bbox 251 3593 421 3650; x_wconf 90' lang='lat' dir='ltr'>Unde</span> <span class='ocrx_word' id='word_1_444' title='bbox 457 3594 667 3650; x_wconf 89' lang='lat' dir='ltr'>dictum</span> <span class='ocrx_word' id='word_1_445' title='bbox 718 3604 819 3663; x_wconf 92' lang='lat' dir='ltr'>est,</span> <span class='ocrx_word' id='word_1_446' title='bbox 869 3595 1000 3668; x_wconf 87' lang='lat' dir='ltr'>quia</span> <span class='ocrx_word' id='word_1_447' title='bbox 1053 3621 1071 3645; x_wconf 84' lang='grc'>‹</span> <span class='ocrx_word' id='word_1_448' title='bbox 1104 3597 1309 3653; x_wconf 87' lang='lat' dir='ltr'>veritas</span> <span class='ocrx_word' id='word_1_449' title='bbox 1337 3596 1404 3652; x_wconf 93' lang='lat' dir='ltr'>de</span> <span class='ocrx_word' id='word_1_450' title='bbox 1434 3605 1582 3653; x_wconf 92' lang='lat' dir='ltr'>terra</span> <span class='ocrx_word' id='word_1_451' title='bbox 1617 3605 1736 3653; x_wconf 88' lang='lat' dir='ltr'>orta</span> <span class='ocrx_word' id='word_1_452' title='bbox 1781 3604 1864 3655; x_wconf 91' lang='lat' dir='ltr'>est</span> 
     </span>
    </p>
   </div>
   <div class='ocr_carea' id='block_1_56' title="bbox 251 3682 1862 3756">
    <p class='ocr_par' dir='ltr' id='par_1_56' title="bbox 251 3682 1862 3756">
     <span class='ocr_line' id='line_1_56' title="bbox 251 3682 1862 3756; baseline 0.002 -19"><span class='ocrx_word' id='word_1_453' title='bbox 251 3682 440 3750; x_wconf 85' lang='lat' dir='ltr'>(Psal.</span> <span class='ocrx_word' id='word_1_454' title='bbox 490 3699 724 3750; x_wconf 79' lang='lat' dir='ltr'>Lxxxiv,</span> <span class='ocrx_word' id='word_1_455' title='bbox 779 3683 892 3755; x_wconf 89' lang='grc'><strong>12).</strong></span> <span class='ocrx_word' id='word_1_456' title='bbox 947 3708 967 3733; x_wconf 74' lang='grc' dir='ltr'><strong><em>ι</em></strong></span> <span class='ocrx_word' id='word_1_457' title='bbox 1028 3683 1170 3752; x_wconf 87' lang='lat' dir='ltr'>Quia</span> <span class='ocrx_word' id='word_1_458' title='bbox 1220 3685 1368 3740; x_wconf 90' lang='lat' dir='ltr'>enim</span> <span class='ocrx_word' id='word_1_459' title='bbox 1398 3701 1560 3740; x_wconf 91' lang='lat' dir='ltr'>omne</span> <span class='ocrx_word' id='word_1_460' title='bbox 1584 3684 1862 3756; x_wconf 87' lang='lat' dir='ltr'>judicium</span> 
     </span>
    </p>
   </div>
   <div class='ocr_carea' id='block_1_57' title="bbox 251 3769 1858 3846">
    <p class='ocr_par' dir='ltr' id='par_1_57' title="bbox 251 3769 1858 3846">
     <span class='ocr_line' id='line_1_57' title="bbox 251 3769 1858 3846; baseline 0.003 -22"><span class='ocrx_word' id='word_1_461' title='bbox 251 3769 416 3826; x_wconf 90' lang='lat' dir='ltr'>Pater</span> <span class='ocrx_word' id='word_1_462' title='bbox 465 3771 608 3826; x_wconf 91' lang='lat' dir='ltr'>Filio</span> <span class='ocrx_word' id='word_1_463' title='bbox 661 3771 815 3828; x_wconf 88' lang='lat' dir='ltr'>dedit</span> <span class='ocrx_word' id='word_1_464' title='bbox 866 3773 1046 3845; x_wconf 84' lang='lat' dir='ltr'>(Joan.</span> <span class='ocrx_word' id='word_1_465' title='bbox 1082 3791 1139 3843; x_wconf 90' lang='lat' dir='ltr'>v,</span> <span class='ocrx_word' id='word_1_466' title='bbox 1174 3773 1290 3846; x_wconf 92' lang='lat'><strong>22),</strong></span> <span class='ocrx_word' id='word_1_467' title='bbox 1324 3773 1535 3832; x_wconf 91' lang='lat' dir='ltr'>idcirco</span> <span class='ocrx_word' id='word_1_468' title='bbox 1563 3773 1632 3830; x_wconf 90' lang='lat' dir='ltr'>ad</span> <span class='ocrx_word' id='word_1_469' title='bbox 1663 3775 1858 3830; x_wconf 88' lang='lat' dir='ltr'>dexte-</span> 
     </span>
    </p>
   </div>
   <div class='ocr_carea' id='block_1_58' title="bbox 249 3859 1861 3936">
    <p class='ocr_par' dir='ltr' id='par_1_58' title="bbox 249 3859 1861 3936">
     <span class='ocr_line' id='line_1_58' title="bbox 249 3859 1861 3936; baseline 0.005 -24"><span class='ocrx_word' id='word_1_470' title='bbox 249 3873 367 3913; x_wconf 87' lang='lat' dir='ltr'>ram</span> <span class='ocrx_word' id='word_1_471' title='bbox 418 3859 521 3914; x_wconf 92' lang='lat' dir='ltr'>Dei</span> <span class='ocrx_word' id='word_1_472' title='bbox 565 3860 752 3917; x_wconf 89' lang='lat' dir='ltr'>sedere</span> <span class='ocrx_word' id='word_1_473' title='bbox 797 3861 1026 3930; x_wconf 91' lang='lat' dir='ltr'>dicitur,</span> <span class='ocrx_word' id='word_1_474' title='bbox 1059 3863 1214 3936; x_wconf 89' lang='lat' dir='ltr'>quasi</span> <span class='ocrx_word' id='word_1_475' title='bbox 1234 3862 1430 3934; x_wconf 88' lang='lat' dir='ltr'>judex.</span> <span class='ocrx_word' id='word_1_476' title='bbox 1462 3864 1715 3936; x_wconf 91' lang='lat' dir='ltr'>Denique</span> <span class='ocrx_word' id='word_1_477' title='bbox 1745 3862 1861 3935; x_wconf 90' lang='lat' dir='ltr'>ipse</span> 
     </span>
    </p>
   </div>
   <div class='ocr_carea' id='block_1_59' title="bbox 249 3951 1860 4031">
    <p class='ocr_par' dir='ltr' id='par_1_59' title="bbox 249 3951 1860 4031">
     <span class='ocr_line' id='line_1_59' title="bbox 249 3951 1860 4031; baseline 0.003 -23"><span class='ocrx_word' id='word_1_478' title='bbox 249 3951 389 4010; x_wconf 91' lang='lat' dir='ltr'>dicit</span> <span class='ocrx_word' id='word_1_479' title='bbox 432 3955 503 4010; x_wconf 89' lang='lat' dir='ltr'>ad</span> <span class='ocrx_word' id='word_1_480' title='bbox 533 3954 868 4028; x_wconf 87' lang='lat' dir='ltr'>discipulos:</span> <span class='ocrx_word' id='word_1_481' title='bbox 918 3982 936 4006; x_wconf 74' lang='grc' dir='ltr'>ι</span> <span class='ocrx_word' id='word_1_482' title='bbox 975 3959 1156 4031; x_wconf 91' lang='lat' dir='ltr'>Usque</span> <span class='ocrx_word' id='word_1_483' title='bbox 1184 3959 1349 4015; x_wconf 93' lang='lat' dir='ltr'>modo</span> <span class='ocrx_word' id='word_1_484' title='bbox 1379 3958 1527 4014; x_wconf 88' lang='lat' dir='ltr'>nihil</span> <span class='ocrx_word' id='word_1_485' title='bbox 1557 3958 1774 4031; x_wconf 89' lang='lat' dir='ltr'>petistis</span> <span class='ocrx_word' id='word_1_486' title='bbox 1801 3958 1860 4013; x_wconf 92' lang='lat' dir='ltr'>in</span> 
     </span>
    </p>
   </div>
   <div class='ocr_carea' id='block_1_60' title="bbox 250 4044 1848 4118">
    <p class='ocr_par' dir='ltr' id='par_1_60' title="bbox 250 4044 1848 4118">
     <span class='ocr_line' id='line_1_60' title="bbox 250 4044 1848 4118; baseline 0.004 -22"><span class='ocrx_word' id='word_1_487' title='bbox 250 4044 483 4099; x_wconf 90' lang='lat' dir='ltr'>nomine</span> <span class='ocrx_word' id='word_1_488' title='bbox 511 4060 653 4099; x_wconf 92' lang='lat' dir='ltr'>meo:</span> <span class='ocrx_word' id='word_1_489' title='bbox 675 4046 865 4116; x_wconf 90' lang='lat' dir='ltr'>petite,</span> <span class='ocrx_word' id='word_1_490' title='bbox 898 4054 953 4103; x_wconf 90' lang='lat' dir='ltr'>et</span> <span class='ocrx_word' id='word_1_491' title='bbox 976 4063 1076 4118; x_wconf 87' lang='lat' dir='ltr'>ego</span> <span class='ocrx_word' id='word_1_492' title='bbox 1103 4046 1301 4103; x_wconf 87' lang='lat' dir='ltr'>faciam</span> <span class='ocrx_word' id='word_1_493' title='bbox 1335 4048 1517 4118; x_wconf 84' lang='lat' dir='ltr'>(Joan.</span> <span class='ocrx_word' id='word_1_494' title='bbox 1549 4064 1670 4115; x_wconf 79' lang='lat' dir='ltr'><strong>XVI,</strong></span> <span class='ocrx_word' id='word_1_495' title='bbox 1706 4046 1848 4118; x_wconf 76' lang='grc'><strong>24).»</strong></span> 
     </span>
    </p>
   </div>
   <div class='ocr_carea' id='block_1_61' title="bbox 248 4131 1863 4193">
    <p class='ocr_par' dir='ltr' id='par_1_61' title="bbox 248 4131 1863 4193">
     <span class='ocr_line' id='line_1_61' title="bbox 248 4131 1863 4193; baseline 0.002 -6"><span class='ocrx_word' id='word_1_496' title='bbox 248 4131 404 4189; x_wconf 90' lang='lat' dir='ltr'>Unde</span> <span class='ocrx_word' id='word_1_497' title='bbox 446 4134 527 4188; x_wconf 86' lang='lat' dir='ltr'>ait</span> <span class='ocrx_word' id='word_1_498' title='bbox 555 4133 795 4191; x_wconf 74' lang='lat' dir='ltr'>Iudaeis:</span> <span class='ocrx_word' id='word_1_499' title='bbox 845 4160 862 4184; x_wconf 79' lang='grc' dir='ltr'>ι</span> <span class='ocrx_word' id='word_1_500' title='bbox 895 4137 1111 4193; x_wconf 84' lang='lat' dir='ltr'>Amodo</span> <span class='ocrx_word' id='word_1_501' title='bbox 1143 4137 1405 4193; x_wconf 83' lang='lat' dir='ltr'>videbitis</span> <span class='ocrx_word' id='word_1_502' title='bbox 1434 4136 1640 4193; x_wconf 89' lang='lat' dir='ltr'>Filium</span> <span class='ocrx_word' id='word_1_503' title='bbox 1669 4135 1863 4192; x_wconf 90' lang='lat' dir='ltr'>homi—</span> 
     </span>
    </p>
   </div>
   <div class='ocr_carea' id='block_1_62' title="bbox 247 4223 1862 4295">
    <p class='ocr_par' dir='ltr' id='par_1_62' title="bbox 247 4223 1862 4295">
     <span class='ocr_line' id='line_1_62' title="bbox 247 4223 1862 4295; baseline 0.003 -18"><span class='ocrx_word' id='word_1_504' title='bbox 247 4223 334 4278; x_wconf 90' lang='lat' dir='ltr'>nis</span> <span class='ocrx_word' id='word_1_505' title='bbox 380 4223 672 4280; x_wconf 89' lang='lat' dir='ltr'>sedentem</span> <span class='ocrx_word' id='word_1_506' title='bbox 718 4225 785 4281; x_wconf 91' lang='lat' dir='ltr'>ad</span> <span class='ocrx_word' id='word_1_507' title='bbox 816 4225 1101 4282; x_wconf 83' lang='lat' dir='ltr'>dexteram</span> <span class='ocrx_word' id='word_1_508' title='bbox 1129 4227 1359 4283; x_wconf 89' lang='lat' dir='ltr'>virtutis</span> <span class='ocrx_word' id='word_1_509' title='bbox 1384 4227 1506 4295; x_wconf 92' lang='lat' dir='ltr'>Dei,</span> <span class='ocrx_word' id='word_1_510' title='bbox 1538 4235 1594 4283; x_wconf 87' lang='lat' dir='ltr'>et</span> <span class='ocrx_word' id='word_1_511' title='bbox 1621 4227 1862 4284; x_wconf 86' lang='lat' dir='ltr'>venien-</span> 
     </span>
    </p>
   </div>
   <div class='ocr_carea' id='block_1_63' title="bbox 247 4314 1860 4388">
    <p class='ocr_par' dir='ltr' id='par_1_63' title="bbox 247 4314 1860 4388">
     <span class='ocr_line' id='line_1_63' title="bbox 247 4314 1860 4388; baseline 0.004 -22"><span class='ocrx_word' id='word_1_512' title='bbox 247 4318 354 4368; x_wconf 90' lang='lat' dir='ltr'>tem</span> <span class='ocrx_word' id='word_1_513' title='bbox 404 4329 544 4371; x_wconf 88' lang='lat' dir='ltr'>cum</span> <span class='ocrx_word' id='word_1_514' title='bbox 591 4314 834 4370; x_wconf 87' lang='lat' dir='ltr'>nubibus</span> <span class='ocrx_word' id='word_1_515' title='bbox 863 4316 987 4370; x_wconf 78' lang='lat' dir='ltr'>cceli</span> <span class='ocrx_word' id='word_1_516' title='bbox 1021 4317 1236 4387; x_wconf 83' lang='lat' dir='ltr'>(Matth.</span> <span class='ocrx_word' id='word_1_517' title='bbox 1267 4332 1426 4384; x_wconf 74' lang='lat' dir='ltr'>xxvr,</span> <span class='ocrx_word' id='word_1_518' title='bbox 1461 4315 1577 4388; x_wconf 77' lang='grc'><strong>64).</strong></span> <span class='ocrx_word' id='word_1_519' title='bbox 1618 4341 1638 4365; x_wconf 76' lang='grc' dir='ltr'><strong><em>ι</em></strong></span> <span class='ocrx_word' id='word_1_520' title='bbox 1678 4317 1766 4372; x_wconf 84' lang='lat' dir='ltr'>Ex</span> <span class='ocrx_word' id='word_1_521' title='bbox 1795 4332 1860 4372; x_wconf 90' lang='lat' dir='ltr'>eo</span> 
     </span>
    </p>
   </div>
   <div class='ocr_carea' id='block_1_64' title="bbox 245 4403 1860 4478">
    <p class='ocr_par' dir='ltr' id='par_1_64' title="bbox 245 4403 1860 4478">
     <span class='ocr_line' id='line_1_64' title="bbox 245 4403 1860 4478; baseline 0.002 -22"><span class='ocrx_word' id='word_1_522' title='bbox 245 4403 396 4458; x_wconf 92' lang='lat' dir='ltr'>enim</span> <span class='ocrx_word' id='word_1_523' title='bbox 430 4404 588 4475; x_wconf 86' lang='lat' dir='ltr'>quod</span> <span class='ocrx_word' id='word_1_524' title='bbox 623 4404 892 4473; x_wconf 92' lang='lat' dir='ltr'>innotuit,</span> <span class='ocrx_word' id='word_1_525' title='bbox 925 4404 1068 4460; x_wconf 91' lang='lat' dir='ltr'>adiri</span> <span class='ocrx_word' id='word_1_526' title='bbox 1097 4404 1265 4477; x_wconf 74' lang='lat' dir='ltr'>cmpit</span> <span class='ocrx_word' id='word_1_527' title='bbox 1294 4411 1348 4460; x_wconf 92' lang='lat' dir='ltr'>et</span> <span class='ocrx_word' id='word_1_528' title='bbox 1377 4405 1665 4476; x_wconf 88' lang='lat' dir='ltr'>postulari,</span> <span class='ocrx_word' id='word_1_529' title='bbox 1704 4405 1860 4478; x_wconf 90' lang='lat' dir='ltr'>quasi</span> 
     </span>
    </p>
   </div>
   <div class='ocr_carea' id='block_1_65' title="bbox 243 4491 448 4563">
    <p class='ocr_par' dir='ltr' id='par_1_65' title="bbox 243 4491 448 4563">
     <span class='ocr_line' id='line_1_65' title="bbox 243 4491 448 4563; baseline 0.01 -16"><span class='ocrx_word' id='word_1_530' title='bbox 243 4491 420 4563; x_wconf 88' lang='lat' dir='ltr'>judex</span> <span class='ocrx_word' id='word_1_531' title='bbox 433 4537 448 4549; x_wconf 95' lang='lat'>.</span> 
     </span>
    </p>
   </div>
   <div class='ocr_carea' id='block_1_66' title="bbox 318 4581 1860 4655">
    <p class='ocr_par' dir='ltr' id='par_1_66' title="bbox 318 4581 1860 4655">
     <span class='ocr_line' id='line_1_66' title="bbox 318 4581 1860 4655; baseline -0.002 -15"><span class='ocrx_word' id='word_1_532' title='bbox 318 4584 514 4655; x_wconf 83' lang='lat' dir='ltr'>(Vers.</span> <span class='ocrx_word' id='word_1_533' title='bbox 555 4583 644 4652; x_wconf 89' lang='lat'>22,</span> <span class='ocrx_word' id='word_1_534' title='bbox 694 4582 809 4655; x_wconf 87' lang='lat'><strong>23.)</strong></span> <span class='ocrx_word' id='word_1_535' title='bbox 867 4606 886 4630; x_wconf 74' lang='grc' dir='ltr'>ι</span> <span class='ocrx_word' id='word_1_536' title='bbox 914 4583 986 4638; x_wconf 92' lang='lat' dir='ltr'>Et</span> <span class='ocrx_word' id='word_1_537' title='bbox 1015 4581 1207 4639; x_wconf 89' lang='lat' dir='ltr'>omnia</span> <span class='ocrx_word' id='word_1_538' title='bbox 1234 4581 1469 4654; x_wconf 90' lang='lat' dir='ltr'>subjecit</span> <span class='ocrx_word' id='word_1_539' title='bbox 1501 4581 1602 4638; x_wconf 90' lang='lat' dir='ltr'>sub</span> <span class='ocrx_word' id='word_1_540' title='bbox 1630 4582 1860 4654; x_wconf 89' lang='lat' dir='ltr'>pedibus</span> 
     </span>
    </p>
   </div>
   <div class='ocr_carea' id='block_1_67' title="bbox 246 4671 1854 4747">
    <p class='ocr_par' dir='ltr' id='par_1_67' title="bbox 246 4671 1854 4747">
     <span class='ocr_line' id='line_1_67' title="bbox 246 4671 1854 4747; baseline 0.001 -21"><span class='ocrx_word' id='word_1_541' title='bbox 246 4671 450 4743; x_wconf 89' lang='lat' dir='ltr'>ejus,et</span> <span class='ocrx_word' id='word_1_542' title='bbox 485 4674 668 4746; x_wconf 89' lang='lat' dir='ltr'>ipsum</span> <span class='ocrx_word' id='word_1_543' title='bbox 699 4675 851 4731; x_wconf 90' lang='lat' dir='ltr'>dedit</span> <span class='ocrx_word' id='word_1_544' title='bbox 882 4683 1044 4747; x_wconf 89' lang='lat' dir='ltr'>caput</span> <span class='ocrx_word' id='word_1_545' title='bbox 1077 4691 1241 4747; x_wconf 89' lang='lat' dir='ltr'>super</span> <span class='ocrx_word' id='word_1_546' title='bbox 1269 4690 1488 4732; x_wconf 89' lang='lat' dir='ltr'>omnem</span> <span class='ocrx_word' id='word_1_547' title='bbox 1527 4672 1854 4743; x_wconf 91' lang='lat' dir='ltr'>Ecclesiam,</span> 
     </span>
    </p>
   </div>
   <div class='ocr_carea' id='block_1_68' title="bbox 245 4762 1857 4837">
    <p class='ocr_par' dir='ltr' id='par_1_68' title="bbox 245 4762 1857 4837">
     <span class='ocr_line' id='line_1_68' title="bbox 245 4762 1857 4837; baseline 0 -19"><span class='ocrx_word' id='word_1_548' title='bbox 245 4779 364 4834; x_wconf 73' lang='lat' dir='ltr'>qua:</span> <span class='ocrx_word' id='word_1_549' title='bbox 423 4772 513 4819; x_wconf 87' lang='lat' dir='ltr'>est</span> <span class='ocrx_word' id='word_1_550' title='bbox 553 4779 752 4836; x_wconf 89' lang='lat' dir='ltr'>corpus</span> <span class='ocrx_word' id='word_1_551' title='bbox 805 4771 860 4818; x_wconf 92' lang='lat' dir='ltr'>et</span> <span class='ocrx_word' id='word_1_552' title='bbox 916 4762 1205 4836; x_wconf 92' lang='lat' dir='ltr'>plenitudo</span> <span class='ocrx_word' id='word_1_553' title='bbox 1251 4762 1390 4836; x_wconf 90' lang='lat' dir='ltr'>ejus,</span> <span class='ocrx_word' id='word_1_554' title='bbox 1457 4763 1551 4837; x_wconf 90' lang='lat' dir='ltr'>qui</span> <span class='ocrx_word' id='word_1_555' title='bbox 1583 4762 1857 4819; x_wconf 88' lang='lat' dir='ltr'>omniain</span> 
     </span>
    </p>
   </div>
   <div class='ocr_carea' id='block_1_69' title="bbox 246 4852 1854 4924">
    <p class='ocr_par' dir='ltr' id='par_1_69' title="bbox 246 4852 1854 4924">
     <span class='ocr_line' id='line_1_69' title="bbox 246 4852 1854 4924; baseline 0.002 -19"><span class='ocrx_word' id='word_1_556' title='bbox 246 4854 514 4910; x_wconf 88' lang='lat' dir='ltr'>omnibus</span> <span class='ocrx_word' id='word_1_557' title='bbox 552 4852 904 4924; x_wconf 90' lang='lat' dir='ltr'>adimpletur.</span> <span class='ocrx_word' id='word_1_558' title='bbox 948 4878 966 4903; x_wconf 77' lang='grc' dir='ltr'><strong><em>ι</em></strong></span> <span class='ocrx_word' id='word_1_559' title='bbox 1027 4854 1244 4908; x_wconf 90' lang='lat' dir='ltr'>Patrem</span> <span class='ocrx_word' id='word_1_560' title='bbox 1290 4853 1431 4909; x_wconf 91' lang='lat' dir='ltr'>dicit</span> <span class='ocrx_word' id='word_1_561' title='bbox 1459 4853 1606 4909; x_wconf 92' lang='lat' dir='ltr'>Filio</span> <span class='ocrx_word' id='word_1_562' title='bbox 1633 4869 1854 4909; x_wconf 92' lang='lat' dir='ltr'>omnem</span> 
     </span>
    </p>
   </div>
   <div class='ocr_carea' id='block_1_70' title="bbox 245 4941 1854 5015">
    <p class='ocr_par' dir='ltr' id='par_1_70' title="bbox 245 4941 1854 5015">
     <span class='ocr_line' id='line_1_70' title="bbox 245 4941 1854 5015; baseline 0.002 -18"><span class='ocrx_word' id='word_1_563' title='bbox 245 4951 562 4999; x_wconf 87' lang='lat' dir='ltr'>creaturam</span> <span class='ocrx_word' id='word_1_564' title='bbox 589 4941 887 5014; x_wconf 88' lang='lat' dir='ltr'>subjecisse</span> <span class='ocrx_word' id='word_1_565' title='bbox 914 4984 930 5010; x_wconf 92' lang='lat'><strong>,</strong></span> <span class='ocrx_word' id='word_1_566' title='bbox 963 4950 1025 4997; x_wconf 92' lang='lat' dir='ltr'>ut</span> <span class='ocrx_word' id='word_1_567' title='bbox 1054 4942 1183 5014; x_wconf 91' lang='lat' dir='ltr'>quia</span> <span class='ocrx_word' id='word_1_568' title='bbox 1219 4941 1405 4997; x_wconf 91' lang='lat' dir='ltr'>omnia</span> <span class='ocrx_word' id='word_1_569' title='bbox 1445 4959 1542 5014; x_wconf 93' lang='lat' dir='ltr'>per</span> <span class='ocrx_word' id='word_1_570' title='bbox 1567 4943 1748 5015; x_wconf 90' lang='lat' dir='ltr'>ipsum</span> <span class='ocrx_word' id='word_1_571' title='bbox 1781 4944 1854 5000; x_wconf 90' lang='lat' dir='ltr'>fe-</span> 
     </span>
    </p>
   </div>
   <div class='ocr_carea' id='block_1_71' title="bbox 247 5029 1850 5103">
    <p class='ocr_par' dir='ltr' id='par_1_71' title="bbox 247 5029 1850 5103">
     <span class='ocr_line' id='line_1_71' title="bbox 247 5029 1850 5103; baseline 0.001 -17"><span class='ocrx_word' id='word_1_572' title='bbox 247 5031 323 5086; x_wconf 90' lang='lat' dir='ltr'>cit</span> <span class='ocrx_word' id='word_1_573' title='bbox 355 5033 546 5102; x_wconf 81' lang='lat' dir='ltr'>(Joan.</span> <span class='ocrx_word' id='word_1_574' title='bbox 581 5049 622 5101; x_wconf 84' lang='lat'>1,</span> <span class='ocrx_word' id='word_1_575' title='bbox 649 5032 734 5103; x_wconf 90' lang='lat'>3),</span> <span class='ocrx_word' id='word_1_576' title='bbox 765 5031 880 5103; x_wconf 90' lang='lat' dir='ltr'>ipse</span> <span class='ocrx_word' id='word_1_577' title='bbox 907 5030 1155 5086; x_wconf 91' lang='lat' dir='ltr'>omnium</span> <span class='ocrx_word' id='word_1_578' title='bbox 1185 5046 1354 5102; x_wconf 89' lang='lat' dir='ltr'>capus</span> <span class='ocrx_word' id='word_1_579' title='bbox 1382 5029 1455 5086; x_wconf 89' lang='lat' dir='ltr'>sit</span> <span class='ocrx_word' id='word_1_580' title='bbox 1483 5040 1536 5086; x_wconf 92' lang='lat' dir='ltr'>et</span> <span class='ocrx_word' id='word_1_581' title='bbox 1564 5031 1850 5089; x_wconf 91' lang='lat' dir='ltr'>Dominus.</span> 
     </span>
    </p>
   </div>
   <div class='ocr_carea' id='block_1_72' title="bbox 246 5120 1855 5193">
    <p class='ocr_par' dir='ltr' id='par_1_72' title="bbox 246 5120 1855 5193">
     <span class='ocr_line' id='line_1_72' title="bbox 246 5120 1855 5193; baseline 0.001 -17"><span class='ocrx_word' id='word_1_582' title='bbox 246 5121 402 5179; x_wconf 90' lang='lat' dir='ltr'>Tunc</span> <span class='ocrx_word' id='word_1_583' title='bbox 454 5122 542 5178; x_wconf 92' lang='lat' dir='ltr'>illi</span> <span class='ocrx_word' id='word_1_584' title='bbox 572 5121 760 5178; x_wconf 90' lang='lat' dir='ltr'>omnia</span> <span class='ocrx_word' id='word_1_585' title='bbox 789 5120 1042 5192; x_wconf 91' lang='lat' dir='ltr'>subjecit,</span> <span class='ocrx_word' id='word_1_586' title='bbox 1084 5120 1303 5193; x_wconf 91' lang='lat' dir='ltr'>quando</span> <span class='ocrx_word' id='word_1_587' title='bbox 1333 5121 1492 5177; x_wconf 92' lang='lat' dir='ltr'>illum</span> <span class='ocrx_word' id='word_1_588' title='bbox 1523 5129 1648 5178; x_wconf 91' lang='lat' dir='ltr'>ante</span> <span class='ocrx_word' id='word_1_589' title='bbox 1668 5123 1855 5178; x_wconf 91' lang='lat' dir='ltr'>omnia</span> 
     </span>
    </p>
   </div>
   <div class='ocr_carea' id='block_1_73' title="bbox 250 5209 1851 5284">
    <p class='ocr_par' dir='ltr' id='par_1_73' title="bbox 250 5209 1851 5284">
     <span class='ocr_line' id='line_1_73' title="bbox 250 5209 1851 5284; baseline 0 -18"><span class='ocrx_word' id='word_1_590' title='bbox 250 5212 437 5280; x_wconf 80' lang='lat' dir='ltr'>genuit</span> <span class='ocrx_word' id='word_1_591' title='bbox 469 5229 482 5279; x_wconf 91' lang='lat'>;</span> <span class='ocrx_word' id='word_1_592' title='bbox 532 5219 595 5267; x_wconf 93' lang='lat' dir='ltr'>ut</span> <span class='ocrx_word' id='word_1_593' title='bbox 628 5227 722 5284; x_wconf 92' lang='lat' dir='ltr'>per</span> <span class='ocrx_word' id='word_1_594' title='bbox 751 5211 932 5284; x_wconf 90' lang='lat' dir='ltr'>ipsum</span> <span class='ocrx_word' id='word_1_595' title='bbox 965 5209 1189 5280; x_wconf 89' lang='lat' dir='ltr'>faceret,</span> <span class='ocrx_word' id='word_1_596' title='bbox 1229 5225 1350 5284; x_wconf 79' lang='lat' dir='ltr'>quae</span> <span class='ocrx_word' id='word_1_597' title='bbox 1377 5226 1489 5267; x_wconf 91' lang='lat' dir='ltr'>non</span> <span class='ocrx_word' id='word_1_598' title='bbox 1519 5219 1692 5268; x_wconf 89' lang='lat' dir='ltr'>erant.</span> <span class='ocrx_word' id='word_1_599' title='bbox 1727 5210 1851 5266; x_wconf 87' lang='lat' dir='ltr'>Om-</span> 
     </span>
    </p>
   </div>
   <div class='ocr_carea' id='block_1_74' title="bbox 319 5374 1850 5453">
    <p class='ocr_par' dir='ltr' id='par_1_74' title="bbox 319 5374 1850 5453">
     <span class='ocr_line' id='line_1_74' title="bbox 319 5374 1850 5453; baseline -0.001 -21"><span class='ocrx_word' id='word_1_600' title='bbox 319 5377 404 5449; x_wconf 79' lang='lat' dir='ltr'>(i)</span> <span class='ocrx_word' id='word_1_601' title='bbox 437 5377 570 5434; x_wconf 87' lang='lat' dir='ltr'>Mss.</span> <span class='ocrx_word' id='word_1_602' title='bbox 613 5379 843 5453; x_wconf 88' lang='lat' dir='ltr'>aliquot,</span> <span class='ocrx_word' id='word_1_603' title='bbox 873 5394 990 5434; x_wconf 84' lang='lat' dir='ltr'>cum</span> <span class='ocrx_word' id='word_1_604' title='bbox 1016 5376 1350 5450; x_wconf 77' lang='lat' dir='ltr'>cognoverint</span> <span class='ocrx_word' id='word_1_605' title='bbox 1385 5376 1680 5433; x_wconf 78' lang='lat' dir='ltr'>claritatem</span> <span class='ocrx_word' id='word_1_606' title='bbox 1718 5374 1850 5446; x_wconf 82' lang='lat' dir='ltr'>ejus.</span> 
     </span>
    </p>
   </div>
   <div class='ocr_carea' id='block_1_75' title="bbox 257 5447 1855 5595">
    <p class='ocr_par' dir='ltr' id='par_1_75' title="bbox 257 5447 1855 5595">
     <span class='ocr_line' id='line_1_75' title="bbox 257 5447 1090 5518; baseline 0.004 -14"><span class='ocrx_word' id='word_1_607' title='bbox 257 5447 478 5518; x_wconf 72' lang='lat' dir='ltr'>Tamen,</span> <span class='ocrx_word' id='word_1_608' title='bbox 515 5458 622 5508; x_wconf 88' lang='lat' dir='ltr'>etc.</span> <span class='ocrx_word' id='word_1_609' title='bbox 706 5447 720 5453; x_wconf 83' lang='grc'><em>’</em></span> <span class='ocrx_word' id='word_1_610' title='bbox 1076 5447 1090 5450; x_wconf 62' lang='grc'>⁷</span> 
     </span>
     <span class='ocr_line' id='line_1_76' title="bbox 322 5519 1855 5595; baseline -0.002 -18"><span class='ocrx_word' id='word_1_611' title='bbox 322 5519 406 5594; x_wconf 86' lang='grc'>(2)</span> <span class='ocrx_word' id='word_1_612' title='bbox 462 5521 588 5581; x_wconf 80' lang='lat' dir='ltr'>Vet.</span> <span class='ocrx_word' id='word_1_613' title='bbox 621 5522 756 5581; x_wconf 87' lang='lat' dir='ltr'>edit.</span> <span class='ocrx_word' id='word_1_614' title='bbox 788 5530 844 5581; x_wconf 88' lang='lat' dir='ltr'>et</span> <span class='ocrx_word' id='word_1_615' title='bbox 871 5538 1007 5582; x_wconf 87' lang='lat' dir='ltr'>mss.</span> <span class='ocrx_word' id='word_1_616' title='bbox 1048 5538 1161 5582; x_wconf 91' lang='lat' dir='ltr'>non</span> <span class='ocrx_word' id='word_1_617' title='bbox 1194 5519 1379 5595; x_wconf 86' lang='lat' dir='ltr'>pauci,</span> <span class='ocrx_word' id='word_1_618' title='bbox 1409 5522 1702 5593; x_wconf 74' lang='lat' dir='ltr'>voluptates</span> <span class='ocrx_word' id='word_1_619' title='bbox 1722 5534 1855 5575; x_wconf 83' lang='lat' dir='ltr'>car-</span> 
     </span>
    </p>
   </div>
   <div class='ocr_carea' id='block_1_76' title="bbox 1888 4359 1938 4418">
    <p class='ocr_par' dir='ltr' id='par_1_76' title="bbox 1888 4359 1938 4418">
     <span class='ocr_line' id='line_1_77' title="bbox 1888 4359 1938 4418; baseline 0 0"><span class='ocrx_word' id='word_1_620' title='bbox 1888 4359 1938 4418; x_wconf 95' lang='lat' dir='ltr'>D</span> 
     </span>
    </p>
   </div>
   <div class='ocr_carea' id='block_1_77' title="bbox 1980 1714 3577 1792">
    <p class='ocr_par' dir='ltr' id='par_1_77' title="bbox 1980 1714 3577 1792">
     <span class='ocr_line' id='line_1_78' title="bbox 1980 1714 3577 1792; baseline 0.008 -22"><span class='ocrx_word' id='word_1_621' title='bbox 1980 1714 2136 1772; x_wconf 88' lang='lat' dir='ltr'>lastis</span> <span class='ocrx_word' id='word_1_622' title='bbox 2183 1716 2486 1772; x_wconf 89' lang='lat' dir='ltr'>secundum</span> <span class='ocrx_word' id='word_1_623' title='bbox 2536 1718 2800 1774; x_wconf 66' lang='lat' dir='ltr'>saeculum</span> <span class='ocrx_word' id='word_1_624' title='bbox 2831 1718 2999 1792; x_wconf 90' lang='lat' dir='ltr'>hujus</span> <span class='ocrx_word' id='word_1_625' title='bbox 3023 1721 3239 1780; x_wconf 91' lang='lat' dir='ltr'>mundi.</span> <span class='ocrx_word' id='word_1_626' title='bbox 3270 1746 3289 1770; x_wconf 77' lang='grc' dir='ltr'><strong><em>ι</em></strong></span> <span class='ocrx_word' id='word_1_627' title='bbox 3330 1723 3577 1782; x_wconf 83' lang='lat' dir='ltr'>Mortuos</span> 
     </span>
    </p>
   </div>
   <div class='ocr_carea' id='block_1_78' title="bbox 1977 1804 3573 1888">
    <p class='ocr_par' dir='ltr' id='par_1_78' title="bbox 1977 1804 3573 1888">
     <span class='ocr_line' id='line_1_79' title="bbox 1977 1804 3573 1888; baseline 0.007 -26"><span class='ocrx_word' id='word_1_628' title='bbox 1977 1804 2135 1873; x_wconf 91' lang='lat' dir='ltr'>dicit,</span> <span class='ocrx_word' id='word_1_629' title='bbox 2165 1806 2294 1879; x_wconf 90' lang='lat' dir='ltr'>quia</span> <span class='ocrx_word' id='word_1_630' title='bbox 2321 1822 2532 1863; x_wconf 90' lang='lat' dir='ltr'>errores</span> <span class='ocrx_word' id='word_1_631' title='bbox 2552 1809 2739 1865; x_wconf 85' lang='lat' dir='ltr'>saeculi</span> <span class='ocrx_word' id='word_1_632' title='bbox 2768 1818 3110 1884; x_wconf 82' lang='lat' dir='ltr'>sequuntur;</span> <span class='ocrx_word' id='word_1_633' title='bbox 3143 1811 3573 1888; x_wconf 88' lang='lat' dir='ltr'>quidquidenim</span> 
     </span>
    </p>
   </div>
   <div class='ocr_carea' id='block_1_79' title="bbox 1979 1888 3577 1971">
    <p class='ocr_par' dir='ltr' id='par_1_79' title="bbox 1979 1888 3577 1971">
     <span class='ocr_line' id='line_1_80' title="bbox 1979 1888 3577 1971; baseline 0.008 -21"><span class='ocrx_word' id='word_1_634' title='bbox 1979 1893 2046 1950; x_wconf 87' lang='lat' dir='ltr'>ab</span> <span class='ocrx_word' id='word_1_635' title='bbox 2086 1895 2255 1950; x_wconf 89' lang='lat' dir='ltr'>unius</span> <span class='ocrx_word' id='word_1_636' title='bbox 2295 1896 2396 1952; x_wconf 94' lang='lat' dir='ltr'>Dei</span> <span class='ocrx_word' id='word_1_637' title='bbox 2443 1896 2782 1968; x_wconf 89' lang='lat' dir='ltr'>professione</span> <span class='ocrx_word' id='word_1_638' title='bbox 2826 1888 3053 1971; x_wconf 84' lang='lat' dir='ltr'>recedit,</span> <span class='ocrx_word' id='word_1_639' title='bbox 3085 1909 3368 1960; x_wconf 89' lang='lat' dir='ltr'>mortuum</span> <span class='ocrx_word' id='word_1_640' title='bbox 3396 1902 3577 1961; x_wconf 88' lang='lat' dir='ltr'>habe-</span> 
     </span>
    </p>
   </div>
   <div class='ocr_carea' id='block_1_80' title="bbox 1980 1985 3574 2066">
    <p class='ocr_par' dir='ltr' id='par_1_80' title="bbox 1980 1985 3574 2066">
     <span class='ocr_line' id='line_1_81' title="bbox 1980 1985 3574 2066; baseline 0.008 -27"><span class='ocrx_word' id='word_1_641' title='bbox 1980 1991 2104 2052; x_wconf 89' lang='lat' dir='ltr'>tur;</span> <span class='ocrx_word' id='word_1_642' title='bbox 2160 1985 2290 2057; x_wconf 88' lang='lat' dir='ltr'>quia</span> <span class='ocrx_word' id='word_1_643' title='bbox 2334 2000 2446 2041; x_wconf 91' lang='lat' dir='ltr'>non</span> <span class='ocrx_word' id='word_1_644' title='bbox 2497 1994 2683 2044; x_wconf 90' lang='lat' dir='ltr'>manet</span> <span class='ocrx_word' id='word_1_645' title='bbox 2719 1987 2778 2044; x_wconf 91' lang='lat' dir='ltr'>in</span> <span class='ocrx_word' id='word_1_646' title='bbox 2807 1989 3012 2060; x_wconf 89' lang='lat' dir='ltr'>radice,</span> <span class='ocrx_word' id='word_1_647' title='bbox 3042 2007 3113 2047; x_wconf 85' lang='lat' dir='ltr'>ex</span> <span class='ocrx_word' id='word_1_648' title='bbox 3141 2007 3249 2066; x_wconf 89' lang='lat' dir='ltr'>qua</span> <span class='ocrx_word' id='word_1_649' title='bbox 3276 1992 3448 2050; x_wconf 88' lang='lat' dir='ltr'>trahit</span> <span class='ocrx_word' id='word_1_650' title='bbox 3467 1995 3574 2052; x_wconf 84' lang='lat' dir='ltr'>ori-</span> 
     </span>
    </p>
   </div>
   <div class='ocr_carea' id='block_1_81' title="bbox 1983 2073 3576 2152">
    <p class='ocr_par' dir='ltr' id='par_1_81' title="bbox 1983 2073 3576 2152">
     <span class='ocr_line' id='line_1_82' title="bbox 1983 2073 3576 2152; baseline 0.007 -23"><span class='ocrx_word' id='word_1_651' title='bbox 1983 2075 2184 2146; x_wconf 89' lang='lat' dir='ltr'>ginem.</span> <span class='ocrx_word' id='word_1_652' title='bbox 2235 2099 2253 2122; x_wconf 72' lang='grc' dir='ltr'><strong>ε</strong></span> <span class='ocrx_word' id='word_1_653' title='bbox 2288 2073 2601 2132; x_wconf 89' lang='lat' dir='ltr'>Secundum</span> <span class='ocrx_word' id='word_1_654' title='bbox 2632 2076 2938 2150; x_wconf 88' lang='lat' dir='ltr'>principem</span> <span class='ocrx_word' id='word_1_655' title='bbox 2979 2080 3265 2152; x_wconf 90' lang='lat' dir='ltr'>potestatis</span> <span class='ocrx_word' id='word_1_656' title='bbox 3290 2082 3432 2139; x_wconf 88' lang='lat' dir='ltr'>aeris</span> <span class='ocrx_word' id='word_1_657' title='bbox 3459 2082 3576 2141; x_wconf 83' lang='lat' dir='ltr'>hu-</span> 
     </span>
    </p>
   </div>
   <div class='ocr_carea' id='block_1_82' title="bbox 1977 2164 3574 2244">
    <p class='ocr_par' dir='ltr' id='par_1_82' title="bbox 1977 2164 3574 2244">
     <span class='ocr_line' id='line_1_83' title="bbox 1977 2164 3574 2244; baseline 0.009 -23"><span class='ocrx_word' id='word_1_658' title='bbox 1977 2164 2091 2238; x_wconf 90' lang='lat' dir='ltr'>jus,</span> <span class='ocrx_word' id='word_1_659' title='bbox 2145 2166 2402 2239; x_wconf 89' lang='lat' dir='ltr'>spiritum</span> <span class='ocrx_word' id='word_1_660' title='bbox 2443 2169 2540 2242; x_wconf 91' lang='lat' dir='ltr'>qui</span> <span class='ocrx_word' id='word_1_661' title='bbox 2589 2185 2738 2228; x_wconf 91' lang='lat' dir='ltr'>nunc</span> <span class='ocrx_word' id='word_1_662' title='bbox 2785 2180 3042 2244; x_wconf 88' lang='lat' dir='ltr'>operatur</span> <span class='ocrx_word' id='word_1_663' title='bbox 3081 2173 3140 2231; x_wconf 91' lang='lat' dir='ltr'>in</span> <span class='ocrx_word' id='word_1_664' title='bbox 3168 2173 3301 2231; x_wconf 86' lang='lat' dir='ltr'>ﬁliis</span> <span class='ocrx_word' id='word_1_665' title='bbox 3325 2175 3574 2236; x_wconf 78' lang='lat' dir='ltr'>difﬁden-</span> 
     </span>
    </p>
   </div>
   <div class='ocr_carea' id='block_1_83' title="bbox 1977 2254 3573 2337">
    <p class='ocr_par' dir='ltr' id='par_1_83' title="bbox 1977 2254 3573 2337">
     <span class='ocr_line' id='line_1_84' title="bbox 1977 2254 3573 2337; baseline 0.008 -28"><span class='ocrx_word' id='word_1_666' title='bbox 1977 2254 2090 2310; x_wconf 64' lang='lat' dir='ltr'>tiae.</span> <span class='ocrx_word' id='word_1_667' title='bbox 2125 2280 2143 2303; x_wconf 79' lang='grc' dir='ltr'><strong><em>ι</em></strong></span> <span class='ocrx_word' id='word_1_668' title='bbox 2177 2255 2488 2329; x_wconf 88' lang='lat' dir='ltr'>Principem</span> <span class='ocrx_word' id='word_1_669' title='bbox 2522 2258 2822 2330; x_wconf 90' lang='lat' dir='ltr'>potestatis,</span> <span class='ocrx_word' id='word_1_670' title='bbox 2855 2259 2910 2316; x_wconf 92' lang='lat' dir='ltr'>id</span> <span class='ocrx_word' id='word_1_671' title='bbox 2939 2267 3041 2329; x_wconf 90' lang='lat' dir='ltr'>est,</span> <span class='ocrx_word' id='word_1_672' title='bbox 3072 2260 3375 2332; x_wconf 89' lang='lat' dir='ltr'>diabolum,</span> <span class='ocrx_word' id='word_1_673' title='bbox 3407 2263 3573 2337; x_wconf 87' lang='lat' dir='ltr'>signi-</span> 
     </span>
    </p>
   </div>
   <div class='ocr_carea' id='block_1_84' title="bbox 1976 2343 3577 2422">
    <p class='ocr_par' dir='ltr' id='par_1_84' title="bbox 1976 2343 3577 2422">
     <span class='ocr_line' id='line_1_85' title="bbox 1976 2343 3577 2422; baseline 0.007 -23"><span class='ocrx_word' id='word_1_674' title='bbox 1976 2343 2106 2399; x_wconf 84' lang='lat' dir='ltr'>ficat</span> <span class='ocrx_word' id='word_1_675' title='bbox 2152 2344 2343 2400; x_wconf 86' lang='lat' dir='ltr'>saeculi</span> <span class='ocrx_word' id='word_1_676' title='bbox 2383 2344 2811 2420; x_wconf 87' lang='lat' dir='ltr'>intelligentiam</span> <span class='ocrx_word' id='word_1_677' title='bbox 2863 2349 3172 2422; x_wconf 88' lang='lat' dir='ltr'>corrupisse</span> <span class='ocrx_word' id='word_1_678' title='bbox 3208 2370 3222 2420; x_wconf 95' lang='lat'>;</span> <span class='ocrx_word' id='word_1_679' title='bbox 3274 2360 3337 2408; x_wconf 88' lang='lat' dir='ltr'>ut</span> <span class='ocrx_word' id='word_1_680' title='bbox 3364 2352 3434 2410; x_wconf 89' lang='lat' dir='ltr'>ab</span> <span class='ocrx_word' id='word_1_681' title='bbox 3463 2370 3577 2412; x_wconf 91' lang='lat' dir='ltr'>uno</span> 
     </span>
    </p>
   </div>
   <div class='ocr_carea' id='block_1_85' title="bbox 1975 2433 3574 2514">
    <p class='ocr_par' dir='ltr' id='par_1_85' title="bbox 1975 2433 3574 2514">
     <span class='ocr_line' id='line_1_86' title="bbox 1975 2433 3574 2514; baseline 0.009 -26"><span class='ocrx_word' id='word_1_682' title='bbox 1975 2433 2088 2489; x_wconf 93' lang='lat' dir='ltr'>Deo</span> <span class='ocrx_word' id='word_1_683' title='bbox 2117 2433 2450 2503; x_wconf 90' lang='lat' dir='ltr'>recederent,</span> <span class='ocrx_word' id='word_1_684' title='bbox 2484 2438 2788 2494; x_wconf 90' lang='lat' dir='ltr'>multorum</span> <span class='ocrx_word' id='word_1_685' title='bbox 2809 2437 3037 2497; x_wconf 91' lang='lat' dir='ltr'>deorum</span> <span class='ocrx_word' id='word_1_686' title='bbox 3067 2441 3383 2514; x_wconf 89' lang='lat' dir='ltr'>opinionem</span> <span class='ocrx_word' id='word_1_687' title='bbox 3405 2445 3574 2502; x_wconf 80' lang='lat' dir='ltr'>susci-</span> 
     </span>
    </p>
   </div>
   <div class='ocr_carea' id='block_1_86' title="bbox 1977 2522 3572 2603">
    <p class='ocr_par' dir='ltr' id='par_1_86' title="bbox 1977 2522 3572 2603">
     <span class='ocr_line' id='line_1_87' title="bbox 1977 2522 3572 2603; baseline 0.009 -27"><span class='ocrx_word' id='word_1_688' title='bbox 1977 2522 2208 2594; x_wconf 88' lang='lat' dir='ltr'>pientes,</span> <span class='ocrx_word' id='word_1_689' title='bbox 2262 2532 2324 2579; x_wconf 88' lang='lat' dir='ltr'>ut</span> <span class='ocrx_word' id='word_1_690' title='bbox 2354 2523 2534 2580; x_wconf 91' lang='lat' dir='ltr'>socios</span> <span class='ocrx_word' id='word_1_691' title='bbox 2564 2526 2691 2582; x_wconf 90' lang='lat' dir='ltr'>illos</span> <span class='ocrx_word' id='word_1_692' title='bbox 2721 2544 2831 2582; x_wconf 62' lang='lat' dir='ltr'>suae</span> <span class='ocrx_word' id='word_1_693' title='bbox 2859 2531 3285 2602; x_wconf 90' lang='lat' dir='ltr'>conspirationis</span> <span class='ocrx_word' id='word_1_694' title='bbox 3315 2531 3572 2603; x_wconf 70' lang='lat' dir='ltr'>ediceret,</span> 
     </span>
    </p>
   </div>
   <div class='ocr_carea' id='block_1_87' title="bbox 1977 2610 3576 2691">
    <p class='ocr_par' dir='ltr' id='par_1_87' title="bbox 1977 2610 3576 2691">
     <span class='ocr_line' id='line_1_88' title="bbox 1977 2610 3576 2691; baseline 0.007 -25"><span class='ocrx_word' id='word_1_695' title='bbox 1977 2610 2110 2667; x_wconf 91' lang='lat' dir='ltr'>dum</span> <span class='ocrx_word' id='word_1_696' title='bbox 2166 2612 2224 2667; x_wconf 91' lang='lat' dir='ltr'>in</span> <span class='ocrx_word' id='word_1_697' title='bbox 2281 2613 2471 2668; x_wconf 89' lang='lat' dir='ltr'>eadem</span> <span class='ocrx_word' id='word_1_698' title='bbox 2530 2613 2814 2685; x_wconf 87' lang='lat' dir='ltr'>impietate</span> <span class='ocrx_word' id='word_1_699' title='bbox 2861 2615 3256 2686; x_wconf 89' lang='lat' dir='ltr'>inveniuntur,</span> <span class='ocrx_word' id='word_1_700' title='bbox 3316 2629 3576 2691; x_wconf 90' lang='lat' dir='ltr'>negantes</span> 
     </span>
    </p>
   </div>
   <div class='ocr_carea' id='block_1_88' title="bbox 1978 2701 3576 2773">
    <p class='ocr_par' dir='ltr' id='par_1_88' title="bbox 1978 2701 3576 2773">
     <span class='ocr_line' id='line_1_89' title="bbox 1978 2701 3576 2773; baseline 0.007 -19"><span class='ocrx_word' id='word_1_701' title='bbox 1978 2717 2151 2754; x_wconf 91' lang='lat' dir='ltr'>unum</span> <span class='ocrx_word' id='word_1_702' title='bbox 2183 2702 2378 2756; x_wconf 91' lang='lat' dir='ltr'>Deum.</span> <span class='ocrx_word' id='word_1_703' title='bbox 2413 2701 2728 2773; x_wconf 90' lang='lat' dir='ltr'>Principem</span> <span class='ocrx_word' id='word_1_704' title='bbox 2749 2718 2876 2773; x_wconf 84' lang='lat' dir='ltr'>ergo</span> <span class='ocrx_word' id='word_1_705' title='bbox 2896 2702 3046 2761; x_wconf 90' lang='lat' dir='ltr'>hunc</span> <span class='ocrx_word' id='word_1_706' title='bbox 3075 2706 3276 2761; x_wconf 89' lang='lat' dir='ltr'>erroris</span> <span class='ocrx_word' id='word_1_707' title='bbox 3296 2705 3420 2762; x_wconf 88' lang='lat' dir='ltr'>ideo</span> <span class='ocrx_word' id='word_1_708' title='bbox 3435 2710 3576 2764; x_wconf 91' lang='lat' dir='ltr'>aeris</span> 
     </span>
    </p>
   </div>
   <div class='ocr_carea' id='block_1_89' title="bbox 1979 2787 3572 2866">
    <p class='ocr_par' dir='ltr' id='par_1_89' title="bbox 1979 2787 3572 2866">
     <span class='ocr_line' id='line_1_90' title="bbox 1979 2787 3572 2866; baseline 0.005 -24"><span class='ocrx_word' id='word_1_709' title='bbox 1979 2787 2118 2843; x_wconf 91' lang='lat' dir='ltr'>dicit</span> <span class='ocrx_word' id='word_1_710' title='bbox 2167 2787 2448 2858; x_wconf 87' lang='lat' dir='ltr'>spiritum,</span> <span class='ocrx_word' id='word_1_711' title='bbox 2499 2795 2562 2844; x_wconf 88' lang='lat' dir='ltr'>ut</span> <span class='ocrx_word' id='word_1_712' title='bbox 2608 2789 2862 2845; x_wconf 91' lang='lat' dir='ltr'>ostendat</span> <span class='ocrx_word' id='word_1_713' title='bbox 2901 2791 3032 2862; x_wconf 88' lang='lat' dir='ltr'>quia</span> <span class='ocrx_word' id='word_1_714' title='bbox 3064 2790 3206 2849; x_wconf 90' lang='lat' dir='ltr'>hanc</span> <span class='ocrx_word' id='word_1_715' title='bbox 3230 2799 3440 2866; x_wconf 88' lang='lat' dir='ltr'>partem</span> <span class='ocrx_word' id='word_1_716' title='bbox 3468 2795 3572 2851; x_wconf 90' lang='lat' dir='ltr'>sibi</span> 
     </span>
    </p>
   </div>
   <div class='ocr_carea' id='block_1_90' title="bbox 1979 2876 3571 2948">
    <p class='ocr_par' dir='ltr' id='par_1_90' title="bbox 1979 2876 3571 2948">
     <span class='ocr_line' id='line_1_91' title="bbox 1979 2876 3571 2948; baseline 0.005 -16"><span class='ocrx_word' id='word_1_717' title='bbox 1979 2876 2269 2948; x_wconf 90' lang='lat' dir='ltr'>usurpavit</span> <span class='ocrx_word' id='word_1_718' title='bbox 2298 2877 2364 2933; x_wconf 89' lang='lat' dir='ltr'>ad</span> <span class='ocrx_word' id='word_1_719' title='bbox 2399 2877 2765 2934; x_wconf 85' lang='lat' dir='ltr'>exercendam</span> <span class='ocrx_word' id='word_1_720' title='bbox 2803 2878 3260 2938; x_wconf 87' lang='lat' dir='ltr'>dominationem.</span> <span class='ocrx_word' id='word_1_721' title='bbox 3290 2880 3462 2940; x_wconf 87' lang='lat' dir='ltr'>Aliud</span> <span class='ocrx_word' id='word_1_722' title='bbox 3491 2892 3571 2940; x_wconf 91' lang='lat' dir='ltr'>est</span> 
     </span>
    </p>
   </div>
   <div class='ocr_carea' id='block_1_91' title="bbox 1979 2965 3571 3044">
    <p class='ocr_par' dir='ltr' id='par_1_91' title="bbox 1979 2965 3571 3044">
     <span class='ocr_line' id='line_1_92' title="bbox 1979 2965 3571 3044; baseline 0.005 -24"><span class='ocrx_word' id='word_1_723' title='bbox 1979 2965 2125 3021; x_wconf 91' lang='lat' dir='ltr'>enim</span> <span class='ocrx_word' id='word_1_724' title='bbox 2158 2982 2269 3034; x_wconf 90' lang='lat' dir='ltr'>aer,</span> <span class='ocrx_word' id='word_1_725' title='bbox 2299 2973 2354 3022; x_wconf 89' lang='lat' dir='ltr'>et</span> <span class='ocrx_word' id='word_1_726' title='bbox 2383 2966 2534 3024; x_wconf 91' lang='lat' dir='ltr'>aliud</span> <span class='ocrx_word' id='word_1_727' title='bbox 2565 2967 2818 3041; x_wconf 89' lang='lat' dir='ltr'>princeps</span> <span class='ocrx_word' id='word_1_728' title='bbox 2843 2987 2855 3026; x_wconf 90' lang='lat'>:</span> <span class='ocrx_word' id='word_1_729' title='bbox 2887 2969 2981 3026; x_wconf 91' lang='lat' dir='ltr'>sed</span> <span class='ocrx_word' id='word_1_730' title='bbox 3013 2971 3142 3044; x_wconf 90' lang='lat' dir='ltr'>quia</span> <span class='ocrx_word' id='word_1_731' title='bbox 3167 2971 3226 3027; x_wconf 94' lang='lat' dir='ltr'>in</span> <span class='ocrx_word' id='word_1_732' title='bbox 3256 2971 3465 3030; x_wconf 88' lang='lat' dir='ltr'>mundo</span> <span class='ocrx_word' id='word_1_733' title='bbox 3485 2973 3571 3029; x_wconf 88' lang='lat' dir='ltr'>vel</span> 
     </span>
    </p>
   </div>
   <div class='ocr_carea' id='block_1_92' title="bbox 1977 3054 3336 3133">
    <p class='ocr_par' dir='ltr' id='par_1_92' title="bbox 1977 3054 3336 3133">
     <span class='ocr_line' id='line_1_93' title="bbox 1977 3054 3336 3133; baseline 0.006 -23"><span class='ocrx_word' id='word_1_734' title='bbox 1977 3054 2035 3111; x_wconf 89' lang='lat' dir='ltr'>in</span> <span class='ocrx_word' id='word_1_735' title='bbox 2067 3071 2187 3110; x_wconf 90' lang='lat' dir='ltr'>aere</span> <span class='ocrx_word' id='word_1_736' title='bbox 2216 3056 2552 3127; x_wconf 89' lang='lat' dir='ltr'>dominatur,</span> <span class='ocrx_word' id='word_1_737' title='bbox 2586 3058 2814 3130; x_wconf 91' lang='lat' dir='ltr'>spiritus</span> <span class='ocrx_word' id='word_1_738' title='bbox 2843 3059 2984 3116; x_wconf 88' lang='lat' dir='ltr'>aeris</span> <span class='ocrx_word' id='word_1_739' title='bbox 3009 3061 3336 3133; x_wconf 89' lang='lat' dir='ltr'>appellatur.</span> 
     </span>
    </p>
   </div>
   <div class='ocr_carea' id='block_1_93' title="bbox 2052 3145 3574 3223">
    <p class='ocr_par' dir='ltr' id='par_1_93' title="bbox 2052 3145 3574 3223">
     <span class='ocr_line' id='line_1_94' title="bbox 2052 3145 3574 3223; baseline 0.004 -21"><span class='ocrx_word' id='word_1_740' title='bbox 2052 3145 2234 3216; x_wconf 88' lang='lat' dir='ltr'>(Vers.</span> <span class='ocrx_word' id='word_1_741' title='bbox 2276 3145 2356 3218; x_wconf 92' lang='lat'>3.)</span> <span class='ocrx_word' id='word_1_742' title='bbox 2419 3170 2438 3194; x_wconf 79' lang='grc' dir='ltr'>ι</span> <span class='ocrx_word' id='word_1_743' title='bbox 2488 3148 2552 3203; x_wconf 91' lang='lat' dir='ltr'>In</span> <span class='ocrx_word' id='word_1_744' title='bbox 2581 3147 2780 3220; x_wconf 89' lang='lat' dir='ltr'>quibus</span> <span class='ocrx_word' id='word_1_745' title='bbox 2808 3157 2863 3206; x_wconf 90' lang='lat' dir='ltr'>et</span> <span class='ocrx_word' id='word_1_746' title='bbox 2891 3165 2993 3207; x_wconf 92' lang='lat' dir='ltr'>nos</span> <span class='ocrx_word' id='word_1_747' title='bbox 3021 3148 3320 3223; x_wconf 87' lang='lat' dir='ltr'>aliquando</span> <span class='ocrx_word' id='word_1_748' title='bbox 3346 3167 3574 3208; x_wconf 84' lang='lat' dir='ltr'>conver-</span> 
     </span>
    </p>
   </div>
   <div class='ocr_carea' id='block_1_94' title="bbox 1976 3233 3571 3308">
    <p class='ocr_par' dir='ltr' id='par_1_94' title="bbox 1976 3233 3571 3308">
     <span class='ocr_line' id='line_1_95' title="bbox 1976 3233 3571 3308; baseline 0.005 -20"><span class='ocrx_word' id='word_1_749' title='bbox 1976 3233 2082 3289; x_wconf 87' lang='lat' dir='ltr'>sati</span> <span class='ocrx_word' id='word_1_750' title='bbox 2145 3251 2335 3290; x_wconf 92' lang='lat' dir='ltr'>sumus</span> <span class='ocrx_word' id='word_1_751' title='bbox 2390 3235 2450 3291; x_wconf 92' lang='lat' dir='ltr'>in</span> <span class='ocrx_word' id='word_1_752' title='bbox 2505 3237 2797 3294; x_wconf 90' lang='lat' dir='ltr'>desideriis</span> <span class='ocrx_word' id='word_1_753' title='bbox 2842 3237 3026 3295; x_wconf 90' lang='lat' dir='ltr'>carnis</span> <span class='ocrx_word' id='word_1_754' title='bbox 3054 3245 3273 3308; x_wconf 70' lang='lat' dir='ltr'>nostrae,</span> <span class='ocrx_word' id='word_1_755' title='bbox 3305 3239 3571 3297; x_wconf 79' lang='lat' dir='ltr'>facientes</span> 
     </span>
    </p>
   </div>
   <div class='ocr_carea' id='block_1_95' title="bbox 1975 3324 3572 3398">
    <p class='ocr_par' dir='ltr' id='par_1_95' title="bbox 1975 3324 3572 3398">
     <span class='ocr_line' id='line_1_96' title="bbox 1975 3324 3572 3398; baseline 0.003 -20"><span class='ocrx_word' id='word_1_756' title='bbox 1975 3324 2318 3380; x_wconf 87' lang='lat' dir='ltr'>voluntatem</span> <span class='ocrx_word' id='word_1_757' title='bbox 2363 3326 2547 3382; x_wconf 88' lang='lat' dir='ltr'>carnis</span> <span class='ocrx_word' id='word_1_758' title='bbox 2595 3325 2676 3397; x_wconf 91' lang='lat'><strong>(2)</strong></span> <span class='ocrx_word' id='word_1_759' title='bbox 2726 3334 2781 3382; x_wconf 91' lang='lat' dir='ltr'>et</span> <span class='ocrx_word' id='word_1_760' title='bbox 2804 3326 3165 3384; x_wconf 89' lang='lat' dir='ltr'>consiliorum</span> <span class='ocrx_word' id='word_1_761' title='bbox 3194 3327 3348 3398; x_wconf 90' lang='lat' dir='ltr'>ejus:</span> <span class='ocrx_word' id='word_1_762' title='bbox 3379 3335 3434 3384; x_wconf 91' lang='lat' dir='ltr'>et</span> <span class='ocrx_word' id='word_1_763' title='bbox 3459 3343 3572 3384; x_wconf 86' lang='lat' dir='ltr'>era-</span> 
     </span>
    </p>
   </div>
   <div class='ocr_carea' id='block_1_96' title="bbox 1974 3414 3570 3484">
    <p class='ocr_par' dir='ltr' id='par_1_96' title="bbox 1974 3414 3570 3484">
     <span class='ocr_line' id='line_1_97' title="bbox 1974 3414 3570 3484; baseline 0.003 -17"><span class='ocrx_word' id='word_1_764' title='bbox 1974 3429 2100 3468; x_wconf 89' lang='lat' dir='ltr'>mus</span> <span class='ocrx_word' id='word_1_765' title='bbox 2139 3422 2338 3471; x_wconf 91' lang='lat' dir='ltr'>natura</span> <span class='ocrx_word' id='word_1_766' title='bbox 2391 3414 2497 3470; x_wconf 89' lang='lat' dir='ltr'>ﬁlii</span> <span class='ocrx_word' id='word_1_767' title='bbox 2543 3415 2658 3484; x_wconf 71' lang='lat' dir='ltr'>irae,</span> <span class='ocrx_word' id='word_1_768' title='bbox 2707 3416 2854 3472; x_wconf 88' lang='lat' dir='ltr'>sicut</span> <span class='ocrx_word' id='word_1_769' title='bbox 2899 3423 2954 3473; x_wconf 92' lang='lat' dir='ltr'>et</span> <span class='ocrx_word' id='word_1_770' title='bbox 2978 3415 3184 3474; x_wconf 60' lang='lat' dir='ltr'>caeteri.</span> <span class='ocrx_word' id='word_1_771' title='bbox 3216 3441 3237 3465; x_wconf 76' lang='grc' dir='ltr'><strong><em>ι</em></strong></span> <span class='ocrx_word' id='word_1_772' title='bbox 3278 3415 3570 3472; x_wconf 89' lang='lat' dir='ltr'>Perﬁdiam</span> 
     </span>
    </p>
   </div>
   <div class='ocr_carea' id='block_1_97' title="bbox 1973 3501 3574 3574">
    <p class='ocr_par' dir='ltr' id='par_1_97' title="bbox 1973 3501 3574 3574">
     <span class='ocr_line' id='line_1_98' title="bbox 1973 3501 3574 3574; baseline 0.003 -17"><span class='ocrx_word' id='word_1_773' title='bbox 1973 3501 2268 3574; x_wconf 87' lang='lat' dir='ltr'>signiﬁcat,</span> <span class='ocrx_word' id='word_1_774' title='bbox 2307 3503 2440 3560; x_wconf 91' lang='lat' dir='ltr'>dum</span> <span class='ocrx_word' id='word_1_775' title='bbox 2469 3505 2742 3562; x_wconf 90' lang='lat' dir='ltr'>desideria</span> <span class='ocrx_word' id='word_1_776' title='bbox 2769 3506 2953 3563; x_wconf 88' lang='lat' dir='ltr'>carnis</span> <span class='ocrx_word' id='word_1_777' title='bbox 2981 3515 3268 3564; x_wconf 90' lang='lat' dir='ltr'>memorat.</span> <span class='ocrx_word' id='word_1_778' title='bbox 3305 3505 3574 3564; x_wconf 86' lang='lat' dir='ltr'>Voluntas</span> 
     </span>
    </p>
   </div>
   <div class='ocr_carea' id='block_1_98' title="bbox 1971 3591 3572 3666">
    <p class='ocr_par' dir='ltr' id='par_1_98' title="bbox 1971 3591 3572 3666">
     <span class='ocr_line' id='line_1_99' title="bbox 1971 3591 3572 3666; baseline 0.002 -18"><span class='ocrx_word' id='word_1_779' title='bbox 1971 3591 2120 3648; x_wconf 91' lang='lat' dir='ltr'>enim</span> <span class='ocrx_word' id='word_1_780' title='bbox 2164 3593 2348 3650; x_wconf 90' lang='lat' dir='ltr'>carnis</span> <span class='ocrx_word' id='word_1_781' title='bbox 2393 3601 2474 3650; x_wconf 90' lang='lat' dir='ltr'>est</span> <span class='ocrx_word' id='word_1_782' title='bbox 2521 3593 2840 3651; x_wconf 89' lang='lat' dir='ltr'>visibilibus</span> <span class='ocrx_word' id='word_1_783' title='bbox 2887 3594 3173 3666; x_wconf 88' lang='lat' dir='ltr'>oblectari,</span> <span class='ocrx_word' id='word_1_784' title='bbox 3213 3603 3278 3653; x_wconf 90' lang='lat' dir='ltr'>ut</span> <span class='ocrx_word' id='word_1_785' title='bbox 3303 3596 3572 3652; x_wconf 89' lang='lat' dir='ltr'>elementa</span> 
     </span>
    </p>
   </div>
   <div class='ocr_carea' id='block_1_99' title="bbox 1972 3683 3569 3758">
    <p class='ocr_par' dir='ltr' id='par_1_99' title="bbox 1972 3683 3569 3758">
     <span class='ocr_line' id='line_1_100' title="bbox 1972 3683 3569 3758; baseline 0.002 -20"><span class='ocrx_word' id='word_1_786' title='bbox 1972 3698 2092 3754; x_wconf 88' lang='lat' dir='ltr'>quae</span> <span class='ocrx_word' id='word_1_787' title='bbox 2130 3684 2278 3739; x_wconf 91' lang='lat' dir='ltr'>Deus</span> <span class='ocrx_word' id='word_1_788' title='bbox 2299 3683 2670 3756; x_wconf 85' lang='lat' dir='ltr'>gubernacula</span> <span class='ocrx_word' id='word_1_789' title='bbox 2707 3684 2901 3741; x_wconf 90' lang='lat' dir='ltr'>mundi</span> <span class='ocrx_word' id='word_1_790' title='bbox 2933 3684 3200 3754; x_wconf 89' lang='lat' dir='ltr'>instituit,</span> <span class='ocrx_word' id='word_1_791' title='bbox 3231 3685 3363 3742; x_wconf 88' lang='lat' dir='ltr'>deos</span> <span class='ocrx_word' id='word_1_792' title='bbox 3385 3685 3569 3758; x_wconf 86' lang='lat' dir='ltr'>appel-</span> 
     </span>
    </p>
   </div>
   <div class='ocr_carea' id='block_1_100' title="bbox 1974 3770 3568 3846">
    <p class='ocr_par' dir='ltr' id='par_1_100' title="bbox 1974 3770 3568 3846">
     <span class='ocr_line' id='line_1_101' title="bbox 1974 3770 3568 3846; baseline 0.002 -22"><span class='ocrx_word' id='word_1_793' title='bbox 1974 3770 2068 3837; x_wconf 88' lang='lat' dir='ltr'>let;</span> <span class='ocrx_word' id='word_1_794' title='bbox 2105 3787 2231 3827; x_wconf 91' lang='lat' dir='ltr'>cum</span> <span class='ocrx_word' id='word_1_795' title='bbox 2261 3770 2367 3827; x_wconf 93' lang='lat' dir='ltr'>hoc</span> <span class='ocrx_word' id='word_1_796' title='bbox 2396 3787 2600 3827; x_wconf 90' lang='lat' dir='ltr'>nomen</span> <span class='ocrx_word' id='word_1_797' title='bbox 2629 3772 2728 3827; x_wconf 91' lang='lat' dir='ltr'>uni</span> <span class='ocrx_word' id='word_1_798' title='bbox 2755 3773 2868 3828; x_wconf 90' lang='lat' dir='ltr'>Deo</span> <span class='ocrx_word' id='word_1_799' title='bbox 2888 3772 3171 3842; x_wconf 91' lang='lat' dir='ltr'>debeatur,</span> <span class='ocrx_word' id='word_1_800' title='bbox 3203 3789 3273 3829; x_wconf 83' lang='lat' dir='ltr'>ex</span> <span class='ocrx_word' id='word_1_801' title='bbox 3301 3789 3411 3846; x_wconf 90' lang='lat' dir='ltr'>quo</span> <span class='ocrx_word' id='word_1_802' title='bbox 3439 3781 3568 3829; x_wconf 88' lang='lat' dir='ltr'>sunt</span> 
     </span>
    </p>
   </div>
   <div class='ocr_carea' id='block_1_101' title="bbox 1975 3867 3568 3943">
    <p class='ocr_par' dir='ltr' id='par_1_101' title="bbox 1975 3867 3568 3943">
     <span class='ocr_line' id='line_1_102' title="bbox 1975 3867 3568 3943; baseline -0.001 -19"><span class='ocrx_word' id='word_1_803' title='bbox 1975 3867 2199 3934; x_wconf 90' lang='lat' dir='ltr'>omnia;</span> <span class='ocrx_word' id='word_1_804' title='bbox 2225 3875 2288 3923; x_wconf 91' lang='lat' dir='ltr'>ut</span> <span class='ocrx_word' id='word_1_805' title='bbox 2316 3867 2462 3926; x_wconf 91' lang='lat' dir='ltr'>sicut</span> <span class='ocrx_word' id='word_1_806' title='bbox 2490 3870 2708 3924; x_wconf 91' lang='lat' dir='ltr'>nullum</span> <span class='ocrx_word' id='word_1_807' title='bbox 2738 3869 3063 3943; x_wconf 88' lang='lat' dir='ltr'>participem</span> <span class='ocrx_word' id='word_1_808' title='bbox 3095 3869 3260 3926; x_wconf 88' lang='lat' dir='ltr'>habet</span> <span class='ocrx_word' id='word_1_809' title='bbox 3295 3885 3366 3927; x_wconf 84' lang='lat' dir='ltr'>ex</span> <span class='ocrx_word' id='word_1_810' title='bbox 3393 3869 3483 3926; x_wconf 87' lang='lat' dir='ltr'>his</span> <span class='ocrx_word' id='word_1_811' title='bbox 3509 3871 3568 3925; x_wconf 91' lang='lat' dir='ltr'>in</span> 
     </span>
    </p>
   </div>
   <div class='ocr_carea' id='block_1_102' title="bbox 1969 3956 3565 4024">
    <p class='ocr_par' dir='ltr' id='par_1_102' title="bbox 1969 3956 3565 4024">
     <span class='ocr_line' id='line_1_103' title="bbox 1969 3956 3565 4024; baseline -0.001 -13"><span class='ocrx_word' id='word_1_812' title='bbox 1969 3956 2199 4024; x_wconf 90' lang='lat' dir='ltr'>virtute,</span> <span class='ocrx_word' id='word_1_813' title='bbox 2244 3957 2324 4012; x_wconf 89' lang='lat' dir='ltr'>ita</span> <span class='ocrx_word' id='word_1_814' title='bbox 2369 3958 2585 4013; x_wconf 91' lang='lat' dir='ltr'>nullum</span> <span class='ocrx_word' id='word_1_815' title='bbox 2635 3957 2832 4015; x_wconf 87' lang='lat' dir='ltr'>habeat</span> <span class='ocrx_word' id='word_1_816' title='bbox 2882 3965 3194 4016; x_wconf 89' lang='lat' dir='ltr'>consortem</span> <span class='ocrx_word' id='word_1_817' title='bbox 3235 3958 3296 4013; x_wconf 90' lang='lat' dir='ltr'>in</span> <span class='ocrx_word' id='word_1_818' title='bbox 3320 3957 3565 4012; x_wconf 90' lang='lat' dir='ltr'>nomine.</span> 
     </span>
    </p>
   </div>
   <div class='ocr_carea' id='block_1_103' title="bbox 1973 4042 3570 4116">
    <p class='ocr_par' dir='ltr' id='par_1_103' title="bbox 1973 4042 3570 4116">
     <span class='ocr_line' id='line_1_104' title="bbox 1973 4042 3570 4116; baseline -0.006 -12"><span class='ocrx_word' id='word_1_819' title='bbox 1973 4044 2195 4104; x_wconf 89' lang='lat' dir='ltr'>Christo</span> <span class='ocrx_word' id='word_1_820' title='bbox 2219 4053 2402 4102; x_wconf 91' lang='lat' dir='ltr'>autem</span> <span class='ocrx_word' id='word_1_821' title='bbox 2433 4046 2642 4104; x_wconf 89' lang='lat' dir='ltr'>idcirco</span> <span class='ocrx_word' id='word_1_822' title='bbox 2667 4047 2773 4104; x_wconf 92' lang='lat' dir='ltr'>hoc</span> <span class='ocrx_word' id='word_1_823' title='bbox 2802 4064 3003 4104; x_wconf 88' lang='lat' dir='ltr'>nomen</span> <span class='ocrx_word' id='word_1_824' title='bbox 3030 4061 3144 4101; x_wconf 91' lang='lat' dir='ltr'>non</span> <span class='ocrx_word' id='word_1_825' title='bbox 3173 4051 3423 4116; x_wconf 87' lang='lat' dir='ltr'>negatur,</span> <span class='ocrx_word' id='word_1_826' title='bbox 3439 4042 3570 4113; x_wconf 86' lang='lat' dir='ltr'>quia</span> 
     </span>
    </p>
   </div>
   <div class='ocr_carea' id='block_1_104' title="bbox 1921 4126 3564 4202">
    <p class='ocr_par' dir='ltr' id='par_1_104' title="bbox 1921 4126 3564 4202">
     <span class='ocr_line' id='line_1_105' title="bbox 1921 4126 3564 4202; baseline -0.002 -11"><span class='ocrx_word' id='word_1_827' title='bbox 1921 4126 1944 4141; x_wconf 80' lang='grc'><em>’</em></span> <span class='ocrx_word' id='word_1_828' title='bbox 1970 4135 2114 4191; x_wconf 89' lang='lat' dir='ltr'>sicut</span> <span class='ocrx_word' id='word_1_829' title='bbox 2163 4137 2474 4192; x_wconf 91' lang='lat' dir='ltr'>communis</span> <span class='ocrx_word' id='word_1_830' title='bbox 2518 4137 2598 4194; x_wconf 90' lang='lat' dir='ltr'>eis</span> <span class='ocrx_word' id='word_1_831' title='bbox 2645 4145 2842 4195; x_wconf 87' lang='lat' dir='ltr'>natura</span> <span class='ocrx_word' id='word_1_832' title='bbox 2877 4144 2978 4202; x_wconf 89' lang='lat' dir='ltr'>est,</span> <span class='ocrx_word' id='word_1_833' title='bbox 3016 4136 3094 4188; x_wconf 90' lang='lat' dir='ltr'>ita</span> <span class='ocrx_word' id='word_1_834' title='bbox 3129 4134 3233 4188; x_wconf 89' lang='lat' dir='ltr'>erit</span> <span class='ocrx_word' id='word_1_835' title='bbox 3260 4138 3316 4187; x_wconf 84' lang='lat' dir='ltr'>et</span> <span class='ocrx_word' id='word_1_836' title='bbox 3341 4145 3564 4188; x_wconf 90' lang='lat' dir='ltr'>nomen.</span> 
     </span>
    </p>
   </div>
   <div class='ocr_carea' id='block_1_105' title="bbox 1971 4219 3570 4293">
    <p class='ocr_par' dir='ltr' id='par_1_105' title="bbox 1971 4219 3570 4293">
     <span class='ocr_line' id='line_1_106' title="bbox 1971 4219 3570 4293; baseline -0.002 -15"><span class='ocrx_word' id='word_1_837' title='bbox 1971 4223 2086 4280; x_wconf 88' lang='lat' dir='ltr'>Hoc</span> <span class='ocrx_word' id='word_1_838' title='bbox 2131 4231 2316 4280; x_wconf 91' lang='lat' dir='ltr'>tamen</span> <span class='ocrx_word' id='word_1_839' title='bbox 2366 4224 2512 4280; x_wconf 91' lang='lat' dir='ltr'>inter</span> <span class='ocrx_word' id='word_1_840' title='bbox 2556 4225 2772 4280; x_wconf 90' lang='lat' dir='ltr'>Patrem</span> <span class='ocrx_word' id='word_1_841' title='bbox 2819 4231 2874 4278; x_wconf 91' lang='lat' dir='ltr'>et</span> <span class='ocrx_word' id='word_1_842' title='bbox 2919 4221 3124 4277; x_wconf 90' lang='lat' dir='ltr'>Filium</span> <span class='ocrx_word' id='word_1_843' title='bbox 3156 4219 3408 4290; x_wconf 87' lang='lat' dir='ltr'>interest,</span> <span class='ocrx_word' id='word_1_844' title='bbox 3437 4219 3570 4293; x_wconf 86' lang='lat' dir='ltr'>quia</span> 
     </span>
    </p>
   </div>
   <div class='ocr_carea' id='block_1_106' title="bbox 1971 4308 3567 4382">
    <p class='ocr_par' dir='ltr' id='par_1_106' title="bbox 1971 4308 3567 4382">
     <span class='ocr_line' id='line_1_107' title="bbox 1971 4308 3567 4382; baseline 0.001 -16"><span class='ocrx_word' id='word_1_845' title='bbox 1971 4311 2132 4368; x_wconf 89' lang='lat' dir='ltr'>Pater</span> <span class='ocrx_word' id='word_1_846' title='bbox 2176 4329 2209 4368; x_wconf 91' lang='lat' dir='ltr'>a</span> <span class='ocrx_word' id='word_1_847' title='bbox 2255 4313 2414 4368; x_wconf 91' lang='lat' dir='ltr'>nullo</span> <span class='ocrx_word' id='word_1_848' title='bbox 2444 4311 2550 4368; x_wconf 92' lang='lat' dir='ltr'>hoc</span> <span class='ocrx_word' id='word_1_849' title='bbox 2573 4310 2820 4382; x_wconf 90' lang='lat' dir='ltr'>accepit:</span> <span class='ocrx_word' id='word_1_850' title='bbox 2855 4308 3031 4365; x_wconf 89' lang='lat' dir='ltr'>Filius</span> <span class='ocrx_word' id='word_1_851' title='bbox 3059 4315 3239 4364; x_wconf 88' lang='lat' dir='ltr'>autem</span> <span class='ocrx_word' id='word_1_852' title='bbox 3271 4323 3368 4382; x_wconf 91' lang='lat' dir='ltr'>per</span> <span class='ocrx_word' id='word_1_853' title='bbox 3394 4324 3567 4382; x_wconf 83' lang='lat' dir='ltr'>gene-</span> 
     </span>
    </p>
   </div>
   <div class='ocr_carea' id='block_1_107' title="bbox 1970 4397 3566 4471">
    <p class='ocr_par' dir='ltr' id='par_1_107' title="bbox 1970 4397 3566 4471">
     <span class='ocr_line' id='line_1_108' title="bbox 1970 4397 3566 4471; baseline 0 -14"><span class='ocrx_word' id='word_1_854' title='bbox 1970 4402 2242 4458; x_wconf 89' lang='lat' dir='ltr'>rationem</span> <span class='ocrx_word' id='word_1_855' title='bbox 2300 4401 2489 4458; x_wconf 90' lang='lat' dir='ltr'>omnia</span> <span class='ocrx_word' id='word_1_856' title='bbox 2545 4398 2724 4457; x_wconf 90' lang='lat' dir='ltr'>Patris</span> <span class='ocrx_word' id='word_1_857' title='bbox 2777 4397 3023 4471; x_wconf 89' lang='lat' dir='ltr'>accepit;</span> <span class='ocrx_word' id='word_1_858' title='bbox 3068 4405 3130 4454; x_wconf 93' lang='lat' dir='ltr'>ut</span> <span class='ocrx_word' id='word_1_859' title='bbox 3185 4398 3244 4454; x_wconf 91' lang='lat' dir='ltr'>in</span> <span class='ocrx_word' id='word_1_860' title='bbox 3275 4399 3484 4457; x_wconf 90' lang='lat' dir='ltr'>virtute</span> <span class='ocrx_word' id='word_1_861' title='bbox 3510 4408 3566 4457; x_wconf 89' lang='lat' dir='ltr'>et</span> 
     </span>
    </p>
   </div>
   <div class='ocr_carea' id='block_1_108' title="bbox 1969 4486 3562 4548">
    <p class='ocr_par' dir='ltr' id='par_1_108' title="bbox 1969 4486 3562 4548">
     <span class='ocr_line' id='line_1_109' title="bbox 1969 4486 3562 4548; baseline 0.003 -4"><span class='ocrx_word' id='word_1_862' title='bbox 1969 4489 2280 4547; x_wconf 89' lang='lat' dir='ltr'>substantia</span> <span class='ocrx_word' id='word_1_863' title='bbox 2325 4497 2380 4546; x_wconf 90' lang='lat' dir='ltr'>et</span> <span class='ocrx_word' id='word_1_864' title='bbox 2432 4488 2658 4545; x_wconf 89' lang='lat' dir='ltr'>nomine</span> <span class='ocrx_word' id='word_1_865' title='bbox 2709 4486 2852 4545; x_wconf 91' lang='lat' dir='ltr'>nihil</span> <span class='ocrx_word' id='word_1_866' title='bbox 2890 4487 3058 4545; x_wconf 91' lang='lat' dir='ltr'>distet</span> <span class='ocrx_word' id='word_1_867' title='bbox 3102 4488 3280 4546; x_wconf 89' lang='lat' dir='ltr'>Filius</span> <span class='ocrx_word' id='word_1_868' title='bbox 3324 4505 3357 4546; x_wconf 91' lang='lat' dir='ltr'>a</span> <span class='ocrx_word' id='word_1_869' title='bbox 3381 4490 3562 4548; x_wconf 89' lang='lat' dir='ltr'>Patre.</span> 
     </span>
    </p>
   </div>
   <div class='ocr_carea' id='block_1_109' title="bbox 1969 4576 3561 4652">
    <p class='ocr_par' dir='ltr' id='par_1_109' title="bbox 1969 4576 3561 4652">
     <span class='ocr_line' id='line_1_110' title="bbox 1969 4576 3561 4652; baseline -0.001 -17"><span class='ocrx_word' id='word_1_870' title='bbox 1969 4578 2124 4635; x_wconf 91' lang='lat' dir='ltr'>Unde</span> <span class='ocrx_word' id='word_1_871' title='bbox 2171 4579 2309 4635; x_wconf 91' lang='lat' dir='ltr'>dicit</span> <span class='ocrx_word' id='word_1_872' title='bbox 2338 4597 2349 4634; x_wconf 91' lang='lat'>:</span> <span class='ocrx_word' id='word_1_873' title='bbox 2415 4603 2434 4626; x_wconf 81' lang='grc' dir='ltr'>ι</span> <span class='ocrx_word' id='word_1_874' title='bbox 2463 4576 2664 4635; x_wconf 91' lang='lat' dir='ltr'>Omnia</span> <span class='ocrx_word' id='word_1_875' title='bbox 2692 4593 2813 4652; x_wconf 63' lang='lat' dir='ltr'>quas</span> <span class='ocrx_word' id='word_1_876' title='bbox 2841 4576 3006 4634; x_wconf 90' lang='lat' dir='ltr'>habet</span> <span class='ocrx_word' id='word_1_877' title='bbox 3027 4578 3206 4646; x_wconf 90' lang='lat' dir='ltr'>Pater,</span> <span class='ocrx_word' id='word_1_878' title='bbox 3238 4592 3359 4634; x_wconf 87' lang='lat' dir='ltr'>mea</span> <span class='ocrx_word' id='word_1_879' title='bbox 3384 4586 3514 4634; x_wconf 89' lang='lat' dir='ltr'>sunt</span> <span class='ocrx_word' id='word_1_880' title='bbox 3543 4596 3561 4646; x_wconf 88' lang='lat'>;</span> 
     </span>
    </p>
   </div>
   <div class='ocr_carea' id='block_1_110' title="bbox 1967 4667 3562 4743">
    <p class='ocr_par' dir='ltr' id='par_1_110' title="bbox 1967 4667 3562 4743">
     <span class='ocr_line' id='line_1_111' title="bbox 1967 4667 3562 4743; baseline -0.002 -17"><span class='ocrx_word' id='word_1_881' title='bbox 1967 4678 2021 4726; x_wconf 92' lang='lat' dir='ltr'>et</span> <span class='ocrx_word' id='word_1_882' title='bbox 2051 4684 2172 4724; x_wconf 90' lang='lat' dir='ltr'>mea</span> <span class='ocrx_word' id='word_1_883' title='bbox 2192 4669 2370 4726; x_wconf 90' lang='lat' dir='ltr'>Patris</span> <span class='ocrx_word' id='word_1_884' title='bbox 2385 4671 2568 4743; x_wconf 79' lang='lat' dir='ltr'>(Joan.</span> <span class='ocrx_word' id='word_1_885' title='bbox 2600 4687 2725 4736; x_wconf 81' lang='lat' dir='ltr'>xvr,</span> <span class='ocrx_word' id='word_1_886' title='bbox 2755 4669 2870 4740; x_wconf 83' lang='grc'><strong>15).</strong></span> <span class='ocrx_word' id='word_1_887' title='bbox 2902 4693 2922 4719; x_wconf 71' lang='grc' dir='ltr'><strong><em>ι</em></strong></span> <span class='ocrx_word' id='word_1_888' title='bbox 2960 4669 3084 4726; x_wconf 87' lang='lat' dir='ltr'>Non</span> <span class='ocrx_word' id='word_1_889' title='bbox 3114 4684 3242 4740; x_wconf 93' lang='lat' dir='ltr'>ergo</span> <span class='ocrx_word' id='word_1_890' title='bbox 3271 4667 3562 4742; x_wconf 85' lang='lat' dir='ltr'>indignum</span> 
     </span>
    </p>
   </div>
   <div class='ocr_carea' id='block_1_111' title="bbox 1967 4756 3562 4832">
    <p class='ocr_par' dir='ltr' id='par_1_111' title="bbox 1967 4756 3562 4832">
     <span class='ocr_line' id='line_1_112' title="bbox 1967 4756 3562 4832; baseline -0.001 -17"><span class='ocrx_word' id='word_1_891' title='bbox 1967 4774 2144 4832; x_wconf 92' lang='lat' dir='ltr'>neque</span> <span class='ocrx_word' id='word_1_892' title='bbox 2190 4759 2533 4814; x_wconf 90' lang='lat' dir='ltr'>contrarium</span> <span class='ocrx_word' id='word_1_893' title='bbox 2569 4768 2672 4827; x_wconf 90' lang='lat' dir='ltr'>est,</span> <span class='ocrx_word' id='word_1_894' title='bbox 2704 4757 2751 4815; x_wconf 92' lang='lat' dir='ltr'>si</span> <span class='ocrx_word' id='word_1_895' title='bbox 2778 4766 2834 4815; x_wconf 92' lang='lat' dir='ltr'>et</span> <span class='ocrx_word' id='word_1_896' title='bbox 2863 4756 3116 4816; x_wconf 88' lang='lat' dir='ltr'>Christus</span> <span class='ocrx_word' id='word_1_897' title='bbox 3145 4757 3292 4813; x_wconf 89' lang='lat' dir='ltr'>Deus</span> <span class='ocrx_word' id='word_1_898' title='bbox 3323 4756 3562 4828; x_wconf 89' lang='lat' dir='ltr'>dicatur,</span> 
     </span>
    </p>
   </div>
   <div class='ocr_carea' id='block_1_112' title="bbox 1964 4845 3562 4914">
    <p class='ocr_par' dir='ltr' id='par_1_112' title="bbox 1964 4845 3562 4914">
     <span class='ocr_line' id='line_1_113' title="bbox 1964 4845 3562 4914; baseline -0.003 -8"><span class='ocrx_word' id='word_1_899' title='bbox 1964 4849 2060 4906; x_wconf 91' lang='lat' dir='ltr'>sed</span> <span class='ocrx_word' id='word_1_900' title='bbox 2110 4849 2178 4906; x_wconf 94' lang='lat' dir='ltr'>de</span> <span class='ocrx_word' id='word_1_901' title='bbox 2222 4850 2340 4906; x_wconf 93' lang='lat' dir='ltr'>Deo</span> <span class='ocrx_word' id='word_1_902' title='bbox 2368 4848 2525 4904; x_wconf 90' lang='lat' dir='ltr'>Patre</span> <span class='ocrx_word' id='word_1_903' title='bbox 2549 4865 2564 4914; x_wconf 90' lang='lat'>;</span> <span class='ocrx_word' id='word_1_904' title='bbox 2598 4855 2660 4902; x_wconf 92' lang='lat' dir='ltr'>ut</span> <span class='ocrx_word' id='word_1_905' title='bbox 2686 4849 2854 4904; x_wconf 89' lang='lat' dir='ltr'>unius</span> <span class='ocrx_word' id='word_1_906' title='bbox 2876 4847 2976 4904; x_wconf 90' lang='lat' dir='ltr'>Dei</span> <span class='ocrx_word' id='word_1_907' title='bbox 3006 4845 3304 4903; x_wconf 89' lang='lat' dir='ltr'>auctoritas</span> <span class='ocrx_word' id='word_1_908' title='bbox 3346 4863 3562 4904; x_wconf 87' lang='lat' dir='ltr'>conser-</span> 
     </span>
    </p>
   </div>
   <div class='ocr_carea' id='block_1_113' title="bbox 1964 4935 3559 5010">
    <p class='ocr_par' dir='ltr' id='par_1_113' title="bbox 1964 4935 3559 5010">
     <span class='ocr_line' id='line_1_114' title="bbox 1964 4935 3559 5010; baseline -0.002 -15"><span class='ocrx_word' id='word_1_909' title='bbox 1964 4947 2146 4996; x_wconf 87' lang='lat' dir='ltr'>vetur.</span> <span class='ocrx_word' id='word_1_910' title='bbox 2175 4938 2313 4994; x_wconf 88' lang='lat' dir='ltr'>Nam</span> <span class='ocrx_word' id='word_1_911' title='bbox 2346 4937 2391 4993; x_wconf 89' lang='lat' dir='ltr'>si</span> <span class='ocrx_word' id='word_1_912' title='bbox 2422 4937 2547 5010; x_wconf 91' lang='lat' dir='ltr'>quis</span> <span class='ocrx_word' id='word_1_913' title='bbox 2571 4936 2726 4993; x_wconf 89' lang='lat' dir='ltr'>aliud</span> <span class='ocrx_word' id='word_1_914' title='bbox 2757 4944 2914 5010; x_wconf 90' lang='lat' dir='ltr'>putat</span> <span class='ocrx_word' id='word_1_915' title='bbox 2947 4935 3277 5008; x_wconf 85' lang='lat' dir='ltr'>signiﬁcare,</span> <span class='ocrx_word' id='word_1_916' title='bbox 3306 4951 3434 4993; x_wconf 86' lang='lat' dir='ltr'>cum</span> <span class='ocrx_word' id='word_1_917' title='bbox 3460 4952 3559 4992; x_wconf 89' lang='lat' dir='ltr'>vo-</span> 
     </span>
    </p>
   </div>
   <div class='ocr_carea' id='block_1_114' title="bbox 1964 5027 3562 5104">
    <p class='ocr_par' dir='ltr' id='par_1_114' title="bbox 1964 5027 3562 5104">
     <span class='ocr_line' id='line_1_115' title="bbox 1964 5027 3562 5104; baseline -0.004 -16"><span class='ocrx_word' id='word_1_918' title='bbox 1964 5034 2233 5088; x_wconf 86' lang='lat' dir='ltr'>luntatem</span> <span class='ocrx_word' id='word_1_919' title='bbox 2284 5031 2468 5088; x_wconf 90' lang='lat' dir='ltr'>carnis</span> <span class='ocrx_word' id='word_1_920' title='bbox 2511 5028 2739 5104; x_wconf 85' lang='lat' dir='ltr'>ﬂagitat,</span> <span class='ocrx_word' id='word_1_921' title='bbox 2790 5029 2926 5086; x_wconf 90' lang='lat' dir='ltr'>sciat</span> <span class='ocrx_word' id='word_1_922' title='bbox 2969 5035 3026 5085; x_wconf 91' lang='lat' dir='ltr'>et</span> <span class='ocrx_word' id='word_1_923' title='bbox 3050 5027 3374 5102; x_wconf 82' lang='lat' dir='ltr'>Apostolum</span> <span class='ocrx_word' id='word_1_924' title='bbox 3402 5041 3562 5083; x_wconf 83' lang='lat' dir='ltr'>mun-</span> 
     </span>
    </p>
   </div>
   <div class='ocr_carea' id='block_1_115' title="bbox 1962 5114 3560 5192">
    <p class='ocr_par' dir='ltr' id='par_1_115' title="bbox 1962 5114 3560 5192">
     <span class='ocr_line' id='line_1_116' title="bbox 1962 5114 3560 5192; baseline -0.006 -15"><span class='ocrx_word' id='word_1_925' title='bbox 1962 5121 2089 5177; x_wconf 91' lang='lat' dir='ltr'>dam</span> <span class='ocrx_word' id='word_1_926' title='bbox 2125 5121 2298 5177; x_wconf 91' lang='lat' dir='ltr'>vitam</span> <span class='ocrx_word' id='word_1_927' title='bbox 2336 5119 2628 5188; x_wconf 86' lang='lat' dir='ltr'>habuisse;</span> <span class='ocrx_word' id='word_1_928' title='bbox 2669 5119 2801 5192; x_wconf 90' lang='lat' dir='ltr'>quia</span> <span class='ocrx_word' id='word_1_929' title='bbox 2829 5116 3130 5174; x_wconf 89' lang='lat' dir='ltr'>secundum</span> <span class='ocrx_word' id='word_1_930' title='bbox 3154 5114 3430 5188; x_wconf 87' lang='lat' dir='ltr'>justitiam</span> <span class='ocrx_word' id='word_1_931' title='bbox 3468 5115 3560 5170; x_wconf 91' lang='lat' dir='ltr'>le-</span> 
     </span>
    </p>
   </div>
   <div class='ocr_carea' id='block_1_116' title="bbox 1959 5203 3558 5283">
    <p class='ocr_par' dir='ltr' id='par_1_116' title="bbox 1959 5203 3558 5283">
     <span class='ocr_line' id='line_1_117' title="bbox 1959 5203 3558 5283; baseline -0.006 -18"><span class='ocrx_word' id='word_1_932' title='bbox 1959 5210 2043 5283; x_wconf 88' lang='lat' dir='ltr'>gis</span> <span class='ocrx_word' id='word_1_933' title='bbox 2101 5217 2458 5267; x_wconf 89' lang='lat' dir='ltr'>conversatus</span> <span class='ocrx_word' id='word_1_934' title='bbox 2504 5217 2586 5266; x_wconf 90' lang='lat' dir='ltr'>est</span> <span class='ocrx_word' id='word_1_935' title='bbox 2631 5207 2750 5264; x_wconf 89' lang='lat' dir='ltr'>sine</span> <span class='ocrx_word' id='word_1_936' title='bbox 2795 5206 3035 5280; x_wconf 88' lang='lat' dir='ltr'>querela.</span> <span class='ocrx_word' id='word_1_937' title='bbox 3087 5203 3194 5262; x_wconf 91' lang='lat' dir='ltr'>Sed</span> <span class='ocrx_word' id='word_1_938' title='bbox 3223 5204 3352 5277; x_wconf 90' lang='lat' dir='ltr'>quia</span> <span class='ocrx_word' id='word_1_939' title='bbox 3380 5215 3558 5275; x_wconf 87' lang='lat' dir='ltr'>perse-</span> 
     </span>
    </p>
   </div>
   <div class='ocr_carea' id='block_1_117' title="bbox 1960 5363 3555 5445">
    <p class='ocr_par' dir='ltr' id='par_1_117' title="bbox 1960 5363 3555 5445">
     <span class='ocr_line' id='line_1_118' title="bbox 1960 5363 3555 5445; baseline -0.011 -17"><span class='ocrx_word' id='word_1_940' title='bbox 1960 5372 2064 5428; x_wconf 79' lang='lat' dir='ltr'>m‘s.</span> <span class='ocrx_word' id='word_1_941' title='bbox 2109 5370 2214 5428; x_wconf 92' lang='lat' dir='ltr'>Sed</span> <span class='ocrx_word' id='word_1_942' title='bbox 2261 5369 2504 5445; x_wconf 84' lang='lat' dir='ltr'>antiquis</span> <span class='ocrx_word' id='word_1_943' title='bbox 2548 5367 2911 5445; x_wconf 80' lang='lat' dir='ltr'>scriptoribus</span> <span class='ocrx_word' id='word_1_944' title='bbox 2937 5366 3180 5445; x_wconf 70' lang='lat' dir='ltr'>solemne</span> <span class='ocrx_word' id='word_1_945' title='bbox 3204 5376 3340 5445; x_wconf 71' lang='lat' dir='ltr'>esse,</span> <span class='ocrx_word' id='word_1_946' title='bbox 3370 5363 3555 5445; x_wconf 42' lang='lat' dir='ltr'>title-</span> 
     </span>
    </p>
   </div>
   <div class='ocr_carea' id='block_1_118' title="bbox 1963 5431 3553 5516">
    <p class='ocr_par' dir='ltr' id='par_1_118' title="bbox 1963 5431 3553 5516">
     <span class='ocr_line' id='line_1_119' title="bbox 1963 5431 3553 5516; baseline -0.01 -16"><span class='ocrx_word' id='word_1_947' title='bbox 1963 5445 2229 5500; x_wconf 89' lang='lat' dir='ltr'>luntatem</span> <span class='ocrx_word' id='word_1_948' title='bbox 2252 5431 2719 5516; x_wconf 12' lang='lat' dir='ltr'>_etgvolup_tate&#39;m</span> <span class='ocrx_word' id='word_1_949' title='bbox 2767 5439 2913 5497; x_wconf 90' lang='lat' dir='ltr'>inter</span> <span class='ocrx_word' id='word_1_950' title='bbox 2963 5454 3019 5496; x_wconf 88' lang='lat' dir='ltr'>se</span> <span class='ocrx_word' id='word_1_951' title='bbox 3047 5431 3410 5498; x_wconf 83' lang='lat' dir='ltr'>confundant,</span> <span class='ocrx_word' id='word_1_952' title='bbox 3439 5431 3553 5498; x_wconf 86' lang='lat' dir='ltr'>jam</span> 
     </span>
    </p>
   </div>
   <div class='ocr_carea' id='block_1_119' title="bbox 1962 5513 2709 5575">
    <p class='ocr_par' dir='ltr' id='par_1_119' title="bbox 1962 5513 2709 5575">
     <span class='ocr_line' id='line_1_120' title="bbox 1962 5513 2709 5575; baseline -0.008 0"><span class='ocrx_word' id='word_1_953' title='bbox 1962 5532 2074 5575; x_wconf 89' lang='lat' dir='ltr'>non</span> <span class='ocrx_word' id='word_1_954' title='bbox 2105 5514 2271 5574; x_wconf 88' lang='lat' dir='ltr'>semel</span> <span class='ocrx_word' id='word_1_955' title='bbox 2299 5513 2709 5573; x_wconf 81' lang='lat' dir='ltr'>admonuimus.</span> 
     </span>
    </p>
   </div>
  </div>
