4070 6186
455 331 558 391 399

1437 301 1448 310 ’
1485 325 1581 380 AD
1609 323 1842 381 OPERA
1879 323 1934 381 s.
1977 322 2310 380 AMBROSII
2348 321 2726 380 APPENDIX.

3635 317 3742 376 400

451 467 612 517 cutus
657 465 738 513 est
792 455 956 512 ﬁdem
1004 451 1232 522 Christi,
1282 451 1487 509 idcirco
1538 478 1554 500 ι
1584 455 1912 521 conversati,
1947 452 2027 510 in-
2061 451 2216 522 A9).
2277 451 2369 506 Ha:
2417 458 2544 505 sunt
2580 447 3085 522 superabundantes
3118 446 3350 515 divitiae,
3400 453 3462 502 ut
3518 453 3742 502 tantum

449 548 590 622 quit,
648 563 839 605 sumus
883 548 943 603 in
997 544 1282 603 desideriis
1322 545 1501 602 carnis
1546 555 1766 602 nostrae.
1800 570 1817 593 ›
1862 546 2035 602 Omne

450 637 599 694 enim
633 645 918 710 peccatum
948 653 1074 694 caro
1103 636 1329 704 dicitur,
1360 636 1600 692 maxime
1635 634 1884 707 perﬁdia,
1916 652 2036 708 quae

447 736 530 785 est
559 728 735 786 totius
753 728 976 786 sceleris
1000 735 1194 784 mater.
1234 726 1387 782 Nulli
1417 742 1578 799 opera
1607 727 1750 781 bona
1778 733 1830 780 et
1877 726 2034 782 casti-

446 823 532 873 tas
591 818 856 890 proderit,
915 816 963 872 si
1011 816 1084 872 sit
1132 815 1411 888 perﬁdus;
1462 814 1690 887 perﬁdia
1735 815 1880 870 enim
1918 814 2036 870 haec

447 905 634 962 omnia
685 907 943 964 maculat.
1003 905 1147 960 Hinc
1202 913 1304 973 est,
1364 903 1511 976 quod
1567 903 1851 960 subdidit:
1915 926 1933 950 ι
1964 905 2034 959 Et

445 1010 662 1051 eramus
718 1003 915 1051 natura
969 992 1072 1048 ﬁlii
1121 994 1237 1060 irae,
1287 999 1436 1059 235
1485 992 1627 1048 sicut
1673 999 1727 1046 et
1765 990 1968 1047 caeteri.
2002 1015 2020 1036 ι

440 1097 660 1154 Naturae
699 1097 845 1154 enim
903 1113 1028 1154 cum
1074 1096 1216 1150 mala
1261 1095 1520 1149 voluntas
1567 1093 1915 1166 supponitur,
1973 1091 2035 1146 ﬁt

442 1196 656 1243 natura;
708 1188 822 1256 iraa,
884 1186 941 1242 id
991 1193 1090 1253 est,
1141 1201 1261 1258 qum
1308 1184 1512 1239 ultioni
1551 1182 1895 1254 subjicienda
1940 1183 2031 1250 sit,

445 1275 737 1332 immutata
765 1263 887 1331 non.
909 1274 1234 1342 substantia,
1268 1273 1360 1329 sed
1392 1273 1536 1328 mala
1561 1273 1868 1328 voluntate.
1919 1273 2033 1330 Hoc

441 1363 590 1419 enim
621 1363 916 1436 deputatur
943 1368 1173 1429 naturae,
1202 1362 1349 1434 quod
1380 1361 1662 1434 sequitur;
1692 1362 1838 1417 unde
1867 1361 1943 1417 ait
1973 1361 2031 1417 in

440 1451 580 1508 Isaia
616 1469 628 1508 :
687 1475 705 1498 ι
767 1451 963 1506 Semen
1004 1451 1302 1523 pessimum
1349 1451 1484 1522 (Isa.
1517 1467 1557 1517 1,
1591 1449 1670 1521 4).
1705 1475 1724 1498 ι
1766 1451 1839 1504 Et
1869 1465 2035 1522 quare

439 1542 513 1598 sit
569 1556 754 1599 semen
797 1541 1114 1615 pessimum,
1161 1539 1424 1612 subjecit:
1488 1565 1506 1588 ι
1535 1539 1856 1612 Beliquistis
1882 1539 2030 1596 enim

438 1629 760 1701 Dominum,
794 1631 891 1700 ait,
918 1637 972 1687 et
1001 1630 1069 1686 ad
1098 1628 1440 1686 iracundiam
1471 1628 1742 1685 incitastis
1771 1627 2031 1685 Sanctum

439 1721 606 1777 Israel
640 1721 864 1793 (Ibid);
898 1744 916 1768 ι
979 1728 1041 1776 ut
1071 1727 1267 1776 natura
1304 1734 1425 1792 quae
1461 1718 1662 1774 deserit
1691 1719 1884 1787 Deum,
1917 1735 2033 1791 pes-

439 1811 642 1867 simum
671 1811 858 1866 semen
891 1808 1125 1866 dicatur.
1166 1810 1506 1881 Degenerare
1545 1808 1692 1864 enim
1722 1815 1804 1864 est
1833 1808 1899 1864 ab
1929 1824 2036 1863 au-

437 1908 589 1958 ctore
638 1901 927 1957 recedere:
970 1907 1024 1956 et
1061 1916 1186 1956 cum
1229 1899 1436 1955 malum
1482 1900 1794 1970 exemplum
1823 1898 2036 1955 caeteris

436 1992 661 2067 praebet,
715 1993 920 2048 malum
951 1999 1033 2048 est
1089 2007 1310 2058 semen;
1356 1991 1569 2047 fructus
1595 1991 1744 2046 enim
1772 1989 2036 2064 pessimos

435 2083 588 2138 facit.
622 2082 678 2138 Si
706 2098 840 2140 vero
865 2082 1049 2138 redeat
1079 2081 1146 2138 ad
1161 2083 1481 2150 Auctorem,
1509 2080 1654 2136 bona
1683 2081 1789 2138 erit
1819 2087 2032 2150 natura,

439 2173 744 2230 secundum
790 2174 1139 2246 Apostolum,
1188 2170 1285 2245 qui
1332 2171 1660 2228 immutatus
1701 2170 1833 2226 dum
1873 2186 2036 2243 agno-

435 2264 538 2321 scit
597 2264 911 2322 Creatorem
977 2279 1136 2322 suum
1163 2308 1177 2333 ,
1231 2278 1330 2320 vas
1377 2262 1664 2320 electionis
1733 2261 2037 2335 appellatur

438 2351 581 2423 (Act.
615 2369 695 2421 Ix,
741 2351 854 2424 15).

509 2439 691 2509 (Vers.
732 2438 815 2512 4.)
864 2464 882 2487 ε
910 2441 1056 2496 Deus
1085 2447 1288 2508 autem,
1312 2439 1407 2512 qui
1437 2438 1594 2496 dives
1628 2444 1708 2494 est
1736 2436 1795 2492 in
1825 2435 2035 2492 miseri-

432 2529 620 2586 cordia
655 2535 876 2602 propter
925 2530 1157 2585 multam
1204 2529 1527 2586 charitatem
1573 2543 1746 2594 suam,
1788 2542 1895 2599 qua
1919 2527 2037 2581 mi-

433 2627 616 2676 sertus
673 2626 753 2675 est
805 2619 1002 2675 nostri.
1046 2643 1064 2666 ι
1115 2618 1208 2673 Hae
1238 2634 1380 2673 vera:
1412 2617 1624 2674 divitia».
1653 2624 1782 2673 sunt
1824 2613 2036 2671 miseri-

435 2707 776 2776 cordiarum,
816 2715 880 2762 ut
916 2723 1030 2763 non
1061 2706 1437 2779 qumrentihus
1464 2707 1614 2761 ultro
1660 2702 2038 2760 misericordia

437 2803 808 2869 praestaretur,
849 2796 993 2853 sicut
1030 2796 1166 2852 dicit
1195 2795 1394 2851 Isaias:
1451 2820 1470 2843 ι
1497 2796 1679 2850 Palam
1708 2795 1885 2850 factus
1913 2809 2035 2848 sum

446 2901 559 2941 non
614 2885 991 2958 quaerentibus
1029 2901 1116 2940 me
1146 2884 1280 2957 (Isa.
1313 2900 1442 2952 va,
1476 2885 1552 2955 1);
1576 2908 1595 2931 ι
1639 2883 1747 2940 hoc
1775 2884 1922 2938 enim
1953 2889 2034 2938 est

445 2972 727 3030 abundare
765 2973 1168 3040 misericordia,
1200 2980 1263 3028 ut
1304 2980 1357 3029 et
1388 2989 1499 3028 non
1520 2973 1924 3046 postulantibus
1941 2972 2037 3028 tri-

445 3064 666 3121 buatur.
720 3065 846 3121 Haec
904 3073 1089 3120 tamen
1131 3065 1369 3121 charitas
1424 3066 1522 3121 Dei
1555 3073 1634 3122 est
1664 3082 1790 3139 erga
1825 3083 1943 3133 nos,
1975 3071 2038 3120 ut

2147 541 2308 596 detur
2347 539 2717 610 credentibus,
2764 547 3031 613 quantum
3062 537 3393 609 investigare
3420 552 3533 592 non
3559 545 3746 610 potest

2149 647 2321 687 mens.

2221 721 2401 793 (Vers.
2423 721 2476 788 9,
2511 719 2624 790 10.)
2695 742 2715 768 ι
2742 719 2928 774 Gratia
2955 717 3100 774 enim
3133 715 3272 773 salvi
3316 715 3445 773 facti
3479 717 3611 774 estis
3643 735 3747 792 per

2147 811 2330 867 ﬁdem.
2371 835 2389 856 ι
2443 809 2628 866 Gratia
2673 807 2801 864 ﬁdei
2831 809 2957 863 data
2985 814 3086 876 est,
3118 815 3180 862 ut
3207 806 3498 864 credentes
3529 808 3742 864 salven-

2145 909 2256 956 tur.
2315 926 2333 948 ε
2362 899 2434 955 Et
2470 899 2577 956 hoc
2614 915 2727 954 non
2758 915 2826 953 ex
2855 897 3049 964 vobis;
3082 896 3180 951 Dei
3213 896 3365 951 enim
3402 897 3609 952 donum
3638 906 3745 967 est,

2145 1007 2258 1046 non
2304 1006 2373 1046 ex
2402 991 2677 1062 operibus,
2711 1006 2778 1045 ne
2807 988 2930 1061 quis
2959 987 3243 1060 glorietur.
3289 988 3424 1043 Nam
3451 987 3624 1059 ipsius
3657 1004 3745 1043 su-

2147 1099 2268 1138 mus
2315 1081 2657 1153 ﬁgmentum,
2711 1077 2878 1136 creati
2925 1077 2984 1132 in
3025 1075 3246 1134 Christo
3293 1076 3420 1132 Jesu
3467 1075 3526 1131 in
3576 1092 3747 1148 opera

2145 1171 2307 1238 bona;
2341 1187 2461 1243 quae
2481 1168 2807 1243 praeparavit
2835 1169 2981 1223 Deus
3010 1174 3072 1222 ut
3101 1166 3158 1220 in
3192 1166 3306 1221 illis
3335 1165 3730 1222 ambulemus.»

2146 1261 2366 1318 Verum
2399 1269 2482 1315 est
2513 1303 2527 1328 ,
2584 1258 2712 1331 quia
2753 1257 2934 1312 omnis
2998 1255 3300 1327 gratiarum
3357 1254 3501 1311 actio
3550 1256 3747 1312 salutis

2147 1358 2345 1406 nostra:
2386 1349 2452 1406 ad
2500 1351 2674 1405 Deum
2723 1346 3011 1404 referenda
3039 1353 3138 1413 est,
3173 1345 3266 1418 qui
3305 1344 3743 1402 misericordiam

2146 1457 2298 1496 suam
2343 1439 2503 1495 nobis
2549 1444 2806 1510 praestat;
2866 1444 2928 1492 ut
2981 1443 3266 1492 revocaret
3296 1441 3538 1492 errantes
3565 1434 3635 1490 ad
3663 1434 3747 1489 vi-

2142 1539 2256 1586 tam
2290 1529 2394 1600 (4),
2427 1535 2481 1584 et
2502 1544 2613 1582 non
2644 1533 2952 1599 quaerentes
2980 1541 3178 1581 verum
3207 1525 3328 1581 iter.
3362 1524 3601 1596 Ideoque
3631 1539 3743 1580 non

2145 1630 2225 1676 est
2247 1619 2595 1692 gloriandum
2615 1617 2774 1673 nobis
2795 1615 2852 1671 in
2886 1615 3202 1688 nobisipsis
3234 1633 3248 1681 ;
3282 1614 3377 1671 sed
3400 1615 3456 1670 in
3489 1617 3621 1684 Deo,
3647 1615 3744 1688 qui

2144 1728 2245 1767 nos
2275 1709 2616 1782 regeneravit
2640 1707 2932 1763 nativitate
2960 1705 3169 1763 caelesti
3200 1721 3296 1778 per
3323 1704 3489 1782 ﬁdem
3511 1703 3744 1774 Christi,

2073 1818 2118 1878 Β
2149 1800 2217 1856 ad
2263 1779 2369 1856 hoc
2397 1806 2460 1855 ut
2497 1797 2658 1853 bonis
2702 1796 2960 1869 operibus
3000 1779 3446 1868 exercitatifque
3474 1795 3619 1850 Deus
3647 1810 3744 1850 no-

2141 1890 2228 1946 bis
2267 1888 2382 1961 jam
2432 1887 2638 1945 renatis
2662 1886 2927 1956 decrevit,
2960 1885 3228 1959 promissa
3255 1900 3563 1943 mereamur
3590 1884 3745 1943 acci-

2144 1994 2289 2053 pere.

2217 2069 2400 2141 (V’ers.
2451 2069 2536 2137 ll,
2577 2068 2690 2142 12.)
2747 2093 2766 2116 ι
2814 2065 3077 2125 Memoria
3121 2064 3458 2136 retinentes,
3509 2083 3608 2123 vos
3647 2066 3742 2141 qui

2145 2156 2443 2232 aliquando
2495 2158 2662 2214 eratis
2715 2166 2919 2230 gentes,
2971 2157 3029 2214 in
3079 2171 3260 2224 carne,
3325 2155 3421 2229 qui
3487 2155 3741 2214 dicimini

2145 2249 2497 2322 praeputium,
2524 2247 2592 2304 ab
2633 2263 2692 2304 ea
2727 2263 2847 2321 quae
2875 2247 3082 2303 dicitur
3109 2244 3458 2302 circumcisio
3488 2245 3546 2301 in
3577 2261 3740 2303 carne

2146 2337 2497 2406 manufacta;
2542 2337 2800 2410 quoniam
2863 2335 3027 2393 eratis
3082 2335 3182 2391 illo
3231 2334 3289 2390 in
3333 2342 3580 2407 tempore
3624 2335 3744 2392 sine

2147 2429 2384 2496 Christo,
2417 2427 2640 2483 alienati
2670 2443 2700 2483 a
2729 2427 3148 2484 conversatione
3188 2425 3376 2495 Israel,
3407 2433 3461 2482 et
3499 2425 3743 2499 hospites

2146 2529 2621 2587 testamentorum,
2671 2528 2724 2577 et
2771 2519 3152 2593 promissionis
3200 2535 3388 2575 eorum
3437 2535 3586 2591 spem
3630 2534 3743 2576 non

2144 2612 2426 2679 habentes,
2477 2617 2531 2666 et
2578 2610 2697 2666 sine
2724 2611 2840 2666 Deo
2871 2609 2928 2664 in
2959 2609 3062 2665 hoc
3092 2607 3322 2664 mundo.
3353 2633 3372 2656 ι
3415 2607 3743 2665 Commonet

2146 2709 2351 2774 gentes,
2407 2709 2470 2757 ut
2521 2699 2940 2757 reminiscentes
2987 2699 3120 2774 quid
3147 2699 3356 2756 fuerint
3387 2700 3565 2772 (erant
3593 2699 3740 2755 enim

2143 2792 2408 2860 carnales,
2462 2799 2516 2847 et
2559 2791 2677 2848 sine
2707 2807 2819 2864 spe,
2851 2791 3062 2846 nullam
3087 2788 3467 2862 promissionis
3495 2803 3740 2847 commu-

2145 2885 2368 2941 nionem
2428 2883 2694 2940 habentes
2746 2883 3062 2941 Judaeorum
3120 2882 3179 2939 in
3225 2881 3471 2950 Christo;
3533 2881 3743 2938 Iudaeis

2147 2975 2294 3031 enim
2345 2975 2648 3048 promissus
2697 2983 2814 3031 erat
2857 2975 3128 3043 Christus,
3173 2990 3282 3030 non
3328 2971 3625 3045 gentibus),
3676 2980 3743 3030 ut

2146 3065 2470 3136 propensius
2499 3065 2698 3137 gratias
2728 3072 2889 3138 agant
2919 3067 3032 3122 Deo
3061 3081 3157 3139 per
3188 3063 3488 3131 Christum,
3519 3061 3616 3136 qui
3635 3060 3743 3116 mi-

441 3153 572 3226 quia
618 3153 750 3210 fecit
798 3169 918 3223 nos,
959 3154 1102 3209 nolit
1131 3153 1310 3226 perire
1338 3170 1439 3211 nos
1463 3172 1488 3226 ;,
1507 3154 1690 3228 diligit
1720 3155 1866 3211 enim
1899 3170 2035 3226 opus
2073 3181 2116 3244 ο
2147 3151 2447 3209 sericordia
2475 3170 2571 3209 sua
2601 3153 2732 3210 fecit
2761 3154 2887 3210 illos
2913 3153 3205 3227 participes
3234 3152 3589 3228 spiritalium,
3611 3167 3741 3208 cum

441 3257 624 3299 suum.
676 3242 890 3300 Idcirco
936 3242 1084 3298 enim
1115 3243 1264 3313 fecit,
1307 3251 1370 3300 ut
1409 3252 1635 3314 amaret,
1668 3244 1815 3318 quod
1853 3242 2029 3309 fecit;

440 3346 604 3386 nemo
634 3332 780 3388 enim
813 3331 1056 3390 laborem
1079 3349 1238 3390 suum
1269 3333 1397 3390 odio
1425 3333 1606 3390 habet.

513 3420 695 3492 (Vers.
743 3423 825 3496 5.)
899 3448 916 3472 ι
966 3425 1038 3480 Et
1093 3440 1218 3481 cum
1265 3426 1472 3480 mortui
1510 3440 1749 3481 essemus
1776 3423 2031 3496 peccatis,

435 3509 854 3566 conviviﬁcavit
908 3528 1010 3568 nos
1065 3513 1123 3568 in
1179 3512 1419 3570 Christo.
1466 3536 1486 3560 ι
1556 3515 1606 3569 Α
1649 3514 1762 3568 Deo
1811 3511 2034 3568 alienati

439 3599 650 3655 mortui
691 3615 938 3656 eramus:
1000 3601 1173 3673 gratia
1219 3609 1402 3656 autem
1449 3617 1546 3657 sua
1593 3601 1875 3657 revocavit
1909 3617 2032 3671 nos,

438 3685 546 3744 hoc
592 3696 694 3758 est,
742 3689 1053 3746 viviﬁcavit
1090 3706 1190 3745 nos
1229 3688 1287 3745 in
1318 3689 1560 3747 Christo.
1594 3690 1735 3758 Quia
1763 3690 1908 3746 enim
1940 3707 2038 3762 per

439 3776 620 3849 ipsum
671 3793 772 3834 nos
817 3777 969 3848 fecit,
1021 3780 1221 3836 iterum
1253 3798 1349 3854 per
1379 3781 1556 3853 ipsum
1587 3797 1686 3837 nos
1717 3782 2036 3837 reformavit

436 3865 497 3922 in
553 3866 692 3940 ipso,
741 3867 799 3924 id
844 3875 947 3939 est,
1004 3877 1067 3925 ut
1117 3869 1235 3942 ejus
1280 3871 1525 3926 membra
1555 3871 1774 3938 simus;
1807 3871 1923 3943 ipse
1953 3878 2034 3927 est

435 3967 621 4030 autem
681 3968 845 4033 caput
891 3968 1140 4017 nostrum
1167 3980 1180 4030 ;
1215 3961 1394 4034 ipsum
1427 3960 1573 4018 enim
1606 3961 1892 4030 habemus,
1921 3963 2035 4018 Deo

437 4059 750 4125 praestante,
784 4059 1062 4110 auctorem
1090 4052 1221 4108 vitae
1250 4059 1471 4120 nostrm,
1503 4051 1646 4108 sicut
1675 4051 1814 4109 dicit
1843 4053 2036 4108 Petrus

435 4143 762 4215 apostolus:
849 4166 870 4192 ‹
925 4141 1223 4198 Auctorem
1295 4158 1427 4198 vero
1481 4141 1612 4196 vitae
1677 4140 2033 4198 interfecistis

437 4229 581 4300 (Act.
614 4248 698 4299 ιιι,
733 4230 846 4303 15).
879 4255 897 4279 ›

514 4318 698 4389 (Vers.
729 4321 810 4388 ὅ.)
853 4344 872 4368 ε
902 4321 1072 4395 Cujus
1114 4322 1283 4397 gratia
1311 4321 1449 4379 salvi
1487 4319 1616 4378 facti
1645 4319 1795 4377 estis.
1829 4345 1848 4368 ι
1891 4319 2035 4377 Huic

441 4406 590 4464 dono
639 4407 793 4463 addit
824 4418 877 4465 et
919 4418 1140 4482 gentes;
1178 4412 1496 4485 signiﬁcans
1523 4413 1760 4469 salvatos
1795 4427 1895 4467 nos
1923 4426 2037 4467 esse

435 4497 526 4568 (3)
561 4497 735 4569 gratia
762 4497 989 4555 Christi.

515 4594 697 4668 (Vers.
747 4594 825 4667 7.)
883 4620 900 4643 ι
933 4595 1005 4651 Et
1035 4595 1200 4652 simul
1232 4598 1541 4668 suscitavit,
1575 4606 1628 4655 et
1657 4599 1820 4656 simul
1851 4614 2036 4658 conse-

438 4683 566 4741 dere
605 4683 736 4741 fecit
792 4684 853 4741 in
885 4685 1202 4743 coelestibus
1231 4686 1288 4743 in
1321 4687 1542 4746 Christo
1571 4688 1716 4746 Jesu.
1751 4716 1768 4739 ι
1813 4691 1927 4747 Hoc
1955 4689 2036 4747 di-

439 4772 538 4841 cit,
604 4773 752 4846 quod
798 4791 964 4848 supra
1011 4777 1334 4852 memoravi,
1387 4777 1504 4834 illic
1551 4778 1766 4837 futuros
1823 4786 2038 4837 sanctos

441 4861 609 4919 etiam
631 4879 701 4920 ex
732 4865 1006 4938 gentibus,
1038 4865 1135 4921 ubi
1167 4875 1218 4925 et
1250 4867 1502 4926 Christus
1531 4878 1611 4926 est
1639 4877 1802 4944 caput
1823 4885 2034 4929 eorum.

514 4957 698 5032 (Vers.
741 4959 821 5033 8.)
885 4984 906 5010 ‹
951 4961 1022 5017 Ut
1074 4960 1389 5022 ostenderet
1437 4966 1495 5021 in
1544 4967 1759 5023 saeculis
1783 4982 2037 5038 superve-

443 5049 726 5107 nientibus
773 5049 1280 5124 superabundantes
1325 5053 1552 5111 divitias
1595 5056 1779 5128 gratiae
1819 5072 1929 5111 suae
1979 5055 2037 5110 in

440 5137 688 5196 bonitate
718 5155 881 5213 super
910 5155 1011 5195 nos
1032 5139 1089 5194 in
1107 5138 1327 5197 Christo
1357 5142 1502 5201 Jesu.
1535 5169 1553 5190 ι
1599 5145 1713 5201 Hoc
1744 5143 2035 5217 signiﬁcat,

442 5230 573 5304 quia
602 5231 661 5287 in
691 5231 878 5287 futuro
908 5231 1109 5288 saeculo
1141 5229 1449 5288 immortale
1495 5234 1704 5290 donum
1749 5235 1849 5291 Dei
1874 5251 2036 5308 appa-

445 5318 589 5376 rebit
633 5320 690 5376 in
729 5319 1172 5378 remuneratione
1202 5320 1484 5391 ﬁdelium;
1519 5324 1665 5397 quod
1703 5324 1897 5381 oculus
1925 5341 2037 5382 non

444 5408 612 5480 vidit,
660 5426 762 5468 nec
789 5410 937 5468 auris
966 5410 1201 5480 audivit,
1241 5427 1341 5468 nec
1371 5411 1431 5467 in
1457 5428 1553 5468 cor
1582 5411 1827 5470 hominis
1855 5431 2037 5473 ascen-

441 5497 548 5568 dit,
579 5515 699 5573 quaa
729 5501 1056 5577 praeparavit
1085 5503 1230 5560 Deus
1258 5500 1618 5576 diligentibus
1631 5504 1822 5579 eum(I
1839 5504 2034 5578 Com,

517 5678 600 5753 (3)
632 5679 794 5741 Rom.
839 5683 975 5744 edit.
1009 5684 1146 5756 sola,
1179 5683 1411 5744 salvatos
1437 5702 1534 5743 nos
1559 5701 1732 5746 omnes
1770 5704 1892 5760 esse,
1927 5696 2033 5746 etc.

2067 4551 2117 4611 D

2146 3250 2327 3298 essent
2379 3244 2642 3300 carnales.
2688 3242 2816 3300 Ideo
2868 3252 3052 3301 tamen
3105 3243 3478 3313 circumcisio,
3528 3242 3626 3313 ait,
3681 3241 3741 3297 in

2143 3350 2306 3391 carne
2353 3333 2689 3400 manufacta,
2739 3343 2802 3392 ut
2844 3336 3180 3410 signiﬁcaret
3209 3336 3372 3394 aliam
3410 3351 3522 3392 non
3551 3348 3742 3390 manu-

2141 3423 2346 3482 factam
2375 3424 2702 3497 spiritalem.

2219 3514 2398 3586 (Vers.
2435 3513 2546 3586 13.)
2593 3539 2612 3560 ι
2640 3515 2805 3572 Nunc
2833 3524 3018 3573 autem
3047 3515 3108 3572 in
3129 3514 3352 3574 Christo
3370 3515 3498 3572 Jesu
3521 3530 3622 3571 vos
3643 3511 3740 3587 qui

2146 3603 2444 3676 aliquando
2473 3603 2634 3676 longe
2666 3605 2852 3674 eratis,
2886 3605 3015 3662 facti
3047 3606 3176 3662 estis
3205 3622 3374 3679 prope
3402 3621 3498 3680 per
3523 3606 3742 3678 sangui-

2147 3711 2271 3750 nem
2309 3695 2533 3753 Christi.
2575 3721 2595 3745 ι
2640 3695 2841 3753 Adhuc
2872 3695 3082 3752 donum
3122 3704 3175 3753 et
3204 3698 3432 3770 gratiam
3462 3696 3561 3753 Dei
3589 3712 3738 3752 com-

2147 3785 2388 3855 mendat,
2422 3788 2511 3844 cui
2542 3804 2644 3844 nos
2669 3803 2884 3860 semper
2912 3788 3066 3843 velut
3097 3785 3369 3843 obnoxios
3399 3787 3597 3859 gratias
3617 3787 3741 3842 vult

2145 3873 2366 3942 referre;
2401 3876 2609 3934 idcirco
2641 3876 2789 3933 enim
2839 3876 2899 3932 in
2931 3875 3194 3949 sanguine
3226 3874 3430 3933 Christi
3458 3874 3743 3947 proximos

2145 3982 2245 4022 nos
2272 3967 2385 4022 Deo
2418 3967 2590 4024 factos
2621 3974 2908 4037 memorat,
2937 3973 3000 4022 ut
3029 3972 3296 4039 quantum
3325 3964 3578 4021 aﬁ'ectum
3594 3963 3744 4021 circa

2145 4073 2244 4112 nos
2274 4055 2471 4114 habeat
2501 4059 2669 4130 Deus,
2701 4057 3034 4127 ostenderet,
3067 4056 3160 4130 qui
3201 4073 3300 4130 pro
3329 4055 3490 4112 nobis
3530 4052 3739 4111 Filium

2145 4163 2303 4202 suum
2361 4148 2499 4203 mori
2550 4149 2832 4220 permisit;
2867 4155 2931 4205 ut
2959 4155 3011 4204 et
3042 4164 3144 4203 nos
3173 4147 3232 4202 in
3264 4146 3371 4203 ﬁde
3399 4145 3517 4218 ejus
3540 4143 3744 4200 duran-

2147 4245 2244 4307 tes,
2273 4238 2534 4294 omnibus
2563 4239 2752 4295 exitiis
2781 4255 2880 4311 pro
2911 4238 3010 4295 illo
3039 4238 3200 4295 nobis
3242 4236 3414 4293 illatis
3443 4251 3555 4291 non
3585 4233 3748 4290 ceda-

2146 4343 2289 4396 mus,
2338 4327 2573 4383 scientes
2620 4328 2743 4401 plus
2777 4326 2939 4383 illum
2986 4326 3056 4383 de
3112 4327 3274 4383 nobis
3319 4323 3540 4391 mereri,
3575 4338 3742 4396 quam

2147 4431 2487 4490 quaecunque
2528 4417 2595 4472 ab
2647 4416 2890 4474 inimicis
2940 4422 3167 4490 possunt
3203 4413 3433 4471 inferri:
3465 4413 3564 4468 ille
3591 4411 3742 4467 enim

2147 4521 2274 4560 cum
2317 4505 2386 4561 sit
2424 4505 2716 4574 Dominus,
2748 4512 2801 4561 et
2831 4504 3042 4561 nullius
3071 4511 3244 4576 egeat,
3277 4501 3484 4558 obtulit
3513 4515 3570 4555 se
3595 4503 3745 4563 238

2148 4621 2245 4677 pro
2291 4603 2487 4666 nobis;
2539 4613 2600 4661 ut
2639 4622 2751 4662 non
2805 4603 2911 4674 illi,
2953 4604 3046 4661 sed
3085 4601 3246 4659 nobis
3292 4598 3599 4673 proﬁceret.
3631 4595 3746 4652 Nos

2147 4695 2294 4750 enim
2327 4696 2540 4752 etiamsi
2574 4696 2733 4752 nobis
2771 4711 2882 4750 non
2913 4693 3221 4767 proﬁceret,
3252 4691 3394 4747 forte
3423 4701 3748 4761 cogeremur

2147 4785 2286 4841 mori
2326 4802 2424 4858 pro
2473 4787 2590 4859 ipso
2637 4785 2863 4842 domino
2906 4783 3088 4840 servi:
3151 4789 3356 4857 quanto
3402 4778 3574 4851 magis
3613 4791 3746 4833 cum

2148 4892 2257 4932 non
2307 4879 2485 4933 solum
2515 4875 2690 4943 illius,
2723 4875 2816 4933 sed
2843 4883 2897 4932 et
2934 4880 3123 4931 nostra
3159 4888 3308 4929 mors
3338 4869 3498 4927 nobis
3522 4871 3747 4940 praestet

2147 4965 2400 5022 effectum
2425 4967 2438 5022 ι

2222 5054 2402 5126 (Vers.
2456 5051 2569 5127 14.)
2617 5078 2634 5102 α
2663 5055 2783 5127 Ipse
2811 5053 2956 5111 enim
2985 5058 3067 5109 est
3107 5068 3217 5126 pax
3245 5058 3451 5119 nostra,
3485 5048 3581 5123 qui
3611 5047 3748 5106 fecit

2147 5150 2376 5218 utraque
2423 5160 2618 5212 unum,
2653 5151 2708 5200 et
2758 5143 3001 5201 medium
3045 5142 3307 5217 parietem
3357 5139 3609 5196 maceriae
3637 5139 3749 5194 sol-

2146 5234 2303 5302 vens,
2346 5231 2670 5290 inimicitias
2715 5233 2774 5288 in
2803 5250 2964 5291 carne
2993 5250 3108 5291 sua.
3145 5259 3164 5283 ι
3210 5232 3404 5288 Pacem
3439 5229 3571 5287 fecit
3597 5227 3750 5285 inter

2147 5324 2627 5382 circumcisionem
2684 5332 2738 5380 et
2789 5325 3119 5399 praeputium
3169 5322 3350 5397 passio
3417 5319 3744 5377 Salvatoris.

2147 5414 2505 5472 Inimicitiam
2534 5414 2706 5485 enim,
2748 5433 2868 5490 quae
2901 5417 3054 5471 velut
3083 5413 3264 5487 paries
3302 5410 3486 5468 media
3531 5416 3669 5479 erat,
3693 5418 3751 5467 et

2148 5505 2430 5562 dividebat
2458 5506 2937 5565 circumcisionem
2967 5503 3303 5579 apraaputio,
3326 5509 3382 5560 et
3409 5500 3747 5577 praeputium

2223 5685 2304 5762 (4)
2337 5686 2599 5748 Nonnulli
2631 5703 2785 5758 mss.,
2819 5692 3057 5744 errantes
3079 5701 3254 5743 omnes
3282 5683 3355 5741 ad
3385 5682 3561 5756 ﬁdem.
