4108 6184
312 345 410 403 401
1376 340 1738 401 COMMENT.
1779 338 1850 396 IN
1886 337 2104 396 EPIST.
2145 338 2240 394 AD
2279 337 2524 410 EPHES.

3493 343 3599 401 402

313 489 344 529 a
377 469 818 537 circumcisione,
867 468 1012 526 hanc
1041 469 1207 552 solvit
1234 469 1506 538 Salvator,
1537 467 1674 524 dans
1723 467 1894 540 legem
1928 467 1979 527 A
2012 463 2306 537 participes
2351 480 2561 533 eorum,
2592 465 2687 540 qui
2730 482 2896 540 prope
2943 468 3119 524 Deum
3161 470 3602 538 erant,concives

312 569 370 618 ut
393 576 570 633 neque
615 558 836 616 Iudaeus
881 575 1212 632 praesumens
1237 558 1306 616 de
1349 558 1772 616 circumcisione
1801 573 1898 612 re—

309 651 563 724 probaret
616 649 894 723 gentilem,
926 666 1100 724 neque
1142 649 1363 724 gentilis
1391 649 1537 706 ﬁdus
1579 648 1646 705 de
1676 664 1904 720 praepu-

307 739 406 810 tio,
434 739 493 796 id
522 747 625 807 est,
672 739 740 795 de
772 739 1099 812 paganitate,
1151 738 1565 795 abominaretur
1611 736 1899 802 Judaium;

306 828 403 885 sed
434 836 495 884 ut
518 831 678 885 ambo
715 827 986 896 innovati,
1017 827 1186 883 unius
1214 827 1315 883 Dei
1353 826 1516 881 ﬁdem
1550 833 1906 898 sequerentur

307 915 367 974 in
402 915 641 975 Christo.
672 917 872 975 Omnia
898 916 1048 972 enim
1079 932 1200 989 qua:
1229 914 1422 971 docuit
1449 914 1721 982 Salvator,
1774 921 1906 970 tunc

307 1006 568 1077 ﬁrmavit,
617 1025 744 1065 cum
793 1005 1101 1063 resurrexit
1147 1021 1180 1060 a
1209 1003 1460 1060 mortuis.
1509 1004 1774 1060 Parietem
1811 1011 1904 1059 ta—

308 1115 454 1167 men,
487 1099 586 1172 qui
615 1097 833 1154 medius
879 1103 1015 1164 erat,
1045 1094 1301 1152 dividens
1345 1096 1489 1150 inter
1518 1095 1688 1166 legem
1720 1094 1906 1151 facto-

307 1203 432 1242 rum
461 1194 514 1242 et
545 1185 929 1258 gentilitatem,
961 1183 1252 1240 maceriam
1295 1181 1411 1238 sive
1450 1198 1633 1254 sepem
1677 1182 1904 1254 signiﬁ-

308 1274 478 1343 cavit,
531 1273 591 1331 id
632 1281 745 1342 est,
791 1289 902 1330 non
946 1271 1210 1345 parietem
1257 1271 1531 1339 stabilem,
1581 1287 1758 1344 neque
1804 1289 1905 1327 ro-

309 1363 567 1431 bustum;
601 1364 730 1436 quia
759 1377 934 1436 neque
967 1360 1244 1435 gentilitas
1268 1360 1427 1416 ﬁrma
1457 1376 1542 1416 res
1571 1369 1707 1429 erat,
1749 1361 1905 1434 quasi

307 1453 380 1509 ab
408 1453 632 1509 homine
679 1453 921 1520 inventa,
969 1468 1146 1524 neque
1185 1449 1555 1518 circumcisio,
1587 1459 1642 1506 et
1672 1467 1906 1506 neome-

305 1542 434 1610 nias,
451 1558 719 1608 escarum,
741 1550 794 1598 et
826 1540 1247 1609 sacriﬁciorum,
1272 1542 1357 1596 vel
1405 1539 1772 1596 Sabbatorum
1802 1546 1905 1596 sta-

304 1630 435 1689 bilis
477 1639 530 1687 et
586 1630 698 1687 ﬁxa
743 1629 1088 1697 observatio;
1138 1629 1219 1686 sic
1271 1631 1421 1687 enim
1476 1628 1601 1686 data
1652 1637 1803 1697 sunt,
1846 1637 1906 1686 ut

302 1729 594 1790 cessarent,
627 1718 955 1779 adveniente
985 1719 1228 1779 Christo.
1268 1719 1534 1788 Quamvis
1577 1719 1728 1775 enim
1759 1719 1905 1775 Deus

2009 553 2141 610 facti
2191 552 2436 609 ﬁliorum
2489 554 2608 610 Dei.
2667 555 2820 613 Sicut
2873 555 3022 612 enim
3084 573 3424 632 quacunque
3469 577 3600 634 gens

2012 646 2383 702 Romanorum
2415 661 2600 717 pacem
2630 647 2782 719 sequi
2818 646 3176 715 desideravit,
3206 649 3404 707 oblatis
3440 651 3603 710 donis

2013 743 2264 807 suscepta
2290 743 2408 801 est;
2446 741 2509 790 ut
2549 741 2730 790 essent
2759 735 2907 792 cives
2948 739 3201 807 Romani,
3251 741 3602 812 quemadmo-

2015 821 2148 877 dum
2199 821 2757 881 Tharso-Cilicienses
2790 869 2804 893 ,
2852 825 3000 882 unde
3061 829 3360 901 Apostolus
3423 830 3602 888 civem

2015 912 2322 970 Romanum
2360 931 2416 970 se
2461 913 2598 972 dicit
2629 914 2770 986 (Act.
2822 932 2966 984 xxn,
2995 917 3127 987 25):
3172 921 3248 976 ita
3287 929 3341 978 et
3375 922 3604 995 quicun-

2014 1019 2119 1078 que
2147 1002 2276 1058 ﬁdei
2319 1019 2376 1058 se
2405 1001 2735 1060 Christianae
2773 1004 3086 1073 sociaverit,
3118 1007 3182 1063 ﬁt
3225 1008 3367 1065 civis
3392 1019 3605 1069 sancto-

2014 1111 2136 1150 rum
2168 1101 2222 1148 et
2251 1092 2586 1148 domesticus
2606 1093 2726 1150 Dei.

2087 1182 2272 1255 (Vers.
2309 1180 2424 1252 20.)
2473 1205 2490 1230 ι
2518 1181 2950 1255 Superaediﬁcati
2993 1201 3157 1257 supra
3186 1184 3608 1246 fundamentum

2013 1272 2388 1347 apostolorum
2429 1280 2482 1328 et
2503 1272 2915 1346 prophetarum,
2951 1275 3070 1348 ipso
3098 1293 3317 1332 summo
3357 1280 3608 1351 angulari

2016 1362 2197 1436 lapide
2226 1362 2446 1420 Christo
2477 1363 2622 1418 Jesu.
2655 1388 2674 1412 ι
2721 1364 2835 1422 Hoc
2872 1373 2954 1422 est
2998 1382 3162 1438 supra
3190 1382 3399 1424 novum
3429 1380 3484 1425 et
3511 1387 3611 1425 ve-

2014 1461 2104 1510 tns
2150 1453 2560 1509 Testamentum
2637 1453 2911 1511 collocati.
2973 1455 3132 1523 Quod
3177 1456 3325 1514 enim
3372 1460 3607 1531 apostoli

2015 1541 2450 1615 praedicaverunt
2499 1543 2581 1614 (6)
2617 1585 2632 1610 ,
2684 1543 2963 1616 prophetae
3012 1543 3262 1601 futurum
3308 1545 3605 1616 dixerunt;

2015 1633 2266 1708 quamvis
2295 1633 2444 1691 dicat
2487 1634 2558 1690 ad
2597 1634 2947 1692 Corinthios:
2995 1660 3014 1682 ι
3043 1637 3211 1706 Deus,
3257 1637 3460 1712 inquit,
3491 1641 3642 1712 pri-.

2015 1741 2166 1781 mum
2195 1724 2378 1797 posuit
2406 1724 2464 1780 in
2493 1724 2741 1781 Ecclesia
2768 1726 3067 1796 apostolos,
3099 1727 3340 1783 secundo
3379 1728 3608 1802 prophe-

303 1811 426 1871 haec
471 1809 834 1879 dederit,‘sed
879 1810 949 1867 ad
986 1819 1234 1882 tempus:
1283 1809 1413 1866 ﬁdei
1443 1818 1626 1866 autem
1656 1808 1815 1864 ﬁrma
1848 1816 1899 1864 et
1931 1829 1976 1891 Β
2013 1823 2096 1872 tas
2127 1816 2178 1887 (1
2211 1815 2335 1871 Cor.
2385 1831 2488 1883 xu,
2527 1813 2644 1885 28).
2678 1840 2696 1863 ι
2741 1814 2846 1870 Sed
2886 1814 2945 1870 hi
2974 1815 3071 1872 alii
3117 1815 3398 1889 prophetae
3445 1827 3605 1886 sunt;

303 1903 428 1961 sine
457 1917 767 1960 successore
794 1909 876 1958 est
905 1901 1244 1974 praedicatio.

381 1993 566 2066 (Vers.
619 1991 732 2064 15.)
801 2016 819 2040 ι
865 1991 1063 2064 Legem
1133 1991 1520 2048 mandatorum
1568 1989 1628 2046 in
1674 1989 1906 2048 decretis

305 2101 604 2154 evacuans,
638 2091 699 2140 ut
723 2082 862 2141 duos
907 2082 1170 2141 conderet
1200 2084 1259 2139 in
1288 2083 1490 2155 seipso,
1519 2083 1578 2138 in
1622 2098 1733 2138 uno
1762 2099 1906 2137 novo

301 2176 534 2233 homine
562 2175 768 2232 faciens
796 2190 1007 2247 pacem.
1041 2198 1058 2221 ι
1107 2174 1223 2231 Hoc
1251 2181 1333 2230 est
1361 2173 1508 2247 quod
1553 2188 1716 2245 supra
1744 2188 1906 2228 sum-

302 2266 503 2324 matim
549 2264 890 2332 memoravi;
925 2263 1056 2338 quia
1085 2263 1282 2336 legem,
1326 2279 1446 2336 quae
1493 2261 1620 2319 data
1653 2269 1768 2318 erat
1797 2262 1905 2318 Ju—

300 2355 442 2413 daais
473 2356 532 2412 in
560 2353 1004 2424 circumcisione,
1034 2362 1088 2410 et
1126 2353 1185 2410 in
1215 2353 1540 2422 neomeniis,
1571 2360 1627 2410 et
1655 2352 1713 2408 in
1743 2352 1902 2419 escis,

301 2453 357 2503 et
388 2446 453 2502 in
482 2443 790 2513 sacriﬁciis,
829 2451 884 2500 et
913 2443 972 2499 in
1011 2441 1264 2510 Sabbato,
1297 2442 1610 2510 evacuavit,
1653 2441 1760 2499 hoc
1799 2449 1901 2509 est,

302 2555 516 2600 cessare
560 2539 678 2611 jam
716 2537 920 2610 jussit;
969 2536 1100 2611 quia
1136 2536 1290 2593 oneri
1337 2545 1518 2605 erant,
1565 2544 1620 2592 et
1647 2536 1726 2594 sic
1773 2535 1905 2592 fecit

303 2645 520 2704 pacem.
550 2627 706 2686 Unde
735 2629 928 2684 Petrus
953 2628 1232 2701 apostolus
1262 2625 1399 2684 dicit
1427 2626 1485 2682 in
1503 2625 1658 2682 Actis
1677 2633 1906 2698 aposto-

305 2721 488 2776 lorum
525 2737 537 2775 :
611 2741 630 2765 ι
687 2717 833 2786 Quid
867 2716 1157 2791 imponitis
1183 2714 1378 2790 jugum
1408 2732 1574 2789 supra
1632 2715 1904 2774 cervicem

304 2809 562 2878 fratrum,
599 2808 748 2882 quod
776 2823 951 2882 neque
984 2816 1166 2881 patres
1211 2807 1407 2876 nostri,
1439 2821 1618 2878 neque
1667 2821 1768 2860 nos
1799 2820 1906 2875 po-

304 2899 518 2957 tuimus
549 2905 764 2971 portare
794 2898 936 2970 (Act.
966 2915 1065 2966 xv,
1099 2898 1190 2968 10)
1223 2897 1253 2953 ‘i
1281 2922 1301 2946 ι

381 2988 567 3061 (Vera.
604 2989 720 3060 16.)
767 3011 786 3034 ι
816 2987 886 3043 Ut
909 2972 1200 3042 exhiberet
1227 2993 1282 3040 et
1309 2981 1692 3041 reconciliaret
1719 2978 1909 3036 ambos

304 3079 365 3135 in
412 3095 524 3136 uno
553 3093 782 3150 corpore
827 3077 942 3132 Deo
988 3091 1085 3145 per
1113 3090 1392 3130 crucem.»
1436 3072 1662 3130 Sublata
1708 3070 1909 3127 inimi—

303 3167 461 3236 citia,
505 3173 684 3223 morte
735 3179 835 3220 sua
876 3163 1130 3220 Christus
1184 3161 1339 3233 prius
1385 3162 1616 3234 populos
1664 3161 1808 3216 inter
1850 3177 1906 3216 se
1937 3199 1980 3258 Ο

303 3253 715 3321 reconciliavit,
757 3250 958 3307 deinde
998 3252 1113 3306 Deo
1157 3249 1305 3306 Patri
1353 3250 1609 3322 paciﬁcos
1652 3250 1814 3316 fecit;
1847 3257 1905 3305 ut

306 3345 567 3402 homines
610 3350 822 3400 naturae
869 3341 1056 3409 unius,
1093 3339 1224 3415 quia
1262 3339 1466 3397 diversi
1514 3339 1646 3397 facti
1687 3339 1904 3396 fuerant

307 3449 410 3508 per
448 3449 710 3503 errorem,
765 3431 1012 3489 membra
1060 3430 1402 3488 eﬂicerentur
1448 3429 1615 3487 unius
1661 3430 1906 3504 corporis

304 3523 464 3592 novi,
495 3521 653 3595 cujus
685 3530 848 3595 caput
883 3520 1136 3580 Christus
1162 3527 1264 3577 est.

379 3612 564 3683 (Vers.
599 3613 686 3680 17,
719 3611 832 3683 18.)
855 3636 872 3660 ι
901 3609 1242 3668 Interﬁciens
1271 3608 1594 3666 inimicitias
1621 3608 1682 3665 in
1711 3617 1904 3666 semet-

300 3701 446 3775 ipso,
498 3708 553 3758 et
598 3700 830 3757 veniens
875 3695 1278 3773 evangelizavit
1323 3714 1511 3771 pacem
1558 3697 1719 3755 vobis
1744 3742 1759 3767 ,
1809 3697 1904 3770 qui

301 3796 485 3869 longe,
517 3803 574 3852 et
602 3811 790 3868 pacem
813 3794 902 3862 iis,
927 3795 1023 3868 qui
1039 3793 1202 3866 juxta
1226 3812 1240 3861 ;
1265 3793 1396 3866 quia
1416 3809 1512 3866 per
1532 3791 1712 3864 ipsum
1742 3791 1905 3849 habe-

301 3903 426 3943 mus
461 3900 742 3944 accessum
773 3884 995 3958 utrique
1037 3884 1096 3940 in
1121 3899 1233 3939 uno
1267 3882 1478 3956 Spiritu
1504 3880 1573 3938 ad
1601 3883 1839 3938 Patrem.
1873 3906 1893 3930 ι

300 3976 457 4034 Idem
487 3991 678 4032 sensus
704 3982 824 4042 est;
861 3973 1141 4031 interfecit
1171 3973 1319 4030 enim
1352 3971 1705 4029 inimicitiam
1738 3971 1798 4028 in
1827 3988 1902 4038 se,

301 4065 438 4122 dum
486 4081 587 4139 pro
637 4063 899 4120 omnibus
963 4071 1075 4119 tam
1117 4062 1322 4119 Iudaeis
1390 4078 1556 4134 quam
1609 4060 1906 4134 gentilibus

302 4163 558 4213 mortuus
602 4161 703 4210 est.
737 4152 1013 4212 Omnibus
1036 4152 1185 4209 enim
1215 4151 1439 4224 proﬁcit
1486 4167 1635 4206 mors
1664 4151 1906 4208 Salvato-

301 4244 415 4311 ris;
444 4259 762 4316 °resurgens
799 4242 948 4299 enim
995 4258 1028 4297 a
1077 4241 1312 4298 mortuis
1338 4285 1353 4310 ,
1401 4240 1658 4297 damnata
1708 4247 1904 4307 morte,

301 4350 426 4407 quae
467 4332 691 4389 tenebat
730 4347 942 4398 omnes,
978 4330 1219 4386 ostendit
1257 4345 1419 4401 quam
1449 4345 1599 4401 spem
1643 4329 1908 4386 haberent

301 4424 592 4481 credentes
621 4422 678 4478 in
725 4437 874 4479 eum.
925 4419 1068 4476 Hinc
1097 4418 1380 4476 mandavit
1433 4419 1904 4493 praedicationem,

301 4529 407 4586 qua
439 4529 632 4570 omnes
661 4516 1098 4570 convocarentur
1127 4509 1198 4566 ad
1232 4511 1406 4566 Deum
1438 4510 1652 4565 Patrem
1683 4508 1740 4565 in
1771 4507 1908 4564 uni-

302 4609 410 4661 tate
459 4601 719 4675 Spiritus,
764 4602 931 4659 scissa
975 4599 1271 4669 discordia,
1302 4607 1367 4655 ut
1408 4598 1524 4656 sive
1562 4597 1737 4654 Judaei
1788 4595 1905 4669 (qui

304 4709 477 4767 prope
525 4691 651 4749 ideo
701 4691 985 4760 dicuntur,
1021 4693 1150 4765 quia
1194 4691 1440 4764 ipsorum
1487 4687 1734 4761 patribus
1763 4687 1907 4743 facta

305 4780 602 4854 promissio
632 4780 762 4852 est),
791 4781 907 4836 sive
946 4780 1176 4852 gentiles
1210 4779 1330 4853 (qui
1360 4778 1484 4836 ideo
1527 4779 1688 4850 longe
1716 4775 1906 4833 dicun-

306 4877 413 4940 tur,
477 4870 611 4944 quia
655 4868 755 4926 Dei
820 4870 993 4943 legem
1040 4885 1153 4926 non
1211 4875 1536 4940 receperunt
1582 4867 1764 4923 datam
1812 4882 1907 4938 per

307 4959 586 5034 Moysen),
618 4957 836 5015 sublato
877 4957 1154 5030 praeterito
1192 4958 1323 5024 ritu,
1374 4957 1712 5029 susciperent
1739 4953 1904 5011 ﬁdem

310 5051 541 5119 Christi,
573 5067 670 5124 per
701 5066 866 5124 quam
895 5049 1239 5106 efﬁcerentur
1265 5064 1461 5105 unum.

381 5151 571 5226 (Vera.
605 5150 720 5221 19.)
763 5174 783 5199 ι
811 5149 958 5221 Ergo
983 5147 1096 5220 jam
1145 5163 1255 5205 non
1284 5147 1416 5205 estis
1450 5145 1694 5219 hospites
1730 5154 1783 5203 et
1810 5146 1908 5202 in-

311 5241 448 5298 cola
497 5239 605 5312 (5),
653 5238 750 5296 sed
777 5237 907 5295 estis
954 5236 1104 5295 cives
1132 5246 1466 5306 sanctorum,
1516 5245 1571 5293 et
1617 5235 1907 5292 domestici

313 5332 435 5390 Dei.
465 5356 486 5381 ι
527 5329 805 5387 Admouet
827 5328 977 5397 illos,
1006 5333 1070 5384 ut
1085 5341 1352 5382 memores
1378 5327 1490 5384 sint
1510 5325 1905 5385 beneﬁciorum

317 5421 412 5478 Dei
442 5437 458 5488 ;
491 5419 624 5494 quia
651 5435 780 5476 cum
827 5418 988 5490 longe
1017 5422 1196 5474 essent
1224 5431 1254 5472 a
1283 5415 1595 5489 cognitione
1620 5426 1675 5473 et
1712 5417 1908 5472 timore

319 5509 441 5578 Dei,
489 5506 872 5565 misericordia
915 5505 1032 5579 ejus
1081 5504 1331 5577 adjuncti
1383 5513 1542 5574 sunt;
1595 5514 1656 5562 ut
1715 5506 1909 5561 ﬁerent

394 5706 477 5780 (5)
520 5705 677 5765 Rom.
709 5706 869 5779 edit.,
898 5707 1019 5768 Non
1046 5705 1166 5764 estis
1193 5705 1407 5763 adventu
1430 5709 1586 5776 atque
1617 5703 1906 5776 peregrini.

1939 4563 1986 4621 D

2012 1905 2110 1961 illo
2156 1904 2304 1960 enim
2355 1905 2476 1960 loco
2519 1903 2585 1960 de
2631 1903 2980 1961 ordinatione
3027 1905 3289 1962 Ecclesiae
3335 1905 3602 1980 disputat,

2013 1997 2107 2054 hic
2148 2013 2280 2052 vero
2307 1995 2374 2052 de
2421 1996 2781 2053 fundamento
2813 1997 3104 2054 Ecclesiae:
3144 1998 3423 2072 prophetae
3454 1998 3604 2055 enim

2012 2087 2435 2159 disposuerunt;
2480 2101 2607 2142 nam
2658 2086 2889 2159 apostali
2931 2085 3288 2145 fundamenta
3329 2088 3603 2160 jecerunt.

2013 2174 2168 2232 Unde
2213 2174 2352 2231 dicit
2399 2174 2666 2231 Dominus
2707 2174 2776 2230 ad
2823 2174 3082 2232 Petrum:
3155 2199 3174 2223 ε
3217 2177 3392 2248 Super
3438 2177 3600 2233 istam

2012 2273 2220 2338 petram
2268 2263 2550 2321 aediﬁcabo
2595 2263 2898 2322 Ecclesiam
2957 2280 3133 2322 meam
3189 2265 3400 2338 (Matth.
3458 2283 3558 2324 xvr
3589 2310 3606 2336 ,

2012 2354 2126 2425 18),
2160 2380 2178 2402 ι
2237 2352 2342 2410 hoc
2370 2361 2473 2422 est,
2517 2353 2577 2409 in
2619 2353 2720 2411 hac
2749 2353 3036 2413 catholica)
3087 2353 3217 2410 ﬁdei
3259 2354 3602 2412 confessione

2009 2452 2243 2501 statuam
2272 2444 2460 2501 ﬁdeles
2489 2443 2557 2500 ad
2603 2444 2805 2513 vitam;
2844 2460 2972 2502 nam
3019 2453 3074 2502 et
3117 2444 3294 2502 David
3325 2445 3601 2517 disposuit

2010 2533 2236 2590 domum
2259 2535 2381 2600 Dei,
2411 2542 2465 2590 et
2485 2535 2724 2606 signavit
2765 2535 2950 2591 locum
2979 2534 3075 2590 ubi
3112 2534 3299 2590 ﬁeret:
3341 2534 3603 2591 Salomon

2012 2639 2142 2679 vero
2171 2623 2432 2678 fundavit
2462 2637 2600 2676 eam.

2092 2717 2236 2774 237
2291 2711 2472 2782 (Vers.
2517 2710 2609 2777 21,
2653 2710 2770 2781 22.)
2816 2733 2835 2756 ι
2865 2711 2927 2765 In
2958 2725 3072 2783 quo
3097 2709 3279 2767 omnis
3315 2716 3612 2779 structura,

2012 2815 2316 2881 compacta,
2357 2804 2554 2863 crescit
2583 2805 2640 2861 in
2681 2806 2949 2876 templum
2979 2813 3232 2862 sanctum
3262 2805 3321 2861 in
3347 2805 3608 2872 Domino,

2015 2899 2073 2954 in
2105 2915 2214 2972 quo
2243 2905 2298 2954 et
2332 2912 2433 2953 vos
2460 2893 2882 2955 comdiﬁcamini
2911 2895 2970 2952 in
3012 2894 3390 2953 habitaculum
3419 2895 3520 2953 Dei
3550 2896 3610 2954 in

2013 2988 2233 3062 spiritu.
2267 3012 2285 3036 ι
2320 2987 2422 3044 Hic
2450 3002 2640 3044 sensus
2679 2995 2782 3055 est,
2813 2986 2959 3043 unde
3003 2985 3276 3042 Dominus
3298 2985 3412 3043 ait:
3458 3009 3477 3033 ‹
3508 2985 3608 3044 Su-

2013 3095 2109 3153 per
2164 3077 2324 3134 istam
2370 3085 2578 3151 petram
2623 3075 2906 3134 aediﬁcabo
2951 3074 3257 3132 Ecclesiam
3311 3091 3511 3134 meam.
3576 3101 3596 3126 ι

2014 3170 2164 3225 Duos
2198 3168 2344 3224 enim
2376 3168 2608 3245 populos
2636 3167 2696 3223 in
2725 3184 2782 3224 se
2821 3167 3063 3240 suscepit
3093 3165 3360 3234 Salvator,
3397 3175 3451 3223 et
3477 3165 3612 3223 fecit

2015 3274 2189 3314 unum
2248 3258 2306 3314 in
2360 3259 2616 3325 Domino,
2675 3256 2819 3314 sicut
2865 3265 2919 3314 et
2967 3255 3104 3330 lapis
3152 3257 3430 3329 angularis
3469 3257 3610 3314 duos

2016 3349 2248 3421 parietes
2277 3348 2543 3416 continet,
2569 3346 2627 3402 in
2647 3347 2859 3403 unitate
2889 3345 3086 3402 domus
3105 3343 3387 3412 ﬁrmatos;
3421 3344 3610 3402 ﬁdeles

2013 3437 2163 3494 enim
2199 3435 2515 3511 superﬁcies
2558 3444 2688 3492 sunt
2740 3433 2933 3507 templi
2971 3433 3092 3502 Dei,
3138 3433 3197 3489 in
3225 3432 3425 3504 spiritu
3464 3447 3609 3489 con-

2015 3538 2350 3597 versantes;
2380 3536 2444 3585 ut
2490 3526 2702 3602 possint
2743 3525 2987 3583 haeredes
3032 3523 3153 3581 ﬁeri
3182 3523 3418 3582 omlestis
3454 3522 3610 3580 habi-

2014 3619 2260 3677 tationis.

2590 3704 2819 3764 CAPUT
2855 3704 2949 3760 ΙΙΙ.
2978 3704 2980 3706 ’

2089 3799 2271 3870 (Vers.
2303 3799 2380 3870 1.)
2423 3821 2443 3846 ι
2477 3796 2652 3869 Hujus
2695 3795 2774 3851 rei
2811 3795 2985 3867 gratia
3013 3809 3111 3867 ego
3150 3792 3354 3849 Paulus
3387 3791 3609 3850 vinctus

2016 3889 2224 3948 Christi
2253 3889 2380 3945 Jesn
2424 3904 2521 3961 pro
2551 3885 2710 3942 vobis
2742 3883 3023 3942 fratribus.
3055 3907 3074 3930 ι
3115 3881 3389 3950 Quoniam
3427 3881 3612 3952 dispo-

2016 3979 2272 4035 sitionem
2298 3977 2503 4033 divinae
2523 3974 2847 4042 clementize,
2872 3991 2994 4047 qua:
3007 3971 3174 4028 fuerit
3193 3977 3320 4026 ante
3340 3966 3611 4022 mundum

2015 4084 2142 4140 erga
2169 4069 2400 4124 salutem
2447 4065 2691 4140 gentium
2720 4061 2989 4127 ostendit;
3040 4075 3190 4115 nunc
3233 4072 3292 4112 se
3340 4051 3613 4123 legatione

2015 4157 2182 4230 hujus
2211 4157 2344 4214 doni
2374 4157 2529 4229 fungi
2577 4156 2676 4212 Dei
2707 4151 3044 4226 provisione,
3083 4144 3307 4203 Christo
3333 4141 3608 4211 mittente,

2014 4247 2274 4305 declarat.
2306 4247 2577 4304 Dominus
2605 4243 2753 4300 enim
2794 4249 2918 4314 post
2946 4233 3402 4292 resurrectionem
3455 4249 3611 4290 suam

2015 4338 2290 4410 apostolos
2344 4351 2472 4392 suos
2533 4333 2654 4389 vice
2693 4346 2792 4387 sua
2851 4325 3005 4383 misit
3048 4321 3344 4398 praedicare
3393 4323 3607 4397 (Matth.

2014 4445 2218 4496 xxvur,
2269 4427 2381 4496 19),
2414 4426 2563 4480 hunc
2612 4421 2856 4494 dirigens
2886 4420 2956 4477 ad
3004 4416 3421 4476 conversionem
3470 4433 3612 4489 gen-

2014 4518 2187 4584 tium;
2236 4515 2316 4572 sic
2353 4514 2502 4570 enim
2545 4511 2692 4569 dixit
2735 4509 2802 4567 ad
2829 4525 2991 4567 eum:
3040 4532 3059 4557 ‹
3089 4508 3260 4576 Vade,
3311 4523 3410 4579 ego
3451 4509 3611 4581 longe

2015 4605 2084 4661 ad
2135 4613 2318 4677 gentes
2347 4605 2567 4661 mittam
2612 4611 2667 4659 te
2717 4602 2856 4676 (Act.
2906 4615 3048 4667 xxu,
3093 4597 3210 4670 21).
3257 4621 3276 4646 ι
3317 4595 3610 4682 Βοωὶηἱορ

2014 4711 2142 4766 ergo
2171 4710 2302 4750 usus
2336 4695 2506 4751 verbo
2536 4701 2636 4762 est,
2664 4708 2789 4750 cum
2831 4688 3004 4746 dicit:
3052 4710 3070 4734 ι
3101 4687 3294 4743 Pacem
3324 4684 3483 4742 vobis
3512 4687 3610 4758 qul

2016 4785 2196 4855 longe,
2226 4789 2279 4837 et
2306 4781 2376 4837 iis
2404 4783 2497 4854 qui
2525 4781 2704 4852 juxta.
2746 4805 2765 4828 ι

2089 4872 2272 4944 (Vers.
2305 4871 2428 4939 2,3,
2453 4869 2533 4941 4.)
2567 4893 2584 4916 ι
2605 4869 2660 4924 Si
2685 4877 2866 4924 tamen
2882 4863 3114 4923 audistis
3143 4860 3608 4936 dispensationem

2016 4961 2201 5036 gratiae
2244 4960 2365 5029 Dei,
2399 4976 2518 5033 qua:
2561 4959 2686 5014 data
2732 4964 2813 5013 est
2841 4956 3000 5012 nobis
3047 4953 3106 5010 in
3135 4969 3254 5010 vos.
3293 4976 3313 5000 ι
3358 4951 3495 5010 Vult
3519 4965 3610 5006 eos

2015 5052 2154 5111 scire
2200 5051 2330 5125 quia
2358 5050 2458 5107 Dei
2483 5047 2698 5122 judicio
2732 5065 2763 5103 a
2791 5045 3011 5106 Christo
3047 5044 3246 5126 missus
3283 5049 3364 5099 est
3400 5039 3610 5113 praedi-

2015 5161 2136 5202 care
2183 5143 2438 5218 gentibus
2484 5139 2814 5214 mysterium
2847 5138 3032 5211 gratiae
3063 5135 3182 5193 Dei.
3227 5158 3245 5181 ι
3294 5129 3607 5218 Secundum

2017 5217 2408 5290 revelationem
2454 5237 2648 5286 notum
2689 5227 2830 5284 mihi
2877 5227 3083 5283 factum
3131 5230 3214 5280 est
3257 5217 3608 5293 mysterium,

2016 5323 2159 5379 sicut
2215 5330 2377 5378 antea
2412 5318 2608 5394 scripsi
2664 5319 2722 5374 in
2768 5315 3008 5384 modico,
3055 5318 3220 5387 prout
3271 5303 3498 5382 potestis
3538 5303 3610 5358 le-

2017 5422 2202 5488 gentes
2248 5414 2553 5487 intelligere
2605 5410 2955 5486 prudentiam
3005 5420 3181 5462 meam
3235 5400 3293 5488 in
3343 5397 3614 5467 mysterio

2018 5485 2243 5563 Christi.
2263 5528 2281 5552 ι
2313 5485 2738 5560 Οδῑθίιεαωίδίὺὶ
2766 5497 3041 5570 signiﬁcat
3071 5485 3462 5548 revelationem
3494 5501 3612 5559 my-

2093 5704 2174 5776 (6)
2215 5704 2342 5764 Mss.
2374 5698 2652 5767 nonnulli,
2685 5692 2928 5767 Apostoli
2960 5685 3349 5762 prwdixerunt.
