4070 6186
502 518 604 578 403

1533 513 1629 569 AD
1668 511 1900 568 OPERA
1938 512 1993 568 S.
2035 511 2366 569 AMBROSII
2404 509 2789 567 APPENDIX.

3708 512 3812 570 404

499 645 656 705 sterii
683 643 805 714 Dei,
841 641 911 699 de
948 654 1058 716 quo
1085 637 1240 714 prius
1280 637 1522 696 breviter
1548 654 1604 694 se
1652 646 1920 694 memorat
1955 639 2090 695 scri-
2121 639 2172 699 Α
2199 644 2388 711 gentes.
2433 633 2779 709 mysterium,
2825 632 2973 708 quod
3019 631 3136 690 fuit
3185 631 3244 689 in
3273 632 3412 698 Deo;
3444 649 3515 690 ex
3545 649 3655 707 quo
3682 648 3814 695 sunt

501 737 692 812 psisse,
746 734 854 792 hoc
899 739 1014 802 est,
1060 737 1360 804 temperate
1401 737 1563 803 prout
1611 737 1862 802 poterant
1905 745 2096 802 capere

501 824 852 901 prudentiam
883 820 1135 896 Apostoli
1170 820 1227 876 in
1263 819 1323 875 in
1352 826 1693 875 sacramento
1722 818 1950 877 Christi.

575 916 757 990 (Vers.
808 915 865 981 5,
911 913 991 984 6.)
1044 933 1065 959 ι
1095 909 1251 979 Quod
1291 909 1351 966 in
1399 907 1522 966 aliis
1567 909 1785 968 saeculis
1830 926 1939 966 non
1989 910 2097 967 fuit

502 1012 695 1063 notum
743 1001 876 1059 ﬁliis
917 999 1234 1067 hominum,
1289 998 1433 1054 sicut
1479 1014 1629 1054 nunc
1674 999 1978 1055 revelatum
2016 1008 2096 1056 est

500 1093 705 1151 sanctis
733 1090 850 1165 ejus
874 1096 929 1146 et
972 1086 1254 1163 prophetis
1281 1087 1339 1144 in
1369 1086 1590 1161 Spiritu,
1621 1095 1809 1160 gentes
1845 1103 1959 1144 esse
2008 1104 2095 1144 co-

501 1182 768 1250 haredes,
783 1187 837 1238 et
855 1186 1296 1252 concorporatas,
1317 1185 1370 1234 et
1395 1177 1687 1251 participes
1712 1177 2097 1251 promissionis

499 1272 617 1347 ejus
634 1271 692 1328 in
713 1268 932 1328 Christo
945 1268 1073 1325 Jesu
1097 1267 1200 1340 (7).
1223 1290 1241 1315 ι
1260 1267 1377 1323 Hoc
1407 1266 1600 1323 asserit
1634 1274 1913 1324 ostensum
1932 1283 1962 1323 a
1984 1269 2096 1324 Deo

501 1370 746 1434 tempore
775 1355 1005 1425 Christi,
1035 1353 1182 1429 quod
1209 1353 1412 1411 latebat
1438 1373 1452 1424 ;
1487 1354 1617 1427 quia
1646 1362 1831 1428 gentes
1869 1355 2095 1427 partici-

501 1465 595 1524 pes
637 1447 839 1504 futura
881 1452 1061 1502 essent
1108 1443 1296 1516 gratia
1342 1441 1623 1517 promissa
1669 1442 1726 1498 in
1770 1444 1905 1517 lege.
1938 1444 2094 1511 Quod

499 1547 780 1597 ostensum
809 1533 948 1591 dicit
979 1532 1434 1607 pradicatoribus
1475 1532 1678 1591 sanctis
1706 1541 1760 1590 et
1789 1532 2094 1606 prophetis,

500 1626 560 1685 id
601 1632 705 1695 est,
751 1620 1016 1697 apostolis
1043 1631 1099 1680 et
1136 1620 1271 1695 legis
1315 1621 1787 1695 explanatoribus,
1834 1638 1947 1678 non
1976 1638 2094 1695 pro-

502 1714 682 1790 phetis
762 1712 1060 1770 veteribus.
1135 1712 1400 1780 Quamvis
1458 1713 1606 1768 enim
1674 1712 2097 1770 admitterentur

502 1805 655 1880 prius
681 1802 749 1860 ad
772 1803 944 1876 legem
972 1801 1222 1876 gentiles,
1250 1801 1343 1858 sed
1371 1801 1698 1860 circumcidi
1724 1801 2093 1874 jubebantur;

501 1903 556 1952 et
581 1891 859 1966 propheta
883 1891 1128 1948 scierunt
1157 1898 1343 1964 gentes
1387 1888 1683 1962 participes
1711 1890 1927 1946 futuras
1963 1891 2094 1946 doni

2205 727 2390 785 omnia
2413 743 2427 794 ;
2460 733 2521 781 ut
2550 741 2645 798 per
2672 739 2799 780 eum
2824 723 3040 780 discant
3089 739 3152 780 ac
3180 721 3494 796 intelligant
3523 724 3812 784 Christum

2205 833 2418 890 semper
2447 816 2505 872 in
2533 817 2667 883 Deo,
2695 821 2749 870 et
2779 813 2924 886 apud
2952 815 3149 879 Deum,
3171 821 3226 869 et
3254 812 3384 886 quia
3411 811 3530 870 sine
3559 813 3815 872 circum-

2205 906 2411 965 cisione
2457 913 2512 961 et
2557 905 2769 962 caeteris
2822 903 2958 976 legis
2991 901 3265 960 mandatis
3295 901 3572 976 disposuit
3597 905 3813 963 salvare

2205 1005 2411 1071 gentes.
2447 999 2591 1060 238
2619 992 2842 1064 Indigni
2877 992 3024 1047 enim
3065 991 3279 1048 inventi
3312 1002 3444 1049 sunt
3470 993 3646 1050 Judai
3675 1003 3811 1052 tan-

2203 1104 2322 1152 tum
2379 1110 2443 1151 ac
2497 1093 2663 1150 talem
2713 1090 2915 1147 habere
2958 1089 3279 1157 doctorem;
3327 1089 3407 1147 sic
3434 1090 3582 1147 enim
3631 1091 3810 1149 Judai

2204 1183 2503 1242 credebant
2534 1183 2591 1237 in
2625 1181 2930 1246 Christum,
2961 1189 3024 1235 ut
3053 1179 3225 1252 legem
3270 1188 3455 1236 tamen
3484 1190 3769 1238 servarent
3796 1201 3810 1250 ;

2206 1273 2354 1348 quod
2384 1271 2594 1328 odibile
2641 1277 2724 1326 est
2756 1270 2903 1342 apud
2930 1271 3127 1325 Deum.
3161 1267 3414 1341 Denique
3443 1268 3639 1328 dicunt
3669 1287 3816 1344 apo-

2205 1363 2333 1420 stoli
2353 1361 2422 1418 ad
2451 1359 2829 1433 coapostolum
2861 1373 3021 1414 suum
3049 1357 3280 1412 Pauulm
3307 1375 3318 1413 :
3359 1381 3378 1404 σ
3398 1357 3590 1427 Vides,
3616 1358 3811 1428 frater,

2205 1459 2338 1525 quot
2380 1449 2561 1506 millia
2603 1455 2732 1506 sunt
2777 1448 2837 1504 in
2878 1446 3084 1503 Judais
3131 1446 3505 1516 credentium,
3534 1457 3590 1505 et
3616 1465 3814 1505 omnes

2205 1540 2298 1598 isti
2342 1539 2686 1596 amulatores
2729 1543 2860 1593 sunt
2897 1535 3032 1608 legis
3073 1535 3216 1607 (Act.
3268 1552 3390 1602 xxr,
3443 1536 3560 1608 20).
3591 1562 3608 1585 ι
3651 1537 3812 1595 Unde

2207 1630 2413 1687 factum
2473 1635 2574 1697 est,
2627 1635 2690 1684 ut
2735 1641 2832 1682 vas
2859 1623 3145 1682 electionis
3189 1624 3256 1681 ad
3297 1634 3486 1697 gentes
3533 1626 3816 1684 docendas

2206 1719 2405 1776 missus
2451 1727 2610 1786 esset,
2646 1723 2709 1772 ut
2750 1716 2840 1771 vel
2891 1714 2998 1786 ipsi
3050 1713 3181 1770 ﬁdei
3223 1731 3337 1771 sua
3390 1730 3539 1788 spem
3586 1717 3810 1790 plenam

2205 1812 2490 1880 haberent,
2539 1810 2684 1867 nihil
2732 1810 2800 1866 de
2845 1809 2980 1881 lege;
3023 1807 3117 1864 sed
3148 1807 3207 1864 in
3257 1809 3375 1864 solo
3410 1808 3630 1867 Christo
3677 1828 3812 1884 spe-

2205 1909 2404 1958 rantes.
2453 1899 2802 1956 Manifestato
2833 1897 2982 1953 enim
3031 1904 3398 1964 sacramento,
3443 1897 3650 1954 Christi
3698 1900 3808 1955 tale

500 1982 600 2041 Dei
632 1983 782 2055 (nam
811 1990 867 2038 et
915 1981 1024 2038 hoc
1061 1978 1515 2052 significaverunt
1553 1979 1745 2035 multis
1774 1980 1833 2036 in
1882 1979 2041 2053 locis)
2079 1999 2091 2048 ;

2204 1993 2412 2049 donum
2441 1989 2633 2046 datum
2665 1997 2768 2058 est,
2797 1988 2944 2062 quod
2973 1987 3224 2060 perfecta
3253 1987 3447 2043 salutis
3471 1988 3552 2060 (9)
3583 1988 3809 2046 haberet

501 2072 596 2130 sed
625 2070 731 2129 hoc
762 2070 945 2140 latuit,
988 2069 1136 2143 quod
1166 2070 1285 2125 sine
1330 2068 1772 2138 circumcisione,
1801 2076 1856 2125 et
1898 2069 2096 2127 Sabba-

503 2164 594 2233 tis,
625 2170 681 2220 et
700 2161 1035 2228 Neomeniis,
1066 2167 1121 2217 et
1152 2160 1365 2218 cateris
1384 2158 1610 2228 talibus,
1652 2157 1839 2231 gratia
1869 2158 1968 2215 Dei
2013 2158 2094 2215 fu-

502 2263 640 2311 tura
684 2261 864 2310 essent
898 2250 1210 2326 participes,
1251 2259 1307 2309 et
1351 2250 1556 2325 absque
1600 2251 1716 2324 lege
1757 2249 2098 2322 susciperent

503 2345 668 2403 fidem
709 2344 935 2414 Christi,
969 2352 1024 2401 et
1055 2346 1418 2401 salvarentur.
1461 2344 1576 2400 Hoc
1624 2349 1704 2399 est
1735 2343 1882 2416 quod
1920 2343 2092 2400 dicit:

515 2460 534 2483 ο
564 2437 626 2493 In
648 2435 848 2510 spiritu
871 2451 986 2492 esse
1007 2443 1192 2509 genws
1215 2432 1547 2499 coharedes,
1575 2441 1630 2490 et
1651 2440 2094 2506 concorporatas,

502 2535 560 2586 et
606 2526 899 2602 participes
948 2523 1329 2599 promissionis
1365 2523 1484 2596 ejus
1526 2523 1585 2578 in
1635 2523 1878 2582 Christo.
1912 2550 1930 2573 ι
1990 2523 2096 2592 Qui

503 2618 650 2676 enim
676 2618 877 2692 spiritu
896 2619 1070 2674 Deum
1096 2615 1251 2684 colit,
1279 2630 1440 2688 opere
1453 2615 1586 2686 legis
1607 2631 1744 2687 opus
1766 2631 1877 2670 non
1909 2613 2093 2672 habet.

577 2710 760 2783 (Vers.
793 2710 872 2782 7.)
918 2731 936 2754 α
969 2707 1072 2763 Per
1101 2705 1460 2780 Evangelium
1495 2704 1612 2777 ejus
1641 2705 1816 2761 factus
1843 2721 1964 2761 sum
1997 2705 2097 2761 mi-

505 2799 679 2858 nister
719 2797 1021 2857 secundum
1065 2795 1271 2853 donum
1336 2794 1520 2868 gratia
1561 2794 1681 2862 Dei,
1714 2810 1835 2867 qua
1865 2794 1989 2852 data
2017 2804 2097 2852 est

504 2889 642 2948 mihi
692 2888 994 2945 secundum
1052 2886 1425 2960 operationem
1473 2883 1699 2941 virtutis
1745 2883 1885 2956 ejus.
1918 2909 1936 2931 ι
1996 2884 2098 2941 Per

505 2978 950 3057 pradicationem
991 2976 1284 3034 ministerii
1317 2975 1399 3032 sui
1437 2975 1720 3046 cognitum
1761 2976 1958 3032 asserit
1985 2975 2098 3032 do—

505 3089 662 3151 num,
693 3069 841 3145 quod
888 3066 1160 3142 disposuit
1201 3067 1347 3123 Deus
1377 3065 1630 3140 gentibus
1665 3064 1829 3138 juxta
1873 3066 2098 3126 virtutis

505 3177 616 3218 sua
665 3157 1060 3231 operationem.
1106 3155 1365 3230 Operatio
1393 3154 1539 3212 enim
1581 3155 1809 3212 virtutis
1838 3156 1956 3229 ejus
1993 3165 2094 3226 est,

504 3249 636 3323 quia
663 3247 943 3308 Christum
990 3244 1278 3302 suscitavit
1307 3261 1340 3300 a
1366 3245 1620 3312 mortuis,
1650 3244 1870 3301 devicta
1898 3253 2094 3314 morte,

2207 2085 2461 2141 eﬂ'ectum
2485 2100 2499 2150 ;
2523 2081 2666 2139 sicut
2690 2081 2839 2136 enim
2869 2081 2928 2136 in
2957 2094 3156 2151 magna
3185 2084 3314 2134 vota
3345 2079 3585 2134 maxima
3605 2079 3810 2136 dantur

2206 2172 2561 2246 apophoreta,
2615 2170 2692 2228 ita
2729 2178 2783 2227 et
2820 2169 3111 2243 magniﬁco
3143 2168 3490 2225 manifestato
3519 2166 3807 2244 mysterio,

2208 2261 2391 2335 gaudii
2429 2269 2484 2318 et
2514 2259 2721 2316 latitia
2751 2274 2914 2315 causa
2954 2265 3066 2314 tam
3107 2257 3324 2330 egregio
3363 2272 3590 2314 munere
3616 2256 3808 2314 donati

2207 2358 2337 2408 sunt
2383 2349 2659 2421 homines,
2702 2348 2850 2423 quod
2879 2347 2993 2405 illis
3020 2347 3153 2404 satis
3196 2346 3268 2404 sit
3310 2347 3377 2404 ad
3408 2347 3619 2420 copiam
3650 2347 3807 2405 salu-

2207 2451 2401 2500 tarem.

2282 2533 2462 2605 (Vers.
2497 2529 2610 2603 10.)
2656 2553 2676 2578 σ
2703 2527 2776 2586 Ut
2800 2536 2930 2584 nota
2956 2525 3050 2584 ﬁat
3075 2525 3428 2599 Principibus
3468 2533 3521 2583 et
3549 2526 3805 2584 Potesta-

2209 2620 2358 2678 tibus
2387 2620 2446 2675 in
2491 2618 2806 2676 coelestibus
2835 2633 2931 2690 per
2971 2615 3271 2672 Ecclesiam
3305 2614 3668 2672 multiformis
3711 2633 3808 2672 sa-

2208 2707 2427 2780 pientia
2475 2705 2594 2763 Dei.
2622 2730 2640 2754 ι
2681 2705 2813 2761 Tam
2858 2705 2998 2761 bene
3051 2704 3119 2760 de
3165 2703 3272 2762 hoc
3317 2704 3488 2761 sensit
3530 2706 3697 2772 Deus,
3748 2711 3811 2759 ut

2208 2814 2319 2854 non
2371 2797 2549 2853 solum
2581 2793 2835 2868 gentibus
2865 2792 3015 2850 hunc
3055 2794 3377 2866 magistrum
3409 2793 3582 2864 daret,
3612 2810 3807 2850 verum

2208 2887 2370 2943 etiam
2402 2894 2464 2942 ut
2506 2901 2603 2957 per
2645 2899 2773 2940 eum
2806 2881 3010 2939 veritas
3043 2881 3256 2958 Christi
3288 2883 3594 2940 innotescat
3632 2884 3810 2958 spiri-

2205 2975 2356 3032 tibus
2386 2974 2442 3029 in
2469 2950 2805 3040 caelestibus,
2837 2970 2933 3044 qui
2961 2950 3091 3027 sunt
3108 2971 3385 3044 Principes
3405 2980 3460 3028 et
3480 2950 3808 3030 Potestates.

2207 3065 2505 3120 Potestates
2536 3062 2680 3130 ideo,
2712 3060 2844 3135 quia
2871 3061 3210 3134 potentiores
3247 3069 3376 3118 sunt
3405 3063 3549 3118 inter
3579 3070 3810 3120 cateros

2207 3153 2465 3227 spiritus;
2521 3152 2804 3224 Principes
2857 3159 3059 3222 autem,
3113 3168 3178 3208 eo
3230 3153 3376 3226 quod
3422 3153 3811 3226 principentur

2206 3242 2610 3310 Potestatibus;
2668 3249 2731 3297 ut
2777 3249 3134 3314 agnoscentes
3177 3259 3272 3314 per
3319 3241 3642 3310 Ecclesiam,
3683 3260 3809 3316 qua

504 3338 564 3397 in
593 3355 700 3413 qua
725 3352 915 3394 omnes
930 3333 1187 3393 salvavit.
1216 3332 1564 3408 Dispensatio
1587 3342 1769 3391 tamen
1809 3334 2094 3407 Evangelii
2127 3356 2171 3418 α
2209 3334 2509 3392 multifarie
2555 3332 2623 3389 ad
2676 3332 2849 3388 vitam
2901 3339 3132 3390 attracta
3173 3340 3276 3402 est,
3307 3332 3366 3387 in
3397 3331 3616 3389 Christo
3640 3332 3809 3390 unius

501 3429 622 3502 ejus
668 3427 786 3486 hac
827 3435 926 3497 est,
987 3441 1095 3500 qua
1138 3425 1324 3498 agnita
1369 3434 1449 3480 est
1492 3425 1748 3481 voluntas
1795 3424 1933 3480 Dei:
1987 3441 2096 3497 qua

503 3528 689 3592 gentes
713 3518 831 3574 sine
864 3531 1026 3589 opere
1054 3514 1188 3587 legis
1213 3515 1424 3570 salvare
1448 3513 1714 3571 decrevit.

575 3605 758 3677 (Vers.
807 3604 889 3673 8.)
960 3601 1146 3660 «Mihi
1198 3601 1447 3658 omnium
1505 3608 1818 3657 sanctorum
1866 3599 2095 3658 minime

503 3695 631 3752 data
669 3700 754 3750 est
795 3691 968 3764 gratia
1009 3689 1146 3747 hac.
1180 3713 1199 3738 ι
1253 3688 1528 3745 Humiliat
1560 3706 1637 3756 se,
1685 3705 1812 3746 cum
1839 3703 1894 3746 se
1927 3691 2094 3747 mini-

503 3798 656 3838 mum
690 3779 847 3845 dicit,
881 3778 1059 3836 sciens
1100 3777 1471 3834 humilitatem
1516 3778 1821 3852 profectum
1870 3778 2091 3836 habere.
2131 3789 2140 3802 ’

503 3870 637 3928 Nam
668 3875 877 3925 tantam
927 3864 1152 3940 gratiam
1203 3865 1308 3923 sibi
1353 3865 1534 3923 datam
1584 3865 1741 3934 dicit,
1771 3875 1834 3923 ut
1885 3867 2092 3924 donum

501 3956 610 4014 hoc
637 3955 784 4030 quod
813 3960 939 4012 ante
970 3951 1219 4026 ignotum
1262 3953 1370 4009 fuit
1398 3954 1689 4027 prateritis
1719 3955 1955 4020 saculis,
1987 3953 2093 4011 sibi

503 4052 709 4104 asserat
756 4059 1098 4112 concessum,
1143 4049 1205 4100 ut
1245 4041 1351 4099 hoc
1396 4043 1771 4100 manifestaret
1818 4043 2088 4116 gentibus.

501 4136 658 4195 Unde
689 4135 837 4197 enim
865 4133 1132 4191 minimus
1161 4140 1470 4190 sanctorum
1503 4133 1750 4189 omnium
1778 4134 1953 4189 videri
1986 4151 2092 4205 po-

501 4233 608 4282 test
632 4226 751 4300 qui,
787 4234 1078 4299 antequam
1123 4223 1512 4298 baptizaretur,
1544 4240 1641 4280 vas
1669 4223 1956 4280 electionis
2003 4241 2092 4297 ap-

501 4314 737 4384 pellatus
761 4322 844 4371 est
860 4313 1001 4384 (Act.
1034 4330 1115 4381 rx,
1135 4313 1226 4386 15)
1249 4314 1278 4369 ?
1295 4338 1313 4361 ε
1339 4314 1411 4370 Ut
1432 4313 1488 4368 in
1519 4311 1836 4370 nationibus
1864 4329 2090 4383 evange-

500 4401 1093 4458 lizeminastimabiles
1122 4402 1204 4472 (8)
1249 4401 1475 4458 divitias
1517 4400 1744 4459 Christi.
1777 4426 1796 4449 ι
1838 4402 2091 4459 Electum

499 4506 557 4548 se
595 4489 798 4561 probat
825 4489 893 4546 ad
940 4488 1347 4560 pradicandum
1381 4491 1588 4548 donum
1632 4490 1732 4549 Dei
1769 4490 1826 4546 in
1877 4491 2090 4549 divitiis

499 4575 1151 4650 incomprehensibilibus
1209 4577 1438 4645 Christi,
1489 4595 1624 4651 quas
1669 4580 1924 4651 gentibus
1973 4580 2089 4652 jam

496 4667 796 4741 desperatis
843 4667 1028 4740 largiri
1059 4667 1313 4741 dignatus
1355 4676 1472 4735 est;
1519 4676 1582 4725 ut
1625 4669 1743 4727 sine
1771 4687 1932 4743 opere
1969 4673 2089 4728 sal-

496 4763 758 4812 varentur
793 4772 888 4830 per
914 4756 1099 4814 ﬁdem.
1144 4757 1218 4812 Et
1245 4755 1594 4815 manifestum
1623 4765 1705 4816 est
1734 4759 1863 4832 quia
1890 4777 2083 4826 nemo;

492 4844 769 4918 egregium
800 4852 855 4902 et
884 4844 1186 4902 maximum
1218 4861 1420 4903 munus
1449 4862 1545 4920 per
1587 4847 1870 4920 indignam
1910 4848 2084 4905 mittit

493 4949 800 5007 personam.
843 4934 1148 4992 Ostendens
1189 4951 1316 5007 ergo
1359 4943 1625 5009 quantum
1675 4953 1706 4992 a
1733 4937 1846 4994 Deo
1880 4953 2082 4994 merea-

491 5033 604 5093 tur,
633 5023 894 5081 humiliat
923 5033 1107 5080 tamen
1137 5041 1214 5092 se,
1233 5033 1295 5080 ut
1325 5025 1582 5084 meritum
1603 5027 1721 5097 ejus
1744 5037 2075 5085 concrescat.

561 5122 744 5194 (Vers.
762 5123 844 5195 9.)
880 5145 900 5169 ι
925 5124 998 5179 Et
1024 5121 1333 5180 illuminem
1354 5140 1564 5191 omnes,
1591 5140 1711 5198 qua
1741 5125 2078 5199 dispensatio

490 5211 739 5287 mysterii
768 5210 1076 5270 absconditi
1120 5229 1152 5269 a
1186 5213 1400 5270 saculis
1431 5214 1491 5270 in
1535 5217 1668 5284 Deo,
1697 5215 1788 5289 qui
1820 5215 2076 5274 universa

485 5302 716 5361 creavit.
766 5326 785 5353 ι
835 5302 1064 5360 Missum
1121 5318 1178 5359 se
1218 5301 1356 5360 dicit
1400 5302 1609 5377 duplici
1659 5303 1824 5362 modo
1877 5304 2074 5363 docere

556 5493 639 5565 (7)
669 5492 915 5550 Vocibus
943 5489 1234 5566 in_Clgristo
1265 5491 1391 5566 Iesu
1417 5489 1700 5566 subjungit
1719 5492 1878 5550 Rom.
1910 5493 2069 5566 edit,

477 5562 970 5638 geﬁqungelium.
1002 5562 1107 5638 Sed
1129 5562 1469 5638 versiculum
1503 5562 1726 5638 seqfsic
1753 5562 2065 5625 exordituri

483 5632 650 5704 Cujus
677 5632 850 5702 factus
864 5653 980 5692 sum
1008 5634 1266 5704 minister,
1286 5643 1392 5693 etc.

487 5774 498 5785 O
552 5703 636 5774 (8)
667 5704 1039 5787 Eademuedit.
1068 5703 1257 5775 Rom.,
1284 5708 1348 5764 Ut
1372 5707 1431 5762 in
1457 5707 1692 5779 gentibus
1720 5709 2067 5781 evangelium

479 5777 1035 5845 incomprehensibiles,
1058 5787 1162 5836 etc.

551 5845 634 5917 (9)
668 5845 797 5902 Mss.
841 5849 1117 5919 nonnulli,
1149 5849 1291 5923 quod
1323 5856 1518 5925 aperta
1561 5853 1768 5909 salutis.
1801 5851 1874 5909 At
1903 5868 2066 5911 versu

703 6081 960 6153 πελ

2204 3425 2301 3483 Dei
2334 3440 2553 3480 manere
2583 3425 2932 3496 mysterium,
2955 3423 3211 3479 desinant
3231 3422 3300 3478 ab
3330 3437 3533 3478 errore.
3566 3421 3625 3478 Id
3653 3423 3809 3480 enim

2203 3516 2405 3589 agitur,
2433 3522 2498 3570 ut
2528 3513 2842 3586 pradicatio
2885 3512 3258 3572 ecclesiastica
3303 3512 3468 3568 etiam
3509 3511 3598 3567 his
3624 3510 3814 3585 proﬁ—

2205 3604 2333 3673 ciat,
2363 3611 2418 3660 et
2465 3602 2717 3659 deserant
2756 3617 3035 3659 assensum
3073 3601 3383 3674 tyrannidis
3413 3601 3643 3670 diaboli,
3695 3618 3814 3675 qua

2204 3709 2261 3750 se
2302 3693 2564 3750 adversus
2596 3691 2696 3748 Dei
2732 3690 2899 3747 unius
2940 3689 3103 3747 ﬁdem
3150 3691 3319 3762 impia
3375 3689 3811 3764 praesumptione

2203 3783 2459 3838 armavit.
2493 3781 2597 3848 Qui
2647 3796 2837 3836 sensus
2882 3779 3092 3852 psalmo
3136 3779 3401 3836 vicesimo
3446 3779 3608 3836 tertio
3653 3795 3810 3851 pra-

2203 3874 2439 3945 scriptus
2486 3879 2586 3940 est,
2646 3871 2742 3927 ubi
2783 3873 2929 3927 Deus
2973 3869 3352 3926 universitatis
3387 3869 3656 3926 Dominus
3692 3868 3810 3924 de-

2204 3968 2562 4028 monstratur,
2593 3958 2812 4016 dicente
2859 3958 2960 4014 Dei
3007 3958 3217 4030 Spiritu
3247 3974 3343 4030 per
3370 3957 3586 4016 David:
3635 3984 3652 4005 ε
3679 3958 3806 4013 Do—

2202 4051 2338 4107 mini
2386 4057 2471 4106 est
2515 4057 2681 4117 terra,
2731 4057 2786 4105 et
2825 4047 3112 4120 plenitudo
3140 4046 3280 4120 ejus,
3315 4048 3466 4104 orbis
3503 4055 3803 4115 terrarum,

2202 4150 2256 4197 et
2284 4139 2532 4196 universi
2565 4138 2660 4212 qui
2686 4138 2940 4194 habitant
2968 4138 3023 4193 in
3053 4155 3120 4194 eo
3152 4139 3324 4210 (Psal.
3357 4153 3525 4206 xxrrr,
3559 4136 3633 4206 1).
3657 4161 3676 4183 ι
3729 4137 3807 4192 Et

2201 4231 2258 4286 in
2300 4228 2595 4301 subjectis:
2648 4253 2666 4276 ι
2695 4227 2896 4284 Tollite
2935 4235 3120 4300 portas
3148 4226 3422 4300 Principis
3450 4225 3620 4283 vestri
3652 4225 3799 4296 (10),

2201 4327 2255 4375 et
2309 4317 2606 4374 elevamini
2671 4325 2842 4390 porta
2905 4317 3207 4384 aternales,
3266 4323 3321 4372 et
3370 4315 3624 4372 introibit
3677 4315 3801 4371 Rex

2201 4408 2412 4480 gloria.
2463 4405 2600 4474 Quis
2652 4413 2735 4462 est
2778 4405 2880 4461 iste
2925 4407 3042 4463 Rex
3090 4405 3325 4478 gloria?
3355 4405 3624 4461 Dominus
3669 4403 3803 4458 vir—

2200 4508 2380 4556 tutum
2436 4499 2553 4571 ipse
2603 4505 2686 4555 est
2738 4499 2858 4554 Rex
2915 4498 3101 4570 gloria
3162 4497 3328 4569 (Ibid.
3388 4497 3628 4568 740).»
3685 4497 3803 4553 Di-

2197 4588 2343 4644 citur
2393 4605 2521 4660 ergo
2576 4587 2664 4644 his
2719 4587 3088 4660 Principibus,
3141 4588 3236 4661 qui
3291 4587 3350 4643 in
3414 4602 3596 4644 errore
3663 4594 3804 4642 sunt

2196 4678 2254 4734 in
2321 4678 2656 4746 coelestibus,
2716 4677 2832 4734 sive
2883 4676 3153 4733 ministris
3207 4675 3326 4749 ejus
3383 4676 3441 4732 in
3494 4674 3672 4743 terris,
3733 4684 3800 4730 ut

2197 4769 2448 4825 auferant
2502 4777 2686 4842 portas
2732 4767 3000 4843 principis
3056 4769 3164 4837 sui,
3221 4768 3280 4825 id
3323 4776 3405 4825 est
3458 4766 3667 4824 diaboli
3728 4767 3800 4824 de

2197 4858 2473 4915 mentibus
2527 4856 2663 4928 suis,
2720 4875 2816 4931 per
2868 4875 3002 4933 quas
3054 4859 3354 4916 multorum
3412 4856 3638 4914 deorum
3694 4873 3798 4913 as—

2195 4947 2553 5006 serendorum
2623 4965 2776 5006 error
2837 4949 3087 5006 intravit.
3157 4949 3298 5006 Sunt
3361 4947 3508 5004 enim
3565 4954 3798 5020 tempo—

2194 5039 2378 5107 rales;
2443 5037 2573 5112 quia
2626 5038 2809 5095 omnis
2873 5037 3092 5096 fallacia
3158 5045 3402 5110 tempore
3461 5035 3791 5092 clauditur:

2207 5151 2226 5174 ι
2265 5127 2374 5184 Iter
2421 5126 2618 5200 (enim)
2651 5126 2948 5200 impiorum
2997 5127 3199 5200 peribit
3231 5128 3405 5200 (Psal.
3439 5143 3480 5195 ι,
3532 5125 3612 5196 6).
3647 5150 3663 5171 ι
3723 5125 3798 5181 Ut

2190 5225 2372 5276 autem
2427 5225 2655 5276 aeternas
2700 5225 2886 5292 portas
2947 5219 3182 5286 elevent,
3246 5217 3504 5275 hortante
3544 5214 3793 5288 justitia,

2189 5307 2589 5376 admonentur;
2645 5308 2774 5383 quia
2825 5307 3026 5366 veritas
3079 5307 3134 5364 in
3195 5307 3531 5382 sempiterna
3584 5307 3799 5365 sacula

2186 5497 2460 5580 proximo,
2491 5497 2589 5582 ubi
2617 5515 2717 5582 no_s
2749 5517 2875 5558 cum
2913 5507 3028 5582 aut.
3061 5499 3195 5582 edit.
3227 5515 3291 5582 ac
3315 5497 3576 5582 pluribus
3625 5513 3791 5582 mss.,

2183 5570 2240 5623 in
2266 5585 2460 5644 magna
2493 5578 2644 5640 vota;
2678 5573 2835 5628 Rom.
2867 5572 3001 5629 edit.
3035 5572 3272 5644 praefert,
3305 5570 3363 5626 in
3390 5570 3596 5643 magnis
3625 5571 3790 5636 votis,

2182 5649 2237 5696 et
2265 5641 2487 5716 quidam
2522 5660 2674 5710 mss.,
2707 5644 2762 5699 in
2801 5661 2994 5716 magna
3025 5641 3156 5700 uita.

2209 5713 2545 5840 t(10)etMss.
2596 5715 2839 5788 aliquot:
2885 5712 3071 5772 Tollite
3111 5721 3318 5787 portas,
3351 5712 3645 5785 Principes,
3686 5729 3793 5768 ve-

2229 5802 2338 5840 ras.
2425 5803 2475 5840 c.

2179 5801 2338 5853 stras,
2371 5801 2475 5843 etc.
