4108 6184
317 444 421 505 405

1388 442 1751 502 COMMENT.
1793 442 1866 500 IN
1901 441 2119 499 EPIST.
2161 442 2257 500 AD
2296 442 2540 500 EPHES.

3515 447 3622 506 406

308 580 629 646 perseverat.
681 570 838 629 Unde
881 570 959 628 ait
995 570 1053 627 in
1091 571 1308 645 psalmo
1351 570 1652 627 centesimo
1690 568 1906 626 decimo
1933 570 1985 632 Α
2018 585 2138 638 nos,
2171 567 2264 625 sed
2311 585 2525 641 semper
2564 568 2716 628 adest
2760 582 2979 646 propter
3026 573 3192 632 ﬁdem
3237 541 3413 646 suam,
3453 592 3618 650 quam

307 662 538 735 septimo
571 679 584 718 :
637 687 656 710 ι
696 662 823 719 Haec
852 671 1009 735 porta
1037 660 1287 724 Domini,
1313 660 1452 733 justi
1485 659 1774 716 intrabunt
1816 673 1913 730 per

304 768 420 808 eam
455 753 632 826 (Psal.
663 770 836 823 cxvn,
869 753 984 826 20).
1029 776 1048 799 ›
1100 751 1460 810 Manifestum
1494 757 1577 807 est
1606 749 1754 806 enim
1785 748 1914 821 quia

300 839 440 912 justi
488 857 587 914 per
633 841 795 898 ﬁdem
843 841 1056 897 intrant
1101 840 1159 896 in
1205 841 1394 908 caelos,
1443 839 1500 894 in
1531 855 1761 912 regnum
1791 838 1912 908 Dei,

303 931 453 1004 quod
493 948 772 1004 nunquam
818 930 1216 1002 corrumpitur,
1249 931 1394 986 sicut
1418 928 1615 985 Daniel
1651 927 1916 1000 propheta

303 1026 556 1088 testatur,
608 1019 800 1076 dicens
831 1021 979 1075 inter
1025 1025 1221 1076 caetera
1256 1036 1268 1074 :
1333 1043 1351 1064 ε
1381 1018 1656 1089 Exsurget
1684 1032 1912 1088 regnum

303 1109 459 1166 aliud
488 1106 915 1181 incorruptibile
966 1108 1132 1176 (Dan.
1169 1123 1232 1172 ir,
1263 1105 1395 1176 44);
1447 1128 1466 1152 ι
1527 1102 1684 1176 impii
1728 1111 1912 1159 autem

306 1205 536 1272 propter
565 1196 1009 1254 incredulitatem
1043 1195 1249 1251 intrant
1276 1194 1556 1250 infernum
1587 1201 1909 1249 tartareum.

303 1287 413 1345 Hic
443 1303 571 1361 ergo
605 1287 721 1343 Rex
750 1286 936 1359 gloriae
959 1285 1211 1342 Christus
1240 1292 1341 1352 est,
1365 1282 1457 1356 qui
1489 1280 1708 1338 devicta
1736 1288 1913 1336 morte

307 1392 602 1449 resurgens
659 1382 882 1446 apparet
933 1372 1204 1430 Dominus
1259 1387 1374 1427 esse
1429 1377 1482 1425 et
1537 1370 1654 1425 Rex
1701 1367 1909 1440 gloriae.

304 1464 525 1520 Virtute
553 1463 700 1519 enim
745 1460 1031 1535 potestatis
1079 1478 1211 1529 suae,
1262 1476 1370 1534 qua
1416 1458 1632 1531 subegit
1681 1457 1909 1526 inferos,

301 1553 714 1620 manifestatur;
749 1552 878 1625 quia
909 1551 1020 1624 ipse
1043 1558 1125 1606 est
1152 1550 1331 1607 Filius
1350 1550 1472 1618 Dei,
1497 1548 1591 1621 qui
1617 1547 1783 1603 unius
1812 1546 1911 1602 Dei

301 1658 529 1715 regnum
563 1643 621 1698 in
650 1642 805 1700 caelis
825 1649 877 1698 et
899 1641 959 1696 in
980 1640 1143 1697 terris
1167 1657 1280 1696 esse
1303 1641 1372 1696 ad
1392 1637 1910 1696 condemnationem

301 1732 617 1806 tyrannidis
645 1729 852 1788 diaboli
886 1729 1226 1804 praedicavit.

376 1822 562 1894 (Vers.
595 1821 682 1889 11,
718 1820 831 1891 12.)
878 1843 895 1866 ι
944 1819 1255 1876 Secundum
1306 1817 1647 1890 propositum
1688 1815 1912 1871 saeculo-

2021 658 2178 739 videt
2204 658 2260 714 in
2310 658 2471 714 nobis
2501 678 2512 715 :
2547 659 2747 732 quippe
2775 679 2898 718 cum
2931 663 3056 721 ideo
3085 663 3324 737 Spiritus
3351 663 3490 737 ejus,
3523 665 3619 740 qui

2025 755 2078 804 et
2103 747 2200 804 Dei
2248 747 2426 804 Patris
2475 756 2576 817 est,
2630 749 2790 806 detur
2835 753 3013 823 nobis,
3053 762 3114 810 ut
3153 753 3274 811 vice
3311 753 3430 826 ejus
3471 763 3621 812 tutos

2022 851 2240 917 praestet
2273 861 2392 914 nos,
2422 844 2468 900 si
2498 845 2548 900 ei
2576 848 2956 911 assentiamus,
2978 859 3040 905 ut
3068 859 3120 907 et
3140 853 3354 909 occulta
3381 853 3618 920 revelet;

2025 949 2120 1004 per
2157 949 2318 1005 quem
2362 933 2556 1006 utique
2585 935 2765 1007 ipsum
2801 936 2857 992 in
2890 937 3047 993 nobis
3076 938 3320 996 habitare
3347 941 3622 1014 ambigere

2030 1037 2139 1076 non
2169 1021 2448 1077 debemus.
2497 1023 2596 1078 Est
2625 1024 2772 1079 enim
2815 1024 2910 1081 hic
2948 1025 3092 1081 alius
3133 1028 3448 1098 paraclitus,
3478 1029 3621 1086 inter

2021 1125 2157 1183 quos
2193 1126 2550 1182 personarum
2573 1111 2837 1168 distantia
2861 1115 2966 1180 est,
2998 1131 3106 1170 non
3139 1125 3382 1183 naturae;
3413 1117 3542 1189 quia
3567 1125 3623 1174 et

2023 1197 2090 1254 de
2119 1213 2182 1252 eo
2214 1199 2445 1271 accepit,
2481 1207 2533 1254 et
2563 1217 2593 1255 a
2623 1202 2736 1257 Deo
2766 1202 3016 1274 procedit
3061 1204 3244 1272 (Joan.
3274 1220 3370 1272 xv,
3405 1205 3520 1276 26).
3560 1206 3622 1262 In

2019 1287 2223 1360 quibus
2253 1289 2402 1344 enim
2434 1299 2644 1346 natura:
2674 1290 2857 1347 unitas
2886 1300 2990 1361 est,
3039 1291 3279 1349 invicem
3327 1293 3412 1350 sui
3457 1303 3620 1362 sunt;

2023 1377 2171 1433 unde
2195 1377 2334 1434 dicit
2362 1380 2631 1453 Dominus
2665 1398 2679 1436 :
2738 1407 2755 1427 ι
2785 1381 2985 1437 Omnia
3022 1382 3200 1438 Patris
3239 1398 3358 1438 mea
3388 1391 3538 1452 sunt,
3568 1389 3623 1439 et

2021 1482 2141 1522 mea
2183 1467 2370 1523 omnia
2396 1468 2573 1524 Patris
2607 1471 2788 1541 (Joan.
2817 1487 2936 1539 xvr,
2971 1471 3083 1543 15).
3115 1494 3134 1518 ι

2093 1557 2274 1628 (Vers.
2312 1558 2424 1630 18.)
2469 1581 2487 1604 ε
2529 1559 2598 1614 Ut
2631 1558 2689 1613 in
2715 1557 2981 1615 charitate
3009 1558 3236 1616 radicati
3281 1567 3335 1616 et
3380 1561 3620 1627 fundati,

2020 1647 2242 1720 possitis
2273 1647 2739 1720 comprehendere
2781 1666 2908 1705 cum
2952 1649 3212 1706 omnibus
3257 1650 3461 1707 sanctis
3499 1668 3619 1724 quas

2020 1737 2093 1793 sit
2121 1736 2377 1803 latitudo,
2408 1744 2462 1792 et
2488 1736 2794 1810 longitudo,
2815 1744 2867 1792 et
2882 1737 3140 1806 altitudo,
3155 1745 3209 1793 et
3224 1725 3607 1810 profundum.»

2020 1825 2136 1881 Hoc
2181 1833 2435 1898 praestare
2476 1826 2613 1882 dicit
2657 1826 2996 1883 habitantem
3045 1826 3327 1885 Christum
3375 1829 3463 1884 vel
3502 1829 3620 1901 Spi-

303 1927 429 1967 rum
464 1911 521 1965 in
554 1908 774 1968 Christo
805 1909 932 1964 Iesu
957 1908 1198 1964 Domino
1246 1913 1458 1974 nostrO,
1479 1992 1482 1993 ν
1507 1906 1566 1960 in
1596 1921 1704 1993 quo
1747 1903 1911 1993 habe'
1943 1933 1987 1993 Β
2021 1914 2191 1971 ritum
2224 1915 2280 1970 in
2311 1915 2490 1984 nobis,
2537 1923 2599 1970 ut
2627 1915 2844 1972 fundati
2886 1915 3060 1972 simus
3109 1916 3168 1972 in
3199 1915 3466 1973 charitate
3494 1919 3617 1987 Dei,

305 2016 434 2056 mus
483 1998 792 2054 libertatem
843 1998 903 2053 in
955 1995 1292 2052 conﬁdentia
1336 2010 1432 2067 per
1458 1992 1623 2050 ﬁdem
1655 1990 1847 2064 ipsius.
1880 2014 1898 2036 ι

305 2088 723 2149 Manifestatum
753 2086 889 2144 dicit
919 2086 1204 2145 Christum
1237 2086 1458 2152 saeculo,
1491 2101 1600 2157 quo
1630 2081 1915 2156 proposuit

298 2180 452 2236 Deus
480 2176 768 2234 ostendere
788 2177 1117 2249 mysterium
1140 2193 1300 2232 suum
1324 2191 1424 2247 pro
1444 2175 1619 2229 salute
1649 2173 1910 2239 humana,

301 2276 365 2325 ut
393 2267 643 2340 cognitio
684 2266 938 2340 mysterii
968 2266 1068 2322 Dei
1100 2264 1430 2321 mortalibus
1465 2263 1739 2319 conferret
1769 2262 1910 2317 salu-

301 2366 412 2414 tem
443 2375 458 2424 ;
493 2365 556 2414 ut
585 2355 742 2429 quasi
770 2355 1044 2412 dedicatio
1080 2354 1232 2428 regni
1263 2353 1470 2430 Christi
1499 2352 1642 2409 hanc
1680 2350 1910 2423 gratiam

307 2445 670 2503 credentibus
712 2461 812 2517 pro
841 2443 1192 2516 apophoretis
1231 2443 1540 2516 largiretur.
1582 2441 1734 2497 Licet
1762 2439 1909 2495 enim

296 2533 413 2608 jam
440 2534 577 2592 olim
599 2533 807 2590 factum
827 2533 922 2602 sit,
944 2549 1151 2589 novum
1180 2539 1364 2589 tamen
1385 2531 1607 2587 videtur
1636 2529 1910 2603 ignoranti

300 2631 571 2681 creaturae
579 2666 592 2678 .

377 2712 563 2784 (Vers.
601 2711 714 2784 13.)
759 2735 778 2758 ι
807 2711 1035 2785 Propter
1066 2709 1213 2784 quod
1241 2717 1365 2784 peto
1393 2724 1464 2764 ne
1492 2707 1762 2764 deficiatis
1791 2707 1811 2776 (
1821 2707 1908 2777 11)

304 2802 362 2859 in
389 2801 852 2860 tribulationibus
878 2803 1017 2859 meis
1047 2818 1147 2874 pro
1177 2801 1356 2867 vobis,
1393 2815 1513 2872 quae
1540 2805 1668 2854 sunt
1697 2797 1756 2852 in
1787 2797 1913 2867 glo-

304 2891 388 2948 ria
422 2900 624 2948 vestra.
653 2917 672 2939 ι
728 2890 1073 2949 Manifestata
1116 2905 1230 2961 spe,
1281 2904 1401 2960 quae
1432 2892 1512 2942 est
1542 2887 1599 2940 in
1645 2883 1914 2955 mysterio

306 2980 539 3050 Christi,
572 2987 888 3038 commonet
927 2995 995 3035 ne
1027 2977 1350 3035 scandalum
1382 2973 1663 3045 patiantur
1691 2978 1915 3044 propter

302 3069 718 3136 tribulationes,
747 3084 869 3140 quas
915 3066 1120 3122 sanctis
1149 3083 1181 3120 a
1207 3063 1432 3135 perﬁdis
1462 3061 1794 3133 irrogantur.
1827 3059 1913 3114 Ad

308 3157 546 3230 gloriam
593 3157 742 3212 enim
790 3153 1031 3225 pertinet
1078 3153 1327 3220 illorum,
1373 3154 1418 3207 si
1449 3151 1505 3205 in
1554 3148 1912 3205 tribulatione

2021 2007 2265 2064 devincti
2310 2007 2594 2064 beneﬁciis
2642 2007 2780 2079 ejus,
2833 2017 2887 2064 et
2915 2007 3188 2080 possimus
3216 2025 3342 2066 cum
3389 2010 3616 2079 sanctis,

2023 2095 2118 2168 qui
2161 2105 2290 2152 sunt
2317 2096 2551 2168 apostoli
2599 2103 2652 2151 et
2682 2095 2982 2169 prophetas,
3033 2097 3361 2155 immensum
3391 2107 3446 2155 et
3472 2099 3618 2157 inae-

2022 2184 2402 2240 stimatibilem
2447 2201 2773 2257 cognoscere
2818 2187 3016 2254 Deum,
3047 2187 3232 2243 omnia
3260 2188 3614 2246 excedentem

2022 2273 2303 2347 majestate
2332 2273 2559 2330 virtutis
2588 2291 2718 2331 suae.
2744 2273 2879 2332 Cum
2911 2275 3059 2331 enim
3090 2275 3226 2333 dicit
3251 2295 3261 2332 :
3301 2277 3613 2349 «Latitudo,

2020 2373 2074 2423 et
2101 2365 2411 2439 longitudo,
2445 2373 2498 2421 et
2526 2364 2785 2435 altitudo,
2831 2374 2884 2422 et
2913 2366 3272 2441 profundum,
3303 2392 3321 2415 ι
3365 2367 3471 2427 hoc
3493 2369 3616 2426 uti-

2020 2473 2124 2530 que
2173 2455 2468 2528 signiﬁcat,
2521 2463 2583 2512 ut
2610 2457 2754 2513 sicut
2798 2457 2856 2513 in
2896 2457 3108 2530 sphaera
3136 2465 3289 2515 tanta
3325 2459 3615 2532 longitudo

2020 2553 2122 2614 est,
2154 2553 2358 2618 quanta
2387 2545 2644 2613 latitudo,
2693 2555 2747 2601 et
2787 2553 2939 2602 tanta
2975 2547 3230 2615 altitudo,
3264 2556 3531 2620 quantum
3561 2557 3617 2604 et

2021 2633 2392 2708 profundum;
2461 2633 2538 2688 ita
2592 2639 2646 2688 et
2702 2633 2759 2687 in
2815 2635 2928 2688 Deo
2984 2635 3170 2688 omnia
3225 2635 3456 2707 mqualia
3502 2636 3616 2693 sint

2021 2721 2392 2777 immensitate
2414 2719 2726 2774 inﬁnitatis.
2765 2719 2988 2791 Sphaara
3010 2722 3159 2776 enim
3189 2721 3420 2778 deﬁnito
3451 2725 3615 2781 modo

2021 2810 2377 2868 concluditur
2405 2828 2416 2866 :
2457 2811 2602 2865 Deus
2630 2817 2810 2864 autem
2843 2825 2954 2864 non
2984 2810 3160 2865 solum
3191 2809 3384 2883 implet
3409 2812 3616 2882 omnia,

2021 2900 2114 2956 sed
2142 2907 2196 2955 et
2223 2899 2473 2966 excedit;
2509 2915 2610 2955 nec
2635 2899 2779 2954 enim
2812 2898 3110 2968 clauditur,
3141 2899 3234 2956 sed
3256 2900 3444 2956 omnia
3473 2900 3619 2958 intra

2023 3005 2079 3046 se
2112 2989 2299 3057 habet,
2339 2997 2401 3044 ut
2430 2989 2582 3045 solus
2611 2988 2906 3044 ineﬁ‘abilis
2933 2995 2988 3044 et
3016 2987 3271 3046 inﬁnitus
3300 2988 3567 3047 habeatur
3599 3009 3612 3047 :

2023 3085 2076 3134 et
2103 3078 2290 3150 gratiae
2319 3077 2450 3133 huic
2483 3077 2882 3134 insufﬁcienter
2903 3085 3153 3149 agantur,
3185 3078 3314 3152 quia
3342 3096 3467 3136 cum
3497 3088 3613 3136 tan-

2019 3174 2109 3222 tus
2139 3167 2234 3235 sit,
2272 3167 2527 3240 dignatus
2547 3174 2627 3223 est
2643 3182 2738 3238 per
2764 3166 3046 3224 Christum
3077 3166 3357 3224 hominem
3387 3169 3615 3227 visitare

307 3244 564 3315 magistri
589 3260 701 3299 non
728 3241 936 3298 fuerint
965 3240 1318 3297 scandalizati
1349 3239 1630 3312 discipuli,
1669 3239 1773 3295 hac
1818 3254 1910 3310 spe
1941 3293 1983 3353 Ο
2020 3257 2256 3329 peccatis
2287 3239 2351 3312 et’
2372 3256 2537 3312 morti
2571 3255 2899 3327 subjectum.

307 3332 510 3353 (ΞΔ-.-Αἱ
534 3349 544 3353 -
584 3331 700 3353 __:-
736 3330 981 3353 12.1-13-..
1017 3345 1280 3353 _..---..__
1313 3328 1488 3353 ι-Α-..ε
1522 3328 1703 3353 -..-..I:
1742 3329 1902 3353 -ι-..;..
2101 3345 2166 3353 ι-..
2317 3346 2368 3353 .-
2402 3345 2413 3353 ι
2557 3344 2589 3353 Α.

298 3332 546 3397 ﬁrmati;
579 3331 708 3404 quia
735 3330 985 3386 ﬁdelium
1017 3345 1283 3401 pressurae
1312 3328 1490 3384 futuri
1521 3328 1704 3384 saeculi
1737 3329 1908 3401 gloria

303 3419 620 3490 erigentur;
659 3419 778 3476 haec
824 3418 969 3474 enim
1005 3417 1252 3474 ﬁdelium
1286 3416 1538 3490 probatio
1566 3423 1668 3484 est,
1703 3415 1750 3472 si
1778 3416 1906 3472 ﬁdei

298 3522 419 3565 suae
446 3523 594 3580 spem
624 3507 931 3563 advertant.

377 3607 560 3678 (Vers.
581 3607 667 3677 14,
693 3607 780 3675 15,
807 3608 920 3678 16.)
967 3633 984 3654 ε
1014 3606 1189 3679 Hujus
1219 3605 1295 3663 rei
1333 3605 1507 3680 gratia
1542 3604 1702 3663 ﬂecto
1733 3621 1909 3680 genua

298 3712 425 3754 mea
449 3696 517 3753 ad
548 3698 762 3754 Patrem
797 3697 1021 3754 Domini
1055 3696 1232 3752 nostri
1260 3697 1388 3753 Jesu
1423 3695 1652 3764 Christi,
1700 3711 1765 3751 ex
1797 3711 1908 3768 quo

298 3784 486 3842 omnis
532 3785 832 3858 patemitas
880 3787 938 3842 in
974 3786 1128 3843 coelis
1179 3794 1234 3841 et
1276 3784 1335 3841 in
1365 3792 1510 3840 terra
1559 3784 1902 3848 nominatur;

300 3883 363 3930 ut
391 3875 490 3932 det
527 3875 687 3933 vobis
732 3876 1034 3932 secundum
1068 3874 1295 3932 divitias
1324 3874 1622 3946 majestatis
1651 3891 1762 3930 suae
1797 3873 1905 3928 vir-

297 3973 477 4022 tutem
508 3965 823 4021 conﬁrmari
868 3965 926 4020 in
961 3963 1174 4037 Spiritu
1218 3981 1319 4020 suo
1350 3965 1490 4036 (12)..
1524 3990 1542 4011 ι
1605 3964 1721 4019 Hoc
1747 3963 1909 4019 ﬂexis

300 4052 535 4125 genibus
581 4052 792 4124 precari
838 4067 895 4108 se
942 4051 1101 4120 dicit,
1148 4060 1212 4108 ut
1261 4051 1392 4124 quia
1422 4051 1678 4124 dignatus
1707 4057 1788 4106 est
1817 4051 1906 4106 ad-

299 4157 501 4198 vocare
531 4148 716 4214 gentes
745 4141 813 4197 ad
842 4141 1286 4215 cognoscendum
1333 4141 1664 4214 mysterium
1695 4143 1908 4197 volun-

299 4230 429 4288 tatis
465 4229 604 4302 ejus,
635 4229 740 4286 hoc
777 4229 944 4286 etiam
971 4229 1162 4298 donet,
1195 4228 1324 4301 quia
1353 4230 1510 4286 dives
1539 4239 1640 4298 est,
1674 4237 1736 4285 ut
1767 4239 1909 4287 nutu

299 4318 418 4391 ejus
471 4319 764 4375 ﬁrmentur
815 4318 876 4374 in
923 4318 1156 4390 Spiritu,
1216 4317 1322 4373 hoc
1364 4326 1463 4386 est,
1518 4326 1581 4374 ut
1619 4324 1763 4382 239
1795 4337 1905 4374 non

301 4414 434 4473 illos
459 4415 786 4487 perturbent
813 4415 1060 4474 carnalia
1087 4413 1259 4469 exitia
1288 4413 1441 4470 illata
1468 4433 1498 4471 a
1527 4417 1785 4489 perﬁdis;
1815 4417 1907 4472 sed

301 4504 412 4562 sint
447 4505 691 4575 stabiles,
739 4513 1118 4578 exspectantes
1147 4503 1205 4559 in
1237 4503 1424 4560 futuro
1454 4504 1621 4577 hujus
1666 4507 1742 4563 rei
1771 4524 1908 4562 mer-

301 4597 517 4654 cedem.

374 4694 566 4767 (Vers.
605 4694 716 4765 17.)
761 4717 778 4740 ι
809 4695 870 4750 In
897 4693 1158 4752 interiore
1189 4694 1415 4752 homine
1445 4693 1726 4752 Christum
1757 4694 1909 4749 halwi-

307 4789 418 4840 tare
457 4799 552 4855 per
598 4782 762 4839 ﬁdem
811 4784 868 4840 in
914 4783 1174 4841 cordibus
1220 4786 1436 4842 vestris.
1482 4811 1500 4832 ι
1564 4785 1624 4840 Ιη
1670 4801 1734 4840 eo
1775 4783 1912 4857 petit

305 4891 394 4931 eos
449 4873 622 4945 magis
674 4872 903 4943 ﬁrmari,
957 4882 1018 4929 ut
1073 4891 1184 4931 non
1235 4875 1534 4948 ambigant,
1591 4873 1685 4931 sed
1740 4874 1913 4946 magis

306 4965 539 5022 credant
567 4961 850 5020 Christum
884 4962 1132 5018 habitare
1164 4964 1220 5019 in
1270 4979 1346 5030 se,
1387 4980 1549 5037 quem
1580 4980 1690 5020 non
1720 4963 1913 5018 vident

308 5052 393 5108 his
411 5051 593 5109 oculis
616 5069 629 5118 ;
662 5059 726 5107 ut
751 5049 990 5123 Spiritus
1018 5050 1180 5106 datus
1207 5051 1314 5107 hoc
1342 5051 1420 5107 eis
1449 5066 1545 5123 per
1571 5051 1670 5107 Dei
1700 5049 1907 5105 donum

311 5140 593 5209 infundat,
629 5148 691 5198 ut
733 5139 870 5197 certi
923 5139 1034 5194 sint
1085 5139 1152 5195 de
1191 5140 1412 5197 Christo
1451 5140 1598 5214 quod
1644 5140 1806 5208 vivit,
1857 5147 1910 5196 et

311 5231 488 5287 Filius
533 5227 634 5287 Dei
682 5237 788 5295 est,
839 5237 893 5285 et
941 5227 1153 5284 habitat
1199 5246 1296 5301 per
1344 5229 1505 5287 ﬁdem
1555 5231 1610 5287 in
1651 5230 1911 5287 cordibus

313 5319 538 5387 nostris,
586 5325 649 5375 ut
695 5334 821 5375 cum
870 5317 1034 5376 ﬁdem
1081 5317 1200 5390 ejus
1247 5317 1511 5376 habemus
1563 5320 1619 5376 in
1652 5319 1912 5376 cordibus

316 5411 540 5478 nostris,
589 5411 770 5483 ipsum
801 5408 1002 5466 habere
1030 5408 1339 5464 videamur.
1389 5409 1545 5477 Quod
1575 5426 1638 5466 eo
1670 5410 1908 5483 proﬁcit,

316 5508 376 5556 ut
401 5499 580 5557 securi
615 5499 788 5556 simus
815 5497 882 5554 de
910 5496 1138 5554 auxiliis
1183 5495 1337 5569 ejus;
1387 5498 1516 5572 quia
1551 5515 1665 5555 non
1709 5500 1910 5580 deserit

391 5668 507 5739 (11)
540 5669 698 5725 Rom.
729 5667 886 5739 edit_.,
909 5667 1137 5739 Propter
1154 5665 1294 5739 quod
1312 5682 1512 5734 moneo,
1540 5685 1603 5722 ne
1631 5668 1904 5739 deﬁciatis.

394 5671 478 5738 (11
540 5671 698 5725 Rom.
729 5671 886 5734 edit.,
909 5671 1137 5738 Propter
1154 5671 1294 5736 quod
1312 5682 1512 5734 moneo,
1540 5685 1603 5722 ne
1631 5671 1904 5739 deﬁciatis.

394 5671 509 5810 (12)
539 5739 746 5796 Eadem
792 5737 949 5805 edit.,
976 5755 1075 5810 per
1105 5737 1364 5810 Spiritum
1393 5755 1547 5793 suum
1578 5739 1631 5791 in
1660 5740 1910 5795 interiore

323 5808 542 5870 homine.
592 5810 746 5871 Unde
775 5808 993 5868 versum
1024 5809 1089 5867 17
1126 5808 1203 5865 ita
1233 5808 1432 5884 incipit
1462 5827 1473 5866 :
1526 5810 1791 5869 Christum
1818 5813 1909 5868 ha-

2091 3345 2273 3417 (Vers.
2308 3345 2422 3417 19.)
2485 3368 2503 3391 ι
2551 3344 2886 3417 Cognoscere
2929 3361 3145 3419 quoque
3192 3346 3616 3419 supereminen-

2015 3441 2123 3492 tem
2156 3434 2400 3491 scientias
2443 3433 2766 3490 charitatem
2817 3433 3044 3492 Christi.
3079 3458 3097 3483 ι
3156 3435 3285 3491 Post
3311 3435 3411 3492 Dei
3440 3435 3616 3493 Patris

2017 3521 2292 3579 inﬁnitam
2348 3531 2406 3580 et
2462 3522 3077 3596 incomprehensibilem
3133 3525 3502 3596 cognitionem
3561 3536 3616 3585 et

2017 3611 2439 3667 inenarrabilem
2490 3612 2860 3679 clementiam,
2921 3611 3124 3669 Christi
3183 3629 3400 3688 quoque
3451 3631 3611 3689 agno-

2016 3717 2164 3756 scere
2193 3718 2295 3758 nos
2325 3702 2447 3756 vult
2473 3699 2798 3758 charitatem
2823 3718 2836 3769 ;
2889 3701 3017 3774 quia
3043 3702 3504 3775 superemineutis
3531 3712 3614 3760 est

2017 3791 2284 3859 scientiae,
2309 3798 2363 3847 et
2391 3790 2829 3862 subintelligitur
2855 3791 3142 3859 humanas;
3176 3799 3238 3847 ut
3253 3809 3417 3865 super
3440 3794 3614 3850 scien-

2015 3879 2150 3934 tiam
2180 3879 2468 3935 hominum
2503 3879 2769 3936 habeatur
2795 3880 3019 3936 dilectio
3049 3880 3277 3952 Christi.
3304 3882 3440 3948 Quis
3463 3881 3611 3937 enim

1959 4010 1969 4020 .
2017 3977 2195 4042 potest
2225 3971 2480 4042 colligere
2509 3971 2759 4044 mysterii
2789 3971 2956 4044 hujus
2997 3973 3283 4029 charitatis
3317 3973 3610 4039 rationem,

2017 4068 2080 4114 ut
2109 4067 2163 4113 et
2191 4060 2336 4115 Deus
2365 4059 2610 4116 hominis
2639 4077 2803 4118 causa
2832 4060 3001 4116 homo
3045 4067 3382 4125 nasceretur,
3414 4058 3614 4114 deinde

2017 4155 2325 4204 moreretur
2352 4167 2452 4221 pro
2491 4151 2834 4217 hominibus,
2866 4167 2964 4222 pro
2994 4149 3166 4203 servis
3193 4147 3473 4216 dominus,
3513 4165 3613 4221 pro

2017 4249 2264 4297 creatura
2293 4249 2522 4308 creator,
2556 4257 2655 4311 pro
2689 4239 2876 4310 impiis
2905 4238 3030 4310 pius
3051 4239 3079 4294 ?
3109 4238 3338 4308 Propter
3367 4238 3502 4312 quid
3536 4238 3614 4295 ita

2016 4331 2216 4386 dilexit
2242 4332 2386 4386 nos?
2420 4338 2515 4384 aut
2544 4337 2606 4383 ut
2635 4327 2768 4401 quid
2797 4335 3046 4383 nostrum
3077 4327 3320 4396 haberet,
3354 4329 3449 4403 qui
3478 4331 3615 4387 nul—

2019 4420 2127 4475 lius
2152 4418 2407 4490 indiget?
2433 4433 2562 4472 num
2572 4416 2704 4489 quid
2726 4432 2838 4471 non
2857 4415 3096 4473 charitas
3117 4416 3234 4472 haec
3253 4434 3416 4490 super
3441 4420 3614 4476 scien-

2019 4510 2150 4564 tiam
2177 4508 2466 4566 hominum
2494 4508 2620 4563 est?
2647 4515 2742 4562 aut
2770 4507 2894 4579 quis
2922 4506 3210 4564 hominum
3242 4506 3386 4566 hanc
3412 4510 3616 4582 poterit

2019 4597 2344 4654 charitatem
2398 4597 2563 4654 alicui
2619 4594 2912 4665 exhibere;
2971 4613 3283 4671 quanquam
3316 4597 3492 4671 impar
3519 4600 3612 4666 sit,

2021 4703 2084 4743 ac
2111 4704 2208 4760 per
2253 4688 2360 4744 hoc
2390 4688 2760 4760 supereminet
2808 4689 3051 4744 humana
3093 4690 3454 4746 commenta?
3502 4689 3618 4747 Hoc

2021 4793 2119 4850 ego
2149 4777 2269 4831 vult
2308 4794 2407 4834 nos
2435 4779 2595 4846 scire,
2641 4778 2772 4851 quia
2800 4795 2990 4833 sensus
3029 4786 3216 4835 noster
3255 4780 3471 4852 assequi
3503 4797 3614 4837 non

2022 4873 2219 4938 potest,
2264 4882 2366 4922 nec
2394 4867 2701 4940 perspicere
2742 4866 3174 4939 profunditatem
3221 4868 3613 4926 beneﬁciorum

2021 4955 2226 5013 Christi
2285 4972 2412 5028 erga
2468 4973 2608 5022 nos;
2672 4963 2732 5011 ut
2788 4955 3016 5028 perinde
3074 4973 3286 5030 semper
3334 4957 3382 5013 ei
3443 4957 3617 5014 simus

2020 5045 2294 5117 supplices
2323 5052 2377 5100 et
2423 5044 2635 5110 devoti,
2687 5051 2740 5100 et
2794 5045 2890 5118 qui
2943 5044 3145 5102 debitis
3199 5047 3354 5104 nulla
3405 5047 3615 5102 ratione

2020 5138 2330 5196 satisfacere
2384 5154 2694 5211 possumus,
2743 5138 2830 5193 vel
2887 5139 2944 5194 in
3001 5139 3108 5195 ﬁde
3159 5137 3279 5211 ejus
3327 5155 3500 5211 usque
3546 5136 3614 5191 ad

2021 5238 2250 5286 mortem
2302 5244 2729 5300 perseveremus.
2763 5229 2860 5285 Ille
2889 5229 3036 5285 enim
3079 5245 3180 5302 pro
3210 5224 3616 5302 magniﬁcentia

2019 5318 2319 5392 majestatis
2345 5335 2456 5376 sum
2486 5335 2546 5375 ea
2579 5319 2742 5392 gessit
2771 5335 2871 5393 pro
2897 5319 3077 5388 nobis,
3126 5334 3246 5392 qua:
3276 5316 3360 5372 sui
3389 5313 3617 5384 indigna

2021 5410 2316 5484 sunt(i3);
2351 5418 2411 5466 ut
2431 5416 2484 5466 et
2504 5426 2606 5466 nos
2637 5410 2694 5467 in
2725 5417 2991 5484 quantum
3023 5421 3332 5480 possumus,
3359 5402 3408 5456 ei
3440 5401 3614 5461 famu-

2020 5502 2220 5557 lemur.
2287 5523 2304 5546 ι
2355 5500 2424 5556 Ut
2471 5498 2816 5573 impleamini
2848 5497 2906 5553 in
2936 5510 3154 5553 omnem
3209 5487 3611 5563 plenitudinem

2019 5670 2202 5745 bitare,
2237 5679 2341 5745 etc.
2891 5735 2901 5745 ,

2091 5743 2207 5814 (13)
2241 5743 2504 5800 Nonnulli
2537 5758 2690 5808 niss.,
2720 5753 2835 5808 qua:
2855 5743 2898 5790 si

2017 5823 2182 5873 recte.

2904 5735 2956 5790 bi
2981 5733 3143 5805 digna
3161 5739 3308 5803 sunt;
3342 5700 3456 5793 non
3485 5735 3618 5792 satis
