4070 6186
525 283 630 344 407

1557 283 1652 340 ΑΙ)
1693 280 1926 337 ΟΡΕΒΑ
1967 279 2021 336 S.
2064 280 2396 338 AMBROSII
2431 281 2812 349 APPENDIX.

3736 283 3845 342 408

523 409 645 470 Dei.
677 432 698 458 ι
739 407 881 477 Quia
909 406 1045 466 ﬁdes
1090 421 1267 482 neque
1313 406 1372 464 in
1414 407 1533 464 solo
1573 406 1734 463 Patre
1773 405 1986 479 integra
2021 414 2124 474 est,
2152 406 2206 467 Α
2313 406 2494 479 (Vere.
2517 405 2599 479 4.)
2647 433 2666 454 ε
2696 406 2876 464 Unum
2903 420 3121 478 corpus,
3147 413 3202 462 et
3231 421 3375 463 unus
3401 407 3651 480 spiritus,
3676 407 3755 465 ita
3782 422 3846 468 ut

523 513 702 573 neque
729 496 788 555 in
817 497 936 554 solo
965 494 1109 554 Filio
1136 496 1395 570 perfecta,
1425 494 1550 551 ideo
1578 494 1778 567 adjecit
1811 512 1823 551 :
1881 519 1900 542 ι
1929 495 1999 553 Ut
2027 494 2126 551 im-

523 585 789 662 pleamini
819 586 879 644 iu
907 601 1127 644 omnem
1157 583 1564 660 plenitudinem
1593 583 1724 652 Dei;
1757 607 1778 632 ι
1829 591 1894 640 ut
1917 583 2126 643 confes-

524 675 682 732 sione
711 683 766 732 et
795 675 1094 749 gratiarum
1139 675 1356 733 actione
1385 671 1531 731 sicut
1577 673 1748 743 Patri,
1794 672 1874 729 ita
1899 680 1952 728 et
1982 671 2126 729 Filio

523 765 950 824 honoriﬁcentia
978 774 1324 823 reservetur:
1357 769 1411 820 et
1434 762 1621 820 omnia
1636 779 1756 838 quae
1782 778 1814 818 a
1841 763 1954 819 Deo
1971 760 2127 818 Patre

523 860 674 920 sunt,
705 869 804 926 per
841 851 1047 910 Filium
1078 851 1222 909 facta
1250 858 1305 906 et
1345 857 1647 908 restaurata
1687 847 2016 916 credantur;
2065 856 2129 905 ut

522 942 596 999 sit
626 943 789 1014 plena
816 940 1080 1015 perfectio
1110 938 1426 997 divinitatis
1455 938 1512 995 in
1534 938 1874 1012 professione
1902 940 2126 997 creden-

521 1031 686 1088 tium.
719 1030 872 1088 Nihil
919 1031 1068 1088 enim
1101 1030 1277 1088 deerit
1322 1029 1658 1099 Christiano,
1701 1027 1920 1102 quando
1950 1030 2125 1086 Deum

520 1120 737 1179 Patrem
766 1137 864 1196 per
893 1120 1080 1178 omnia
1111 1119 1445 1177 immensum
1475 1135 1588 1177 esse
1617 1119 1898 1194 cognoscit
1929 1135 1941 1174 :
1984 1118 2125 1176 cha-

521 1210 741 1270 ritatem
772 1227 990 1286 quoque
1019 1209 1222 1270 Christi
1256 1209 1593 1268 ineﬁ‘abilem
1623 1217 1678 1267 et
1713 1209 2122 1285 supereminen-

519 1308 632 1359 tem
661 1300 906 1359 scientiae
935 1299 1190 1358 humanas
1216 1299 1526 1374 proﬁtetur.

593 1391 777 1465 (Vers.
800 1391 890 1460 20,
911 1389 1030 1462 21.)
1073 1415 1094 1439 ι
1118 1388 1189 1448 Ei
1217 1405 1348 1447 vero
1378 1389 1475 1464 qui
1503 1397 1684 1463 potest
1711 1388 1898 1447 omnia
1926 1387 2121 1457 facere,

518 1489 575 1540 et
601 1480 1159 1556 superabundantius,
1217 1497 1382 1555 quam
1435 1481 1674 1554 petimus
1724 1488 1817 1537 aut
1865 1479 2122 1551 intelligi-

519 1587 663 1640 mus,
724 1569 1030 1629 secundum
1081 1569 1368 1640 virtutem,
1424 1586 1544 1644 quae
1591 1576 1849 1643 operatur
1903 1567 2020 1640 (14)
2064 1567 2124 1624 in

518 1661 679 1720 nobis
711 1679 726 1722 :
777 1661 884 1735 ipsi
913 1661 1087 1736 gloria
1128 1660 1188 1717 in
1219 1659 1440 1718 Christo
1483 1661 1633 1726 Jesu,
1680 1667 1735 1715 et
1764 1659 1822 1716 in
1853 1658 2121 1726 Ecclesia,

2236 496 2415 553 vocati
2444 496 2574 553 estis
2603 496 2659 552 in
2690 512 2801 552 una
2828 513 2922 569 spe
2949 493 3264 552 vocationis
3291 504 3511 553 vestrae.
3540 522 3560 547 ι
3611 497 3844 571 Propter

2234 601 2422 658 pacem
2453 594 2506 644 et
2533 585 2884 645 concordiam
2932 587 3051 644 haec
3097 585 3369 659 subjecit;
3415 594 3477 643 ut
3505 587 3635 662 quia
3663 605 3842 647 unum

2235 691 2433 748 corpus
2466 683 2548 733 est
2595 677 2863 746 Ecclesia,
2914 693 3088 734 unum
3145 676 3320 750 sapiat
3377 679 3650 750 populus;
3711 680 3845 754 quia

2235 781 2408 821 unum
2439 774 2541 834 est,
2571 767 2719 840 quod
2746 765 3010 824 creditur.

2310 852 2492 923 (Vers.
2525 853 2578 922 5,
2612 854 2693 926 6.)
2751 877 2770 900 ‹
2800 854 2952 910 Unus
2979 853 3268 924 Dominus,
3316 871 3427 911 una
3471 855 3628 924 ﬁdes,
3663 875 3840 915 unum

2234 941 2526 1016 baptisma,
2581 960 2725 1000 unus
2754 946 2900 1001 Deus
2947 953 2999 1001 et
3047 954 3200 1018 pater
3229 945 3500 1016 omnium,
3549 949 3645 1022 qui
3675 967 3842 1024 super

2234 1049 2427 1089 omnes
2464 1041 2565 1102 est,
2599 1041 2652 1089 et
2699 1050 2794 1106 per
2822 1050 3030 1102 omnes,
3082 1041 3136 1089 et
3182 1033 3241 1090 in
3271 1035 3531 1092 omnibus
3578 1037 3759 1096 nobis.
3803 1065 3822 1089 ι

2232 1121 2434 1180 Adhuc
2461 1121 2731 1180 unitatem
2775 1123 3148 1192 commendat,
3199 1133 3261 1182 ut
3289 1124 3419 1198 quia
3446 1125 3630 1184 unitas
3659 1136 3742 1186 est
3769 1130 3840 1187 ad

2234 1229 2398 1286 quam
2436 1229 2720 1283 vocamur,
2778 1214 2838 1270 in
2889 1213 3044 1271 nullo
3103 1213 3512 1273 dissentiamus.
3571 1217 3629 1274 Si
3687 1218 3838 1276 enim

2233 1319 2378 1360 unus
2415 1312 2497 1360 est
2536 1304 2826 1374 Dominus,
2879 1304 2936 1362 id
2981 1313 3064 1362 est
3106 1305 3379 1376 Christus,
3433 1307 3579 1365 sicut
3623 1319 3678 1366 et
3721 1311 3838 1383 ipse

2232 1392 2310 1448 ait
2337 1393 2395 1450 in
2425 1394 2725 1467 Evangelio
2758 1413 2771 1452 :
2831 1418 2852 1442 ε
2887 1394 3028 1463 Quia
3072 1395 3329 1469 magister
3371 1405 3552 1454 vester
3581 1414 3728 1455 unus
3757 1411 3838 1460 est

2234 1485 2486 1543 Christus
2533 1487 2746 1559 (Matth.
2796 1503 2964 1556 χχιιι,
3015 1487 3139 1559 10);
3199 1512 3216 1536 ι
3282 1504 3392 1545 una
3447 1487 3602 1559 ﬁdes,
3659 1507 3836 1548 unum

2231 1574 2524 1648 baptisma,
2569 1593 2715 1633 unus
2755 1578 2901 1634 Deus
2941 1584 2996 1634 et
3025 1578 3186 1634 Pater
3227 1577 3500 1649 omnium,
3547 1580 3641 1652 qui
3672 1597 3836 1656 super

2233 1663 2419 1720 omnia
2447 1672 2551 1733 est,
2584 1674 2637 1722 et
2665 1681 2762 1738 per
2791 1681 3000 1735 omnes,
3023 1673 3077 1723 et
3105 1665 3164 1722 in
3194 1667 3454 1724 omnibus
3483 1668 3836 1728 credentibus

518 1758 574 1808 et
601 1751 660 1808 in
689 1749 879 1808 omnia
919 1749 1122 1807 saecula
1149 1749 1500 1808 saeculorum.
1539 1749 1738 1805 Amen.
1769 1773 1788 1797 ι
1831 1746 1918 1805 Ad
1948 1747 2124 1804 Patris
2155 1777 2198 1836 Β
2233 1773 2378 1813 unus
2404 1756 2565 1814 debet,
2593 1773 2709 1814 esse
2737 1765 2792 1814 et
2821 1757 3058 1828 animus,
3093 1767 3147 1816 et
3173 1776 3269 1818 cor
3298 1761 3489 1833 populi
3511 1781 3525 1831 ;
3558 1763 3688 1836 quia
3719 1762 3835 1821 haec

516 1855 808 1914 personam
861 1839 984 1898 haec
1037 1838 1238 1906 refert;
1287 1846 1352 1896 ut
1411 1838 1540 1912 quia
1588 1839 1788 1894 melius
1842 1837 1947 1895 scit
2002 1853 2123 1910 quae

515 1929 698 1999 utilia,
731 1937 785 1986 et
813 1945 934 2004 quae
967 1944 1081 1985 non
1124 1927 1361 2001 petenda
1389 1936 1540 1997 sunt,
1578 1936 1631 1984 et
1658 1927 1880 2002 quando
1920 1927 2120 1997 danda,

516 2027 571 2076 et
599 2019 803 2094 qualia,
834 2029 889 2078 et
917 2027 1123 2094 quanta
1152 2035 1289 2092 opus
1317 2019 1432 2076 sint
1455 2037 1469 2087 ;
1503 2018 1619 2092 ipse
1649 2019 1915 2092 gubernet
1940 2018 2125 2092 provi-

516 2108 703 2167 dentia
735 2117 788 2167 et
818 2109 1029 2167 virtute
1055 2126 1155 2167 sua
1183 2108 1291 2167 sibi
1321 2109 1624 2168 credentes.
1657 2107 1760 2167 Cui
1792 2107 1919 2164 ideo
1962 2132 1981 2154 ι
2012 2107 2122 2180 glo-

514 2200 598 2258 ria
626 2201 686 2258 in
715 2199 938 2260 Christo
966 2200 1114 2269 Jesu,
1145 2223 1165 2248 ι
1206 2199 1337 2273 quia
1362 2215 1459 2272 per
1480 2198 1663 2272 ipsum
1685 2197 1874 2255 omnia
1903 2205 2124 2270 praestat

515 2291 676 2349 nobis
706 2309 719 2349 :
755 2298 809 2348 et
838 2289 968 2363 quia
997 2289 1175 2347 honor
1203 2287 1382 2346 Patris
1414 2288 1473 2344 in
1502 2288 1648 2345 Filio
1679 2295 1780 2356 est,
1831 2295 1885 2343 et
1913 2286 1972 2342 in
2005 2287 2124 2344 Ec-

513 2381 704 2449 clesia,
742 2383 888 2443 240
913 2377 971 2436 id
995 2386 1097 2447 est,
1138 2378 1196 2435 in
1238 2378 1462 2451 populo,
1507 2394 1668 2450 quem
1716 2376 1824 2434 sibi
1863 2375 2122 2448 adoptare

512 2475 771 2552 dignatus
803 2486 904 2536 est.
928 2479 992 2535 In
1014 2477 1266 2536 claritate
1293 2477 1442 2533 enim
1472 2474 1716 2532 ﬁliorum
1749 2471 1923 2547 gloria
1947 2471 2120 2546 patris

512 2574 616 2637 est,
645 2565 862 2626 dicente
897 2567 1136 2625 Domino
1168 2582 1180 2622 :
1249 2588 1268 2613 α
1296 2565 1388 2623 Sic
1429 2565 1608 2623 luceat
1656 2565 1844 2621 lumen
1874 2571 2116 2620 vestrum

511 2673 698 2714 coram
729 2656 1069 2726 hominibus,
1107 2664 1170 2714 ut
1194 2655 1421 2713 videant
1448 2671 1614 2728 opera
1641 2663 1823 2713 vestra
1866 2655 2032 2724 bona,
2065 2661 2120 2711 et

511 2745 867 2820 magniﬁcent
885 2746 1102 2804 Patrem
1132 2752 1398 2815 vestrum,
1423 2743 1518 2819 qui
1538 2743 1598 2800 in
1623 2743 1776 2802 caelis
1797 2752 1876 2802 est
1899 2744 2115 2809 (Matth.

513 2851 573 2904 v,
598 2837 712 2911 16).
742 2861 764 2888 ι
817 2859 837 2885 ι
865 2837 930 2896 In
958 2837 1160 2896 saecula
1186 2835 1535 2896 saeculorum.
1567 2834 1768 2906 Amen,
1801 2859 1820 2885 ι
1861 2833 1920 2892 id
1947 2841 2029 2891 est
2057 2831 2117 2890 in

510 2933 780 2984 aeternum
809 2925 1034 2984 veritas.

1111 3073 1342 3135 CAPUT
1384 3074 1484 3132 IV.

579 3216 764 3289 (Vers.
809 3212 882 3286 1.)
954 3236 976 3263 ι
1026 3211 1263 3272 Obsecro
1319 3211 1503 3287 itaque
1558 3228 1678 3281 vos,
1738 3210 1953 3278 fratres,
2006 3224 2105 3283 ego

505 3307 730 3367 vinctus
771 3305 832 3364 in
859 3303 1123 3374 Domino,
1173 3310 1237 3361 ut
1262 3302 1427 3378 digne
1468 3301 1765 3362 ambuletis
1793 3298 2101 3368 vocatione,

455 3450 467 3461 .
505 3415 614 3473 qua
639 3397 826 3457 vocati
854 3396 1005 3454 estis.
1035 3419 1056 3444 ι
1093 3395 1356 3453 Hortatur
1383 3410 1498 3462 eos,
1528 3402 1592 3451 ut
1621 3400 1767 3451 recte
1791 3390 2106 3450 incedentes

505 3490 565 3548 in
594 3487 882 3563 praceptis
912 3484 1159 3555 Domini,
1181 3485 1250 3543 ad
1276 3484 1601 3558 promissam
1634 3483 1864 3556 gloriam
1893 3480 2106 3553 possint

503 3577 812 3651 pervenire.
835 3575 990 3634 Sicut
1019 3575 1166 3633 enim
1189 3575 1398 3647 peritus
1425 3574 1671 3632 medicus
1685 3572 1934 3629 obsecrat
1952 3569 2102 3626 inﬁr-

504 3682 646 3735 mos,
676 3674 740 3723 ut
767 3664 906 3722 bene
933 3681 991 3722 se
1018 3672 1238 3738 agentes
1269 3664 1482 3737 possint
1521 3663 1816 3720 salutarem
1863 3659 2104 3733 recipere

505 3752 879 3812 valetudinem
909 3770 923 3821 ;
962 3752 1041 3810 ita
1068 3761 1124 3811 et
1153 3751 1417 3826 magister
1449 3751 1696 3825 gentium
1736 3748 2008 3817 hortatur,
2040 3755 2103 3805 ut

503 3843 633 3902 ﬁdei
679 3859 791 3900 suae
821 3840 988 3916 digna
1025 3856 1189 3916 opera
1234 3840 1517 3910 facientes,
1567 3840 1778 3914 possint
1823 3839 2102 3914 percipere

502 3949 626 4006 qua
653 3931 924 4008 promissa
949 3939 1080 3988 sunt
1124 3929 1350 3999 sanctis,
1399 3931 1578 3988 sciens
1618 3929 1807 4004 gloriae
1845 3946 1957 3986 suae
1986 3945 2101 3986 esse

505 4021 674 4095 hujus
702 4020 782 4079 rei
811 4021 1142 4095 profectum.

535 4115 758 4192 ’(Vers.
797 4118 850 4188 2,
884 4119 967 4191 3.)
1028 4141 1047 4167 ι
1075 4116 1216 4177 Cum
1263 4114 1416 4172 omni
1465 4113 1782 4172 humilitate
1829 4115 2001 4171 animi
2045 4123 2100 4171 et

499 4208 792 4278 modestia,
834 4224 960 4267 cum
989 4205 1465 4281 magnanimitate,
1510 4205 1832 4262 sufferentes
1859 4203 2096 4261 invicem

499 4295 558 4352 in
577 4295 866 4364 cbaritate,
889 4296 1131 4356 sollicite
1151 4303 1430 4354 servantes
1443 4294 1680 4350 unitatis
1703 4289 1956 4367 spiritum
1979 4292 2096 4363 (15)

498 4382 560 4440 in
602 4383 830 4441 vinculo
877 4383 1046 4456 pacis.
1086 4409 1106 4434 ι
1165 4385 1326 4442 Nunc
1375 4383 1775 4441 dissensionem
1822 4380 2098 4454 prohibet,

2232 1862 2352 1920 quae
2381 1853 2688 1914 enumerat,
2736 1847 2970 1904 unitatis
3011 1857 3161 1918 sunt,
3215 1850 3550 1906 concordant
3594 1852 3746 1909 enim
3776 1854 3833 1910 in

2232 1936 2509 1992 omnibus.
2564 1937 2779 1994 Patrem
2826 1946 3010 1998 tamen
3055 1941 3253 2008 Deum,
3312 1940 3442 2014 quia
3483 1933 3626 1998 nulli
3672 1943 3833 2001 debet

2232 2025 2381 2100 quod
2406 2034 2509 2096 est,
2531 2043 2694 2101 super
2714 2028 2904 2084 omnia
2929 2045 3044 2086 esse
3064 2029 3232 2099 dixit,
3253 2038 3306 2087 et
3334 2047 3430 2104 per
3459 2049 3670 2090 omnes.
3708 2033 3832 2091 Ideo

2231 2133 2327 2192 per
2355 2133 2564 2187 omnes,
2595 2117 2724 2192 quia
2757 2135 2827 2175 ex
2857 2135 2921 2175 eo
2951 2136 3177 2176 omnes:
3211 2127 3265 2176 et
3294 2137 3515 2178 necesse
3543 2129 3625 2179 est
3655 2130 3716 2178 ut
3745 2141 3830 2180 su-

2230 2226 2325 2283 per
2352 2209 2470 2268 haec
2499 2210 2686 2267 omnia
2715 2211 2810 2281 sit,
2841 2229 2961 2285 quas
2989 2229 3060 2268 ex
3089 2229 3152 2269 eo
3182 2221 3333 2270 sunt.
3392 2237 3411 2260 ι
3441 2214 3513 2271 Et
3543 2213 3600 2270 in
3635 2215 3831 2272 omni-

2229 2299 2331 2357 bus
2361 2300 2541 2370 nobis,
2571 2325 2590 2349 ι
2634 2300 2691 2358 id
2726 2309 2808 2359 est
2836 2300 3114 2360 ﬁdelibus.
3163 2305 3226 2360 In
3254 2303 3416 2362 nobis
3446 2313 3528 2362 est
3555 2307 3702 2362 enim
3736 2323 3832 2380 per

2230 2394 2630 2452 confessionem
2655 2413 2671 2464 ;
2718 2395 2848 2470 quia
2873 2413 2998 2453 eum
3031 2397 3289 2467 fatemur,
3322 2406 3376 2454 et
3405 2398 3535 2472 quia
3560 2398 3828 2473 Spiritum

2228 2501 2388 2542 suum
2419 2483 2572 2542 dedit
2620 2484 2804 2556 nobis,
2857 2501 2953 2558 per
3000 2503 3162 2560 quem
3203 2486 3322 2543 sine
3369 2487 3538 2544 dubio
3581 2488 3640 2544 in
3669 2489 3829 2546 nobis

2227 2585 2308 2632 est
2339 2595 2350 2632 :
2386 2577 2443 2632 in
2474 2575 2699 2650 paganis
2725 2590 2837 2632 non
2869 2583 2970 2646 est,
3020 2577 3151 2650 quia
3177 2577 3336 2634 Pater
3364 2575 3571 2636 Christi
3601 2587 3827 2652 negatur

2225 2680 2342 2722 esse
2369 2665 2438 2722 ab
2466 2666 2600 2723 illis.

2299 2754 2482 2828 (Vers.
2517 2755 2596 2828 7.)
2651 2779 2671 2802 ι
2702 2753 3012 2828 Unicuique
3063 2763 3246 2812 autem
3293 2764 3542 2812 nostrum
3590 2755 3716 2813 data
3744 2766 3826 2814 est

2227 2843 2402 2918 gratia
2428 2845 2731 2902 secundum
2761 2861 3075 2903 mensuram
3104 2845 3420 2905 donationis
3458 2847 3686 2904 Domini
3715 2865 3828 2906 no-

2225 2934 2326 2992 stri
2354 2934 2483 2992 Jesu
2513 2934 2743 2993 Christi.
2778 2960 2796 2984 ι
2839 2937 2998 2994 Nunc
3025 2954 3114 3007 ne,
3147 2939 3275 3012 quia
3297 2939 3513 2996 diversa
3542 2939 3601 2994 in
3631 2938 3830 2995 homi-

2225 3023 2389 3081 nibus
2431 3022 2576 3081 dona
2620 3033 2774 3095 sunt,
2820 3034 3146 3100 putarentur
3194 3028 3405 3085 ofﬁcere
3451 3026 3680 3096 unitati,
3719 3026 3830 3086 hoc

2145 3131 2190 3193 ο
2225 3125 2421 3190 purgat
2448 3133 2560 3174 non
2590 3134 2706 3175 esse
2734 3118 3104 3188 contrarium;
3163 3121 3292 3196 quia
3318 3119 3378 3176 in
3405 3118 3574 3176 donis
3603 3119 3828 3178 ofﬁcio-

2223 3223 2346 3263 rum
2375 3205 2667 3277 diversitas
2705 3213 2808 3277 est,
2841 3223 2954 3264 non
3002 3216 3232 3266 naturae.
3282 3208 3593 3282 Unicuique
3637 3216 3825 3266 autem

2217 3303 2434 3353 tantum
2481 3295 2619 3354 dicit
2647 3297 2771 3354 dari
2803 3299 2993 3371 gratia:
3031 3307 3297 3373 quantum
3328 3299 3534 3356 donare
3564 3298 3827 3371 dignatus

2215 3383 2384 3442 fuerit
2410 3385 2708 3454 Dominus;
2741 3402 2853 3444 non
2883 3395 3068 3444 tamen
3088 3389 3206 3445 sine
3229 3389 3504 3462 aequitatis
3536 3405 3815 3458 mensura,

2216 3473 2344 3546 quia
2371 3473 2671 3548 unicuique
2696 3492 2796 3548 pro
2831 3476 3044 3535 viribus
3081 3477 3322 3548 tribuit;
3354 3488 3417 3538 ut
3443 3485 3656 3536 tantum
3688 3477 3827 3536 hau-

2216 3566 2342 3636 riat,
2373 3576 2642 3641 quantum
2675 3568 2812 3626 sitit.

2289 3657 2469 3728 (Vers.
2501 3658 2584 3731 8.)
2637 3684 2655 3707 σ
2689 3661 2918 3732 Propter
2966 3661 3115 3735 quod
3165 3661 3350 3719 dicit:
3400 3661 3716 3719 Ascendens
3770 3661 3831 3717 in

2213 3748 2408 3817 altum,
2462 3749 2737 3822 captivam
2788 3751 2954 3807 duxit
3009 3750 3411 3824 captivitatem,
3467 3751 3620 3809 dedit
3674 3752 3826 3812 dona

2216 3835 2541 3895 hominibus
2567 3841 2746 3910 (Psal.
2782 3857 2967 3910 van,
3005 3841 3116 3913 19).
3148 3866 3168 3891 ι
3211 3842 3325 3900 Hoc
3356 3849 3438 3899 est
3462 3842 3728 3916 scriptum
3761 3843 3824 3898 in

2217 3925 2432 3999 psalmo
2462 3929 2802 4000 sexagesimo
2843 3930 3097 4002 septimo.
3142 3932 3298 3988 Dona
3327 3940 3511 3989 tamen
3541 3930 3658 3990 haec
3695 3941 3826 4004 post

2213 4014 2528 4088 triumphos
2581 4017 2747 4090 coepit
2801 4017 3028 4092 largiri;
3071 4019 3302 4078 vincens
3358 4020 3505 4077 enim
3561 4029 3822 4088 mortem,

2211 4106 2483 4162 exaltatus
2512 4113 2594 4163 est
2623 4106 2681 4162 in
2710 4122 2890 4176 cruce,
2924 4107 3068 4166 sicut
3097 4107 3212 4181 ipse
3243 4108 3478 4166 dixerat.
3505 4110 3601 4167 Ait
3630 4109 3819 4168 enim:

2225 4218 2243 4242 ι
2273 4194 2410 4253 Cum
2458 4196 2730 4252 exaltatus
2778 4196 2934 4254 fuero
2975 4215 3008 4254 a
3059 4206 3224 4267 terra,
3273 4199 3458 4256 omnia
3504 4198 3717 4256 traham
3749 4199 3821 4256 ad

2212 4298 2298 4338 me
2357 4281 2538 4354 (Joan.
2593 4301 2699 4354 ιιι,
2756 4285 2872 4359 32).
2907 4313 2926 4335 ι
2993 4288 3346 4361 Exspoliavit
3401 4288 3628 4358 inferos,
3687 4305 3818 4346 cum

2211 4372 2457 4444 captivos
2485 4389 2622 4446 quos
2651 4392 2722 4431 ex
2750 4375 3202 4449 praevaricatione
3231 4377 3386 4446 Adae,
3431 4385 3527 4433 aut
3575 4379 3822 4450 propriis

496 4469 758 4528 charitati
815 4479 996 4528 autem
1055 4473 1386 4530 studendum
1452 4480 1658 4541 monet,
1715 4487 1784 4527 ne
1840 4469 2096 4543 spiritum
2131 4473 2190 4555 D'
2211 4469 2395 4533 captos
2447 4464 2687 4555 peccatis
2739 4464 2798 4521 in
2852 4465 3171 4523 conditione
3235 4468 3528 4537 tenebant,
3584 4468 3820 4526 abstulit

497 4559 729 4616 unitatis
756 4567 810 4616 et
839 4559 988 4632 pacis
1030 4560 1290 4616 amittant
1325 4579 1338 4617 :
1390 4577 1453 4618 ac
1492 4576 1589 4632 per
1626 4560 1733 4616 hoc
1759 4567 1822 4616 ut
1859 4559 2094 4616 invicem

496 4663 554 4704 se
583 4647 850 4704 sufferant
872 4663 999 4705 cum
1024 4647 1313 4722 patientia.
1331 4648 1600 4706 Modestia
1623 4647 1768 4704 enim
1793 4648 2096 4722 profectum

495 4735 677 4810 parit;
733 4736 864 4810 quia
891 4753 1019 4795 cum
1047 4753 1105 4794 se
1137 4736 1379 4795 invicem
1422 4738 1681 4807 tolerant,
1717 4753 1844 4795 cum
1874 4738 2098 4796 lenitate

493 4825 669 4883 animi
715 4835 1024 4894 monentes,
1069 4827 1424 4902 corriguntur
1455 4827 1524 4885 ad
1565 4828 1844 4897 eﬁ‘ectum,
1886 4836 1941 4884 et
1989 4843 2095 4900 pax

494 4914 555 4970 in
583 4915 663 4972 eis
700 4915 963 4987 manebit,
1009 4933 1107 4990 per
1147 4934 1313 4990 quam
1361 4919 1465 4975 ﬁlii
1512 4919 1612 4976 Dei
1659 4935 1773 4976 non
1817 4917 2094 4975 immerito

495 5003 878 5074 vocabuntur;
932 5007 1062 5080 quia
1089 5007 1238 5064 dixit
1265 5008 1537 5065 Dominus
1568 5026 1582 5066 :
1610 5033 1648 5057 με
1676 5008 1829 5082 Beati
1857 5007 2093 5080 paciﬁci,

493 5095 756 5169 quoniam
803 5095 908 5153 ﬁlii
942 5097 1044 5154 Dei
1074 5095 1421 5154 vocabuntur
1461 5098 1676 5170 (Matth.
1710 5115 1766 5166 v,
1795 5097 1877 5169 9).
1909 5123 1928 5146 ι
1971 5098 2092 5154 Per-

498 5183 744 5242 turbatio
771 5183 922 5241 enim
976 5185 1065 5241 vel
1112 5183 1440 5258 inquietudo
1481 5185 1896 5243 contentionem
1940 5185 2092 5254 facit,

493 5291 616 5350 quae
638 5273 778 5331 solet
797 5271 964 5330 etiam
981 5288 1062 5343 ea,
1081 5289 1204 5347 quae
1219 5274 1367 5331 mala
1385 5274 1565 5342 novit,
1595 5274 1742 5331 velle
1761 5272 2053 5332 defendere
2075 5293 2088 5341 ;

492 5381 563 5424 ne
589 5363 782 5424 cedere
808 5361 1081 5420 videatur.
1115 5361 1258 5420 Hinc
1287 5362 1468 5420 oritur
1496 5361 1794 5432 discordia,
1822 5378 1942 5436 quae
1972 5379 2092 5422 cor-

489 5451 701 5524 rumpit
730 5449 878 5523 pacis
905 5448 1128 5507 fcedera.

555 5574 678 5699 ita)
721 5575 848 5632 Mss.
884 5575 1116 5649 aliquot,
1163 5574 1442 5632 semiudum
1479 5573 1764 5644 veritatem,
1799 5593 1916 5648 qua:
1960 5595 2090 5651 ope-

578 5660 667 5699 ur.

485 5660 667 5700 ratur.

2210 4553 2616 4612 consentientes
2642 4555 2769 4624 sibi,
2820 4563 2875 4612 et
2918 4557 3220 4614 ascendens
3257 4558 3386 4616 inde
3433 4559 3491 4615 in
3535 4560 3699 4616 ccelos
3732 4559 3818 4616 in-

2207 4641 2387 4701 duxit.
2438 4645 2526 4701 Ex
2555 4646 2758 4719 quibus
2805 4647 3073 4722 aliquanti
3133 4657 3475 4723 resurgentes
3521 4650 3580 4706 in
3623 4667 3816 4723 corpo-

2206 4729 2361 4787 ribus
2419 4732 2634 4803 (Matth.
2661 4750 2844 4804 xxvn,
2893 4735 3010 4808 53),
3069 4737 3263 4793 multis
3317 4747 3686 4812 apparuerunt
3745 4739 3818 4795 ad

2208 4819 2588 4878 testimonium
2645 4823 2836 4882 evictas
2894 4827 3123 4896 mortis;
3163 4836 3225 4884 ut
3273 4828 3368 4901 qui
3411 4828 3553 4884 forte
3600 4822 3816 4886 Christi

2209 4910 2665 4969 resurrectionem
2705 4912 2972 4971 credituri
3005 4931 3116 4972 non
3147 4924 3352 4986 essent,
3400 4934 3468 4974 ex
3497 4916 3696 4973 horum
3731 4933 3814 4972 re-

2203 4999 2570 5071 surrectione,
2602 5018 2738 5076 quos
2767 5009 3016 5060 mortuos
3041 5005 3267 5075 scirent,
3319 5005 3399 5063 rei
3439 5007 3664 5070 ﬁerent;
3709 5005 3816 5061 hos

2203 5089 2349 5145 enim
2397 5089 2678 5161 viderunt,
2733 5109 2871 5167 quos
2921 5103 3278 5167 agnoscerent
3321 5094 3532 5152 dudum
3575 5095 3811 5152 vixisse.

2202 5178 2468 5248 Quamvis
2497 5181 2724 5255 captivi,
2748 5181 2914 5240 inviti
2936 5192 2990 5241 et
3012 5186 3182 5243 alieni
3211 5186 3525 5254 ducantur;
3556 5186 3817 5244 Salvator

2203 5275 2384 5327 tamen
2425 5279 2480 5328 et
2523 5289 2650 5329 suos
2692 5271 2874 5343 duxit,
2933 5283 2987 5331 et
3040 5276 3407 5333 voluntarios.
3467 5278 3819 5351 Apparentia

2201 5358 2351 5417 enim
2382 5376 2480 5417 sua
2508 5361 2642 5418 dum
2676 5364 2891 5421 lacessit
2919 5365 3296 5423 desiderantes
3325 5365 3570 5434 liberari,
3595 5366 3816 5440 cepisse

2199 5449 2325 5505 illos
2353 5449 2577 5506 dicitur.

2272 5579 2388 5653 (Alfi)
2425 5580 2580 5634 Rom.
2605 5581 2763 5647 edit.,
2801 5583 2930 5637 Cum
2951 5583 3092 5636 omni
3116 5583 3388 5640 lenitate...
3412 5600 3529 5639 cum
3541 5581 3815 5653 patientia

2196 5651 2562 5720 stt/ferentes...
2593 5659 2856 5710 servantes
2887 5654 3139 5712 unitatem
3170 5656 3414 5728 spiritus.
