4108 6184
273 301 374 362 409

1336 302 1699 362 COMMENT.
1740 303 1814 362 IN
1849 301 2068 362 EPIST.
2109 304 2206 362 AD
2242 304 2492 364 EPHES.

3462 310 3568 371 MO

343 429 521 499 (Vers.
552 429 633 503 9.)
679 454 698 478 ι
734 429 894 499 Quod
927 437 1111 487 autem
1144 428 1407 499 ascendit,
1437 429 1571 504 quid
1605 437 1706 499 est,
1743 431 1852 488 nisi
1885 434 1937 496 A
1965 438 2131 489 sunt:
2187 430 2317 505 quia
2360 431 2570 503 primus
2615 435 2865 493 sacerdos
2893 443 2996 505 est,
3035 435 3142 494 hoc
3169 442 3270 507 est,
3311 435 3567 512 princeps

271 517 397 590 quia
429 518 595 576 etiam
635 519 921 577 descendit
959 519 1115 593 prius
1163 521 1224 577 in
1272 518 1536 576 inferiora
1582 527 1743 578 terra
1773 521 1802 578 ?
1827 546 1845 570 ι

270 606 473 665 Verum
502 617 589 668 est
614 609 749 685 quia
783 609 909 668 ideo
928 609 1233 677 descendit,
1253 614 1391 673 241
1422 618 1487 668 ut
1520 610 1862 679 ascenderet;

267 711 450 762 etnon
476 704 625 765 sicut
653 707 926 777 homines,
947 708 1079 781 quia
1096 709 1166 766 ad
1198 708 1306 766 hoc
1341 707 1767 777 descenderunt,
1802 717 1868 765 ut

264 792 382 853 illic
407 804 773 854 remanerent.
793 799 1167 856 Exsententia
1193 799 1343 856 enim
1370 798 1703 856 tenebantur
1720 796 1867 872 apud

263 882 494 955 inferos,
554 902 674 960 qua
722 889 995 945 sententia
1020 889 1365 946 Salvatorem
1394 896 1581 945 tenere
1617 903 1730 943 non
1772 902 1863 959 po-

261 980 422 1043 terat;
440 975 571 1048 quia
590 975 727 1039 vicit
739 983 1049 1050 peccatum.
1073 977 1445 1050 Triumphato
1470 993 1596 1049 ergo
1617 975 1861 1044 diabolo,

259 1061 548 1121 descendit
585 1064 644 1122 in
681 1081 778 1122 cor
804 1073 1000 1134 terra;
1031 1073 1095 1122 ut
1129 1065 1371 1123 ostensio
1401 1064 1518 1139 ejus
1545 1064 1863 1139 pradicatio

259 1159 405 1209 esset
459 1160 833 1223 mortuorum,
883 1161 938 1211 et
975 1163 1245 1229 quotquot
1285 1155 1476 1227 cupidi
1514 1153 1633 1226 ejus
1659 1162 1858 1224 essent,

260 1240 653 1301 liberarentur.
710 1244 822 1302 Nec
859 1253 1071 1319 poterat
1128 1262 1239 1301 non
1286 1243 1601 1313 ascendere,
1632 1245 1764 1317 quia
1791 1246 1860 1302 ad

258 1328 372 1387 hoc
400 1330 772 1401 descenderat,
798 1341 862 1391 ut
891 1334 947 1389 vi
963 1334 1248 1407 potestatis
1279 1349 1414 1399 sua,
1434 1333 1643 1391 calcata
1662 1342 1858 1403 morte,

262 1440 395 1481 cum
427 1425 682 1499 captivis,
704 1442 938 1500 quorum
967 1442 1131 1484 causa
1157 1426 1273 1501 pati
1299 1441 1356 1483 se
1381 1424 1652 1499 permisit,
1685 1442 1860 1484 resur-

259 1521 434 1586 geret.

331 1628 515 1700 (Vers.
548 1629 660 1704 10.)
708 1656 725 1679 ι
745 1631 853 1701 Qui
884 1631 1191 1702 descendit,
1229 1631 1346 1705 ipse
1366 1640 1449 1690 est
1478 1633 1572 1707 qui
1603 1641 1657 1689 et
1677 1649 1861 1690 ascen-

257 1714 339 1775 dit
380 1735 544 1792 super
590 1736 782 1778 omnes
827 1723 1015 1791 caelos,
1061 1729 1125 1778 ut
1164 1722 1420 1796 impleret
1447 1722 1653 1779 omnia.
1684 1747 1703 1770 ι
1749 1723 1864 1781 Hoc

1974 532 2056 582 est
2110 522 2480 590 sacerdotum,
2546 530 2600 579 et
2646 525 2929 597 propheta,
2987 533 3043 582 et
3098 524 3452 599 evangelista,
3511 536 3568 584 et

1924 645 1935 649 -
1972 624 2171 673 catera
2213 611 2565 686 adimplenda
2616 612 2800 670 ofﬁcia
2844 615 3109 673 Ecclesia
3167 615 3227 672 in
3254 616 3567 674 ministerio

1974 704 2245 762 ﬁdelium.
2268 703 2472 758 Tamen
2498 708 2785 774 postquam
2820 702 2879 759 in
2911 703 3174 761 omnibus
3201 706 3339 763 locis
3363 706 3567 765 Eccle-

1974 794 2069 851 sia
2098 801 2226 851 sunt
2253 792 2589 859 constituta,
2622 799 2679 847 et
2701 790 2883 848 ofﬁcia
2910 793 3185 864 ordinata,
3207 796 3369 854 aliter
3403 812 3567 853 com-

1973 884 2151 957 posita
2181 899 2266 940 res
2300 891 2399 951 est,
2432 897 2597 956 quam
2626 890 2884 955 caperet.
2915 884 3162 941 Primum
3192 886 3340 943 enim
3375 900 3568 944 omnes

1971 973 2262 1041 docebant,
2322 980 2377 1029 et
2432 988 2624 1029 omnes
2677 971 3077 1045 baptizabant,
3151 974 3569 1050 quibusctmque

1969 1068 2167 1126 diebus
2217 1067 2306 1122 vel
2353 1064 2697 1137 temporibus
2744 1065 2937 1121 fuisset
2985 1066 3245 1133 occasio;
3292 1081 3393 1124 nec
3416 1067 3564 1123 enim

1969 1158 2260 1232 Philippus
2286 1164 2503 1228 tempus
2529 1154 2806 1227 quasivit,
2823 1163 2920 1211 aut
2948 1154 3096 1211 diem
3121 1171 3231 1229 quo
3251 1155 3567 1214 eunuchum

1967 1253 2270 1327 baptizaret
2301 1252 2441 1324 (Act.
2481 1267 2607 1319 vm,
2638 1249 2753 1322 38),
2785 1264 2965 1322 neque
3012 1249 3288 1323 jejunium
3325 1252 3569 1326 interpo-

1969 1348 2117 1406 suit:
2178 1361 2357 1419 neque
2406 1345 2608 1400 Paulus
2636 1352 2689 1400 et
2733 1343 2876 1401 Silas
2930 1337 3148 1417 tiampus
3198 1343 3566 1415 distulerunt,

1970 1456 2081 1513 quo
2091 1437 2386 1512 Optionem
2397 1436 2631 1493 carceris
2648 1436 2985 1508 baptizarent
3008 1453 3135 1495 cum
3155 1436 3414 1495 omnibus
3444 1437 3564 1512 ejus

1974 1530 2116 1602 (Act.
2147 1546 2265 1596 xw,
2300 1528 2414 1600 33);
2466 1543 2641 1599 neque
2684 1528 2877 1583 Petrus
2911 1526 3171 1585 diaconos
3205 1527 3399 1585 habuit
3427 1529 3567 1601 (18),

1926 1636 1927 1639 ‘
1971 1626 2066 1675 aut
2110 1617 2259 1675 diem
2305 1616 2582 1692 quasivit,
2627 1614 2853 1688 quando
2890 1616 3208 1674 Cornelium
3251 1634 3380 1674 cum
3410 1619 3562 1677 omni

1970 1709 2138 1767 domo
2192 1706 2312 1780 ejus
2349 1706 2650 1780 baptizavit
2701 1708 2843 1779 (Act.
2895 1727 2951 1777 v,
2987 1708 3122 1782 48):
3174 1725 3277 1766 nec
3306 1708 3445 1782 ipse,
3476 1708 3571 1766 sed

254 1815 359 1876 est,
411 1810 563 1883 quod
606 1808 745 1867 dicit
785 1810 1088 1869 Dominus:
1136 1837 1155 1861 ι
1182 1814 1353 1870 Nemo
1384 1811 1631 1869 ascendit
1679 1812 1738 1869 in
1764 1830 1867 1869 ca-
1896 1806 1942 1866 B
1969 1800 2247 1873 baptizare
2279 1797 2447 1871 Ῑυδδίῐ
2497 1800 2784 1869 “auibus:
2839 1802 2935 1875 (Ιηί
2991 1819 3118 1859 cum
3151 1802 3250 1859 ίηο
3296 1802 3475 1860 ieram
3504 1804 3573 1861 ad

254 1896 397 1966 lum,
456 1897 569 1955 nisi
614 1899 711 1973 qui
773 1899 1061 1957 descendit
1102 1900 1170 1957 de
1209 1901 1367 1971 calo,
1399 1901 1573 1958 Filius
1598 1901 1861 1970 hominis,

255 1985 359 2058 qui
401 1994 487 2043 est
528 1986 587 2043 in
634 1989 774 2045 calo
808 1989 990 2061 (Joan.
1028 2007 1115 2059 ιιι,
1153 1991 1266 2063 13).
1307 2016 1326 2039 ι
1374 1990 1532 2059 Quod
1562 1990 1782 2065 quidem
1812 1999 1865 2047 et

254 2074 317 2131 in
348 2076 567 2149 psalmo
595 2078 946 2147 continetur;
994 2078 1074 2136 ait
1103 2080 1252 2137 enim
1288 2098 1299 2137 :

253 2167 499 2240 egressio
550 2167 688 2241 ejus,
737 2178 791 2227 et
817 2186 1095 2243 regressus
1129 2171 1250 2245 ejus
1275 2189 1446 2247 usque
1475 2172 1544 2229 ad
1584 2189 1863 2230 summum

253 2255 374 2331 ejus
409 2258 588 2331 (Psal.
619 2276 782 2329 xvm,
820 2261 896 2334 7).
931 2284 951 2310 ι
992 2262 1096 2319 Hic
1138 2278 1269 2336 ergo
1297 2262 1630 2321 descendens
1654 2279 1683 2319 e
1710 2263 1864 2320 caelis

253 2346 314 2403 in
345 2354 577 2416 terram,
608 2347 776 2405 homo
815 2358 977 2407 natus
996 2359 1110 2408 est:
1144 2360 1268 2425 post
1292 2359 1543 2410 mortuus
1573 2352 1861 2411 descendit

253 2436 321 2494 ad
370 2436 607 2507 inferos,
655 2455 726 2496 ex
777 2439 982 2514 quibus
1027 2441 1197 2498 tertio
1246 2440 1337 2498 die
1375 2458 1683 2516 resurgens,
1735 2450 1862 2499 ante

254 2546 454 2587 omnes
505 2533 769 2590 mortales
818 2532 1065 2592 ascendit
1111 2550 1276 2607 super
1304 2543 1534 2593 cunctos
1561 2536 1766 2603 calos;
1799 2541 1861 2591 ut

255 2619 485 2677 illusam
517 2628 749 2680 mortem
776 2622 1086 2681 ostenderet
1124 2631 1407 2681 creatura.

327 2736 515 2809 (Vers.
561 2739 788 2811 11,12.)
843 2766 861 2790 ι
888 2741 961 2799 Et
983 2740 1100 2815 ipse
1137 2740 1291 2800 dedit
1338 2740 1603 2815 quosdam
1637 2738 1861 2815 quidem

256 2828 561 2899 apostolos,
615 2829 879 2904 quosdam
938 2839 1122 2888 autem
1170 2830 1487 2905 prophetas,
1540 2828 1681 2886 alios
1732 2842 1865 2883 vero

258 2916 648 2991 evangelistas,
699 2919 962 2994 quosdam
1012 2937 1145 2977 vero
1189 2927 1435 2992 pastores
1474 2927 1530 2974 et
1576 2916 1867 2989 magistros

257 3004 326 3064 ad
353 3009 889 3067 consummationem
921 3018 1240 3067 sanctorum
1260 3010 1320 3065 in
1339 3025 1477 3081 opus
1508 3004 1851 3063 ministerii.»

257 3095 516 3171 Apostoli
541 3098 785 3171 episcopi
814 3105 944 3154 sunt
969 3098 1112 3169 (Act.
1144 3114 1247 3167 xx,
1273 3098 1366 3171 28)
1389 3116 1403 3165 ;
1437 3096 1719 3171 propheta
1736 3110 1865 3151 vero

259 3187 651 3260 explanatores
704 3188 835 3243 sunt
883 3186 1298 3258 Scripturarum
1335 3205 1349 3255 ;
1408 3186 1662 3261 quamvis
1722 3183 1868 3240 inter

257 3273 386 3347 ipsa
409 3271 715 3347 primordia
741 3272 950 3331 fuerint
993 3274 1295 3348 propheta,
1344 3274 1488 3333 sicut
1532 3275 1775 3348 Agabus,
1813 3280 1867 3329 et

258 3369 507 3434 quatuor
552 3362 793 3436 virgines
839 3362 1249 3437 praphetantes,
1290 3364 1442 3423 sicut
1462 3366 1781 3423 continetur
1807 3366 1865 3424 in

261 3447 505 3517 Actibus
532 3453 925 3524 apostolorum,
959 3461 1182 3525 propter
1206 3452 1524 3511 rudimenta
1560 3454 1690 3512 ﬁdei
1718 3473 1865 3513 com-

267 3540 587 3597 mendanda
617 3542 759 3613 (Act.
790 3558 912 3611 xxx,
940 3543 996 3611 9,
1029 3543 1305 3615 10),nunc
1332 3552 1516 3601 autem
1542 3545 1867 3619 interpretes

262 3628 553 3704 propheta
580 3629 862 3688 dicuntur.
880 3632 1249 3704 Evangelista
1279 3634 1501 3700 diaconi
1532 3643 1689 3705 sunt,
1719 3636 1865 3693 sicut

260 3718 372 3776 fuit
401 3717 692 3794 Philippus
716 3720 857 3794 (Act.
890 3740 1011 3790 vui,
1035 3723 1116 3795 5);
1150 3725 1403 3797 quamvis
1452 3741 1566 3781 non
1612 3726 1725 3782 sint
1772 3744 1868 3782 sa-

257 3807 533 3875 cerdotes,
564 3810 936 3883 evangelizare
974 3819 1161 3869 tamen
1184 3824 1411 3886 possunt
1430 3814 1549 3871 sine
1586 3814 1864 3884 cathedra,

260 3897 404 3955 sicut
430 3905 486 3953 et
516 3898 714 3956 beatus
741 3900 1053 3975 Stephanus
1095 3911 1151 3960 et
1177 3902 1472 3978 Philippus
1509 3912 1897 3965 memoratus.

260 3985 513 4045 Pastores
563 3997 793 4062 possunt
835 4007 950 4048 esse
1000 3993 1251 4062 lectores,
1301 3994 1395 4067 qui
1446 3993 1683 4051 lectione
1730 3994 1865 4069 sagi-

261 4084 392 4132 nent
454 4078 721 4149 populum
774 4078 1130 4148 audientem;
1188 4081 1319 4154 quia
1380 4106 1399 4129 ι
1458 4098 1570 4140 non
1624 4082 1685 4140 in
1729 4100 1868 4157 pane

260 4172 481 4223 tantum
498 4168 642 4224 vivit
671 4168 861 4237 homo,
892 4169 988 4227 sed
1015 4170 1074 4226 in
1101 4172 1257 4227 omni
1279 4172 1469 4241 verbo,
1502 4174 1649 4247 quod
1680 4191 1867 4247 proce-

259 4254 340 4312 dit
368 4272 448 4313 ex
477 4272 570 4312 ore
595 4256 695 4313 Dei
728 4258 942 4330 (Matth.
976 4275 1053 4326 iv,
1086 4258 1156 4327 4).
1200 4284 1219 4306 ι
1270 4260 1518 4333 Magistri
1548 4278 1681 4319 vero
1710 4280 1869 4320 exor-

259 4343 413 4402 cista
469 4352 621 4413 sunt,
674 4345 806 4418 quia
866 4344 925 4401 in
980 4347 1230 4415 Ecclesia
1275 4348 1380 4421 ipsi
1427 4359 1783 4424 compescunt
1814 4359 1868 4407 et

262 4435 559 4491 verberant
607 4434 886 4507 inquietos
917 4451 929 4488 :
971 4434 1090 4492 sive
1130 4435 1171 4490 ii
1204 4438 1300 4509 qui
1351 4438 1553 4496 litteris
1589 4449 1644 4496 et
1681 4442 1865 4499 lectio-

1355 2106 1373 2129 ι
1400 2082 1449 2137 Α
1478 2096 1695 2137 summo
1726 2081 1865 2137 calo
1887 2150 1900 2164 θ

1973 1889 2291 1948 Cornelium
2329 1890 2398 1945 ab
2442 1889 2613 1962 Joppe
2645 1908 2659 1956 ;
2716 1889 2898 1947 adhuc
2948 1891 3097 1947 enim
3128 1899 3326 1965 prater
3354 1899 3566 1965 septem

1972 1980 2234 2037 diaconos
2271 1980 2460 2035 nullus
2489 1979 2665 2036 fuerat
2695 1979 2999 2037 ordinatus.
3024 1981 3095 2037 Ut
3146 1998 3274 2057 ergo
3302 1990 3573 2040 cresceret

1974 2070 2127 2142 plebs
2155 2077 2208 2126 et
2238 2068 2721 2142 multiplicaretur,
2754 2068 3015 2126 omnibus
3053 2070 3199 2126 inter
3241 2069 3404 2127 initia
3428 2087 3573 2127 con-

1973 2177 2187 2217 cessum
2216 2166 2298 2216 est
2327 2166 2381 2215 et
2410 2158 2803 2233 evangelizare,
2843 2168 2898 2216 et
2924 2160 3219 2233 baptizare,
3242 2169 3296 2217 et
3325 2161 3569 2233 Scriptu-

1972 2266 2059 2307 ras
2105 2249 2165 2305 in
2199 2249 2447 2307 Ecclesia
2497 2250 2821 2323 explanare;
2873 2258 2929 2306 at
2980 2250 3075 2306 ubi
3105 2252 3292 2307 omnia
3320 2252 3439 2307 loca
3466 2252 3571 2309 cir-

1971 2342 2269 2414 cumplexa
2307 2350 2388 2398 est
2404 2341 3067 2411 Ecclesia,convcnticula
3095 2342 3398 2401 constituta
3418 2350 3571 2411 sunt,

1969 2440 2024 2489 et
2061 2441 2319 2504 rectores,
2342 2442 2396 2490 et
2430 2442 2627 2492 catera
2653 2434 2834 2492 ofﬁcia
2860 2435 2919 2492 in
2945 2430 3226 2493 Ecclesiis'
3248 2442 3377 2491 sunt
3408 2432 3573 2491 ordi-

1968 2532 2133 2591 nata;
2182 2532 2245 2579 ut
2298 2525 2488 2581 nullus
2515 2525 2584 2581 de
2622 2526 2839 2583 clericis
2870 2525 3116 2591 auderet,
3150 2524 3248 2599 qui
3278 2524 3571 2580 ordinatus

1970 2632 2083 2673 non
2109 2623 2605 2688 esset,prasumere
2639 2614 2912 2681 ofﬁcium,
2946 2613 3094 2687 quod
3122 2614 3287 2670 sciret
3318 2629 3431 2670 non
3462 2612 3571 2669 sibi

1971 2711 2246 2768 creditum
2284 2710 2374 2765 vel
2433 2723 2774 2766 concessum.
2824 2709 2897 2764 Et
2946 2709 3112 2781 capit
3144 2708 3255 2763 alio
3292 2707 3488 2762 ordine
3516 2714 3570 2761 et

1972 2798 2325 2872 providentia
2381 2796 2673 2870 gubernari
2732 2796 3025 2866 Ecclesia;
3087 2796 3218 2871 quia
3270 2797 3318 2854 si
3374 2812 3567 2853 omnes

1974 2889 2163 2945 eadem
2221 2895 2461 2960 possent,
2516 2887 2896 2945 irrationabile
2924 2897 3084 2959 esset,
3117 2897 3172 2947 et
3203 2887 3448 2963 vulgaris
3482 2903 3567 2944 res

1976 2990 2031 3039 et
2074 2980 2346 3038 vilissima
2398 2981 2698 3040 videretur.
2738 2984 2881 3042 Hinc
2938 3001 3065 3058 ergo
3103 2993 3205 3054 est,
3241 2981 3388 3039 unde
3418 2998 3572 3041 nunc

1975 3088 2152 3146 neque
2187 3071 2405 3129 diaconi
2446 3071 2503 3127 in
2559 3074 2763 3147 populo
2810 3073 3131 3149 pradicant,
3172 3088 3348 3148 neque
3376 3070 3567 3129 clerici

1896 3164 1940 3225 C
1974 3172 2062 3227 vel
2096 3171 2224 3228 laici
2250 3170 2551 3244 baptizant,
2582 3189 2757 3247 neque
2787 3179 3118 3248 quocunque
3160 3173 3249 3231 die
3279 3171 3569 3230 credentes

1972 3262 2285 3334 tinguntur,
2305 3262 2412 3319 nisi
2434 3263 2585 3336 agri.
2613 3264 2741 3320 Ideo
2762 3281 2872 3321 non
2890 3282 2988 3339 per
3014 3265 3201 3322 omnia
3228 3260 3574 3322 conveniunt

1974 3352 2180 3426 scripta
2214 3352 2469 3426 Apostoli
2500 3352 2861 3426 ordinationi,
2894 3375 3015 3432 qua
3045 3374 3194 3417 nunc
3231 3357 3292 3414 in
3317 3352 3571 3413 Ecclesia

1974 3451 2084 3512 est;
2132 3444 2262 3518 quia
2315 3443 2433 3502 hac
2487 3444 2634 3503 inter
2685 3448 2803 3522 ipsa
2844 3450 3149 3524 primordia
3176 3458 3307 3508 sunt
3334 3449 3562 3523 scripta.

1974 3533 2110 3590 Nam
2173 3542 2228 3590 et
2277 3532 2632 3592 Timotheum
2684 3538 3069 3612 presbyterum
3130 3557 3162 3596 a
3213 3555 3270 3597 se
3326 3546 3571 3596 creatum

1976 3623 2291 3698 episcopum
2336 3633 2540 3694 vocat;
2588 3626 2718 3700 quia
2754 3629 2922 3703 primi
2963 3630 3081 3704 (19)
3125 3628 3433 3705 presbyteri
3462 3628 3574 3704 epi-

1975 3712 2128 3789 scopi
2185 3714 2645 3785 appellabantur;
2697 3727 2760 3775 ut
2810 3721 3097 3778 recedente
3134 3737 3221 3790 eo,
3263 3735 3496 3793 sequens
3523 3716 3576 3775 ei

1975 3800 2308 3859 succederet.
2333 3803 2583 3877 Denique
2600 3807 2745 3879 apud
2757 3808 3060 3882 IEgyptum
3094 3807 3417 3883 praesbyteri
3447 3822 3574 3865 con-

1976 3893 2219 3965 signant,
2257 3891 2303 3947 si
2334 3908 2571 3963 praesens
2600 3912 2712 3952 non
2732 3897 2804 3953 sit
2830 3900 3145 3973 episcopus.
3185 3900 3291 3956 Sed
3321 3895 3452 3971 quia
3470 3910 3574 3952 coe-

1976 3989 2178 4056 perunt
2230 3982 2375 4041 242
2428 3994 2718 4062 sequentes
2772 3989 3081 4062 presbyteri
3139 3987 3358 4060 indigni
3414 3986 3574 4039 inve-

1975 4074 2086 4131 niri
2115 4078 2183 4135 ad
2204 4079 2473 4153 primatus
2492 4080 2779 4150 tenendos,
2815 4081 3109 4138 immutata
3133 4084 3217 4134 est
3259 4077 3421 4142 ratio,
3453 4088 3578 4146 pro-

1975 4165 2242 4239 spiciente
2302 4170 2541 4229 concilio
2571 4214 2588 4240 ,
2646 4179 2709 4228 ut
2762 4186 2875 4226 non
2924 4168 3059 4225 ordo
3091 4209 3110 4233 ,
3168 4164 3264 4223 sed
3313 4162 3575 4220 meritum

1976 4266 2183 4315 crearet
2222 4260 2562 4333 episcopum,
2610 4259 2913 4314 multorum
2969 4254 3312 4312 sacerdotum
3362 4252 3577 4327 judicio

1976 4350 2365 4417 constitutum,
2393 4365 2462 4404 ne
2493 4346 2755 4419 indignus
2785 4354 2988 4403 temere
3016 4353 3325 4419 usurparet,
3356 4353 3410 4403 et
3437 4354 3578 4404 esset

1975 4439 2169 4495 multis
2207 4438 2552 4497 scandalum.
2610 4439 2672 4493 In
2730 4439 2847 4509 lege
2875 4436 3242 4496 nascebantur
3268 4437 3576 4496 sacerdotes

263 4522 429 4579 nibus
491 4522 818 4579 imbuendos
853 4523 971 4595 (16)
1017 4523 1260 4581 infantes
1306 4527 1556 4583 solebant
1603 4528 1870 4598 imbuere,
1903 4524 1950 4582 D
1984 4540 2052 4580 ex
2095 4543 2289 4598 genere
2317 4530 2503 4584 Aaron
2531 4526 2739 4585 Levita
2771 4527 2975 4600 (Exod.
3013 4544 3218 4596 xxvm,
3248 4526 3342 4601 43)
3378 4546 3390 4584 :
3425 4543 3576 4586 nunc

264 4612 407 4668 sicut
460 4628 579 4668 mos
630 4612 946 4669 Judaorum
1004 4621 1107 4682 est,
1136 4631 1371 4688 quorum
1420 4616 1649 4673 traditio
1677 4617 1746 4674 ad
1773 4635 1873 4675 nos

267 4700 567 4758 transitum
613 4700 767 4767 fecit,
815 4718 935 4775 qua
984 4719 1081 4775 per
1140 4703 1530 4777 negligentiam
1578 4706 1868 4764 obsolevit.

268 4790 420 4847 Inter
470 4789 607 4847 istos
650 4798 772 4864 post
804 4789 1122 4864 episcopum
1168 4794 1294 4865 plus
1335 4810 1453 4851 esse
1498 4794 1868 4869 intelligitur,

271 4880 361 4951 qui
452 4887 675 4953 propter
758 4888 1054 4936 reseratum
1133 4883 1415 4940 occultum
1463 4883 1869 4958 Scripturarum

269 4985 491 5025 sensum
518 4968 844 5041 prophetare
876 4967 1119 5036 dicitur;
1157 4970 1463 5043 prasertim
1510 4974 1639 5046 quia
1668 4975 1871 5033 futura

269 5062 381 5134 spei
447 5061 616 5118 verba
662 5059 986 5134 depromit,
1028 5062 1122 5134 qui
1172 5063 1309 5120 ordo
1381 5080 1494 5120 non
1550 5073 1727 5139 potest
1756 5084 1870 5124 esse

268 5151 622 5225 presbyterii.
659 5151 796 5209 Nam
846 5149 905 5206 in
951 5150 1208 5224 episcopo
1256 5170 1448 5211 omnes
1488 5153 1713 5213 ordines
1749 5160 1867 5229 (17)

277 5248 460 5376 .mgiﬁ)
522 5249 648 5331 Yet.
705 5248 839 5305 edit.
880 5263 941 5304 ac
995 5247 1241 5330 plerique
1281 5266 1442 5321 mss.,
1477 5258 1527 5308 et
1570 5254 1871 5310 lectionibus

277 5337 287 5371 ι
376 5321 536 5376 αεηάι
566 5319 838 5376 infantes:
879 5320 1040 5376 Rom.
1074 5321 1207 5376 edit.
1238 5323 1507 5376 resecavit
1541 5341 1730 5376 vocem
1763 5344 1871 5376 zm-

273 5319 536 5392 imbue'ndi
566 5319 838 5392 infantes:
879 5319 1040 5392 Boni.
1074 5319 1213 5392 edit.
1238 5319 1507 5380 resecavit
1541 5341 1731 5382 vocem
1763 5344 1871 5380 zm-

275 5390 500 5458 bueudi,
546 5389 806 5447 at'nobis
838 5389 1063 5447 videtur
1114 5390 1286 5448 satius
1312 5409 1439 5450 cum
1484 5395 1610 5453 Vat.
1637 5396 1761 5455 cod.
1799 5398 1873 5453 le-

272 5477 392 5532 gere
415 5463 743 5519 imbuendus.

348 5535 470 5605 (17)
503 5532 770 5591 Nonnulli
811 5550 964 5601 mss.,
994 5535 1133 5590 Nam
1169 5533 1226 5588 in
1267 5533 1477 5592 Christo
1505 5554 1679 5594 omnes
1710 5540 1873 5596 ordi-

279 5621 360 5659 nes

349 5648 466 5750 (18)
498 5677 630 5737 Mss.
664 5676 897 5752 aliquot,
936 5693 1097 5751 neque
1124 5677 1318 5737 Petrus
1350 5678 1564 5738 clericos
1592 5681 1796 5740 habuit.

1986 4624 2170 4672 autem
2201 4635 2392 4676 omnes
2441 4634 2512 4675 ex
2568 4634 2763 4693 genere
2804 4627 2935 4676 sunt
2972 4618 3324 4688 sacerdotali,
3354 4618 3576 4677 dicente

1980 4704 2141 4760 Petro
2179 4708 2455 4778 apostolo:
2518 4707 2659 4776 Quia
2696 4707 2828 4765 estis
2877 4725 3048 4781 genus
3103 4710 3282 4781 regale
3323 4716 3377 4765 et
3404 4723 3575 4766 sacer-

1980 4793 2165 4849 dotale
2195 4796 2253 4866 (Ι
2276 4797 2422 4852 Petr.
2448 4814 2510 4866 ιι,
2538 4798 2596 4869 9)
2624 4816 2636 4854 :
2674 4799 2907 4873 ideoque
2932 4814 3002 4854 ex
3028 4799 3234 4872 populo
3263 4806 3442 4872 potest
3456 4797 3577 4856 ﬁeri

1979 4882 2249 4941 sacerdos.
2298 4885 2397 4941 «In
2427 4884 2851 4946 adiﬁcationem
2873 4888 3121 4962 corporis
3154 4888 3382 4948 Christi.
3416 4913 3435 4938 ›
3474 4887 3576 4946 Ec-

1981 4973 2163 5031 clesia
2215 4975 2621 5035 ordinationem
2654 4981 2722 5037 ad
2768 4979 3303 5053 compaginationem
3345 4976 3576 5035 humani

1978 5063 2227 5136 corporis
2260 5065 2381 5138 (20)
2418 5066 2478 5123 in
2521 5068 2878 5141 professionis
2897 5069 3112 5125 unitate
3142 5067 3281 5126 dicit
3310 5064 3576 5141 composi-

1980 5160 2134 5223 tam;
2181 5164 2243 5214 ut
2290 5156 2497 5215 diversi
2547 5159 2819 5234 dignitate
2864 5160 2924 5218 in
2963 5160 3187 5219 Christo
3222 5176 3416 5219 omnes
3465 5157 3578 5215 sint

2052 5252 2168 5333 (f9)
2207 5255 2362 5333 Edit.
2384 5258 2715 5333 _I_lom.__cum
2739 5274 2851 5315 uno
2875 5257 2998 5316 cod.
3018 5257 3172 5333 vat”
3193 5259 3321 5333 quia
3339 5255 3578 5333 printth

1971 5327 2307 5401 Presbyteri;
2349 5329 2472 5387 alia
2503 5329 2638 5387 edit.
2680 5346 2744 5389 ac
2789 5346 2920 5389 mss.
2970 5327 3354 5402 melius,'quia
3386 5327 3574 5397 primi,

1977 5402 2168 5546 €52.20)
2197 5472 2323 5546 Yet.
2355 5471 2489 5546 edit.
2513 5489 2577 5530 ac
2606 5490 2734 5530 mss.
2778 5489 2889 5546 non
2921 5471 3105 5546 pauci,
3142 5471 3216 5526 ad
3240 5465 3574 5546 coinpagt'na.

1979 5540 2676 5672 tionemthumanigeneris;
2705 5544 2905 5603 melius
2922 5540 3096 5603 Rom.
3130 5548 3185 5599 et
3220 5540 3318 5597 alii
3348 5552 3480 5596 mss.
3513 5546 3576 5597 ut

1979 5625 2038 5665 in
2068 5630 2171 5671 con
2200 5623 2351 5672 extu.
