4070 6186
548 443 647 502 411

1578 443 1674 502 ΑΙ)
1712 443 1945 528 ΟΡΕΒΑ
1982 446 2039 502 S.
2081 445 2413 506 AMBROSII
2451 448 2834 508 APPENDIX.

3749 453 3848 514 412

547 593 742 646 unum,
775 591 950 633 unum
978 582 1146 651 caput
1171 573 1432 632 habentes
1460 571 1767 644 Christum,
1810 572 1918 631 hoc
1945 581 2027 632 est
2051 592 2144 634 au-
2172 579 2222 640 Α
2259 593 2517 635 numeros
2545 579 2795 652 proprios
2833 577 3091 646 habeant,
3135 586 3192 636 et
3209 579 3322 635 sint
3351 578 3615 653 legiones,
3647 586 3710 636 ut
3742 581 3851 656 ipse

544 673 754 724 ctorem
785 664 936 722 vita.

620 753 803 825 (Vers.
841 753 954 824 l3.)
1013 777 1031 801 ι
1058 755 1245 810 Donec
1267 764 1622 808 occurramus
1649 765 1840 807 omnes
1863 749 1924 806 in
1954 749 2149 807 unita-

545 851 655 903 tem
714 843 841 901 ﬁdei
898 850 953 899 et
999 840 1337 914 agnitionem
1381 839 1510 896 Filii
1538 838 1658 896 Dei.
1698 865 1718 889 ι
1768 839 1984 896 Tandiu
2011 841 2150 898 dicit

544 942 764 990 manere
820 929 1251 994 ordinationem,
1293 927 1542 1003 quandiu
1567 931 1749 987 cuncti
1793 930 2050 987 destinati
2078 930 2146 989 ad

543 1023 716 1080 vitam
747 1021 915 1079 unius
959 1020 1073 1077 sint
1101 1019 1234 1076 ﬁdei
1269 1019 1327 1075 in
1356 1019 1724 1092 cognitionem
1754 1020 1980 1079 Christi.
2037 1047 2054 1069 ε
2082 1023 2146 1079 In

543 1115 728 1171 virum
758 1113 1084 1186 perfectum,
1139 1111 1198 1168 in
1231 1127 1545 1168 mensuram
1571 1113 1748 1169 anatis
1776 1112 2144 1185 plenitudinis

543 1205 771 1265 Christi.
806 1229 824 1252 ι
885 1205 964 1260 Ita
1005 1201 1402 1260 elaborandum
1455 1203 1728 1274 hortatur,
1780 1211 1841 1260 ut
1880 1203 2146 1277 perfectio

542 1295 669 1352 ﬁdei
715 1292 1186 1367 apprehendatur:
1227 1292 1388 1366 cujus
1430 1293 1691 1351 haacratio
1739 1301 1840 1362 est,
1879 1302 1940 1350 ut
1975 1293 2145 1351 Chri-

540 1394 685 1442 stum
739 1383 1044 1456 perfectum
1093 1390 1148 1438 et
1176 1385 1400 1456 plenum
1428 1385 1604 1441 Deum
1637 1393 1820 1441 teneat
1852 1384 2006 1454 ﬁdes,
2039 1402 2142 1443 nec

543 1490 801 1531 mensura
829 1472 1072 1529 humana
1104 1474 1383 1543 metiatur,
1421 1474 1515 1531 sed
1544 1475 1599 1530 in
1631 1475 1974 1547 plenitudine
2001 1475 2142 1532 divi-

541 1561 732 1620 nitatis
789 1561 946 1636 quasi
1002 1562 1278 1635 perfectus
1323 1565 1470 1620 Deus
1528 1562 1812 1620 habeatur.
1844 1565 1955 1622 Nec
1993 1566 2141 1623 enim

540 1657 845 1731 perfectum
904 1655 1114 1724 dicens,
1166 1655 1346 1711 virum
1397 1656 1687 1729 temporali
1715 1664 1870 1713 aetate
1899 1665 2142 1714 etmen-

540 1762 667 1804 sura
712 1745 1017 1818 signiﬁcat;
1065 1743 1160 1800 sed
1209 1760 1306 1817 per
1350 1743 1453 1802 hoc
1503 1745 1715 1802 dictum
1745 1746 2014 1819 perfectos
2042 1764 2142 1804 nos

545 1835 667 1891 vult
698 1833 818 1890 ﬁeri
847 1832 904 1888 in
933 1832 1279 1905 plenitudine
1308 1833 1622 1892 intellectus
1652 1835 1965 1893 divinitatis
2006 1837 2138 1894 Filii

541 1922 661 1981 Dei.

617 2011 800 2085 (Vers.
834 2010 948 2082 14.)
1006 2035 1024 2059 σ
1069 2011 1141 2068 Ut
1181 2011 1325 2068 ultra
1355 2028 1466 2069 non
1495 2010 1670 2068 simus
1696 2013 1935 2085 parvuli,
1968 2029 2145 2088 neque

539 2101 889 2172 fluctuantes,
925 2109 981 2158 et
1006 2101 1463 2159 circumferamur
1497 2101 1649 2158 omni
1681 2110 1847 2160 vento
1878 2103 2144 2161 doctrinas

538 2191 594 2248 in
626 2191 874 2266 nequitia
906 2191 1222 2260 hominum,
1253 2191 1310 2247 in
1340 2191 1560 2260 astutia,
1585 2191 1652 2248 ad
1674 2191 1979 2249 remedium
1997 2209 2142 2248 erro-

537 2279 632 2338 ris.
681 2304 700 2330 ι
754 2280 1038 2338 Fundatos
1082 2289 1136 2338 et
1166 2281 1396 2339 stabiles
1424 2297 1540 2338 esse
1570 2298 1670 2337 nos
1718 2282 1841 2336 vult
1879 2282 1936 2336 in
1967 2282 2146 2339 disci-

538 2369 702 2442 plinas
729 2368 859 2426 ﬁdei
887 2370 1193 2439 catholicae,
1225 2387 1388 2444 quam
1427 2372 1619 2427 Petrus
1649 2372 1954 2443 apostolus,
1993 2386 2145 2427 reve-

538 2459 684 2515 lante
711 2459 846 2526 Deo,
877 2459 1156 2531 professus
1186 2467 1268 2516 est
1308 2460 1521 2531 (Matth.
1555 2476 1676 2530 xvi,
1706 2459 1795 2530 16)
1823 2477 1836 2527 ;
1869 2476 1971 2516 nec
1998 2476 2144 2515 ven-

536 2552 684 2608 tilari
709 2569 808 2608 nos
835 2553 1152 2610 aberrantes
1182 2571 1279 2627 per
1306 2553 1649 2610 diversarum
1682 2553 1948 2609 hazresum
1982 2551 2144 2625 pesti-

537 2642 796 2698 lentiosas
829 2643 1266 2699 asseverationes
1295 2643 1540 2714 nequitia
1577 2641 1819 2698 humana
1848 2642 2137 2708 inventas;

534 2739 598 2788 ut
634 2746 730 2804 per
768 2729 867 2786 has
914 2730 1157 2788 fallentis
1205 2731 1420 2789 inimici
1451 2731 1554 2788 sub
1581 2731 1694 2787 veri
1729 2731 1953 2788 nomine
1990 2747 2142 2788 error

536 2819 708 2894 possit
751 2818 955 2876 afferri.
989 2820 1105 2876 Hoc
1132 2820 1282 2876 enim
1315 2820 1619 2877 remedium
1663 2827 1746 2876 est
1774 2819 2047 2888 falsitatis,
2079 2827 2142 2875 ut

536 2909 639 2965 sub
666 2914 940 2980 praetextu
968 2907 1220 2963 veritatis
1251 2909 1477 2965 inducat
1506 2925 1746 2965 errorem
1775 2927 1788 2977 ;
1819 2916 1872 2965 et
1902 2926 2012 2965 non
2041 2927 2140 2967 so-

538 2999 649 3054 lum
703 2995 805 3052 sub
842 2995 959 3051 veri
1007 2996 1253 3064 nomine,
1287 2997 1379 3052 sed
1411 3007 1463 3053 et
1493 3015 1579 3067 ne,
1613 2999 1757 3054 sicut
1782 3006 1907 3054 ante
1936 3015 2140 3071 accep—

535 3099 647 3148 tam
701 3089 867 3147 ﬁdem
905 3104 1072 3145 sensu
1109 3087 1348 3144 humiles
1395 3090 1730 3162 vagabantur
1767 3107 1862 3164 per
1892 3090 2139 3148 diversos

535 3195 770 3248 errores,
803 3176 991 3235 ﬁdeles
1022 3177 1151 3234 facti
1169 3177 1600 3235 discurreremus
1631 3179 1870 3251 fragiles,
1897 3187 1952 3236 et
1979 3179 2137 3237 dubii

535 3270 602 3328 de
649 3285 743 3343 spe
787 3265 1079 3343 promissa,
1133 3274 1482 3335 commonet;
1532 3267 1661 3342 quia
1684 3266 1799 3341 jam
1830 3268 2130 3327 Christiani
2161 3311 2204 3370 Ο

535 3359 686 3428 facti,
733 3357 947 3416 fundati
994 3373 1108 3414 esse
1139 3356 1362 3427 debent,
1403 3357 1533 3432 quia
1579 3358 1914 3431 ambiguitas
1936 3359 1989 3415 in
2025 3357 2131 3414 ﬁde

535 3459 723 3509 nostra
761 3468 872 3508 non
897 3458 1016 3520 est;
1062 3451 1484 3508 commendatur
1515 3451 1664 3508 enim
1697 3451 1902 3509 virtute
1932 3451 2131 3527 prodi-

534 3541 770 3613 giorum.

609 3628 793 3698 (Vers.
831 3629 946 3701 15.)
994 3654 1011 3676 ι
1041 3630 1344 3687 Veritatem
1373 3637 1553 3687 autem
1584 3629 1845 3687 facientes
1876 3629 1932 3684 in
1953 3628 2131 3686 chario

534 3723 664 3785 tate,
724 3733 1022 3790 augeamur
1075 3719 1130 3774 in
1185 3719 1302 3793 ipso
1350 3737 1446 3794 per
1490 3719 1695 3788 omnia,
1737 3719 1832 3793 qui
1861 3727 1941 3776 est
1967 3725 2131 3791 caput

533 3805 807 3864 Christus.
858 3833 876 3854 ι
936 3808 1088 3863 Hanc
1133 3807 1272 3865 dicit
1311 3826 1427 3866 esse
1457 3809 1765 3878 veritatem,
1798 3818 1860 3865 ut
1886 3825 2127 3865 amorem

534 3894 740 3954 Christi
788 3894 1162 3969 respicientes,
1209 3913 1318 3970 quo
1359 3897 1558 3956 dilexit
1582 3915 1702 3968 nos,
1734 3907 1789 3956 et
1815 3897 2045 3956 tradidit
2071 3914 2130 3955 se

532 4003 632 4060 pro
663 3985 845 4056 nobis,
873 3986 1060 4042 omnia
1086 3986 1448 4060 subjiciamus
1475 3988 1546 4057 ei,
1575 3989 1810 4044 scientes
1839 3989 1970 4062 quia
1999 4006 2128 4046 om—

531 4077 686 4134 nium
735 4084 926 4132 auctor
970 4083 1050 4131 est
1083 4075 1232 4146 vitai,
1263 4086 1322 4132 ut
1353 4076 1510 4150 quasi
1536 4077 1702 4150 capiti
1731 4077 1976 4134 membra
2004 4077 2128 4134 sub-

531 4169 768 4233 dantur;
832 4173 894 4221 ut
941 4165 986 4221 si
1017 4165 1111 4223 alii
1142 4183 1322 4224 errore
1353 4169 1439 4223 vel
1481 4167 1866 4223 malevolentia
1896 4184 2005 4224 non
2037 4168 2128 4223 fa—

530 4263 717 4311 tentur
741 4254 928 4312 omnia
973 4264 1136 4331 caput
1185 4256 1384 4314 habere
1415 4256 1720 4325 Christum,
1752 4255 1880 4330 quia
1912 4257 1979 4313 ab
2010 4257 2127 4330 ipso

533 4345 673 4402 facta
710 4355 837 4404 sunt
879 4349 1163 4406 voluntate
1191 4348 1406 4418 Patris;
1458 4367 1558 4405 nos
1597 4356 1776 4404 tamen
1806 4347 1898 4420 qui
1928 4347 2129 4404 catho-

530 4433 650 4491 lica:
695 4435 824 4492 ﬁdei
866 4437 1225 4508 adhmremus,
1267 4439 1373 4495 hoc
1413 4438 1566 4495 omni
1596 4436 1890 4494 devotione
1915 4444 1968 4493 et
1995 4454 2130 4494 cura

528 4539 685 4596 agere
727 4525 1012 4594 debemus,
1044 4534 1107 4582 ut
1135 4526 1266 4582 huic
1292 4526 1421 4582 ﬁdei
1454 4543 1563 4582 non
1593 4524 1878 4594 damnum,
1909 4525 2001 4583 sed
2031 4526 2127 4582 lu-

527 4630 681 4671 crum
714 4613 1028 4680 atl‘eramus,
1059 4623 1468 4687 perseverantes
1497 4613 1553 4668 in
1572 4613 1673 4669 hac
1702 4615 2120 4684 asseveratione;

2258 668 2528 726 Dominus
2576 669 2722 726 dixit
2768 669 2980 742 (Matth.
3030 684 3190 736 xxvr,
3236 667 3332 740 53)
3370 668 3547 742 ;quia
3572 675 3759 726 tamen
3784 670 3852 726 ab

2259 773 2372 812 uno
2399 765 2454 814 et
2481 773 2576 830 per
2604 774 2779 814 unum
2811 765 2961 824 sunt,
2991 758 3155 814 simul
3193 755 3382 814 omnia
3428 773 3602 815 unum
3650 775 3850 832 corpus

2259 847 2515 920 appellat.
2553 846 2706 903 Sicut
2733 846 2880 903 enim
2913 847 3157 904 membra
3197 863 3324 903 cum
3364 845 3477 902 sint
3521 847 3686 903 unius
3721 865 3855 906 cor-

2259 935 2428 1007 poris,
2471 935 2691 993 diversa
2722 944 2903 992 tamen
2953 945 3082 993 sunt
3123 943 3248 992 actu
3275 942 3332 993 et
3359 935 3663 1010 dignitate:
3695 945 3752 995 et
3778 938 3855 996 ita

2258 1031 2505 1082 creatura
2531 1025 2756 1083 condita
2783 1032 2866 1082 est
2893 1041 2925 1080 a
2951 1027 3066 1081 Deo
3091 1041 3187 1098 per
3215 1024 3520 1094 Christum,
3551 1033 3616 1082 ut
3654 1043 3687 1082 a
3713 1026 3850 1085 Che-

2259 1115 2438 1171 rubim
2491 1123 2545 1172 et
2601 1115 2884 1189 Seraphim
2941 1113 3222 1188 potentiis,
3272 1130 3393 1187 quae
3441 1113 3544 1169 sub
3588 1113 3717 1170 sede
3751 1115 3851 1172 Dei

2257 1212 2408 1271 sunt,
2436 1213 2490 1261 et
2521 1205 2745 1278 Angelis
2779 1221 2915 1278 quos
2957 1204 3073 1276 ipse
3092 1202 3363 1259 Dominus
3383 1212 3600 1260 sanctos
3618 1203 3857 1276 appellat

2259 1293 2454 1366 (Marc.
2508 1312 2632 1362 vm,
2687 1293 2804 1365 38),
2837 1292 2995 1366 quasi
3023 1291 3273 1366 quaedam
3322 1293 3702 1348 concatenatio
3759 1292 3851 1361 sit,

2255 1400 2428 1457 usque
2453 1383 2518 1439 ad
2551 1383 2958 1439 ﬁrmamentum
2987 1382 3244 1438 ordinata
3277 1380 3614 1439 descendens
3638 1400 3652 1450 ;
3684 1389 3746 1437 ut
3775 1389 3854 1438 to-

2255 1480 2372 1528 tum
2418 1480 2473 1530 et
2513 1472 2769 1546 junctum
2800 1473 2892 1542 sit,
2924 1481 2978 1529 et
3006 1472 3220 1527 meritis
3245 1479 3430 1527 tamen
3461 1470 3850 1540 discernatur;

2259 1562 2475 1619 meritis
2503 1563 2629 1620 dico
2649 1579 2758 1618 non
2793 1563 2968 1618 solum
2999 1559 3433 1630 ofﬁciorum,sed
3447 1567 3855 1617 etnaturarum.

2253 1653 2364 1710 Nec
2419 1653 2563 1710 enim
2622 1653 2754 1728 quia
2805 1653 3000 1728 juncta
3045 1651 3184 1709 dicit
3226 1652 3433 1720 omnia,
3483 1651 3646 1707 unius
3690 1659 3861 1708 erunt

2254 1752 2465 1799 natura:
2492 1760 2504 1797 :
2553 1742 2647 1799 sed
2677 1741 2822 1816 quod
2856 1743 2910 1797 in
2943 1757 3168 1814 corpore
3198 1741 3447 1797 membra
3493 1740 3705 1797 faciunt
3731 1741 3859 1798 dis-

2253 1842 2404 1889 creta
2444 1832 2650 1889 ofﬁciis
2682 1833 2824 1904 (21),
2856 1848 2966 1888 non
2997 1837 3193 1887 natura
3221 1849 3234 1897 ;
3275 1830 3352 1886 ita
3383 1839 3437 1888 et
3467 1830 3525 1886 in
3558 1828 3646 1886 his
3665 1831 3858 1886 omni-

2167 1944 2214 2005 B
2254 1921 2359 1978 bus
2411 1939 2522 1978 non
2566 1922 2832 1989 membra,
2887 1921 2981 1977 sed
3011 1929 3219 1978 naturae
3249 1921 3379 1994 ipsa
3411 1920 3622 1977 faciunt
3647 1920 3858 1978 distin-

2255 2012 2490 2069 ctiones.
2542 2012 2660 2068 Hoc
2701 2020 2782 2068 est
2811 2027 2937 2083 ergo
2986 2009 3134 2084 quod
3166 2010 3466 2077 laboratur,
3498 2017 3561 2066 ut
3587 2009 3656 2066 ad
3683 2027 3854 2068 unum

2253 2119 2474 2160 sensum
2547 2101 2828 2174 redigatur
2884 2107 3132 2158 creatura
3162 2143 3176 2168 ,
3244 2108 3300 2156 et
3353 2101 3410 2157 in
3464 2116 3627 2157 sensu
3681 2117 3854 2157 unum

2253 2191 2325 2247 sit
2353 2208 2575 2264 corpus,
2603 2190 2736 2246 dum
2767 2190 3016 2247 omnium
3050 2207 3161 2245 una
3192 2189 3458 2262 professio
3505 2197 3606 2258 est,
3641 2197 3702 2246 ut
3727 2207 3856 2247 con-

2251 2280 2440 2338 cordet
2517 2279 2571 2335 in
2654 2279 2922 2335 charitate
2982 2278 3258 2337 Creatoris
3331 2279 3399 2336 ad
3466 2297 3628 2336 suum
3679 2281 3857 2354 profe-

2251 2378 2423 2438 ctum;
2481 2374 2627 2432 243
2683 2369 2980 2426 reaediﬁcat
3036 2368 3185 2425 enim
3241 2386 3299 2426 se
3345 2369 3402 2426 in
3447 2372 3717 2444 templum
3747 2371 3854 2427 Do-

2256 2466 2412 2535 mini,
2456 2466 2736 2524 destructa
2753 2464 2901 2522 enim
2932 2465 3112 2522 fuerat
3141 2465 3420 2523 dementia
3449 2473 3503 2522 et
3534 2467 3719 2522 furore
3739 2466 3853 2522 dia-

2250 2555 2387 2612 boli.

2325 2645 2508 2716 (Vers.
2568 2644 2654 2712 17,
2712 2643 2826 2716 18.)
2871 2667 2889 2689 ε
2921 2644 3036 2699 Hoc
3063 2659 3192 2717 ergo
3223 2642 3348 2701 dico
3377 2652 3429 2700 et
3461 2651 3626 2700 testor
3661 2643 3719 2700 in
3751 2646 3856 2701 Do-

2251 2733 2424 2800 mino,
2472 2741 2537 2789 ut
2590 2748 2702 2788 non
2746 2731 3065 2802 ambuletis,
3104 2733 3248 2790 sicut
3275 2740 3328 2788 et
3357 2739 3542 2805 gentes
3570 2732 3861 2789 ambulant

2250 2822 2307 2878 in
2329 2823 2575 2878 vanitate
2593 2821 2795 2877 mentis
2824 2839 2956 2890 suae,
2989 2821 3266 2879 obscurati
3290 2821 3595 2892 intellectu,
3627 2821 3860 2879 alienati

2249 2928 2280 2967 a
2318 2911 2424 2967 ﬁde
2465 2913 2565 2969 Dei
2597 2919 2819 2985 propter
2849 2910 3236 2985 ignorantiam,
3273 2928 3390 2984 quae
3421 2917 3501 2967 est
3532 2911 3589 2966 in
3624 2911 3784 2983 ipsis.
3815 2936 3834 2958 ι

2248 3002 2595 3060 Manifestato
2648 3011 2912 3072 creatore,
2979 3011 3033 3059 et
3096 2993 3304 3059 ratione
3367 3010 3603 3070 ostensa,
3676 3021 3850 3078 quam

2247 3092 2400 3165 sequi
2443 3092 2636 3148 debeat
2681 3101 2952 3160 creatura,
3008 3091 3064 3146 in
3124 3091 3231 3148 ﬁde
3268 3090 3366 3148 Dei
3412 3090 3497 3146 sui
3553 3091 3856 3162 duntaxat,

2246 3188 2584 3237 contestatur
2623 3181 2750 3237 illos
2807 3181 2866 3236 in
2911 3181 3110 3249 Deum,
3155 3187 3218 3236 ut
3256 3195 3365 3236 non
3403 3179 3565 3236 aliter
3593 3179 3859 3236 incedant

2247 3270 2332 3324 vel
2365 3269 2628 3353 sentiant,
2659 3286 2820 3344 quam
2853 3269 3157 3336 docentur;
3211 3285 3279 3326 ne
3311 3268 3520 3326 similes
3547 3269 3852 3342 gentilibus

2242 3359 2618 3427 inveniantur,
2650 3359 2745 3432 qui
2789 3376 2892 3415 nec
2933 3359 3097 3416 ﬁdem
3137 3359 3432 3432 recipiunt,
3467 3375 3569 3416 nec
3602 3375 3852 3416 conver—

2239 3449 2528 3518 sationem,
2577 3465 2742 3522 quam
2795 3447 3018 3505 mandat
3073 3449 3185 3518 lex,
3239 3448 3533 3505 obscurum
3582 3446 3852 3505 habentes

2239 3557 2479 3607 sensum,
2500 3557 2568 3596 ne
2595 3541 3038 3613 contemplemur
3059 3539 3238 3596 divini
3259 3539 3504 3596 nominis
3523 3539 3846 3598 veritatem.

2239 3629 2394 3686 Vana
2406 3629 2553 3685 enim
2577 3636 2865 3697 sectantes,
2889 3645 3010 3702 quas
3031 3638 3159 3686 sunt
3189 3628 3523 3698 idololatria,
3556 3628 3842 3686 infrenan-

2239 3726 2330 3774 tur
2359 3734 2390 3773 a
2415 3717 2670 3786 diabolo;
2703 3735 2771 3775 ne
2803 3718 2968 3775 unius
2996 3717 3096 3776 Dei
3125 3718 3230 3775 iter
3258 3718 3535 3788 incedant,
3567 3725 3629 3774 ut
3659 3717 3845 3774 socios

2241 3808 2363 3864 illos
2390 3825 2501 3864 suae
2531 3808 2858 3881 perditionis
2891 3808 3109 3864 efﬁciat.

2311 3899 2493 3970 (Vers.
2541 3898 2656 3969 19.)
2703 3923 2722 3945 ι
2751 3899 2821 3953 Et
2866 3897 3167 3956 czecitatem
3216 3897 3399 3954 cordis
3447 3897 3694 3965 illorum,
3745 3899 3847 3969 qui

2237 3985 2603 4060 desperantes,
2635 3987 2955 4059 semetipsos
2992 3985 3338 4043 tradiderunt
3387 3984 3753 4058 impudicitiis
3782 3985 3844 4040 in

2236 4077 2607 4148 operationem
2684 4075 3056 4132 immunditiae
3124 4076 3307 4132 omnis
3371 4085 3425 4134 et
3490 4074 3762 4133 avaritia.
3812 4099 3832 4122 ι

2237 4165 2481 4224 Gentiles
2526 4165 2726 4222 futura:
2756 4165 3175 4222 resurrectionis
3200 4164 3576 4238 desperatione
3615 4162 3846 4220 caecita—

2236 4262 2347 4312 tem
2377 4253 2559 4312 cordis
2588 4253 2789 4310 habere
2836 4253 3129 4326 signiﬁcat.
3163 4253 3329 4321 Quasi
3375 4253 3522 4310 enim
3552 4253 3697 4308 ultra
3727 4267 3844 4308 non

2237 4344 2411 4402 futuri
2464 4343 2636 4400 vitam
2685 4359 2840 4400 suam
2869 4344 3250 4400 contaminant
3289 4341 3611 4416 turpissima
3637 4357 3846 4414 opera-

2238 4436 2410 4501 tione,
2455 4435 2705 4492 nolentes
2731 4451 2788 4491 se
2817 4432 3088 4506 subjicere
3136 4434 3241 4507 legi
3280 4432 3444 4501 ﬁdei;
3479 4433 3606 4507 quia
3638 4431 3846 4505 prohi-

2236 4525 2328 4581 bet
2356 4525 2697 4597 voluptatem
2729 4531 2950 4597 propter
2978 4540 3127 4597 spem
3159 4524 3289 4580 vita:
3318 4523 3537 4593 futuras,
3571 4539 3736 4597 quam
3780 4521 3844 4577 hi

2239 4615 2446 4673 idcirco
2476 4614 2762 4672 ridendam
2796 4621 3038 4682 censent,
3068 4620 3131 4669 ut
3151 4612 3276 4686 jure
3295 4612 3658 4670 dehonestare
3685 4629 3765 4680 se,
3786 4617 3846 4666 et

529 4711 591 4758 nt
626 4677 1076 4775 comprimantur.
1095 4718 1274 4775 pravae
1325 4701 1525 4759 mentis
1562 4702 1839 4777 colloquia
1862 4677 2124 4759 adversus
2153 4677 2201 4736 D
2231 4707 2408 4762 aliena
2423 4715 2675 4778 appetere
2693 4704 2856 4761 avida
2874 4677 3175 4779 cupiditate
3197 4703 3510 4774 videantur,
3529 4703 3686 4778 quasi
3716 4677 3846 4776 post

531 4792 820 4850 veritatem
859 4801 1086 4848 armata.

605 4890 786 4962 (Vere.
849 4889 962 4963 16.)
1029 4913 1048 4938 ι
1095 4892 1180 4948 Ex
1211 4907 1319 4964 quo
1350 4899 1525 4948 totum
1554 4910 1752 4965 corpus
1777 4899 2124 4965 compactum

528 4989 580 5036 et
624 4997 935 5038 connexum
987 4997 1086 5054 per
1137 4997 1356 5036 omnem
1379 4979 1694 5053 juncturam
1727 4982 2125 5038 subministra-

527 5071 697 5128 tionis
725 5071 1024 5128 secundum
1068 5069 1442 5143 operationem
1474 5070 1530 5126 in
1581 5087 1891 5127 mensuram
1935 5072 2121 5126 unius-

527 5161 792 5235 cujusque
820 5161 1012 5234 partis,
1047 5160 1449 5216 incrementum
1481 5160 1728 5234 corporis
1748 5161 1880 5216 facit
1906 5161 1972 5218 ad
1995 5160 2120 5217 aedi-

529 5252 838 5310 ﬁcationem
889 5253 976 5309 sui
1027 5252 1084 5307 in
1135 5249 1422 5308 charitate.
1453 5277 1470 5297 ι
1529 5253 1647 5321 Qua
1684 5251 1895 5308 ratione
1951 5251 2123 5310 Chri-

527 5351 672 5400 stum
726 5349 889 5415 caput
930 5358 1045 5399 esse
1093 5339 1342 5397 omnium
1393 5341 1618 5411 dixerit,
1658 5341 1848 5408 docet;
1905 5357 1974 5398 ex
2002 5341 2121 5414 ipso

525 5431 696 5500 enim,
746 5431 949 5505 inquit,
997 5437 1177 5487 totum
1229 5446 1450 5503 corpus,
1497 5429 1554 5486 id
1582 5437 1682 5498 est,
1710 5429 1891 5486 omnis
1919 5429 2122 5486 chorus

527 5523 1001 5595 Archangelorum
1047 5531 1101 5578 et
1156 5520 1553 5588 Potentiarum,
1611 5519 2021 5592 Principatnum
2067 5528 2121 5575 et

526 5612 864 5670 Potestatum
923 5609 1195 5668 subsistit.
1253 5608 1515 5677 Quamvis
1557 5609 1702 5666 enim
1736 5609 1952 5683 singula
2003 5609 2120 5666 hare

2232 4794 2375 4850 hanc
2402 4793 2915 4865 transpunctionem
2946 4793 3100 4849 nulla
3131 4793 3204 4850 sit
3232 4794 3367 4850 vita.

2305 4892 2487 4965 (Vers.
2521 4891 2611 4961 20,
2641 4891 2757 4964 21.)
2800 4916 2817 4938 ε
2857 4890 2969 4947 Vos
3023 4899 3208 4948 autem
3264 4908 3376 4948 non
3434 4891 3510 4948 ita
3557 4889 3844 4948 didicistis

2232 4981 2537 5050 Christum,
2565 4983 2610 5037 si
2655 4989 2838 5038 tamen
2872 4980 3032 5038 illum
3062 4981 3317 5051 audistis,
3352 4989 3406 5038 et
3435 4981 3494 5037 in
3527 4979 3626 5036 illo
3654 4979 3842 5036 edocti

2231 5071 2383 5140 estis,
2441 5071 2586 5128 sicut
2638 5079 2721 5127 est
2764 5070 2968 5127 veritas
3014 5072 3072 5128 in
3114 5073 3260 5130 Jesu.
3297 5097 3314 5120 ι
3358 5069 3716 5129 Manifestum
3757 5076 3848 5126 est

2232 5161 2573 5219 Christianos
2604 5175 2715 5216 non
2761 5158 3196 5233 desperationem
3245 5170 3367 5234 post
3401 5169 3634 5217 mortem
3690 5158 3849 5215 hanc

2231 5249 2510 5320 didicisse,
2565 5248 2660 5305 sed
2703 5264 2852 5322 spem
2903 5248 2972 5306 ad
3018 5258 3350 5322 utrumque;
3401 5248 3660 5307 fidelibus
3686 5245 3848 5303 enim

2231 5341 2366 5409 vita,
2393 5338 2616 5412 perﬁdis
2647 5355 2778 5395 vero
2824 5339 3169 5412 promittitur
3207 5355 3378 5409 mors,
3409 5355 3531 5412 quae
3563 5345 3645 5394 est
3675 5352 3852 5410 praua.

2231 5438 2427 5486 aeterna
2454 5447 2467 5495 ;
2501 5435 2563 5484 ut
2593 5427 2710 5484 sive
2740 5445 2907 5497 mors,
2939 5427 3057 5484 sive
3086 5429 3203 5485 vita
3223 5429 3281 5486 in
3313 5427 3537 5486 Christo
3567 5427 3847 5488 discatur;

2229 5517 2356 5593 quia
2383 5515 2475 5591 qui
2505 5533 2631 5574 eum
2659 5518 2928 5591 sequitur,
2959 5534 3055 5591 per
3082 5534 3210 5575 eum
3240 5525 3483 5590 resurget
3513 5515 3584 5573 ad
3614 5514 3790 5571 vitam
3829 5534 3844 5570 :

2229 5607 2323 5683 qui
2357 5621 2486 5661 vero
2528 5604 2793 5663 discernit
2817 5622 2873 5662 se
2913 5605 2981 5660 ab
3009 5623 3094 5676 eo,
3136 5623 3233 5680 per
3265 5623 3393 5664 eum
3422 5603 3854 5679 mancipabitur

600 5793 716 5868 (21)
765 5795 922 5852 Rom.
981 5793 1114 5852 edit.
1164 5795 1300 5864 sola,
1351 5792 1449 5849 Sed
1493 5792 1750 5866 quamde
1798 5791 1855 5849 in
1899 5807 2120 5866 corpore
2149 5789 2382 5850 membra
2403 5789 2612 5864 faciunt
2635 5786 2862 5847 discreta
2894 5787 3082 5863 officia.
