4070 6186
253 478 354 536 413

1336 476 1694 536 COMMENT.
1738 478 1809 536 IN
1847 476 2063 537 EPIST.
2104 480 2200 538 AD
2237 478 2484 537 EPHES.

3449 482 3551 542 414.
3583 485 3586 488 ’

248 603 547 678 gehennae;
581 601 705 675 ipso
731 600 879 658 enim
898 599 1200 674 judicante,
1220 602 1588 660 damnabitur.
1610 604 1680 661 Et
1699 621 1830 679 quo-
1866 607 1917 667 A
1945 604 2150 678 egredi,
2180 605 2313 662 dum
2345 604 2654 674 irascimur,
2686 615 2739 662 et
2786 605 3106 664 invenimur
3168 606 3274 680 ipsi
3303 621 3551 681 peccare,

247 693 390 750 niam
413 699 552 749 sunt
567 690 792 766 quidam
810 688 866 746 in
884 689 1148 759 Ecclesia,
1167 691 1262 765 qui
1279 691 1382 748 sub
1399 694 1624 749 nomine
1635 692 1844 752 Christi

247 801 354 842 non
369 791 686 857 sequuntur
707 779 908 839 Christi
924 781 1236 851 veritatem,
1255 782 1516 857 ideoque:
1536 807 1555 832 ι
1576 784 1730 841 Sicut
1741 794 1840 854 est,

243 873 668 948 inquit,veritas
688 870 744 925 in
759 871 905 938 Jesu;
927 895 943 914 -
962 878 1024 926 ut
1041 861 1087 926 si
1110 872 1184 927 ita
1204 871 1351 930 docti
1364 882 1582 944 sunt,ut
1602 882 1683 930 est
1707 877 1843 930 veri-

242 973 329 1021 tas
347 965 408 1020 in
429 964 580 1031 Jesu,
601 970 731 1018 tunc
753 959 1034 1018 Christum
1053 959 1330 1032 didicisse,
1347 971 1402 1020 et
1422 965 1579 1020 illum
1603 966 1839 1036 audisse,

240 1063 296 1110 et
324 1053 382 1109 in
409 1053 512 1108 illo
542 1051 723 1108 edocti
752 1066 870 1106 esse
912 1051 1239 1109 videantur:
1299 1053 1554 1112 Christus
1585 1056 1732 1112 enim
1761 1055 1841 1112 'de

243 1159 299 1199 se
334 1143 497 1199 docet
523 1141 661 1215 quid
690 1141 782 1210 sit,
813 1147 868 1196 et
897 1149 1135 1214 quantus
1182 1143 1487 1200 credendus
1515 1145 1607 1214 sit,
1636 1155 1690 1202 et
1719 1163 1839 1219 quae

244 1249 366 1306 spes
389 1231 448 1288 in
473 1248 537 1288 eo
566 1231 658 1299 sit,
691 1238 745 1286 et
774 1231 964 1303 quales
993 1232 1227 1289 debeant
1258 1250 1373 1290 esse
1399 1234 1701 1291 credentes.
1733 1236 1839 1303 Qui

246 1323 395 1379 enim
427 1320 619 1377 didicit
649 1319 953 1388 Christum,
983 1321 1087 1378 scit
1126 1321 1283 1378 illum
1324 1339 1355 1378 a
1402 1323 1634 1381 mortuis
1664 1341 1838 1380 resur-

248 1413 473 1480 rexisse,
531 1418 592 1466 ut
647 1409 824 1466 forma
879 1417 1020 1466 esset
1068 1410 1351 1481 ﬁdelibus,
1381 1413 1615 1488 ideoque
1643 1432 1839 1489 magna

241 1519 362 1576 spes
388 1509 472 1558 est
500 1518 601 1574 pro
626 1501 734 1556 ista
761 1509 938 1556 morte
966 1502 1281 1559 amantibus
1305 1505 1500 1560 Deum.

309 1591 494 1664 (Vers.
537 1590 654 1662 22.)
720 1615 736 1637 ι
767 1590 838 1646 Ut
888 1589 1175 1662 deponatis
1231 1594 1534 1651 secundum
1591 1597 1833 1668 priorem

240 1680 715 1739 conversationem
742 1686 984 1736 veterem
1033 1679 1339 1752 hominem,
1392 1684 1486 1756 qui
1533 1689 1835 1760 corrumpi-

241 1781 326 1829 tur
382 1769 688 1828 secundum
739 1768 1014 1826 desideria
1064 1772 1285 1828 erroris.
1319 1797 1337 1820 ι
1398 1773 1501 1841 Qui
1553 1774 1834 1833 Christum

238 1861 482 1930 audivit,
511 1860 619 1916 hoc
640 1859 869 1928 didicit;
915 1869 977 1916 ut
1023 1861 1299 1919 recederet
1341 1880 1372 1918 a
1419 1867 1836 1925 conversatione

1953 695 2048 768 qui
2097 704 2380 767 peccantes
2425 696 2730 768 arguimus,
2773 697 2904 752 dum
2952 697 3077 771 plus
3136 697 3448 766 irascimur,
3499 705 3553 754 et

1952 786 2190 858 amplius
2234 803 2526 842 oneramus
2553 795 2890 858 peccantem,
2921 804 3084 860 quam
3134 795 3393 845 meretur.
3436 788 3552 844 Hoc

1952 892 2079 948 ergo
2109 875 2289 944 docet,
2323 886 2384 932 ut
2423 876 2541 948 ipsa
2569 876 2652 932 ira
2679 893 2804 933 cum
2836 877 3211 935 moderatione
3242 878 3336 948 sit,
3373 895 3551 952 neque

1952 966 2187 1022 nimium
2220 965 2344 1039 quis
2386 966 2599 1039 justum
2634 985 2688 1024 se
2722 967 2958 1039 praebeat
3003 967 3385 1042 delinquenti:
3419 969 3553 1043 quia

1950 1058 2130 1112 solent
2160 1057 2383 1129 quidam
2409 1057 2488 1112 sic
2517 1072 2760 1129 peccare,
2794 1065 2856 1112 ut
2882 1058 3050 1114 tantis
3082 1057 3253 1130 plagis
3275 1058 3547 1116 aﬂiciendi

1951 1146 2265 1215 videantur,
2299 1155 2531 1220 quantas
2561 1163 2669 1202 non
2701 1155 2930 1218 possunt
2958 1147 3100 1204 ferre
3131 1166 3142 1204 :
3177 1155 3230 1203 et
3261 1146 3355 1220 qui
3386 1155 3552 1219 pote—

1950 1241 2033 1288 rat
2075 1234 2216 1290 forte
2247 1235 2468 1307 corrigi,
2503 1235 2722 1292 tollitur
2766 1235 2834 1290 de
2863 1235 2996 1303 vita,
3028 1251 3139 1290 non
3183 1234 3300 1290 sine
3329 1241 3550 1308 peccato

1951 1323 2252 1380 irascentis.
2304 1323 2447 1380 Hinc
2484 1333 2565 1380 est
2597 1325 2745 1380 unde
2773 1324 3069 1380 Salomon:
3119 1348 3136 1372 α
3165 1324 3311 1393 Noli,
3345 1324 3546 1396 inquit,

1942 1413 2124 1485 justus
2151 1430 2265 1470 esse
2293 1414 2530 1469 multum
2557 1432 2569 1480 ;
2606 1413 2736 1486 quia
2768 1420 2850 1469 est
2879 1413 2972 1486 qui
3005 1413 3148 1485 perit
3178 1414 3233 1470 in
3257 1431 3358 1471 suo
3397 1412 3548 1486 justo

1951 1505 2145 1576 (Eccle.
2185 1521 2286 1571 vn,
2319 1503 2432 1576 17).
2465 1528 2482 1548 ι
2529 1502 2633 1559 Sed
2664 1503 2972 1559 imitatores
3009 1503 3108 1558 Dei
3137 1518 3253 1558 esse
3286 1503 3548 1560 debemus

1946 1593 2040 1666 qui
2069 1599 2420 1664 temperatam
2453 1590 2618 1648 habet
2645 1590 2918 1662 justitiam
2943 1609 2957 1659 ;
2981 1607 3107 1647 cum
3153 1589 3300 1648 enim
3332 1591 3546 1663 justum

1945 1689 2085 1737 esset
2125 1680 2289 1753 plecti
2340 1680 2578 1752 iniquos,
2627 1679 2895 1751 patientia
2942 1696 3040 1736 sua
3097 1679 3290 1735 suﬂ'ert
3317 1694 3432 1746 eos,
3487 1687 3550 1736 ut

1945 1767 2114 1840 aliqui
2165 1785 2233 1824 ex
2286 1768 2366 1824 eis
2405 1767 2771 1840 corrigantur.
2825 1767 2936 1823 Nos
2996 1767 3142 1839 ipsos
3194 1782 3381 1822 servos
3420 1782 3548 1822 suos

1945 1866 2231 1930 peccantes
2261 1859 2491 1929 patitur,
2522 1875 2623 1913 nec
2651 1857 2761 1914 cito
2800 1857 3039 1930 aliquem
3071 1856 3331 1929 percutit.

242 1949 503 2024 pristina,
525 1966 684 2023 quam
704 1957 942 2006 veterem
988 1951 1272 2009 hominem
1303 1962 1586 2026 nuncupat
1615 1965 1837 2030 propter
1878 1971 1917 2029 Β
2020 1947 2202 2017 (vers.
2235 1947 2349 2016 27-)
2398 1973 2415 1994 ι
2441 1947 2547 2004 Sed
2599 1963 2707 2002 non
2758 1946 2974 2003 οῢοὶάειῐ
3011 1962 3175 2018 super
3201 1945 3545 2002 iracundiam

242 2039 585 2112 praeteritum
620 2039 938 2111 ignorantiae
967 2048 1203 2113 tempus.
1238 2043 1419 2099 Homo
1465 2045 1647 2118 itaque
1694 2065 1841 2105 unus

237 2141 408 2206 atque
460 2130 602 2189 idem
653 2138 754 2199 est,
801 2131 920 2205 qui,
978 2131 1024 2188 si
1079 2133 1314 2205 pristina
1369 2134 1511 2189 vitia
1567 2136 1839 2207 sequitur,

237 2234 399 2281 vetus
423 2223 631 2280 dicitur
665 2241 676 2278 :
724 2222 771 2278 si
797 2229 979 2278 autem
1029 2222 1087 2278 in
1130 2224 1374 2280 novitate
1403 2224 1532 2280 vitae
1570 2225 1836 2292 ambulat,

235 2315 452 2371 alienus
485 2330 517 2368 a
543 2312 795 2370 saeculari
817 2329 1024 2380 errore,
1057 2313 1154 2386 qui
1182 2321 1266 2369 est
1303 2316 1421 2370 sive
1447 2315 1506 2370 in
1544 2323 1690 2384 actu,
1722 2317 1838 2372 sive

234 2405 287 2460 in
317 2420 490 2460 sensu
520 2402 658 2475 (22),
685 2402 840 2458 rudis
868 2402 1074 2458 dicitur
1101 2421 1113 2469 ;
1163 2419 1273 2458 non
1313 2404 1503 2476 utique
1531 2404 1836 2460 substantia

232 2493 424 2550 carnis
453 2499 545 2547 aut
573 2491 792 2559 animae,
851 2492 946 2547 sed
993 2491 1279 2548 intellectu
1315 2499 1370 2548 et
1419 2493 1837 2549 conversatione

232 2581 392 2638 vitae.
448 2579 747 2652 Corruptus
803 2589 986 2636 tamen
1032 2587 1192 2636 vetus
1243 2580 1412 2637 homo
1446 2580 1671 2650 dicitur,
1700 2598 1836 2653 pro—

232 2678 354 2743 pter
386 2669 694 2726 adulterum
726 2682 967 2734 sensum,
996 2675 1050 2722 et
1074 2674 1288 2738 turpem
1320 2667 1517 2725 vitam.

258 2785 263 2789 -
295 2760 493 2830 (Vers.
526 2758 618 2825 23,
651 2757 773 2824 24.)
808 2781 825 2805 ε
856 2756 1218 2812 Renovamini
1247 2764 1430 2812 autem
1452 2771 1615 2813 sensu
1636 2758 1836 2815 mentis

229 2860 433 2907 vestra
465 2849 608 2922 (23),
645 2857 698 2904 et
729 2847 1030 2904 induimini
1063 2863 1271 2904 novum
1298 2847 1602 2916 hominem,
1633 2847 1728 2920 qui
1757 2864 1834 2904 se-

226 2941 483 2998 cundum
515 2939 688 2995 Deum
719 2946 934 2994 creatus
962 2945 1043 2993 est
1090 2936 1148 2992 in
1192 2937 1420 2993 veritate
1449 2945 1503 2993 et
1528 2937 1768 3009 justitia.
1804 2965 1820 2985 -

223 3029 336 3087 Just
351 3046 454 3085 um
510 3037 562 3084 et
604 3043 796 3084 verum
853 3034 934 3083 est
981 3033 1185 3084 rectam
1219 3026 1363 3082 viam
1393 3027 1549 3099 sequi
1581 3044 1591 3082 :
1625 3026 1716 3083 hic
1743 3044 1834 3082 au-

224 3129 325 3178 tem
405 3127 610 3175 rectam
665 3118 811 3174 viam
857 3117 1126 3191 sequitur,
1180 3121 1276 3190 qui
1327 3117 1560 3174 devotus
1591 3117 1835 3176 Creatori

225 3228 317 3268 suo
392 3210 460 3267 in
516 3210 803 3266 voluntate
855 3207 974 3280 ejus
1014 3207 1278 3275 ambulat,
1319 3224 1481 3280 quam
1558 3207 1835 3280 gentilitas

1950 2047 2216 2094 vestram:
2269 2036 2442 2093 nolite
2489 2038 2670 2092 locum
2721 2036 2850 2092 dare
2905 2037 3128 2093 diabolo
3166 2036 3307 2108 (24).
3341 2061 3358 2080 ι
3407 2038 3546 2092 Iram

1948 2129 2182 2184 transire
2212 2128 2353 2194 vult,
2403 2144 2505 2184 nec
2550 2127 2774 2184 retineri
2815 2127 2873 2182 in
2924 2135 3165 2198 pectore,
3195 2135 3259 2184 ut
3286 2125 3375 2182 die
3405 2133 3546 2193 orta,

1947 2234 2074 2273 cum
2127 2216 2217 2272 die
2265 2216 2502 2282 decidat,
2549 2217 2678 2289 quia
2720 2216 2765 2272 si
2817 2217 2874 2272 in
2907 2217 3091 2272 animo
3123 2216 3403 2284 manserit,
3454 2214 3548 2272 dat

1947 2304 2286 2360 occasionem
2345 2303 2568 2360 diabolo
2624 2303 2917 2376 gloriandi.
2976 2305 3205 2360 Necesse
3270 2310 3352 2359 est
3396 2301 3545 2358 enim

1949 2392 2119 2447 iratus
2166 2392 2383 2448 animus
2421 2394 2566 2450 mala
2607 2393 2829 2474 cogitet,
2881 2390 3030 2465 quod
3067 2390 3221 2464 cupit
3257 2390 3543 2455 diabolus;

1949 2481 2161 2538 invenit
2199 2481 2347 2537 enim
2408 2490 2646 2539 mentem
2690 2492 2930 2554 paratam
2981 2481 3050 2538 ad
3093 2482 3321 2549 malum,
3352 2481 3442 2536 cui
3490 2495 3547 2534 se

1947 2571 2212 2640 inserens,
2261 2573 2460 2628 affectu
2513 2587 2612 2627 suo
2642 2571 2846 2640 decipit
2891 2570 3173 2626 hominem
3223 2571 3428 2624 factum
3478 2568 3546 2624 ad

1946 2659 2150 2726 vitam;
2210 2660 2339 2732 quia
2393 2658 2636 2714 hominis
2692 2657 2932 2728 cogitare
2996 2665 3098 2725 est,
3164 2656 3369 2712 diaboli
3429 2656 3546 2712 im—

1947 2749 2112 2820 plere.

2019 2838 2201 2909 (Vera.
2252 2837 2368 2908 28.)
2416 2861 2434 2885 ι
2461 2835 2568 2903 Qui
2622 2834 2929 2903 furabatur,
2979 2833 3094 2906 jam
3129 2849 3240 2889 non
3292 2833 3541 2890 furetur:

1946 2928 2118 2998 magis
2146 2935 2327 2982 autem
2360 2926 2590 2994 laboret,
2623 2924 2900 2997 operando
2945 2923 3202 2980 manibus
3237 2922 3386 2996 quod
3437 2922 3547 2978 bo-

1945 3032 2078 3071 num
2109 3025 2222 3082 est;
2255 3022 2318 3071 ut
2347 3015 2562 3080 habeat,
2621 3013 2768 3070 unde
2805 3015 3016 3070 tribuat
3043 3013 3424 3070 necessitatem
3454 3028 3544 3084 pa-

1943 3106 2211 3163 tientibus
2243 3105 2382 3177 (25).
2415 3129 2432 3152 ι
2483 3104 2549 3160 Ut
2598 3105 2729 3160 novi
2760 3103 3005 3160 hominis
3043 3103 3389 3161 conversatio
3419 3119 3546 3158 rna-

1944 3203 2090 3264 neat,
2150 3195 2404 3251 hortatur
2460 3210 2528 3250 ne
2584 3210 2803 3250 rursum
2857 3193 2926 3249 ad
2983 3193 3258 3265 praeterita
3307 3193 3446 3249 vitia
3491 3201 3546 3248 et

229 3301 426 3358 nescit.
465 3299 766 3354 Innovatus
798 3296 945 3353 enim
967 3295 1166 3369 spiritu
1197 3296 1396 3351 mentis
1426 3312 1632 3352 novum
1657 3295 1832 3351 homi-
1863 3327 1906 3386 Ο
1953 3292 2171 3386 139003.ta
2201 3283 2453 3339 redeatur
2479 3301 2493 3350 ;
2527 3299 2654 3386 llam
2687 3281 2830 3337 nihil
2882 3281 3137 3386 Ρτοάθτίξ
3157 3298 3366 3338 novum
3408 3280 3541 3386 d‘ici,

230 3405 344 3446 nem
381 3387 599 3445 dicitur
626 3385 876 3453 indutus,
928 3385 1024 3458 qui
1077 3393 1161 3440 est
1206 3383 1494 3452 Christus;
1546 3384 1826 3442 Christum

229 3478 370 3534 enim
419 3476 694 3544 induitur,
727 3475 823 3548 qui
872 3491 968 3548 per
1021 3474 1186 3530 ﬁdem
1236 3481 1458 3530 renatus
1495 3473 1552 3529 in
1584 3474 1828 3540 Christo,

227 3568 467 3624 aemulus
489 3572 572 3622 est
600 3565 750 3632 vitaa,
784 3580 950 3637 quam
984 3563 1215 3620 tradidit
1242 3563 1536 3630 Christus;
1583 3571 1643 3618 ut
1667 3562 1829 3634 juxta

227 3658 402 3712 Deum
433 3661 651 3711 creatus
681 3653 935 3710 videatur
981 3670 992 3708 :
1028 3652 1088 3708 in
1135 3669 1199 3708 eo
1246 3651 1396 3708 enim
1449 3652 1575 3724 quis
1615 3660 1828 3708 creatus

223 3755 323 3814 est,
356 3747 421 3802 in
453 3762 562 3818 quo
589 3745 768 3817 sapit;
815 3751 870 3800 et
898 3743 1024 3800 ideo
1071 3743 1278 3800 veritas
1308 3750 1362 3799 et
1385 3741 1604 3814 justitia
1654 3740 1752 3797 Dei
1797 3757 1830 3795 a

225 3835 531 3906 gentilibus
586 3835 885 3907 ignoratur.
937 3832 1074 3890 Cum
1130 3833 1278 3888 enim
1325 3832 1607 3888 credentes
1652 3831 1827 3886 Deum

220 3931 537 3997 agnoscunt
565 3922 902 3989 Creatorem,
950 3930 1230 3978 servantes
1280 3921 1537 3977 mandata
1576 3916 1715 3990 ejus,
1768 3916 1826 3972 in

211 4010 451 4082 justitia
478 4019 532 4064 et
554 4009 782 4065 veritate
805 4018 1077 4065 creantur.

305 4097 495 4164 (Vere.
551 4096 704 4166 25.):
734 4097 962 4167 Propter
1018 4099 1164 4169 quod
1216 4097 1465 4170 deposito
1515 4097 1826 4165 mendacio,

218 4180 538 4256 loquimini
562 4182 847 4240 veritatem
879 4185 1253 4256 unusquisque
1289 4203 1412 4242 cum
1443 4185 1698 4259 proximo
1727 4202 1828 4242 suo

222 4271 432 4342 (Zach.
463 4287 586 4338 vm,
608 4269 722 4342 i6);
748 4271 1008 4343 quoniam
1038 4289 1228 4328 sumus
1247 4272 1481 4331 invicem
1505 4275 1770 4331 membra.
1795 4300 1812 4323 ι

220 4362 372 4430 Quia
403 4359 462 4415 in
488 4359 718 4415 veritate
747 4368 801 4415 et
843 4358 1066 4430 justitia
1111 4359 1280 4415 creati
1323 4378 1528 4431 sumus,
1561 4363 1736 4419 renati
1767 4362 1825 4418 in

223 4449 597 4522 baptismate;
656 4449 864 4507 idcirco
898 4457 960 4505 ut
1013 4450 1074 4506 in
1114 4465 1180 4506 eo
1224 4465 1560 4518 maneamus,
1593 4453 1826 4509 menda-

223 4539 380 4595 cium
437 4539 707 4611 deponere
748 4538 1033 4611 jubemur,
1094 4547 1378 4612 assumpta
1432 4540 1680 4608 veritate,
1727 4557 1826 4598 nec

225 4624 356 4680 dolo
388 4625 600 4697 aliquid
625 4642 749 4682 cum
799 4626 964 4681 fratre
1011 4641 1169 4698 agere
1203 4643 1216 4681 :
1252 4633 1312 4682 ut
1342 4626 1472 4699 quia
1501 4625 1668 4681 unius
1695 4643 1824 4682 cor-

227 4715 377 4785 poris
435 4715 678 4771 membra
739 4732 948 4784 sumus,
998 4716 1178 4773 causis
1219 4717 1426 4774 nostris
1483 4717 1542 4773 in
1600 4717 1826 4774 veritate

226 4804 469 4860 invicem
498 4805 796 4860 faveamus.

299 4895 479 4962 (\‘ers.
506 4893 622 4965 26.)
671 4918 688 4940 ι
718 4894 1024 4950 Irascimini
1052 4904 1105 4952 et
1134 4897 1312 4964 nolite,
1334 4914 1578 4969 peccare.
1609 4923 1626 4946 ι
1681 4897 1823 4965 Quo-

229 4982 377 5036 niam
407 4981 568 5038 irasci
599 4981 724 5054 quis
753 4998 862 5036 non
890 4990 1065 5053 potest
1107 4985 1390 5056 prohiberi
1442 4988 1667 5059 (quippe
1695 5003 1822 5042 cum

228 5070 305 5125 ira
337 5080 523 5127 motus
557 5071 628 5127 sit
673 5071 962 5140 naturalis,
1015 5083 1308 5146 conceptus
1361 5090 1430 5131 ex
1478 5076 1679 5144 causis,
1727 5077 1821 5150 qui

229 5162 364 5216 solet
397 5160 466 5218 ad
515 5162 818 5234 profectum
871 5161 1142 5232 pertinere
1199 5162 1622 5238 delinquentis),
1679 5170 1824 5226 244

232 5259 436 5316 idcirco
503 5259 844 5316 irascendum
875 5258 1012 5315 dicit
1044 5260 1216 5332 (Psal.
1247 5279 1322 5329 iv,
1345 5264 1427 5334 5),
1455 5261 1550 5319 sed
1576 5279 1820 5320 commo-

233 5357 319 5404 net
349 5364 418 5403 ne
460 5365 558 5421 per
591 5348 729 5404 iram
786 5355 1055 5421 peccetur.
1109 5348 1356 5408 Solemus
1397 5351 1546 5410 enim
1592 5355 1819 5411 modum

300 5527 418 5594 (22)
449 5529 605 5584 Rom.
639 5526 793 5594 edit.,
823 5527 929 5581 sive
954 5527 1011 5581 in
1045 5527 1255 5597 affectu,
1290 5527 1399 5583 sive
1429 5529 1484 5584 in
1509 5547 1680 5586 sensu.

300 5599 414 5662 (23)
451 5599 651 5655 Eadem
674 5598 828 5665 edit.,
859 5599 1055 5668 spiritu
1076 5599 1261 5653 mentis
1292 5607 1491 5656 vestrm.

304 5669 418 5739 (2i)
445 5671 652 5745 Omnes
679 5669 834 5745 edit.,
865 5687 988 5725 cum
1023 5687 1122 5725 ms.
1166 5687 1278 5726 uno
1307 5671 1392 5726 vel
1436 5673 1628 5745 altero,
1659 5692 1820 5745 neque

240 5739 400 5866 goat?
414 5741 554 5866 {tatis
582 5741 786 5798 diabolo
827 5759 844 5796 .·
889 5758 1017 5798 mss.
1070 5758 1199 5798 vero
1227 5758 1397 5816 prope
1431 5743 1494 5800 ad
1525 5739 1820 5815 unum,'ut

258 5826 291 5864 n
373 5827 410 5866 ι
436 5828 490 5866 ιι.

239 5824 291 5864 ιιι
321 5819 490 5868 textu.

1941 3373 2162 3446 quando
2211 3380 2367 3429 vetus
2398 3389 2514 3429 esse
2544 3373 2712 3428 homo
2761 3374 2923 3428 malis
2967 3372 3227 3444 operibus
3263 3370 3542 3442 approba-

1943 3473 2051 3521 tur.
2083 3464 2206 3520 Non
2237 3465 2417 3520 solum
2449 3481 2577 3536 ergo
2608 3462 2957 3522 Christianus
2986 3461 3167 3518 aliena
3207 3475 3321 3516 non
3354 3458 3546 3514 tollere

1930 3553 2179 3625 jubetur,
2213 3556 2306 3612 sed
2331 3563 2385 3611 et
2414 3554 2482 3611 de
2529 3555 2715 3610 labore
2746 3571 2846 3611 suo
2894 3551 3179 3625 penuriam
3210 3548 3545 3623 patientibus

1938 3643 2396 3711 subministrare;
2430 3653 2493 3702 ut
2523 3645 2684 3701 bonis
2714 3643 2974 3717 operibus
3012 3641 3251 3709 deditus,
3284 3639 3547 3727 rependat

1936 3749 2056 3804 qua
2110 3736 2263 3806 prius
2291 3735 2611 3804 abstulerat,
2644 3743 2698 3791 et
2735 3735 2802 3791 de
2846 3743 3044 3790 caetero
3074 3730 3407 3788 thesaurizet
3437 3721 3544 3812 sibi

1939 3823 1998 3878 in
2029 3825 2281 3881 futurum
2307 3843 2319 3890 ;
2351 3825 2446 3898 qui
2477 3825 2626 3882 enim
2657 3831 2831 3882 cessat
2859 3840 2891 3878 a
2919 3822 3088 3890 furto,
3117 3820 3336 3878 veniam
3368 3827 3548 3894 potest

1940 3911 2159 3981 habere,
2221 3931 2332 3969 non
2391 3915 2642 3986 gloriam.
2702 3914 2846 3981 Quid
2902 3913 3051 3968 enim
3118 3926 3398 3982 magnum,
3451 3915 3545 3964 aut

1939 4001 2098 4073 cujus
2155 4003 2338 4060 meriti
2397 4010 2479 4059 est
2515 4002 2582 4059 ab
2627 4001 2823 4058 alienis
2874 4011 3180 4072 temperare
3211 3999 3239 4054 ?
3282 3996 3368 4054 Ad
3416 4004 3540 4051 me-

1939 4091 2108 4147 ritum
2163 4091 2309 4148 enim
2365 4092 2600 4165 proﬁcit,
2656 4109 2781 4150 cum
2831 4090 2954 4163 quis
2996 4089 3064 4144 de
3091 4085 3313 4160 proprio
3345 4083 3542 4139 tribuit

1939 4180 2147 4252 egenis.

2011 4282 2195 4351 (V'ers.
2236 4281 2352 4351 29.)
2399 4303 2416 4327 ι
2448 4279 2643 4337 Omnis
2685 4293 2864 4334 sermo
2911 4275 3091 4330 malus
3119 4275 3187 4330 de
3216 4287 3310 4329 ore
3357 4278 3542 4328 vestro

1937 4387 2049 4426 non
2091 4370 2382 4441 procedat;
2418 4369 2513 4424 sed
2556 4367 2603 4424 si
2633 4367 2756 4440 quis
2788 4367 2966 4423 bonus
2992 4364 3062 4422 ad
3111 4362 3539 4421 aediﬁcationem
3589 4409 3612 4426 ,

1935 4459 2084 4527 ﬁdei,
2131 4468 2192 4514 ut
2237 4459 2330 4515 det
2361 4457 2593 4530 gratiam
2640 4453 3014 4512 audientibus.
3058 4478 3076 4502 ι
3120 4455 3181 4510 In
3227 4451 3327 4510 Dei
3381 4467 3543 4509 servo

1934 4548 2121 4603 omnia
2173 4547 2375 4603 debent
2429 4545 2572 4602 bona
2623 4545 2824 4614 videri,
2887 4561 2989 4602 nec
3043 4560 3112 4600 ex
3161 4543 3347 4617 aliqua
3389 4549 3543 4614 parte

1857 4687 1905 4744 D
1934 4638 2144 4710 puritas
2192 4636 2311 4708 ejus
2363 4636 2523 4692 debet
2579 4636 2865 4693 maculari.
2925 4635 3067 4702 Quid
3121 4633 3270 4690 enim
3320 4627 3544 4705 prodest

2168 4743 2191 4744 η
2445 4724 2636 4744 ._.___
2699 4731 2746 4744 _.
2794 4741 2840 4744 ,Α
2878 4723 3152 4744 ,,...ιε;ι,.,,,
3194 4740 3205 4744 _
3247 4738 3361 4744 ____
3399 4721 3539 4744 λε--.

1939 4725 2203 4782 mundam
2237 4725 2411 4781 vitam
2443 4724 2663 4792 habere,
2693 4731 2748 4780 et
2785 4741 2844 4780 os
2873 4723 3158 4780 sordidum
3193 4740 3208 4790 ;
3241 4738 3367 4780 cum
3393 4721 3543 4779 dicat

1913 4815 2207 4871 Dominus
2256 4814 2404 4886 quod
2435 4813 2809 4886 unusquisque
2839 4812 3024 4869 verbis
3058 4811 3173 4869 suis
3202 4818 3297 4868 aut
3324 4809 3541 4884 justiﬁ—

1934 4904 2175 4971 cabitur,
2222 4911 2318 4960 aut
2364 4901 2822 4960 condemnabitur
2874 4903 3088 4974 (Matth.
3122 4919 3225 4971 xu,
3257 4901 3348 4972 37)
3371 4901 3400 4957 ?
3429 4899 3540 4956 Nec

1932 4993 2198 5050 credibile
2252 5001 2430 5066 potest
2476 4992 2656 5050 videri
2685 4992 2824 5050 bene
2871 4991 3060 5049 vivere
3089 5008 3237 5060 eum,
3270 4990 3366 5064 qui
3399 4989 3541 5046 male

1935 5081 2228 5153 loquatur;
2279 5083 2421 5138 male
2466 5082 2615 5138 enim
2663 5082 2816 5154 loqui
2864 5081 2933 5138 ad
2964 5082 3138 5137 multa
3168 5077 3341 5135 trahit
3373 5076 3532 5134 vitia.

1932 5170 2115 5227 Potest
2159 5172 2307 5228 enim
2352 5175 2493 5230 male
2523 5173 2698 5247 loqui,
2752 5174 2847 5246 qui
2878 5173 3117 5246 turpiter
3149 5172 3315 5238 fatur,
3347 5179 3402 5226 et
3440 5159 3534 5241 qui

1930 5258 2092 5316 bonis
2138 5260 2399 5330 detrahit,
2431 5271 2485 5320 et
2532 5262 2627 5336 qui
2668 5279 2794 5320 cum
2823 5262 2954 5319 dolo
3007 5261 3304 5326 fabulatur,
3340 5264 3393 5312 et
3439 5252 3535 5327 qui

1930 5349 2216 5406 mentitur.
2243 5351 2370 5408 Haec
2399 5351 2681 5408 horrorem
2716 5359 2978 5426 praestant
3011 5351 3128 5423 (26)
3153 5367 3168 5416 ;
3196 5348 3356 5404 bona:
3383 5339 3531 5398 enim

2003 5530 2302 5613 (25)”Edit.
2351 5533 2536 5602 Rom.,
2589 5533 2727 5588 unde
2772 5530 3129 5586 subministrat
3177 5521 3525 5580 necessitatem

1929 5608 2232 5746 ρέξξὲἷῑίιδ
2281 5691 2410 5730 mss.
2462 5673 2707 5730 melioris
2759 5679 2937 5746 notua:
2978 5665 3084 5746 alii.
3119 5672 3303 5746 autem
3363 5675 3526 5744 atque

1929 5742 2241 5812 edit.,ch
2266 5761 2500 5800 errorem
2524 5748 2799 5817 prastant.
2837 5742 2956 5797 Non
2987 5742 3118 5796 satis
3148 5744 3313 5801 recte.
