4070 6186
551 286 657 344 415

1575 279 1670 334 ΑΙ)
1709 275 1942 333 OPERA
1981 273 2036 330 S.
2077 271 2404 330 AMBROSII
2443 271 2824 330 APPENDIX.

3773 266 3882 325 416

555 427 610 477 et
647 418 843 477 sobrias
890 417 1091 475 fabula
1141 415 1276 474 dant
1306 413 1535 488 gratiam
1591 418 1646 468 et
1683 411 2000 483 exemplum
2050 426 2161 467 au-
2189 409 2240 470 A
2265 408 2372 466 ﬁlii
2424 409 2755 468 charissimi.
2789 435 2808 459 ι
2853 409 2968 466 Hoc
3013 414 3095 465 est
3140 408 3290 481 quod
3345 421 3512 478 supra
3549 404 3721 475 dixit,
3749 406 3884 480 quia

557 507 863 576 dientibus,
907 515 971 564 ut
1016 506 1389 563 honoriﬁcent
1443 503 1619 560 Deum
1673 498 1732 557 in
1785 498 1966 556 verbis
2022 499 2158 572 ejus,

556 596 812 657 aediﬁcati
843 595 902 652 in
931 595 1038 652 ﬁde
1069 594 1300 655 Christi.

633 686 816 758 (Vers.
844 685 965 758 30.)
1013 709 1032 732 ι
1059 686 1131 740 Et
1178 680 1349 738 nolite
1375 678 1706 738 contristare
1731 678 1999 751 Spiritum
2027 694 2163 735 sau-

556 782 708 834 ctum
724 774 848 841 Dei,
871 773 929 830 in
952 790 1064 847 quo
1085 770 1284 844 signati
1305 767 1437 826 estis
1453 769 1511 825 in
1535 769 1680 825 diem
1702 766 2114 841 redemptionis.
2130 792 2149 816 ι

557 863 696 923 Cum
725 864 864 920 bene
879 862 1108 934 agimus,
1134 859 1340 932 gaudet
1372 858 1430 914 in
1459 858 1620 916 nobis
1649 859 1887 932 Spiritus
1917 866 2159 936 sanctus,

558 959 717 1016 datus
775 953 954 1022 nobis,
1013 952 1210 1010 videns
1270 951 1482 1008 monita
1536 967 1634 1008 sua
1686 950 1951 1024 proﬁcere
1996 950 2166 1007 utili-

556 1045 764 1103 tatibus
805 1044 1034 1112 nostris,
1084 1045 1228 1101 sicut
1275 1042 1486 1099 dictum
1533 1051 1618 1099 est
1655 1058 1687 1098 a
1715 1040 1988 1098 Domino:
2037 1064 2056 1087 ι
2084 1043 2167 1097 Ita

558 1135 819 1211 gaudium
849 1135 954 1192 erit
983 1134 1042 1191 in
1072 1135 1212 1192 coelo
1238 1135 1297 1189 in
1325 1148 1436 1189 uno
1467 1138 1752 1204 peccatore
1780 1131 2162 1203 paenitentiam

557 1235 750 1300 agente
770 1226 922 1298 (Luc.
957 1241 1057 1289 xv,
1094 1222 1206 1295 10).
1231 1248 1250 1270 ι
1284 1221 1500 1278 Gaudet
1518 1236 1646 1292 ergo
1678 1219 1918 1292 Spiritus
1939 1227 2165 1276 sanctus

555 1316 718 1374 saluti
749 1323 971 1381 nostrae,
1002 1329 1115 1370 non
1144 1311 1270 1381 sibi,
1308 1311 1403 1384 qui
1433 1327 1545 1367 non
1576 1309 1786 1380 indiget
1818 1309 2034 1377 laetitia;
2060 1309 2158 1389 ita,

555 1423 584 1463 e
614 1403 910 1473 contrario,
963 1403 1012 1459 si
1069 1401 1388 1458 obedientes
1435 1401 1485 1457 ei
1533 1416 1646 1456 non
1682 1398 1972 1468 fuerimus,
2019 1414 2165 1456 cou-

554 1497 826 1564 tristatur,
870 1492 1000 1567 quia
1028 1509 1139 1548 non
1179 1490 1344 1547 habet
1373 1490 1683 1562 profectum
1724 1489 1782 1544 in
1812 1487 2008 1545 nobis:
2041 1489 2165 1544 vult

554 1585 701 1643 enim
748 1601 849 1641 nos
878 1581 1152 1656 pertinere
1200 1581 1268 1637 ad
1301 1579 1493 1636 vitam.
1524 1579 1646 1635 Non
1685 1587 1868 1634 tamen
1912 1579 1993 1634 sic
2021 1592 2164 1634 con-

554 1676 826 1742 tristatur,
879 1679 942 1728 ut
969 1671 1232 1745 patiatur,
1265 1669 1466 1742 quippe
1505 1685 1628 1725 cum
1661 1666 2020 1740 impassibilis
2051 1665 2156 1732 sit;

2269 499 2368 554 Dei
2422 499 2600 556 Patris
2656 498 2959 556 imitatores
2995 512 3110 553 esse
3157 493 3420 567 jubemur
3467 493 3572 552 hac
3617 494 3879 552 exhorta-

2269 587 2456 656 tione;
2513 596 2574 645 ut
2631 587 2677 646 si
2725 586 3197 653 obaudiverimus,
3246 583 3352 641 ﬁlii
3408 584 3511 642 Dei
3557 585 3876 643 charissimi

2272 681 2590 740 habeamur.
2648 683 2750 740 Hic
2800 683 2949 739 enim
2997 679 3358 739 charissimus
3390 678 3562 753 patris
3591 685 3673 736 est
3700 677 3877 749 ﬁlius,

2275 771 2369 845 qui
2399 771 2672 830 bonorum
2711 771 2830 845 ejus
2858 771 3105 828 imitator
3131 776 3232 827 est.

2350 868 2530 939 (Ve-rs.
2581 868 2662 937 2.)
2727 869 2844 923 «Et
2897 867 3173 924 ambulate
3226 865 3285 922 in
3354 863 3672 934 dilectione,
3733 865 3883 922 sicut

2273 958 2528 1016 Christus
2583 957 2784 1015 dilexit
2826 974 2945 1026 nos,
2993 965 3046 1013 et
3101 956 3331 1014 tradidit
3378 955 3736 1029 semetipsum
3778 973 3880 1029 pro

2274 1047 2433 1104 nobis
2477 1047 2714 1104 hostiam
2743 1055 2798 1103 et
2838 1045 3231 1118 obligationem
3271 1046 3383 1102 Deo
3413 1045 3473 1102 in
3502 1045 3727 1102 odorem
3757 1061 3880 1101 sua-

2273 1137 2481 1194 vitatis.
2514 1162 2532 1186 ι
2576 1137 2728 1193 Sicut
2757 1135 2856 1193 Dei
2903 1135 3082 1192 Patris
3126 1133 3431 1191 imitatores
3469 1151 3569 1192 nos
3591 1151 3706 1191 esse
3754 1137 3882 1192 vult

2275 1227 2331 1284 in
2373 1227 2710 1300 benignitate
2751 1234 2804 1282 et
2847 1223 3248 1293 misericordia,
3307 1224 3384 1279 ita
3429 1230 3483 1279 et
3531 1223 3738 1281 Christi
3769 1224 3876 1281 ﬁlii

2274 1317 2390 1389 ejus
2416 1317 2474 1372 in
2515 1315 2855 1382 dilectione;
2887 1322 2948 1371 ut
2977 1314 3121 1370 sicut
3152 1314 3247 1369 ille
3275 1311 3477 1369 dilexit
3505 1329 3624 1380 nos,
3656 1313 3878 1370 tradens

2273 1424 2330 1463 se
2377 1422 2475 1478 pro
2520 1405 2701 1474 nobis,
2755 1405 2832 1460 ita
2879 1411 2932 1459 et
2962 1421 3062 1460 nos
3093 1403 3332 1460 invicem
3361 1418 3459 1475 pro
3503 1401 3663 1459 nobis
3709 1403 3875 1460 etiam

2273 1497 2484 1552 animas
2539 1511 2740 1569 ponere
2805 1494 3120 1551 debeamus.
3180 1493 3338 1561 Quod
3406 1491 3572 1549 etiam
3638 1492 3878 1550 Joannes

2274 1588 2550 1658 apostolus
2610 1585 2776 1652 dixit,
2834 1586 3090 1658 exemplo
3147 1581 3371 1640 Domini
3440 1599 3537 1654 pro
3611 1582 3879 1639 fratribus

2270 1677 2480 1732 animas
2499 1676 2779 1748 ponendas
2802 1675 2859 1747 (Ι
2890 1675 3047 1730 Joan.
3082 1691 3165 1742 ru,
3193 1672 3303 1742 16).
3339 1671 3397 1729 Si
3428 1672 3608 1746 itaque
3663 1671 3877 1731 Christi

555 1765 650 1822 sed
686 1781 813 1821 cum
857 1777 982 1818 eum
1033 1759 1422 1818 contristatum
1451 1757 1608 1827 dicit,
1639 1757 1813 1814 nostri
1847 1773 2011 1814 causa
2055 1756 2164 1813 hoc
2190 1773 2238 1834 Β
2272 1790 2419 1830 mors
2458 1773 2516 1829 in
2547 1772 2771 1828 odorem
2803 1768 3090 1827 suavitatis
3127 1777 3209 1824 est
3237 1770 3373 1835 Deo,
3401 1776 3632 1824 mortem
3665 1765 3785 1838 ejus
3815 1765 3876 1823 ιί.

555 1852 848 1926 signiﬁcat,
917 1848 1046 1922 quia
1103 1847 1307 1905 deserit
1365 1863 1469 1903 nos
1522 1863 1586 1903 eo
1655 1846 1802 1919 quod
1861 1845 2165 1902 laeserimus

554 1960 700 2012 eum,
733 1939 1138 2000 contemnendo
1183 1939 1397 1996 monita
1426 1938 1565 2011 ejus.
1599 1937 1957 1995 Contristatio
1979 1937 2164 2009 itaque

553 2032 671 2105 ejus
718 2030 1020 2103 indignitas
1066 2038 1254 2086 nostra
1301 2037 1404 2095 est,
1433 2045 1554 2101 qua)
1589 2027 1734 2082 ﬁlios
1785 2042 1886 2082 nos
1913 2025 2012 2081 Dei
2042 2041 2162 2097 pro-

554 2123 708 2180 hibet
736 2122 1039 2195 appellari;
1080 2120 1194 2192 ipse
1224 2118 1376 2176 enim
1408 2127 1491 2176 est
1521 2117 1759 2190 Spiritus
1789 2123 2030 2184 sanctus,
2068 2114 2164 2188 qui

553 2211 859 2268 sanctiﬁcat
881 2209 1092 2280 (27-28)
1125 2208 1274 2264 ﬁlios
1297 2206 1419 2274 Dei,
1454 2222 1684 2262 manens
1714 2207 1771 2262 in
1799 2205 1980 2261 nobis.

627 2301 811 2370 (Vera.
862 2299 977 2370 31.)
1023 2298 1258 2356 «Omnis
1305 2295 1635 2364 amaritudo,
1669 2304 1723 2351 et
1779 2296 1880 2363 ira,
1921 2303 1975 2350 et
2019 2296 2162 2352 indi-

553 2391 760 2464 gnatio,
809 2399 864 2447 et
893 2393 1122 2458 clamor,
1163 2398 1217 2445 et
1261 2387 1605 2461 blasphemia
1632 2388 1912 2444 auferatur
1940 2406 1971 2444 a
1999 2388 2157 2446 vobis

551 2499 677 2539 cum
735 2481 887 2537 omni
944 2479 1175 2535 malitia.
1208 2504 1226 2526 ι
1279 2477 1478 2534 Omnia
1534 2477 1653 2533 haec
1690 2494 1812 2551 qua:
1860 2478 2160 2548 perniciem

551 2579 780 2645 possunt
853 2577 1110 2644 praestare
1183 2568 1406 2637 animis,
1480 2568 1788 2624 amovenda
1844 2576 2156 2636 memorat;

550 2677 646 2734 per
691 2660 828 2717 iram
887 2660 1036 2716 enim
1075 2659 1139 2716 ﬁt
1196 2658 1524 2732 indignatio,
1571 2676 1668 2732 per
1718 2658 2157 2732 indignationem

548 2753 777 2820 clamor,
810 2749 970 2824 quasi
1001 2765 1113 2806 vox
1150 2749 1499 2817 insanientis,
1532 2765 1653 2821 quas
1684 2748 1864 2805 aliena
1891 2758 1972 2806 est
1999 2766 2031 2805 a
2056 2749 2158 2806 Dei

549 2858 743 2900 servo:
801 2856 897 2912 per
951 2840 1250 2896 clamorem
1307 2837 1560 2910 superbit
1615 2836 1980 2910 blasphemia,
2033 2853 2155 2909 quae

549 2950 661 2990 non
716 2937 892 3005 potest
941 2945 1053 2986 non
1110 2929 1254 2984 mala
1299 2943 1435 2984 esse.
1487 2928 1614 2984 Haec
1665 2944 1906 2984 amaram
1937 2933 2157 3000 praestat

550 3022 743 3088 vitam,
772 3018 997 3074 trahens
1025 3016 1097 3072 ad
1121 3023 1354 3072 mortem
1382 3033 1394 3070 :
1428 3015 1660 3089 ideoque
1681 3016 1748 3072 ab
1778 3015 1866 3072 his
1897 3015 2156 3072 omnibus

2271 1858 2465 1920 benter
2509 1862 2657 1918 Deus
2711 1860 2940 1933 accepit.
2975 1857 3133 1926 Quod
3164 1857 3211 1913 si
3243 1871 3435 1913 verum
3467 1863 3567 1924 est,
3599 1871 3710 1912 non
3757 1872 3874 1929 pec-

2272 1959 2537 2012 caverunt
2585 1951 2681 2025 qui
2725 1949 2886 2006 illum
2916 1946 3218 2005 secundum
3255 1945 3354 2002 Dei
3384 1947 3727 2002 voluntatem
3755 1963 3873 2004 cru-

2273 2039 2588 2097 ciﬁxerunt.
2639 2037 2745 2094 Sed
2783 2054 2894 2093 non
2944 2036 3021 2092 ita
3059 2045 3158 2103 est,
3197 2034 3327 2106 quia
3365 2033 3620 2092 Christus
3648 2036 3763 2090 Deo
3818 2051 3875 2090 se

2273 2129 2478 2186 dicitur
2529 2126 2818 2197 obtulisse,
2866 2125 2999 2181 dum
3033 2123 3211 2181 occidi
3248 2140 3304 2180 se
3341 2140 3531 2196 passus
3562 2131 3661 2191 est,
3691 2123 3751 2180 in
3777 2123 3878 2179 Dei

2271 2219 2448 2274 Patris
2476 2218 2562 2274 sui
2593 2219 2877 2274 voluntate
2905 2215 3244 2288 perdurans;
3276 2214 3405 2286 quia
3437 2213 3533 2286 qui
3557 2212 3704 2284 juste
3733 2212 3876 2270 occi-

2271 2310 2424 2366 ditur
2451 2308 2672 2365 diabolo
2705 2323 2762 2364 se
2795 2307 3051 2375 offerens,
3096 2306 3439 2361 voluntatem
3471 2302 3590 2375 ejus
3618 2302 3773 2370 facit,
3815 2311 3877 2358 ut

2271 2398 2447 2455 occidi
2487 2406 2780 2454 mereatur.
2821 2398 2903 2452 Ita
2940 2404 2994 2452 et
3023 2394 3278 2453 Christus
3305 2393 3438 2450 dum
3471 2393 3570 2449 Dei
3600 2392 3876 2448 voluntati

2270 2489 2528 2557 adhaeret,
2578 2487 2800 2544 diabolo
2840 2485 3149 2559 displicuit,
3191 2492 3245 2542 et
3291 2483 3415 2540 ideo
3455 2483 3618 2539 illum
3647 2481 3872 2549 occidit,

2269 2581 2397 2656 quia
2428 2580 2541 2635 Deo
2569 2595 2626 2635 se
2652 2577 2874 2644 obtulit,
2902 2575 3176 2649 justitiam
3228 2571 3599 2646 exsequendo.
3634 2573 3697 2628 In
3725 2570 3874 2627 obla-

2267 2672 2418 2728 tione
2447 2668 2595 2724 enim
2636 2664 2858 2739 justitia
2887 2665 3135 2738 signatur
3169 2670 3222 2720 et
3267 2661 3507 2728 veritas;
3535 2660 3680 2717 hanc
3723 2659 3873 2715 enim

2267 2759 2490 2832 respicit
2518 2759 2684 2826 Deus,
2719 2765 2773 2813 et
2801 2755 2908 2813 hoc
2951 2764 3032 2811 est
3052 2753 3172 2827 ejus
3197 2751 3530 2809 sacriﬁcium
3561 2758 3869 2822 acceptum.

2266 2851 2453 2922 Itaque
2501 2845 2832 2913 immeritus,
2879 2845 2972 2917 qui
3022 2841 3316 2911 occiditur,
3353 2842 3530 2914 placet
3557 2842 3705 2906 Deo;
3760 2855 3872 2895 non

2266 2939 2396 3012 quia
2424 2935 2716 3004 occiditur,
2753 2933 2848 2992 sed
2877 2934 3008 3008 quia
3033 2950 3207 3008 usque
3237 2932 3304 2990 ad
3332 2938 3561 2986 mortem
3585 2928 3866 3001 justitiam

2264 3029 2632 3088 conservavit.
2655 3027 2907 3099 Suscepit
2925 3025 3074 3082 enim
3104 3025 3248 3082 hanc
3272 3030 3496 3080 mortem
3521 3020 3783 3078 Christus
3802 3019 3872 3077 ad

548 3107 884 3197 cavendum;
927 3105 1096 3161 timor
1115 3103 1403 3197 _e_nim__Dei
1434 3111 1744 3197 ῙθωΡθΓὲνίῖ
1767 3104 1928 3197 debet
1955 3113 2011 3162 θῑ
2039 3121 2157 3160 [ηο’
2187 3136 2230 3197 C
2263 3120 2435 3176 vitam
2461 3137 2473 3187 ;
2520 3117 2666 3175 unde
2695 3124 2748 3174 et
2794 3115 2934 3173 odor
2955 3115 3246 3172 suavitatis
3271 3112 3578 3185 appellatur
3608 3111 3724 3166 Deo
3752 3127 3763 3164 :
3798 3107 3870 3164 ad

550 3199 685 3256 dum
709 3195 993 3268 imponere
1013 3191 1392 3251 accidentibus
1414 3191 1612 3248 causis.
1644 3193 1747 3249 Sed
1781 3193 1911 3267 quia
1925 3202 2156 3267 possunt

550 3286 744 3361 aliqui,
776 3300 960 3359 pressa
992 3283 1050 3339 in
1079 3282 1265 3339 animo
1297 3282 1380 3338 ira
1408 3287 1461 3338 et
1490 3283 1748 3352 clamore,
1772 3283 2008 3342 retinere
2039 3301 2155 3341 ma-

552 3377 729 3435 litiam
746 3374 816 3431 ad
836 3373 1257 3432 retributionem
1281 3378 1438 3429 nacta
1451 3371 1753 3439 occasione;
1773 3371 1981 3430 idcirco
2009 3379 2155 3436 245

550 3475 787 3549 subjecit
831 3473 951 3531 haec
993 3473 1198 3529 auferri
1242 3489 1368 3529 cum
1408 3470 1561 3528 omni
1593 3470 1841 3538 malitia;
1883 3471 2014 3546 quia
2042 3489 2154 3531 non

549 3567 729 3621 solum
775 3563 1157 3636 blasphemare
1199 3561 1411 3618 malitia
1459 3569 1559 3630 est,
1605 3576 1796 3616 verum
1840 3559 2006 3618 etiam
2035 3561 2155 3618 ﬁn-

550 3670 673 3726 gere
719 3667 908 3726 pacem
949 3652 1008 3707 in
1035 3651 1198 3720 facie,
1241 3659 1294 3707 et
1326 3651 1383 3707 in
1413 3650 1601 3707 animo
1645 3651 1903 3708 meditari
1933 3651 2155 3711 discor-

547 3742 814 3804 cordiam.

622 3832 805 3906 (Vera.
839 3830 957 3903 32.)
1005 3855 1022 3878 ι
1050 3829 1240 3887 Estote
1277 3838 1460 3887 autem
1491 3830 1731 3890 invicem
1759 3831 2004 3907 benigni,
2053 3833 2152 3889 mi-

548 3922 870 3991 sericordes,
922 3921 1190 3978 donantes
1225 3919 1385 3978 vobis
1427 3921 1691 3992 invicem,
1741 3924 1885 3980 sicut
1926 3931 1980 3980 et
2007 3925 2154 3981 Deus

549 4013 608 4072 in
637 4012 858 4073 Christo
888 4010 1120 4069 donavit
1145 4010 1324 4067 vobis.
1357 4037 1374 4059 ι
1413 4012 1684 4085 Exemplo
1723 4013 1822 4069 Dei
1856 4013 2032 4070 Patris
2057 4013 2146 4070 be-

546 4105 744 4179 nignos
790 4107 845 4160 et
897 4101 1278 4160 misericordes
1339 4100 1577 4157 invicem
1633 4100 1753 4157 ﬁeri
1805 4102 2150 4172 exhortatur,

547 4195 692 4253 sicut
741 4200 795 4251 et
842 4191 1150 4252 Dominus:
1201 4215 1219 4238 ι
1249 4192 1457 4259 Estote,
1507 4190 1712 4264 inquit,
1750 4190 2152 4262 misericordes,

549 4292 610 4340 ut
637 4284 847 4340 similes
876 4283 999 4341 sitis
1027 4283 1205 4339 Patris
1244 4281 1432 4350 vestri,
1471 4281 1566 4354 qui
1597 4280 1655 4336 in
1699 4279 1854 4338 caelis
1880 4289 1962 4337 est
1995 4283 2146 4354 (Luc.

445 4389 454 4395 ‘
547 4391 624 4440 γι,
659 4373 774 4440 36).
807 4396 824 4418 ι
869 4372 925 4426 Si
969 4373 1116 4427 enim
1163 4371 1433 4428 Dominus
1462 4387 1558 4444 per
1604 4369 1808 4427 Filium
1838 4386 1996 4426 suum
2027 4389 2152 4427 ser-

2263 3212 2537 3268 Romanos
2583 3215 2766 3264 tamen
2793 3206 2932 3264 dicit
2960 3205 3090 3281 quia
3117 3207 3264 3262 Deus
3314 3203 3473 3259 illum
3503 3198 3735 3256 tradidit
3764 3215 3866 3272 pro

2264 3299 2425 3357 nobis
2467 3299 2726 3356 omnibus
2771 3297 2948 3370 (Rom.
2991 3311 3115 3363 vm,
3158 3293 3273 3366 32).
3307 3292 3465 3350 Nunc
3506 3286 3866 3363 quaerendum

2262 3399 2343 3447 est
2371 3388 2646 3464 quomodo
2695 3387 2858 3443 illum
2891 3387 3036 3443 Deus
3063 3382 3314 3450 tradidit,
3361 3389 3457 3438 aut
3485 3379 3763 3454 quomodo
3813 3393 3874 3433 se

2263 3480 2381 3553 ipse
2423 3477 2630 3535 obtulit
2656 3479 2806 3544 Deo;
2841 3492 2969 3532 nam
3017 3473 3124 3530 hoc
3153 3479 3421 3546 quantum
3449 3470 3518 3526 ab
3557 3467 3725 3524 verba
3752 3481 3869 3539 per-

2262 3569 2422 3638 tinet,
2480 3568 2700 3624 videtur
2754 3565 3114 3623 contrarium.
3167 3563 3313 3618 Deus
3367 3560 3529 3617 illum
3577 3555 3873 3615 tradidisse

2262 3658 2486 3726 dicitur,
2519 3657 2650 3714 dum
2683 3656 2844 3712 illum
2871 3653 3049 3711 occidi
3080 3649 3351 3724 permisit,
3391 3648 3535 3705 sicut
3562 3645 3699 3703 dicit
3744 3645 3872 3702 Do—

2264 3751 2447 3807 minus
2499 3748 2567 3805 ad
2617 3747 2890 3803 Pilatum:
2937 3745 3105 3802 «Non
3162 3740 3391 3797 haberes
3443 3737 3734 3794 adversum
3781 3751 3872 3790 me

2262 3848 2609 3914 potestatem,
2643 3837 2754 3893 nisi
2784 3835 2911 3891 data
2943 3832 3050 3890 tibi
3098 3839 3239 3889 esset
3268 3830 3501 3900 desuper
3530 3825 3711 3896 (Joan.
3743 3840 3869 3891 xxx,

2265 3931 2377 4004 11).
2403 3955 2420 3979 ι
2455 3932 2593 3987 Data
2616 3935 2698 3984 est
2727 3926 2873 3982 enim
2899 3924 2972 3992 ei,
2989 3923 3083 3980 sed
3104 3920 3335 3988 volenti,
3352 3923 3612 3992 potestas,
3633 3916 3740 4004 hoc
3759 3922 3867 3984 est,

2261 4019 2589 4095 permissum
2630 4023 2712 4073 est
2758 4014 2843 4071 illi
2894 4015 3070 4070 facere
3114 4010 3262 4084 quod
3316 4005 3514 4075 voluit,
3564 4012 3618 4062 et
3646 4003 3755 4062 hoc
3787 4011 3870 4060 est

2261 4093 2475 4167 tradere
2506 4125 2517 4162 :
2564 4107 2698 4162 dum
2730 4103 2879 4161 enim
2907 4101 3242 4166 dissimulat,
3275 4095 3445 4153 tradit
3470 4112 3483 4162 ;
3516 4095 3563 4150 si
3592 4093 3742 4149 enim
3772 4109 3868 4148 no-

2262 4201 2454 4256 luisset
2500 4195 2834 4270 permittere,
2895 4209 3007 4251 non
3063 4191 3257 4248 fuisset
3314 4186 3550 4245 occisus.
3607 4183 3869 4240 Permisit

2262 4307 2388 4362 ergo
2432 4286 2611 4345 occidi
2632 4301 2779 4352 eum,
2811 4283 2906 4340 sed
2933 4282 3000 4338 ab
3030 4281 3109 4337 eis
3139 4279 3234 4354 qui
3268 4294 3395 4334 eum
3437 4273 3699 4332 volebant
3753 4287 3868 4328 non

2259 4389 2463 4447 coacte,
2523 4377 2617 4433 sed
2671 4382 2863 4448 sponte
2909 4371 3177 4429 occidere.
3240 4370 3360 4426 Non
3414 4381 3544 4439 ergo
3589 4364 3868 4420 immunes

547 4476 744 4516 verum
783 4458 1041 4556 misertus
1074 4468 1186 4526 est;
1220 4469 1426 4532 quanto
1479 4459 1651 4531 magis
1706 4458 1850 4516 servi
1907 4459 2011 4532 ipsi
2053 4461 2150 4517 in-
2182 4502 2230 4561 D
2259 4485 2290 4525 a
2343 4483 2502 4541 pmna
2560 4471 2709 4534 sunt,
2767 4461 2896 4537 quia
2939 4460 3044 4518 hoc
3074 4459 3153 4515 eis
3195 4455 3520 4530 permissam
3565 4461 3666 4520 est,
3715 4450 3866 4523 quod

545 4549 722 4607 vicem
772 4547 858 4604 sui
908 4547 1109 4602 debent
1156 4547 1424 4616 misereri,
1471 4557 1524 4603 et
1571 4548 1793 4616 donare,
1835 4547 1881 4605 si
1911 4551 2048 4606 alter
2090 4550 2150 4608 in

544 4639 776 4695 alterum
807 4636 1039 4708 peccet?
1060 4636 1186 4693 Haec
1217 4643 1483 4709 praecepta
1529 4635 1646 4706 ejus
1677 4647 1827 4707 sunt,
1857 4639 1952 4712 qui
1983 4639 2145 4697 mise-

544 4737 696 4786 ratus
751 4736 867 4786 est:
933 4728 1030 4802 qui
1085 4728 1132 4785 si
1173 4728 1232 4784 in
1278 4727 1365 4785 his
1406 4737 1752 4802 contemptus
1791 4732 1977 4801 fuerit,
2027 4733 2144 4789 sine

544 4821 716 4877 dubio
763 4820 1043 4877 revocabit
1093 4820 1441 4887 sententiam,
1496 4837 1591 4892 per
1634 4839 1796 4895 quam
1839 4823 2143 4880 misericor.

543 4909 692 4965 diam
739 4910 974 4966 fecerat:
1023 4917 1077 4965 et
1107 4909 1182 4966 ita
1227 4909 1464 4978 eveniet,
1510 4911 1654 4968 sicut
1683 4913 1758 4968 ait
1787 4914 2057 4970 Dominus
2086 4913 2144 4969 in

546 4998 847 5072 Evangelio
889 4999 957 5055 de
1005 5016 1070 5055 eo
1120 4999 1238 5072 qui,
1284 4999 1558 5072 accipiens
1585 5018 1616 5057 a
1650 5002 1888 5058 Domino
1936 5001 2143 5060 miseri-

544 5088 813 5158 cordiam,
861 5089 921 5145 in
971 5105 1303 5146 conservum
1351 5107 1510 5148 suum
1541 5092 1746 5166 impius
1775 5093 2146 5166 deprehensus

544 5189 627 5237 est
660 5181 874 5253 (Matth.
907 5198 1069 5250 xvm,
1096 5181 1308 5254 28-351).

1165 5273 1392 5331 CAPUT
1439 5275 1506 5330 V.

615 5361 795 5430 (Vers.
859 5359 936 5432 1.)
993 5385 1009 5404 ι
1039 5359 1229 5416 Estote
1287 5373 1414 5429 ergo
1469 5361 1774 5418 imitatores
1829 5363 1949 5430 Dei,
2001 5363 2146 5420 sicut

615 5483 828 5559 (27-28)
863 5485 984 5542 νει.
1017 5483 1153 5559 edit.
1199 5502 1326 5541 cum
1361 5503 1489 5542 mss.
1522 5486 1828 5559 nonnullis,
1861 5488 1953 5558 qui
1987 5489 2143 5559 signi-

544 5560 702 5638 ﬁcat;
754 5557 911 5638 Rom.
970 5555 1102 5612 edit.
1151 5573 1468 5638 _cum_mss.
1521 5558 1751 5638 aliquot,
1782 5555 1884 5632 qui
1921 5555 2147 5633 signat;

543 5628 740 5689 melius
764 5628 863 5688 alii
890 5645 1044 5698 mss.,
1067 5628 1488 5704 quisanctiﬁcat,
1523 5628 1629 5692 etc}

2260 4539 2552 4626 vol—ebant;
2605 4553 2886 4614 damnatio
2945 4550 3096 4607 enim
3155 4549 3214 4604 in
3270 4563 3334 4602 eo
3391 4541 3675 4616 competit,
3735 4539 3870 4613 quia

2254 4651 2571 4706 voluerunt.
2630 4643 2792 4713 Quod
2849 4641 2974 4698 ideo
3003 4647 3188 4696 tamen
3240 4633 3493 4711 permisit
3535 4634 3701 4698 Deus,
3733 4629 3867 4702 quia

2254 4738 2418 4796 scivit
2494 4735 2663 4790 istum
2740 4732 3033 4789 adversum
3108 4727 3395 4785 diabolum
3454 4722 3705 4778 futurum
3766 4735 3868 4792 pro

2255 4825 2446 4882 multis
2481 4823 2620 4896 (29).
2671 4821 2911 4893 Dignum
2965 4817 3113 4875 enim
3167 4815 3274 4872 fuit
3323 4821 3386 4872 ut
3415 4811 3562 4886 quod
3600 4811 3869 4867 inimicus

2255 4914 2595 4989 impraescius
2635 4912 2951 4970 futurorum
2999 4917 3194 4966 contra
3239 4923 3315 4975 se,
3349 4902 3506 4979 quasi
3544 4918 3644 4976 pro
3674 4917 3731 4958 se
3767 4901 3867 4957 fa-

2254 4988 2374 5062 cere
2406 5003 2652 5076 putabat,
2704 4998 3114 5074 permitteretur
3143 4995 3226 5063 ei;
3273 5002 3336 5050 ut
3376 4988 3865 5066 impraascientiam

2253 5111 2408 5151 suam
2458 5092 2565 5150 sibi
2613 5076 2914 5164 imputans,
2961 5085 3093 5144 facti
3133 5084 3220 5143 sui
3259 5079 3585 5158 poenitentia
3639 5087 3865 5152 torque-

2256 5192 2425 5240 retur.
2472 5181 2630 5250 Quod
2671 5187 2854 5235 autem
2905 5176 3161 5236 Christus
3212 5175 3328 5248 ipse
3383 5187 3439 5229 se
3486 5168 3712 5236 obtulit,
3762 5175 3867 5223 aut

2254 5274 2397 5330 Deus
2431 5271 2589 5326 illum
2613 5266 2864 5336 tradidit,
2902 5281 3075 5322 unum
3109 5271 3221 5328 est;
3253 5259 3384 5334 quia
3411 5256 3707 5314 amborum
3742 5269 3866 5310 una

2254 5362 2509 5416 voluntas
2536 5365 2638 5413 est.

2327 5486 2444 5615 (39)
2490 5486 2647 5542 Rom.
2678 5483 2837 5553 edit.,
2871 5481 3153 5538 adversum
3178 5477 3451 5534 diabolum
3492 5471 3863 5548 profuturum

2327 5574 2342 5613 t
2388 5573 2452 5613 ιδ.

2255 5573 2433 5615 mutus
2441 5600 2452 5613 .
