4108 6184
196 339 296 396 417

1262 329 1621 390 COMMENT.
1665 330 1735 387 IN
1774 328 1990 387 EPIST.
2033 331 2129 386 AD
2172 327 2414 386 EPHES.

3378 330 3485 389 418

257 463 436 535 (Vers.
460 461 539 536 3.)
571 486 589 510 ‹
608 458 923 518 Fornicatio
943 467 1146 529 autem,
1169 465 1223 515 et
1241 455 1866 516 omnisimmunditiaA
1895 471 2084 510 mones
2131 453 2261 509 vani
2306 461 2468 522 sunt;
2498 453 2711 512 vanitas
2739 463 2921 512 autem
2961 456 3237 514 idolorum
3266 457 3486 514 cultura

189 560 277 610 aut
320 552 569 620 avaritia,
600 567 702 608 nec
747 549 1064 606 nominetur
1100 549 1246 606 inter
1290 565 1409 618 vos,
1437 548 1580 604 sicut
1625 546 1782 604 decet

188 654 414 704 sanctos.
442 669 462 694 ι
507 646 800 704 Manifesta
849 654 978 702 sunt
1023 660 1143 718 quae
1189 642 1346 700 dicit.
1390 641 1567 710 Quam
1595 649 1780 696 tamen

189 736 361 809 gravis
406 752 495 792 res
543 735 617 792 sit
660 735 908 804 avaritia,
939 751 972 791 a
1013 750 1122 807 qua
1172 733 1588 790 dissimulamus
1639 729 1780 800 (30),

187 825 400 898 quando
447 825 802 881 fornicationi
847 834 902 881 et
932 823 1304 880 immunditize
1333 826 1704 892 comparatur,
1730 826 1785 874 et

186 913 260 970 sic
282 930 316 970 a
343 913 509 970 nobis
537 914 774 982 videtur,
798 914 953 986 quasi
982 911 1235 985 quaedam
1257 911 1422 982 culpa
1440 908 1650 965 nullius
1671 924 1782 963 mo-

185 1001 374 1071 menti,
420 1019 546 1060 cum
593 1003 666 1060 sit
715 1018 878 1075 grave
915 1008 1224 1073 peccatum.
1268 998 1453 1056 Sancti
1495 1014 1621 1070 ergo
1667 1012 1782 1052 esse

183 1107 287 1148 non
312 1099 565 1164 possunt,
588 1092 646 1146 in
669 1090 874 1163 quibus
901 1089 1117 1163 aliquid
1137 1089 1338 1145 borum
1360 1104 1479 1161 quae
1501 1085 1778 1159 prohibet,

181 1181 345 1239 fuerit
375 1190 680 1254 repertum.

247 1271 434 1344 (V'ers.
467 1271 548 1344 4.)
588 1296 607 1320 ι
633 1273 744 1328 Aut
771 1269 1079 1343 turpitudo,
1109 1277 1203 1325 aut
1228 1266 1663 1339 stultiloquium,
1683 1274 1780 1323 aut

177 1361 512 1430 scurrilitas,
554 1378 674 1434 quae
714 1360 782 1418 ad
826 1376 941 1416 rem
971 1375 1084 1416 non
1130 1358 1436 1430 pertinent;
1471 1356 1565 1414 sed
1607 1357 1780 1429 magis

177 1450 475 1522 gratiarum
515 1451 679 1507 actio.
711 1475 732 1500 ι
776 1449 1048 1518 Quoniam
1092 1447 1316 1520 quidam
1357 1448 1538 1503 solent
1565 1445 1779 1518 aliquid

176 1547 334 1614 turpe
380 1556 555 1612 agere,
589 1549 683 1597 aut
729 1538 1093 1611 stultiloquiis
1117 1536 1309 1609 jocum
1346 1551 1592 1602 movere,
1623 1535 1778 1609 quasi

177 1645 285 1686 non
313 1630 388 1687 sit
413 1638 720 1702 peccatum,
751 1629 859 1685 hoc
889 1627 1166 1700 prohibet,
1191 1630 1336 1688 246
1358 1625 1489 1698 quia
1506 1624 1606 1683 Dei
1631 1624 1778 1682 servi

177 1743 388 1801 semper
413 1728 588 1785 sobrii
617 1735 672 1784 et
695 1727 932 1784 modesti
953 1727 1156 1783 debent
1175 1725 1353 1781 videri
1377 1743 1390 1792 ;
1420 1741 1518 1798 per
1541 1725 1780 1782 stultilo-

1888 553 1992 614 est,
2023 560 2144 618 quae
2187 543 2378 616 utique
2424 559 2534 600 non
2579 559 2648 600 ex
2676 546 2788 602 Deo
2816 546 3043 604 initium
3080 545 3262 616 habet,
3293 547 3387 604 sed
3415 546 3483 603 de

1889 649 2092 690 errore.
2124 634 2296 690 Docet
2323 649 2451 705 ergo
2495 649 2563 690 ne
2596 633 2794 690 horum
2837 635 3022 692 verbis
3049 651 3302 694 assensus
3333 652 3481 708 prae-

1891 723 2120 791 beatur;
2180 729 2528 795 perstrepunt
2579 723 2724 779 enim
2778 740 3011 796 semper,
3069 735 3123 782 et
3161 724 3482 782 seductione

1892 812 2130 884 quadam
2174 812 2404 870 fallaciae
2433 820 2626 869 contra
2648 813 2812 869 ﬁdem
2844 815 3295 872 consuetudinem
3326 813 3483 872 anti-

1891 899 2120 970 quitatis
2146 899 2474 966 obtendunt,
2497 902 2766 976 rationem
2795 902 3164 974 praesentium,
3195 920 3309 960 non
3326 920 3478 976 spem

1890 988 2203 1046 futurorum
2237 990 2584 1046 asserendam
2609 991 2942 1062 judicantes.
2970 991 3098 1047 Ideo
3142 993 3294 1048 venit
3319 1008 3482 1064 super

1889 1076 1990 1134 hos
2026 1078 2275 1135 vindicta
2313 1079 2381 1135 de
2419 1079 2594 1148 caelis,
2625 1088 2687 1136 ut
2715 1081 2892 1136 sciant
2921 1097 3116 1136 verum
3158 1096 3294 1148 esse,
3336 1081 3484 1152 quod

1888 1165 2108 1224 credere
2138 1169 2456 1224 noluerunt.
2489 1170 2539 1224 A
2570 1185 2678 1242 qua
2703 1169 2946 1225 vanitate
2975 1170 3076 1225 Dei
3105 1185 3293 1225 servos
3325 1169 3486 1241 longe

1887 1257 2049 1314 docet
2074 1257 2270 1316 debere
2295 1258 2560 1316 discretos
2579 1275 2713 1328 esse,
2739 1273 2811 1314 ne
2840 1257 3135 1332 participes
3155 1259 3292 1315 ﬁant
3312 1273 3488 1330 pinna;

1889 1345 2135 1405 illorum.

1962 1437 2143 1509 (Vers.
2201 1439 2284 1512 8.)
2347 1464 2366 1488 ε
2403 1439 2608 1496 Fuistis
2663 1438 2810 1494 enim
2863 1437 3160 1512 aliquando
3214 1436 3479 1506 tenebrae,

1888 1542 2037 1583 nunc
2090 1535 2272 1583 autem
2329 1529 2428 1583 lux
2499 1528 2558 1582 in
2613 1527 2871 1584 Domino.
2927 1551 2947 1575 ι
3013 1526 3268 1582 Tenebrae
3317 1525 3484 1597 igno-

1888 1616 2066 1672 rantia
2113 1623 2278 1683 sunt;
2327 1615 2458 1688 quia
2493 1632 2657 1672 nemo
2703 1615 2856 1673 videt
2901 1616 2959 1670 in
3008 1614 3292 1672 tenebris:
3334 1614 3485 1686 igno-

1890 1706 2068 1761 rantia
2114 1722 2245 1762 vero
2292 1706 2568 1778 gentilitas
2615 1713 2716 1774 est,
2747 1705 2864 1762 sive
2914 1704 3145 1778 perﬁdia
3173 1721 3205 1759 a
3235 1720 3341 1776 qua
3389 1703 3486 1759 Dei

178 1793 307 1893 quia
338 1821 491 1877 enim
521 1827 797 1892 peccatur.
833 1818 988 1876 Unde
1014 1817 1274 1874 Salomon
1310 1834 1322 1873 :
1367 1840 1387 1863 ι
1416 1793 1649 1885 Stultus,
1683 1817 1779 1872 in-
1805 1825 1853 1886 Β
1889 1795 2063 1892 gratia
2107 1794 2392 1893 adﬁdfml
2428 1796 2591 1852 tracti
2639 1803 2804 1893 δξιξηὲ
2847 1795 2980 1851 fac“
3011 1796 3130 1862 lux:
3161 1793 3220 1848 id
3249 1800 3348 1893 θέει
3371 1809 3487 1893 Χθ-

175 1910 310 1982 quit,
331 1927 433 1983 per
447 1911 623 1967 risum
645 1909 757 1982 agit
777 1910 922 1964 mala
944 1909 1131 1980 (Prov.
1150 1924 1210 1976 x,
1233 1905 1348 1978 23).
1369 1932 1388 1956 ι
1422 1907 1494 1963 Et
1510 1905 1782 1964 Dominus

174 1998 227 2054 in
267 1999 582 2072 Evangelia
619 1998 756 2054 dicit
791 2016 803 2055 ε
834 1998 963 2070 quia
1003 2021 1022 2046 ι
1059 1998 1236 2054 Omne
1276 1996 1507 2054 verbum
1542 1996 1781 2053 otiosum

175 2089 318 2162 quod
348 2089 524 2146 locuti
549 2089 756 2145 fuerint
780 2088 1054 2157 homines,
1075 2087 1308 2145 reddent
1333 2088 1400 2144 de
1428 2105 1491 2144 eo
1512 2087 1779 2144 rationem

176 2178 228 2234 in
257 2177 349 2234 die
373 2177 579 2250 judicii
611 2179 824 2251 (Matth.
867 2195 970 2247 xu,
999 2179 1114 2249 36).
1142 2202 1160 2224 ι
1200 2179 1312 2235 Nec
1345 2178 1525 2234 inulta
1553 2184 1782 2250 possunt

175 2268 438 2336 discerni,
471 2285 592 2342 quae
617 2268 826 2327 idcirco
856 2268 1140 2338 dicuntur,
1163 2277 1225 2326 ut
1249 2267 1318 2325 ad
1345 2267 1586 2339 alicujus
1614 2266 1779 2339 perti-

176 2365 336 2413 neant
385 2359 816 2427 contumeliam;
868 2360 992 2418 ideo
1040 2359 1108 2416 ad
1157 2375 1272 2415 rem
1321 2359 1617 2416 salutarem
1664 2371 1779 2413 non

177 2446 460 2519 pertinent
488 2446 624 2504 haec.
657 2447 835 2516 Quare
875 2449 993 2506 haec
1022 2448 1231 2521 agenda
1258 2456 1312 2504 et
1341 2445 1613 2520 loquenda
1648 2462 1780 2502 mo-

176 2543 284 2605 net,
331 2552 459 2609 quae
503 2535 572 2593 ad
617 2538 918 2594 utilitatem
961 2537 1254 2610 proﬁciant
1286 2544 1554 2604 nostram,
1593 2543 1648 2591 et
1677 2534 1778 2592 Dei

177 2624 413 2695 laudem,
452 2626 510 2681 in
535 2625 696 2698 cujus
716 2629 831 2700 lege
849 2627 1231 2684 meditandum
1261 2635 1343 2684 est
1375 2626 1464 2684 die
1494 2642 1558 2682 ac
1583 2631 1774 2694 nocte;

174 2715 312 2772 sicut
332 2716 607 2788 scriptum
633 2726 714 2775 est
743 2717 802 2773 in
832 2719 1046 2791 psalmo
1079 2717 1252 2789 (Psal.
1279 2733 1316 2784 ι,
1340 2715 1420 2788 2).
1443 2716 1532 2772 Ex
1550 2731 1778 2772 conver-

175 2807 381 2862 satione
428 2806 576 2862 enim
626 2815 681 2864 et
731 2807 978 2864 moribus
1020 2807 1119 2864 Dei
1151 2807 1295 2864 servi
1327 2807 1494 2863 etiam
1537 2812 1781 2862 tacentes

178 2895 524 2969 intelligendi
554 2904 712 2964 sunt;
745 2905 808 2953 ut
836 2905 1104 2970 quantum
1134 2895 1303 2953 distat
1329 2911 1526 2952 verum
1559 2911 1590 2950 a
1618 2895 1778 2961 falso,

179 2990 390 3038 tantum
421 2984 628 3040 distent
656 2986 756 3040 Dei
787 2984 933 3042 servi
963 3000 994 3038 a
1019 2983 1195 3040 servis
1225 2983 1455 3039 diaboli.

246 3073 436 3145 (Vers.
465 3074 548 3145 5.)
595 3099 613 3122 ι
639 3075 757 3129 Hoc
803 3073 953 3129 enim
996 3073 1212 3140 scitote,
1244 3070 1392 3145 quod
1440 3068 1621 3125 omnis
1659 3067 1783 3124 for-

177 3162 419 3231 nicator,
449 3170 544 3219 aut
572 3161 917 3230 immundus,
948 3169 1044 3217 aut
1065 3176 1282 3230 avarus,
1316 3157 1464 3233 quod
1492 3165 1574 3216 est
1606 3157 1780 3214 idolo-
1814 3189 1858 3250 ρ

175 3250 362 3319 latria,
425 3267 538 3306 non
586 3249 752 3305 habet
795 3249 1172 3306 baereditatem
1238 3249 1298 3305 in
1358 3264 1526 3322 regno
1584 3247 1684 3303 Dei
1730 3254 1786 3303 et

170 3339 415 3397 Christi.
448 3364 467 3386 ι
507 3337 626 3405 Qua
659 3355 823 3396 causa
849 3339 1154 3396 amovenda
1197 3339 1308 3395 sint
1335 3337 1475 3406 haec,
1503 3335 1780 3404 ostendit;

167 3428 312 3502 quia
341 3428 441 3500 qui
471 3428 597 3485 talis
623 3429 807 3496 fuerit,
840 3435 1051 3501 partem
1083 3428 1140 3484 in
1170 3445 1336 3502 regno
1365 3428 1630 3485 cmlorum
1670 3442 1783 3482 non

167 3518 430 3584 habebit,
453 3519 599 3593 quod
627 3527 707 3575 est
732 3520 910 3575 Patris
937 3526 992 3575 et
1020 3519 1171 3575 Filii.
1197 3519 1267 3574 Ut
1285 3517 1575 3574 avaritiam
1597 3524 1782 3572 tamen

175 3625 290 3665 rem
342 3608 709 3680 periculosam
754 3624 878 3664 esse
924 3607 1162 3676 doceret,
1216 3607 1589 3664 idololatriam
1639 3605 1785 3661 hanc

181 3704 485 3770 nuncupat,
505 3713 612 3770 qua
621 3698 839 3754 nullum
866 3705 1150 3769 peccatum
1167 3696 1346 3768 majus
1364 3704 1464 3753 est.
1483 3695 1785 3754 Videamus

186 3803 307 3860 ergo
338 3803 442 3844 cur
467 3787 699 3843 avaritia
726 3786 1044 3843 idololatria
1071 3786 1308 3844 dicatur.
1341 3785 1663 3843 Idololatria
1682 3782 1784 3840 Dei

187 3875 661 3934 honoriﬁcentiam
695 3885 946 3949 usurpat,
984 3883 1039 3932 et
1067 3876 1317 3933 vindicat
1343 3883 1627 3943 creaturae,
1657 3890 1784 3930 cum

189 3965 239 4021 in
279 3965 509 4023 nomine
558 3966 798 4034 deitatis,
831 3966 979 4039 quod
1024 3966 1129 4024 soli
1171 3966 1451 4022 conditori
1499 3966 1784 4037 competit,

197 4057 516 4130 participem
539 4057 625 4113 illi
649 4058 844 4114 asserit
871 4057 990 4128 ejus
1019 4057 1308 4114 facturam.
1331 4055 1584 4113 Avaritia
1603 4063 1786 4112 autem

193 4145 390 4206 idcirco
445 4147 579 4206 huic
624 4155 909 4220 exequata
955 4155 1056 4216 est,
1096 4147 1227 4220 quia
1279 4145 1541 4203 similiter
1569 4163 1632 4203 ea
1667 4162 1790 4218 qua

190 4234 277 4292 Dei
321 4245 479 4306 sunt,
529 4237 636 4294 sibi
679 4245 911 4309 usurpat
939 4245 993 4293 et
1020 4237 1274 4294 recondit
1301 4253 1531 4305 avarus;
1565 4245 1629 4293 ut
1667 4251 1788 4309 quae

189 4325 366 4384 usibus
436 4328 690 4384 omnium
757 4328 1028 4384 concessit
1098 4327 1489 4396 communiter,
1557 4325 1792 4383 avaritia

192 4415 452 4490 deneget;
491 4416 715 4490 quando
758 4416 970 4474 idcirco
1014 4415 1133 4474 haec
1179 4425 1474 4489 congregat
1519 4415 1665 4488 apud
1709 4432 1788 4485 se,

192 4519 252 4561 ne
292 4507 387 4562 alii
444 4513 708 4576 utantur;
753 4522 873 4581 quia
917 4522 1004 4562 res
1051 4505 1205 4572 facit,
1254 4512 1317 4561 ut
1369 4521 1494 4561 caro
1545 4521 1790 4560 venum-

1888 1882 2060 1950 ritas;
2110 1882 2240 1956 quia
2281 1882 2339 1938 in
2379 1883 2499 1940 luce
2538 1883 2980 1950 manifestantur,
3016 1897 3137 1955 qua;
3183 1887 3332 1936 sunt.
3370 1881 3488 1935 De-

1889 1971 2058 2044 nique
2083 1971 2279 2044 pagani
2311 1972 2370 2028 in
2399 1973 2640 2030 tenebris
2669 1973 2902 2044 mystica
2928 1988 3027 2027 sua
3057 1969 3399 2027 celebrantes
3426 1967 3485 2023 in

1889 2061 2087 2132 spelaea
2143 2061 2341 2118 velatis
2404 2063 2578 2118 oculis
2633 2061 2966 2118 illuduntur.
3021 2061 3109 2116 Ex
3172 2058 3261 2114 his
3316 2056 3488 2114 Chri-

1889 2152 2054 2208 stiani
2083 2152 2214 2209 facti
2244 2152 2466 2226 cognita
2493 2151 2724 2208 veritate
2753 2151 2858 2207 ﬁlii
2883 2151 3024 2207 lucis
3049 2149 3330 2217 dicuntur,
3360 2148 3488 2222 quia

1888 2243 2033 2298 Deus
2065 2242 2164 2297 lux
2192 2250 2294 2312 est,
2327 2240 2490 2312 cujus
2519 2240 2683 2297 ﬁdem
2707 2239 2766 2296 in
2795 2241 3030 2296 veritate
3055 2237 3386 2311 suscipiunt.

1960 2331 2144 2401 (Vers.
2175 2331 2258 2402 9.)
2309 2356 2327 2379 ι
2366 2332 2437 2387 Ut
2480 2329 2585 2386 ﬁlii
2617 2330 2755 2387 lucis
2783 2329 3082 2394 ambulate,
3113 2343 3242 2384 nam
3273 2326 3488 2383 fructus
3567 2349 3570 2356 “

1889 2422 2028 2479 lucis
2057 2421 2116 2478 in
2146 2423 2300 2478 omni
2330 2421 2597 2490 bonitate,
2628 2429 2682 2478 et
2710 2419 2949 2493 justitia,
2978 2427 3032 2476 et
3060 2419 3294 2476 veritate
3321 2424 3422 2473 est.
3455 2443 3473 2465 -

1888 2513 2003 2568 Hoc
2043 2511 2181 2569 dicit
2227 2521 2290 2568 ut
2335 2513 2415 2568 sic
2459 2519 2877 2580 conversentur,
2926 2517 3146 2576 utnon
3203 2507 3486 2564 immerito

1889 2599 1991 2656 ﬁlii
2040 2601 2179 2657 lucis
2231 2601 2508 2657 dicantur.
2553 2599 2730 2670 Opera
2775 2599 2924 2654 enim
2972 2597 3112 2653 lucis
3151 2597 3330 2669 palam
3367 2594 3486 2650 sine

1887 2689 2086 2745 timore
2125 2689 2299 2754 ﬁunt;
2347 2687 2700 2743 tenebrarum
2751 2692 2933 2740 autem
2961 2701 3124 2755 opera
3151 2684 3211 2739 in
3243 2683 3481 2750 occulto,

1889 2779 2020 2850 quia
2049 2778 2243 2835 illicita
2272 2784 2442 2844 sunt;
2475 2791 2638 2831 omne
2670 2775 2817 2830 enim
2847 2780 3133 2846 peccatum
3163 2772 3345 2845 palam
3365 2769 3484 2826 ﬁeri

1891 2867 2068 2922 timet.

1964 2955 2145 3027 (Vers.
2175 2954 2288 3026 10.)
2307 2979 2326 3002 ι
2347 2954 2578 3012 Probate
2594 2953 2727 3028 quid
2747 2953 2838 3023 sit,
2864 2951 2998 3026 quid
3019 2951 3196 3026 placet
3211 2950 3370 3007 Deo»
3398 2949 3487 3006 Ex

1889 3043 2299 3116 magniﬁcentia
2323 3044 2630 3102 sanctitatis
2650 3051 2704 3100 et
2719 3042 2982 3099 bonitatis
3003 3041 3262 3116 perpendi
3285 3048 3482 3115 potest,

1889 3133 2090 3206 quibus
2118 3135 2265 3190 Deus
2293 3134 2551 3208 operibus
2587 3133 2926 3199 delectetur;
2969 3131 3083 3204 ipse
3112 3131 3261 3187 enim
3291 3130 3436 3187 dixit
3469 3149 3481 3187 :

1905 3247 1924 3270 ε
1954 3224 2140 3281 Sancti
2183 3232 2377 3294 estote,
2411 3225 2554 3281 sicut
2579 3232 2634 3280 et
2658 3239 2757 3295 ego
2784 3228 3007 3278 sanctus
3035 3239 3179 3291 sum,
3211 3221 3485 3278 Dominus

1893 3316 2039 3371 Deus
2068 3321 2248 3370 vester
2279 3313 2467 3386 (Leuit.
2498 3330 2622 3381 xxx,
2643 3312 2724 3384 2).
2745 3337 2763 3360 ι
2790 3313 2862 3368 Et
2887 3311 3188 3368 Dominus:
3230 3335 3247 3358 ε
3268 3311 3478 3379 Estote,

1893 3404 1990 3472 ait,
2022 3403 2406 3459 misericordes
2420 3402 2562 3459 sicut
2579 3410 2633 3458 et
2654 3402 2810 3458 Pater
2825 3408 3005 3456 vester
3028 3399 3180 3472 (Luc.
3200 3416 3280 3467 v1,
3312 3399 3426 3471 36).
3452 3423 3470 3445 ι

1895 3494 2022 3549 Haec
2051 3492 2267 3563 placent
2295 3493 2408 3546 Deo
2432 3511 2445 3560 ;
2489 3491 2546 3546 in
2575 3490 2863 3546 sanctitate
2893 3489 3041 3544 enim
3072 3488 3405 3561 puriﬁcatio,
3431 3487 3486 3543 in

1897 3580 2274 3638 misericordia
2302 3596 2432 3636 vero
2458 3581 2619 3652 plena
2645 3587 2700 3635 et
2727 3578 2969 3652 perfecta
2991 3576 3210 3650 justitia
3239 3585 3340 3634 est.

1968 3673 2150 3744 (Vers.
2208 3673 2320 3744 11.)
2383 3698 2403 3722 ι
2449 3673 2520 3728 Ει
2562 3672 2736 3728 nolite
2775 3670 3186 3728 communicare
3229 3669 3488 3743 operibus

1895 3761 2256 3819 infructuosis
2283 3760 2652 3818 tenebrarum.
2683 3786 2702 3809 ι
2745 3761 2931 3818 Monet
2959 3776 3026 3816 ne
3056 3760 3329 3818 malorum
3353 3759 3486 3815 acti-

1894 3852 1998 3909 bus
2043 3868 2138 3924 per
2177 3868 2504 3909 consensum
2543 3852 2888 3926 polluamur;
2937 3851 3070 3924 quia
3118 3858 3246 3907 sunt
3297 3850 3488 3906 infru-

1895 3949 2072 4006 ctuosi
2099 3965 2228 4021 erga
2253 3948 2484 4018 bonum,
2512 3955 2566 4004 et
2591 3947 2887 4021 quaestuosi
2917 3946 2986 4003 ad
3012 3946 3242 4002 malum.

1971 4039 2153 4112 (Vers.
2199 4039 2312 4112 12.)
2369 4063 2388 4088 ε
2423 4039 2594 4113 Magis
2640 4047 2822 4096 autem
2878 4042 2933 4093 et
2988 4035 3301 4106 objurgate;
3361 4047 3486 4085 nam

1898 4143 2018 4201 quae
2046 4128 2106 4184 in
2135 4129 2354 4188 occulto
2381 4128 2448 4185 ab
2473 4129 2551 4185 eis
2581 4127 2744 4196 ﬁunt,
2775 4136 2934 4197 turpe
2963 4131 3044 4180 est
3062 4122 3227 4178 etiam
3249 4119 3475 4174 dicere.-

1897 4220 2018 4275 Non
2064 4221 2244 4277 solum
2284 4220 2494 4278 alienos
2538 4219 2662 4274 vult
2707 4232 2800 4271 eos
2841 4229 2957 4269 esse
2997 4228 3030 4266 a
3063 4209 3224 4264 malis
3253 4206 3488 4275 actibus,

1898 4309 1992 4366 sed
2026 4318 2080 4366 et
2109 4326 2334 4383 arguere
2364 4309 2510 4364 mala
2536 4308 2680 4364 facta
2707 4319 2920 4370 eorum,
2941 4299 3036 4374 qui
3066 4299 3124 4354 in
3141 4297 3358 4354 occulto
3378 4304 3493 4353 tur-

1897 4400 2042 4472 piter
2082 4407 2398 4473 0perantur.
2449 4398 2604 4452 Tunc
2645 4394 2792 4450 enim
2835 4391 3138 4464 probantur
3171 4395 3410 4462 peccata,
3441 4386 3488 4443 si

1900 4494 2042 4552 247
2072 4496 2402 4562 arguantur;
2439 4493 2502 4541 ut
2530 4483 2872 4541 admirentur
2892 4480 3034 4538 ﬁlios
3059 4478 3216 4546 lucis,
3237 4494 3270 4534 a
3289 4475 3491 4550 quibus

294 4556 387 4562 η--
452 4556 708 4576 _-_-_-_-,
795 4556 871 4563 ,π
917 4556 1002 4562 _-_
1051 4556 1205 4572 -_-_-,
1260 4556 1316 4561 η
1374 4556 1488 4561 η--
2136 4556 2160 4562 -

194 4592 396 4665 dentur,
437 4612 509 4653 ne
536 4556 799 4670 pauperes
826 4596 1059 4663 vivant;
1088 4595 1135 4651 si
1163 4594 1312 4652 enim
1344 4594 1574 4650 minime
1601 4609 1790 4650 recon-
1819 4556 1870 4616 Β
1898 4605 2022 4645 cum
2064 4587 2210 4659 juste
2251 4592 2574 4659 arguuntur,
2621 4581 2995 4639 contradicere
3045 4594 3156 4670 non
3209 4583 3488 4650 poterunt,

196 4680 468 4752 derentur,
499 4684 838 4741 abundantia
881 4685 1132 4741 omnium
1179 4699 1362 4740 rerum
1393 4681 1596 4739 faceret
1624 4680 1792 4736 utili-

196 4779 346 4832 tatem
400 4795 415 4832 :
481 4773 719 4849 denique
768 4773 915 4848 apud
965 4781 1176 4831 veteres
1223 4772 1355 4847 quia
1402 4770 1636 4828 avaritia
1677 4787 1790 4826 non

200 4872 321 4935 erat,
367 4881 478 4923 nec
521 4865 782 4923 cbaritas.
831 4866 996 4921 Recte
1047 4880 1176 4936 ergo
1233 4863 1562 4920 idololatriae
1628 4877 1791 4918 com-

202 4963 373 5024 parata
422 4963 526 5024 est,
585 4972 694 5030 qua
747 4955 952 5011 multos
1005 4955 1178 5012 laedit.
1233 4955 1478 5013 Creatori
1531 4951 1790 5010 similiter

202 5041 418 5102 inimica
435 5048 606 5112 ;.vult
632 5044 782 5102 enim
813 5045 959 5100 Deus
979 5059 1042 5100 ac
1058 5043 1216 5114 jubet
1235 5043 1303 5100 de
1328 5043 1396 5098 iis
1417 5057 1538 5115 quae
1557 5041 1788 5110 creavit,

203 5131 478 5190 subveniri
514 5133 868 5208 pauperibus,
901 5131 1133 5187 avaritia
1169 5131 1519 5189 contradicit.
1551 5129 1695 5187 Vide
1722 5145 1791 5184 an

205 5219 308 5279 sine
332 5221 560 5280 diabolo
590 5223 762 5296 possit
797 5236 936 5280 esse.

268 5312 450 5383 (Vers.
484 5313 537 5382 6,
564 5313 642 5385 7.)
682 5337 701 5360 ι
719 5313 892 5370 Nemo
918 5327 1018 5367 vos
1037 5310 1259 5366 seducat
1289 5311 1546 5368 inanibus
1571 5309 1788 5377 verbis;

209 5410 480 5474 propterea
524 5402 671 5459 enim
723 5402 879 5459 venit
925 5401 1008 5458 ira
1049 5399 1149 5456 Dei
1179 5400 1238 5455 in
1269 5398 1411 5458 ﬁlios
1449 5401 1791 5458 difﬁdentiae.

1898 4678 1994 4735 sed
2036 4676 2209 4748 magis
2246 4692 2338 4733 eos
2383 4673 2800 4732 reverebuntur.
2857 4695 2876 4720 ς
2904 4667 3103 4726 Omnia
3139 4675 3322 4724 autem
3365 4683 3491 4724 cum

1897 4769 2276 4841 objurgantur,
2309 4767 2577 4822 alumine
2603 4762 3046 4820 manifestantur.
3082 4783 3101 4808 ›
3153 4759 3358 4816 Verum
3389 4765 3491 4827 est,

1899 4860 2029 4932 quia
2090 4867 2226 4914 tunc
2281 4857 2544 4911 videntur
2596 4858 2838 4925 peccata,
2906 4865 3031 4906 cum
3099 4847 3490 4921 objurgantur;

1901 4949 2032 5021 quia
2078 4947 2175 5021 qui
2218 4951 2428 5019 peccat,
2473 4940 2720 5016 quandiu
2761 4955 2874 4996 non
2912 4937 3232 5010 corripitur,
3264 4935 3496 4992 minime

1898 5037 2005 5094 sibi
2063 5035 2285 5093 videtur
2334 5047 2583 5108 peccare.
2625 5053 2644 5077 ι
2689 5029 2864 5087 Omne
2915 5028 3063 5085 enim
3115 5026 3262 5101 quod
3304 5025 3504 5082 mani-

1902 5126 2153 5193 festatur,
2198 5125 2298 5182 lux
2353 5132 2452 5180 est.
2486 5146 2504 5170 ι
2566 5122 2628 5178 In
2675 5118 2972 5176 manifesto
3018 5114 3345 5188 ambiguitas
3383 5127 3496 5169 non

1901 5224 2001 5286 est,
2046 5231 2223 5289 neque
2271 5213 2522 5272 excusari
2569 5217 2767 5284 potest,
2815 5207 2964 5282 quod
3010 5208 3190 5280 palam
3231 5204 3496 5262 delictum

1901 5315 2003 5364 est.
2044 5306 2199 5362 Sicut
2237 5303 2384 5361 enim
2414 5310 2708 5375 apparente
2736 5299 2870 5369 sole,
2913 5295 3061 5354 diem
3090 5311 3205 5352 esse
3230 5293 3345 5366 jam
3393 5305 3499 5375 ne-

1904 5396 2018 5468 gari
2065 5403 2270 5468 potest;
2322 5394 2398 5450 ita
2445 5374 2500 5449 et
2536 5390 2883 5449 manifestato
2921 5394 3162 5461 peccato,
3193 5374 3499 5453 objurgatio

209 5487 374 5548 Nolite
420 5509 548 5566 ergo
591 5492 732 5551 eﬁici
784 5491 1076 5566 participes
1114 5506 1325 5547 eorum.
1356 5514 1375 5538 ι
1419 5491 1643 5547 lnsanes
1670 5505 1796 5546 ser-
1903 5486 2041 5542 falsa
2069 5484 2273 5542 videri.

277 5624 389 5698 (30)
418 5626 627 5684 Eadem
656 5627 816 5684 Rom.
845 5625 1002 5694 edit.,
1030 5623 1292 5698 avaritia,
1321 5622 1440 5680 hinc
1460 5621 1980 5698 animaduertendum
2009 5625 2102 5688 est,
2132 5617 2345 5690 quando
2373 5612 2720 5687 fornicationi
2764 5617 2810 5668 et
2839 5603 3187 5667 immunditiw
3212 5616 3500 5696 compara-

218 5695 313 5764 tur,
339 5695 377 5755 ά
402 5715 509 5770 qua
535 5699 880 5756 nihilominus
907 5697 1328 5767 dissimulamus,
1361 5703 1410 5752 et
1437 5697 1511 5751 sic
1537 5714 1572 5751 a
1599 5695 1769 5763 nobis,
1799 5703 1904 5751 etc.
