4108 6184
540 71 646 128 419

1553 72 1647 127 ΑΙ)
1687 71 1921 128 ΟΡΕΒΑ
1960 67 2014 125 S.
2060 65 2392 126 AMBROSII
2434 66 2816 126 APPENDIX.

3733 71 3843 130 420

605 201 787 271 (Vers.
840 198 953 270 14.)
1017 223 1034 245 ι
1081 199 1310 270 PrOpter
1353 199 1498 271 quod
1538 200 1674 255 dicit
1725 218 1736 255 :
1782 200 1971 270 Surge,
2024 199 2118 271 qui
2152 198 2202 255 A
2235 197 2474 254 luxuria.
2503 223 2521 246 ι
2561 197 2749 254 Sobrii
2781 207 3010 271 possunt
3031 197 3226 256 habere
3245 198 3505 256 ﬁduciam
3531 200 3839 271 arguendi;

529 288 764 356 dormis,
801 298 854 346 et
902 305 1133 361 exsurge
1164 308 1194 346 a
1230 289 1482 356 mortuis,
1528 298 1581 345 et
1626 289 1911 360 continges
1953 287 2127 346 Chri-

526 386 672 434 stum
724 377 863 448 (3i).
899 362 926 424 »ἡ
959 377 1361 432 Dormitionem
1412 376 1554 432 hanc
1600 383 1876 448 stuporem
1927 377 2126 433 mentis

526 465 821 537 signiﬁcat,
856 481 976 538 quae
1006 465 1280 522 alienatur
1306 482 1337 521 a
1378 481 1508 521 vera
1538 466 1646 521 via.
1682 465 1957 521 Alienatio
1996 483 2124 523 vero

525 555 643 612 haec
689 555 896 627 species
941 555 1132 610 mortis
1171 563 1270 622 est,
1300 571 1367 609 ex
1411 572 1517 628 qua
1564 572 1842 628 resurgere
1871 572 2126 612 commo-

526 651 688 700 netur
718 661 729 700 :
759 652 820 699 ut
868 643 1196 714 resipiscens
1243 651 1500 716 agnoscat
1545 644 1854 712 veritatem,
1886 661 2007 716 quae
2045 652 2126 700 est

525 732 800 790 Christus.
834 733 1034 789 Perﬁdi
1087 749 1212 807 ergo
1249 741 1303 789 et
1332 734 1519 790 vitiosi
1553 734 1789 791 demersi
1821 736 1876 790 in
1905 752 2122 792 caenum

525 821 628 877 sub
657 823 1034 894 desperatione
1079 823 1230 892 vita,
1260 833 1322 880 ut
1365 833 1654 896 resurgant
1683 826 1798 880 sive
1846 832 2125 896 emergant

523 911 911 980 admonentur,
957 918 1011 966 et
1054 911 1292 968 habeant
1341 921 1548 983 partem
1595 929 1720 969 cum
1761 912 2017 980 Christo;
2063 921 2124 969 ut

522 998 590 1054 de
621 1000 862 1056 tenebris
888 1009 1170 1056 transeant
1199 1001 1266 1056 ad
1293 1002 1470 1058 lucem
1495 1009 1548 1056 et
1567 1018 1598 1056 a
1627 1009 1802 1057 morte
1831 1002 1898 1058 ad
1923 1002 2118 1060 vitam.

595 1088 776 1156 (Vers.
815 1088 901 1156 15,
928 1088 1040 1158 16.)
1085 1112 1102 1135 ‹
1133 1088 1329 1144 Videte
1373 1105 1501 1160 ergo
1530 1090 1806 1162 quomodo
1835 1099 1990 1146 caute
2011 1108 2121 1146 am-

522 1175 741 1243 buletis,
768 1191 877 1231 non
895 1184 955 1231 ut
979 1175 1320 1248 insipientes,
1341 1179 1432 1233 sed
1453 1187 1515 1234 ut
1534 1178 1826 1250 sapientes,
1851 1180 2118 1236 redimen-

521 1273 600 1319 tes
631 1273 866 1335 tempus,
899 1264 1160 1336 quoniam
1183 1265 1300 1321 dies
1320 1267 1450 1321 mali
1481 1275 1630 1323 sunt.
1662 1293 1680 1313 ι
1726 1267 1995 1335 Quoniam
2018 1287 2121 1325 su-

519 1353 704 1423 perius
734 1351 1018 1423 perﬁdiam
1052 1361 1106 1408 et
1134 1353 1274 1408 vitia
1306 1354 1434 1410 vitae
1460 1370 1491 1409 a
1518 1355 1617 1410 Dei
1648 1356 1821 1412 servis
1845 1357 2120 1429 arguenda

520 1440 827 1507 mandavit,
871 1457 1022 1497 nunc
1073 1450 1136 1497 ut
1176 1442 1474 1514 prudenter
1531 1459 1593 1499 ea
1649 1445 1766 1517 ipsa
1820 1456 2119 1519 arguantur

2234 286 2378 343 bona
2401 289 2549 343 enim
2582 289 2937 346 conversatio
2955 297 3213 344 terrorem
3238 289 3440 346 incutit
3455 287 3839 362 delinquenti:

2234 391 2334 432 nec
2381 378 2580 448 poterit
2637 377 2733 450 qui
2777 377 3047 450 arguitur,
3075 392 3262 448 aspere
3306 377 3447 433 ferre
3487 379 3618 450 quia
3646 397 3844 453 repre-

2233 464 2517 534 henditur,
2546 467 2766 538 quando
2793 467 2898 523 scit
2929 457 3194 538 optimam
3223 468 3696 526 conversationem
3726 488 3843 528 mo-

2234 555 2416 610 nentis
2445 573 2520 610 se.
2555 557 2691 610 Nam
2732 554 2829 611 ubi
2860 555 3120 624 ebrietas,
3150 554 3227 610 ibi
3258 563 3310 610 et
3338 555 3562 611 luxuria
3587 565 3667 613 est
3702 577 3714 615 :
3751 561 3842 616 lu-

2232 643 2393 698 xuria
2424 660 2554 699 vero
2583 652 2847 715 provocat
2871 644 3302 716 turpitudinem.
3345 643 3708 710 Quamobrem
3739 666 3845 706 so-

2233 729 2383 786 brios
2413 749 2504 788 eos
2533 749 2649 789 esse
2677 733 2958 803 convenit,
2984 741 3047 789 ut
3068 733 3229 791 bonas
3257 735 3696 793 conversationis
3711 737 3842 810 jura

2232 830 2542 877 serventur.

2305 911 2487 982 (Vers.
2522 912 2635 984 19.)
2683 937 2700 960 ι
2732 912 2836 970 Sed
2879 914 3222 986 impleamini
3253 915 3463 987 Spiritu
3492 927 3703 987 sancto,
3744 919 3841 976 lo-

2231 1008 2457 1070 quentes
2503 1002 2932 1075 vobismetipsis,
2985 1003 3042 1058 in
3089 1004 3333 1076 psalmis,
3385 1015 3440 1062 et
3492 1000 3741 1079 hymnis,
3781 1018 3836 1066 et

2230 1089 2462 1144 canticis
2493 1090 2896 1161 spiritualibus,
2928 1100 3212 1149 cantantes
3235 1101 3288 1150 et
3310 1095 3605 1166 psallentes
3628 1097 3687 1152 in
3717 1115 3836 1155 cor-

2229 1174 2392 1232 dibus
2421 1179 2618 1234 vestris
2650 1181 2782 1236 Deo.
2810 1207 2828 1230 ι
2863 1181 3266 1239 Rationabilem
3298 1184 3472 1240 vitam
3499 1184 3687 1260 diligit
3713 1188 3835 1261 Spi-

2230 1263 2370 1322 ritus
2399 1277 2618 1324 sanctus
2646 1287 2658 1336 ;
2703 1269 2832 1343 quia
2872 1271 2916 1326 si
2945 1272 3086 1328 bene
3117 1271 3444 1343 vixerimus,
3477 1274 3836 1348 implebimur

2228 1369 2311 1420 eo,
2343 1363 2404 1410 ut
2434 1366 2724 1423 memorat,
2751 1359 2818 1415 ad
2849 1359 3224 1418 conﬁtendum
3247 1369 3302 1418 et
3328 1363 3709 1422 extollendum
3731 1367 3830 1422 Dei

2227 1446 2434 1502 donum
2463 1449 2686 1506 diverso
2710 1452 2862 1508 vocis
2886 1469 3083 1509 canore
3107 1472 3120 1522 ;
3153 1462 3215 1510 ut
3243 1456 3363 1512 laus
3393 1457 3451 1513 in
3478 1457 3652 1515 Deum
3673 1461 3832 1516 omni

519 1538 742 1602 propter
775 1529 1117 1599 scandalum,
1151 1531 1424 1602 subjecit;
1457 1541 1520 1588 ut
1553 1533 1701 1591 inter
1725 1535 1962 1607 perﬁdos
1990 1552 2115 1592 cum
2146 1553 2192 1613 B
2229 1535 2416 1608 lingua
2461 1547 2708 1596 canatur.
2763 1543 2825 1597 In
2873 1558 2981 1615 quo
3022 1543 3171 1599 enim
3206 1554 3287 1601 est
3317 1545 3574 1617 Spiritus,
3612 1565 3836 1622 semper

519 1619 812 1692 prudentia
851 1622 1292 1678 conversandum
1339 1623 1429 1691 sit,
1463 1624 1705 1681 maxime
1737 1632 1980 1699 tempore
2008 1642 2118 1699 quo

516 1710 712 1781 perﬁdi
744 1718 994 1782 regnant,
1027 1721 1419 1782 praesumentes
1446 1715 1513 1771 de
1543 1731 1668 1788 rege
1689 1717 1921 1788 profano
1944 1736 1957 1786 ;
1981 1728 2042 1774 ut
2070 1719 2118 1774 si

516 1797 721 1853 viderit
749 1798 1100 1856 Christianus
1121 1801 1432 1874 inquietum
1463 1813 1517 1860 et
1541 1805 1870 1862 iracundum
1902 1816 2115 1864 contra-

516 1886 807 1955 dictorem,
835 1887 1148 1946 dissimulet
1173 1890 1241 1947 ab
1262 1908 1345 1961 eo,
1370 1901 1424 1948 et
1440 1909 1510 1948 ne
1528 1910 1654 1949 eum
1676 1895 1899 1968 quidem
1922 1895 2116 1953 incitet

514 1975 584 2031 ad
636 1975 1034 2048 blasphemiam
1082 1987 1136 2036 et
1182 1987 1561 2052 tempestatem
1594 1984 1962 2053 movendam;
2000 1986 2118 2043 illic

514 2074 696 2122 autem
749 2067 917 2124 verba
961 2067 1148 2137 faciat,
1181 2071 1276 2127 ubi
1313 2072 1476 2128 datur
1519 2072 1772 2130 facultas.
1828 2075 2115 2142 Quomodo

512 2154 661 2211 enim
715 2155 862 2212 inter
900 2165 1150 2228 potentes
1197 2159 1434 2232 perﬁdos
1463 2161 1829 2234 interrogatus
1857 2166 1989 2238 quid
2019 2167 2111 2236 sit,

511 2251 690 2302 tacere
740 2262 853 2302 non
889 2247 1070 2315 debet,
1105 2265 1207 2304 nec
1253 2265 1449 2323 negare
1493 2252 1641 2323 quod
1687 2263 1803 2321 est;
1851 2256 1928 2311 ita
1973 2264 2027 2312 et
2065 2257 2112 2312 si

513 2343 691 2391 metus
720 2344 802 2391 est
838 2335 984 2392 inter
1030 2354 1122 2394 eos
1166 2337 1465 2410 disputare,
1499 2339 1960 2400 dissimulandum
1991 2355 2107 2415 est;

511 2424 719 2498 quippe
744 2443 872 2481 cum
901 2427 1294 2483 detrimentum
1327 2428 1400 2484 sit
1420 2430 1690 2488 seminare
1713 2450 1876 2506 supra
1903 2437 2106 2510 spinas.

511 2512 625 2569 Hoc
667 2521 747 2570 est
776 2515 923 2572 enim
964 2518 1269 2589 prudentis,
1310 2519 1448 2576 scire
1479 2523 1941 2593 quemadmodum
1973 2530 2107 2584 uni-

509 2603 708 2676 cuique
738 2607 1096 2680 respondeat;
1130 2619 1212 2665 est
1257 2610 1403 2666 enim
1454 2612 1548 2684 qui
1580 2616 1832 2686 quamvis
1869 2618 2108 2688 perﬁdus

511 2692 722 2762 sit,non
752 2702 933 2753 tamen
957 2700 1178 2769 penitus
1200 2700 1568 2759 intractabilis
1590 2713 1690 2773 est,
1715 2714 1777 2762 ut
1797 2723 1897 2764 nec
1917 2709 2106 2766 audire

509 2799 565 2838 se
595 2785 837 2855 patiatur
865 2786 1034 2842 verba
1063 2787 1212 2844 fidei.
1244 2791 1343 2845 Est
1367 2790 1564 2847 iterum
1592 2794 1668 2850 ita
1695 2812 1805 2867 quo
1833 2797 1911 2855 sic
1930 2798 2108 2856 fervet

507 2873 657 2927 zelus
691 2872 956 2944 perﬁdiae,
981 2883 1041 2930 ut
1066 2892 1178 2931 non
1209 2887 1420 2936 tantum
1453 2897 1566 2937 non
1591 2899 1718 2939 cum
1751 2886 1867 2956 illo,
1891 2888 1985 2944 sed
2005 2905 2106 2948 nec

508 2968 773 3030 praesente
822 2961 919 3016 illo
961 2968 1224 3018 tractetur
1271 2966 1338 3022 de
1368 2967 1504 3036 ﬁde;
1547 2977 1915 3044 perstrepente
1953 2976 2100 3031 enim

508 3046 607 3104 illo
634 3051 709 3105 'et
757 3043 1194 3122 blasphemante,
1227 3055 1418 3112 multis
1461 3056 1524 3114 ﬁt
1565 3043 1902 3118 scandalum.
1947 3063 2101 3120 Unde

507 3133 708 3194 Paulus
739 3147 792 3196 et
811 3139 1088 3198 Barnabas
1108 3159 1233 3200 cum
1261 3144 1550 3203 adversum
1583 3166 1639 3205 se
1662 3149 2102 3224 blasphemantes

505 3227 779 3298 audirent,
828 3232 1173 3288 excutientes
1221 3236 1550 3295 vestimenta
1591 3255 1706 3308 sua,
1756 3251 2100 3299 recesserunt

504 3317 572 3371 ab
598 3318 676 3374 eis
710 3318 854 3391 (Act.
885 3338 1048 3389 xvm,
1083 3323 1152 3390 6;
1190 3339 1314 3393 xm,
1346 3324 1460 3398 46).

578 3405 758 3478 (Vers.
794 3409 908 3481 17.)
957 3411 1129 3468 «Ideo
1177 3413 1348 3470 nolite
1389 3415 1528 3473 eﬂici
1574 3417 1968 3491 imprudentes,
2001 3423 2096 3480 sed

502 3494 871 3567 intelligentes
914 3515 1034 3571 qute
1073 3505 1144 3556 sit
1183 3504 1438 3560 voluntas
1482 3507 1726 3565 Domini.
1760 3535 1778 3559 ›
1825 3511 2097 3570 Dominus

501 3580 656 3640 Jesus
684 3587 802 3657 paci
838 3587 1168 3645 studendum
1199 3608 1314 3648 esse
1338 3604 1542 3651 monet.
1565 3596 1635 3651 Et
1655 3611 1750 3653 vas
1771 3599 2054 3658 electionis
2078 3620 2089 3658 :

510 3697 527 3719 ε
559 3672 613 3728 Si
643 3682 840 3745 potest,
875 3677 1076 3750 inquit,
1099 3679 1216 3737 ﬁeri
1246 3683 1393 3756 quod
1423 3698 1491 3740 ex
1519 3685 1677 3743 vobis
1696 3695 1797 3758 est,
1825 3706 1950 3746 cum
1981 3708 2094 3747 om-

497 3761 662 3818 nibus
714 3779 900 3836 pacem
953 3765 1215 3826 habentes
1249 3772 1422 3842 (Rom.
1454 3790 1554 3842 xu,
1591 3775 1703 3842 18).
1746 3802 1763 3824 ι
1811 3778 1883 3834 Εῐ
1909 3779 1978 3835 ad
2007 3781 2093 3836 Ti-

498 3852 786 3910 motheum
821 3872 833 3910 :
880 3880 898 3903 ι
928 3855 1181 3925 Servum,
1212 3860 1309 3930 ait,
1341 3864 1568 3920 Domini
1607 3881 1716 3920 non
1746 3875 1962 3938 oportet
1985 3870 2092 3925 liti-

497 3958 642 4012 gare,
689 3943 785 4001 sed
841 3957 1185 4004 mansuetum
1234 3966 1353 4006 esse
1397 3951 1466 4008 ad
1512 3969 1703 4014 omnes
1738 3957 1826 4026 (II
1861 3957 1993 4014 Tim.
2029 3977 2087 4026 u,

497 4031 613 4103 24).
646 4059 665 4082 ι
699 4034 828 4092 Haec
851 4045 932 4093 est
955 4039 1213 4095 voluntas
1241 4041 1483 4110 Domini,
1505 4051 1567 4098 ut
1588 4059 1708 4114 qua;
1737 4047 1944 4116 agenda
1961 4058 2089 4106 sunt

489 4135 521 4174 a
563 4122 737 4177 servis
787 4123 926 4196 ejus,
967 4143 1094 4184 cum
1143 4128 1412 4186 modestia
1457 4139 1713 4204 agantur;
1748 4135 2088 4205 perturbatio

489 4208 635 4263 enim
684 4219 739 4266 et
785 4215 1065 4286 strepitus,
1097 4217 1216 4274 sive
1245 4221 1526 4276 contentio
1554 4236 1681 4276 cum
1714 4222 2080 4293 animositate,

489 4296 839 4357 inimicitiam
857 4283 1097 4374 generat.
1121 4307 1248 4364 Haec
1271 4325 1398 4382 ergo
1416 4320 1640 4384 propter
1660 4311 1939 4384 superiora
1958 4316 2084 4372 sub-
2110 4283 2160 4342 D

487 4384 650 4455 didit,
702 4387 760 4442 in
811 4391 1012 4462 quibus
1041 4397 1165 4450 vult
1196 4398 1295 4452 Dei
1334 4415 1522 4456 servos
1568 4401 1842 4473 corripere
1881 4403 2082 4462 delicta

487 4473 776 4532 hominum
794 4487 1139 4550 peccatorum
1159 4500 1172 4550 ;
1199 4493 1260 4540 ut
1278 4487 1406 4557 quia
1421 4504 1518 4559 per
1537 4488 1643 4546 hoc
1661 4491 1800 4547 solet
1819 4492 1952 4550 oriri
1972 4495 2078 4552 dis-

483 4563 666 4620 sensio
709 4573 762 4621 et
811 4567 954 4640 rixa,
985 4586 1111 4626 cum
1161 4577 1525 4647 temperantia
1565 4586 1619 4634 et
1657 4583 2079 4641 mansuetudine

426 4661 431 4667 '
482 4664 710 4726 arguant
757 4669 1103 4730 peccatores;
1147 4679 1216 4719 ne
1264 4664 1332 4721 ad
1379 4665 1721 4726 iracundiam
1771 4675 2074 4745 provocati,

481 4742 733 4801 insiliant
777 4747 845 4803 ad
890 4748 1065 4806 litem.
1096 4751 1332 4826 Ideoque
1364 4755 1663 4827 prudenter
1689 4742 1839 4818 istud
1869 4742 2077 4820 curané

478 4831 610 4888 dum
651 4844 858 4904 monet,
889 4845 952 4894 ut
988 4839 1061 4895 sit
1084 4842 1380 4912 profectus.

551 4930 733 5001 (Vers.
771 4933 883 5006 18.)
931 4959 950 4984 ι
977 4935 1049 4993 Et
1077 4940 1248 4996 nolite
1277 4941 1556 5000 inebriari
1585 4945 1740 5014 vino,
1770 4947 1829 5002 in
1856 4964 1965 5020 quo
1993 4958 2074 5006 est

553 5109 670 5192 (31)
702 5110 860 5171 Rom.
883 5114 1113 5192 edit.,_et
1131 5119 1390 5192 continget
1415 5127 1460 5178 te
1481 5122 1741 5182 Christus.
1773 5127 1918 5184 Infra
1939 5143 2070 5186 vero

481 5179 578 5238 ubi
602 5179 848 5261 Eras._et
869 5203 983 5260 seq.
1005 5179 1166 5258 edit.,
1185 5207 1292 5261 qua
1310 5179 1586 5250 alienatur
1609 5215 1646 5252 ιι
1672 5179 2066 5258 oaéi'liinéiif.

474 5260 687 5341 etinss.
714 5256 1092 5341 aliquot,'quaz
1116 5256 1449 5341 alienaturu
1468 5284 1630 5341 uera;
1651 5269 1858 5341 optime
1886 5256 2067 5328 autem

474 5325 571 5380 alii
589 5325 1042 5405 mss_._re§tituunt
1063 5333 1337 5405 voculam,
1359 5337 1466 5393 via.
1489 5325 1771 5396 Postremo
1791 5325 2063 5402 ubiEras.

471 5411 599 5453 cum
646 5398 782 5457 edit.
833 5417 948 5476 seq.
976 5412 1030 5462 et
1060 5421 1190 5464 mss.
1219 5398 1493 5481 pluribus,
1520 5411 1626 5471 hac
1665 5414 1854 5486 species
1880 5398 2068 5474 aeriis

2227 1625 2538 1694 spiritualia
2577 1628 2914 1696 meditatur;
2957 1639 3018 1687 ut
3058 1648 3168 1687 non
3201 1632 3258 1688 in
3289 1633 3452 1691 labiis
3479 1643 3695 1693 tantum
3727 1639 3829 1708 sit,

2225 1711 2320 1767 sed
2348 1713 2416 1770 de
2436 1715 2599 1771 corde
2629 1728 2948 1791 prorumpat
2969 1727 3192 1793 propter
3219 1729 3379 1778 vetus
3403 1723 3616 1781 dictum
3637 1727 3829 1784 Domi-

2228 1801 2285 1856 ni
2320 1818 2415 1873 per
2442 1805 2788 1878 prophetam.
2816 1808 2913 1865 Ait
2933 1809 3080 1865 enim
3115 1828 3126 1866 :
3175 1837 3192 1856 ι
3220 1811 3379 1869 Plebs
3407 1812 3524 1871 haec
3549 1814 3710 1873 labiis
3741 1833 3829 1873 me

2226 1889 2482 1961 honorat,
2531 1912 2626 1953 cor
2665 1905 2850 1953 autem
2897 1914 3089 1956 eorum
3138 1901 3296 1974 longe
3345 1911 3426 1959 est
3473 1919 3505 1960 a
3556 1921 3645 1962 me
3687 1908 3821 1979 (Isa.

2223 2001 2384 2054 xxxx,
2428 1988 2536 2060 13).

2297 2075 2479 2146 (Vers.
2514 2079 2601 2147 20,
2635 2081 2750 2153 21.)
2800 2106 2818 2128 ε
2849 2081 3062 2140 Gratias
3089 2094 3310 2156 agentes
3338 2102 3554 2161 semper
3581 2106 3678 2162 pro
3707 2106 3823 2146 om-

2221 2164 2387 2221 nibus
2416 2165 2475 2221 in
2507 2169 2736 2224 nomine
2765 2170 2987 2227 Domini
3018 2173 3196 2230 nostri
3219 2175 3345 2232 Jesu
3377 2175 3585 2234 Christi
3617 2179 3728 2234 Deo
3765 2188 3823 2236 et

2221 2255 2389 2325 Patri,
2438 2257 2671 2330 subjecti
2723 2261 2963 2318 invicem
3013 2264 3072 2319 in
3124 2265 3323 2323 timore
3349 2266 3578 2326 Christi.
3618 2295 3634 2316 ι
3675 2275 3822 2334 248

2219 2352 2332 2409 Deo
2381 2355 2580 2426 gratias
2631 2358 2690 2412 in
2742 2359 3000 2417 omnibus
3047 2361 3208 2419 donis
3265 2364 3384 2436 ejus
3437 2383 3593 2438 agere
3645 2367 3824 2440 jube-

2222 2458 2362 2510 mur,
2415 2444 2510 2516 qui
2567 2445 2732 2503 etiam
2788 2449 3048 2522 adoptare
3104 2469 3217 2508 non
3269 2454 3528 2527 dignatus
3591 2465 3671 2514 est
3722 2475 3822 2531 per

2218 2530 2500 2590 Christum
2533 2536 2740 2593 Filium
2779 2540 3081 2611 proprium,
3132 2557 3228 2614 per
3270 2559 3431 2617 quem
3459 2530 3821 2619 cognovimus

2217 2637 2365 2690 eum,
2395 2622 2694 2682 didicimus
2720 2627 2776 2682 in
2799 2627 3009 2700 Spiritu
3029 2631 3203 2687 Deum
3231 2634 3384 2707 (quia
3411 2637 3558 2692 Deus
3579 2636 3822 2709 Spiritus

2215 2711 2319 2781 est)
2357 2711 2695 2769 adorandum
2747 2715 2928 2787 (Joa-n.
2962 2736 3039 2787 1v,
3077 2718 3196 2790 24),
3229 2722 3370 2778 alter
3403 2725 3560 2780 alteri
3591 2741 3647 2780 se
3675 2725 3823 2781 sub-

2207 2797 2408 2869 jiciens
2449 2811 2670 2874 propter
2715 2805 2970 2864 timorem
3029 2808 3254 2879 Christi,
3299 2812 3394 2884 qui
3441 2811 3820 2871 humilitatem

2137 2919 2180 2980 C
2212 2890 2618 2961 exsequendam
2638 2894 2947 2954 mandavit.

2285 2977 2468 3047 (Vers.
2510 2979 2598 3048 22,
2630 2980 2719 3050 23,
2752 2982 2868 3054 24.)
2915 3008 2932 3032 ι
2964 2985 3223 3043 Mulieres
3247 2987 3384 3043 viris
3431 2988 3546 3044 suis
3574 2989 3821 3048 subditas

2212 3065 2343 3134 sint,
2373 3067 2518 3124 sicut
2546 3069 2806 3140 domino;
2835 3074 3096 3146 quoniam
3118 3076 3206 3131 vir
3237 3085 3400 3150 caput
3427 3087 3508 3135 est
3537 3079 3815 3148 mulieris,

2210 3153 2352 3210 sicut
2388 3165 2451 3216 .et
2498 3157 2750 3216 Christus
2795 3171 2957 3234 caput
3005 3171 3088 3219 est
3115 3165 3400 3235 Ecclesiae,
3429 3167 3544 3238 ipse
3572 3168 3816 3224 salvator

2208 3245 2454 3316 corporis
2482 3243 2620 3316 ejus.
2652 3247 2758 3304 Sed
2793 3259 2856 3306 ut
2891 3251 3138 3309 Ecclesia
3183 3254 3432 3327 subjecta
3459 3265 3540 3314 est
3564 3256 3809 3326 Christo,

2207 3332 2286 3388 ita
2312 3342 2365 3388 et
2391 3336 2650 3393 mulieres
2680 3337 2816 3395 viris
2843 3341 2958 3398 suis
2986 3343 3228 3400 subditae
3250 3345 3362 3401 sint
3393 3347 3452 3402 in
3472 3347 3749 3404 omnibus.
3776 3376 3794 3397 -

2205 3422 2462 3480 Mulieres
2504 3424 2737 3484 subditae
2781 3445 2896 3486 esse
2947 3431 3084 3487 viris
3111 3435 3347 3491 naturali
3379 3436 3493 3508 lege
3515 3435 3802 3508 jubentur,

2205 3511 2334 3584 quia
2376 3513 2626 3571 mulieris
2676 3526 2869 3574 auctor
2910 3520 2999 3575 vir
3056 3530 3170 3590 est;
3203 3523 3351 3581 unde
3377 3525 3520 3583 sicut
3554 3527 3802 3596 domino,

2205 3600 2406 3673 inquit,
2440 3603 2518 3660 ita
2544 3604 2681 3661 viris
2708 3607 2941 3664 subditae
2971 3625 3086 3666 esse
3114 3611 3336 3670 debent.
3369 3613 3512 3671 Hinc
3540 3614 3670 3671 Sara
3693 3616 3805 3672 do—

2205 3692 2418 3750 minum
2455 3696 2686 3753 vocabat
2740 3698 3018 3757 Abraham
3071 3702 3227 3774 (Gen.
3282 3721 3445 3773 xvm,
3480 3707 3610 3780 l2);
3657 3708 3802 3764 sicut

2202 3783 2351 3840 enim
2381 3794 2545 3858 caput
2567 3788 2827 3846 Ecclesia;
2853 3790 3104 3850 Christus
3125 3801 3226 3863 est,
3250 3795 3326 3852 ita
3344 3804 3400 3852 et
3420 3798 3508 3853 vir
3525 3798 3772 3855 mulieris
3785 3845 3798 3856 .

2201 3873 2250 3927 A
2298 3872 2519 3932 Christo
2577 3877 2724 3934 enim
2779 3880 3028 3939 Ecclesia
3079 3886 3315 3958 sumpsit
3364 3886 3610 3956 initium,
3649 3891 3800 3946 unde

2200 3962 2446 4035 subjecta
2489 3975 2571 4023 est
2603 3968 2687 4024 illi
2714 3989 2728 4038 ;
2765 3972 2840 4028 ita
2868 3981 2923 4029 et
2952 3973 3074 4030 viro
3104 3976 3323 4045 mulier,
3356 3986 3420 4034 ut
3457 3977 3526 4034 sit
3552 3977 3794 4037 subdita.

2199 4052 2260 4108 In
2291 4069 2354 4109 eo
2383 4062 2566 4112 tamen
2585 4056 2775 4126 distat,
2798 4062 2928 4134 quia
2948 4063 3148 4121 mulier
3167 4066 3654 4123 consubstantialis
3677 4068 3794 4141 (32)

2197 4143 2319 4199 viro
2349 4152 2430 4201 est
2462 4164 2475 4202 :
2509 4147 2756 4206 Ecclesia
2792 4161 2976 4210 autem
3009 4155 3067 4211 in
3108 4156 3333 4212 nomine
3363 4164 3564 4230 potest,
3593 4174 3705 4215 non
3736 4159 3794 4214 in

2198 4239 2394 4290 natura
2421 4236 2742 4310 participari
2773 4240 3013 4301 Christo.

2266 4322 2446 4394 (Vers.
2470 4325 2680 4401 25-28.)
2721 4353 2741 4376 ε
2766 4330 2910 4401 Viri,
2942 4331 3156 4406 diligite
3179 4349 3382 4391 uxores
3400 4343 3626 4404 vestras,
3648 4337 3792 4394 sicut

2190 4419 2244 4468 et
2267 4411 2518 4472 Christus
2537 4416 2738 4475 dilexit
2761 4419 3084 4492 Ecclesiam,
3110 4430 3164 4479 et
3183 4425 3539 4498 semetipsum
3561 4425 3793 4482 tradidit

2190 4517 2289 4573 pro
2316 4519 2405 4572 ea;
2439 4513 2500 4560 ut
2528 4505 2680 4563 illam
2710 4509 3102 4580 sanctiﬁcaret,
3130 4514 3406 4573 mundans
3431 4531 3548 4571 eam
3571 4515 3790 4571 lavacro

2189 4609 2341 4666 aqua;
2391 4595 2450 4650 in
2491 4596 2658 4651 verbo
2692 4616 2703 4653 :
2735 4605 2798 4653 ut
2839 4598 3127 4658 exhiberet
3169 4601 3286 4676 ipse
3339 4605 3442 4662 sibi
3495 4605 3784 4678 gloriosam

2187 4683 2510 4754 Ecclesiam,
2543 4702 2654 4742 non
2683 4686 2976 4746 habentem
3009 4693 3302 4763 maculam,
3327 4703 3424 4750 aut
3449 4710 3662 4767 rugam,
3688 4703 3782 4750 aut

2185 4771 2395 4845 aliquid
2423 4772 2742 4845 hujusmodi
2763 4795 2775 4833 :
2795 4778 2889 4835 sed
2919 4788 2980 4835 ut
3009 4780 3081 4837 sit
3108 4789 3295 4838 sancta
3321 4790 3374 4838 et
3403 4782 3781 4841 immaculata.

2188 4864 2270 4920 Ita
2296 4872 2350 4921 et
2377 4866 2487 4921 viri
2521 4867 2724 4927 debent
2762 4871 2994 4944 diligere
3025 4889 3225 4932 uxores
3267 4891 3415 4932 suas.
3455 4901 3475 4924 ι
3526 4875 3785 4932 Mulieres

2187 4969 2302 5010 esse
2323 4953 2591 5027 jubentur
2615 4959 2870 5030 subditae,
2903 4970 2956 5018 et
2985 4963 3352 5022 reverentiam
3383 4962 3584 5021 habere
3616 4963 3777 5020 viro-

2179 5141 2271 5217 est.
2304 5137 2528 5196 Amerb.
2563 5148 2617 5196 et
2653 5141 2747 5196 alii
2789 5158 2919 5198 mss.
2955 5144 3274 5215 praferunt,
3306 5142 3413 5200 hac
3447 5162 3562 5217 spes
3589 5144 3780 5200 mortis

2178 5212 2368 5360 es‘(32)
2401 5281 2522 5360 Yet.
2558 5283 2693 5360 edit.
2726 5302 2790 5343 ac
2814 5303 2963 5360 _1_nss.
2999 5286 3233 5360 aliquot,
3257 5288 3385 5360 quia
3413 5288 3608 5344 mulier
3639 5305 3776 5344 con-

2177 5350 2716 5429 substantia;_Bom.
2768 5357 2950 5416 edit...
3005 5350 3462 5429 con'subs'tdntiva;
3497 5359 3593 5416 alii
3637 5375 3768 5416 mss.

2176 5424 2656 5485 consubstantialis.
