4108 6184
231 155 329 220 421

1291 156 1654 218 COMMENT.
1703 154 1776 216 IN
1811 153 2028 216 EPIST.
2076 160 2172 216 AD
2209 154 2455 218 EPHES.

3427 159 3532 220 422

231 301 381 342 rum:
412 285 523 379 viri
561 301 689 342 vero
719 284 794 379 ita
820 284 1051 358 diligere
1080 285 1338 379 mulieres
1363 300 1487 341 suas
1516 283 1814 341 admoncn-
1849 285 1896 345 Α
1929 318 2029 372 χχ,
2055 302 2170 374 12),
2198 310 2261 358 ιιι
2288 302 2586 361 honoriﬁci
2613 303 2727 360 sint
2763 311 3038 377 parentes;
3070 311 3134 362 ut
3159 303 3299 363 bene
3327 317 3528 379 essent,

229 383 333 443 tur,
364 381 425 430 ιιι
451 375 614 430 etiam
645 375 860 431 animas
905 391 1032 431 suas
1077 390 1179 448 pro
1219 373 1332 430 illis
1376 381 1603 446 ponant,
1649 389 1817 431 causa

226 461 536 519 dilectionis
562 463 742 519 zelum
780 463 1046 520 habentes
1083 463 1232 520 circa
1258 463 1511 520 effectum
1545 479 1731 520 earum
1762 470 1817 520 et

225 549 590 623 disciplinam,
646 560 710 608 ut
747 553 1015 625 religiosa
1058 561 1112 609 et
1154 560 1353 609 sancta
1397 552 1527 610 sint.
1583 579 1601 602 ι
1642 554 1812 610 Suum

223 658 411 715 corpus
437 643 626 717 diligit
659 643 799 717 (33),
833 644 927 718 qui
956 660 1186 701 uxorem
1217 661 1372 700 suam
1402 644 1604 717 diligit.
1637 669 1655 692 ι
1697 643 1816 698 Na-

223 729 379 785 turali
432 731 648 787 ratione
702 732 900 789 mulier
940 732 1123 805 portio
1178 732 1427 805 corporis
1466 732 1574 787 viri
1620 740 1722 799 est,
1753 747 1817 791 ac

221 834 310 891 per
355 818 464 875 hoc
520 819 611 875 vir
671 820 726 875 in
779 822 1012 877 muliere
1068 838 1126 878 se
1181 820 1362 894 ipsum
1414 820 1636 893 diligit;
1670 836 1818 893 quo-

220 908 379 965 modo
436 909 488 964 si
532 909 875 978 fornicetur,
935 911 994 966 in
1050 926 1108 966 se
1183 911 1363 982 ipsum
1421 915 1630 981 peccat,
1689 909 1817 981 quia

220 996 326 1053 duo
356 998 416 1054 in
455 1015 617 1056 carne
645 1016 757 1055 una
786 1008 937 1056 sunt.
969 1000 1093 1056 Non
1121 1015 1249 1072 ergo
1277 1015 1522 1072 persona
1552 998 1818 1055 substan-

217 1085 346 1141 tiam
379 1087 663 1155 dividunt,
685 1095 748 1142 ut
768 1103 866 1160 per
891 1103 1151 1160 personas
1174 1103 1440 1143 numerus
1461 1087 1558 1143 ﬁat
1580 1094 1807 1142 natura:

213 1175 304 1230 sed
335 1183 467 1230 sunt
500 1176 557 1230 in
579 1175 794 1232 unitate
814 1183 1045 1232 natura.

283 1262 470 1335 (Vers.
504 1264 623 1336 29.)
669 1288 686 1312 ε
715 1265 888 1321 Nemo
932 1264 1080 1320 enim
1112 1279 1351 1337 unquam
1402 1278 1621 1320 carnem
1655 1278 1809 1318 suam

125 1388 128 1389 ν
210 1350 355 1420 odit,
375 1351 468 1408 sed
483 1352 662 1408 nutrit
683 1359 735 1408 et
750 1352 902 1408 fovet
917 1369 1058 1420 eam,
1081 1352 1224 1408 sicut
1243 1360 1298 1408 et
1336 1350 1591 1410 Christus
1607 1349 1812 1407 Eccle-

205 1440 372 1498 siam.
405 1465 423 1488 ι
464 1441 739 1514 Exemplo
768 1441 1069 1497 Salvatoris
1101 1441 1252 1498 viros
1279 1456 1482 1498 uxores
1513 1457 1640 1496 suas
1668 1439 1811 1496 dili-

211 1543 332 1602 gere
369 1527 655 1586 hortatur:
707 1530 851 1586 sicut
888 1529 1144 1587 Christus
1186 1547 1388 1603 corpus
1429 1546 1594 1586 suum
1631 1528 1812 1585 nutrit

1930 400 1984 449 et
2013 391 2376 465 provectioris
2405 392 2598 449 ﬁerent
2641 393 2829 451 atatis.
2871 393 3166 462 Quomodo
3199 403 3382 453 tamen
3423 397 3530 456 hoc

1925 483 2169 554 primum
2209 486 2352 544 249
2404 482 2722 539 mandatum
2767 483 2933 554 dixit,
2983 499 3111 540 cum
3168 491 3380 541 constet
3418 485 3528 557 pri-

1928 597 2081 636 mum
2113 580 2434 636 mandatum
2465 579 2542 636 ita
2567 581 2858 638 contineri:
2901 605 2918 629 ι
2937 581 3185 639 Nonsint
3212 581 3316 638 tibi
3337 580 3433 637 alii
3453 579 3528 639 cii

1924 678 2122 740 prater
2148 685 2235 726 me
2270 669 2434 740 (Ibid.
2467 669 2548 740 3).
2582 694 2602 717 ι
2645 670 2872 726 Deinde:
2917 697 2936 719 ι
2964 671 3085 728 Νοιι
3116 667 3284 726 facies
3310 668 3417 726 tibi
3441 668 3527 725 si-

1927 758 2047 814 mili
2057 757 2304 813 tudinem
2335 758 2503 813 ullam
2533 774 2882 830 eorum,qua
2899 767 3030 815 sunt
3047 759 3106 815 in
3129 759 3266 817 calo
3283 774 3527 826 sursum,

1924 857 1978 904 et
1998 850 2056 906 in
2073 855 2220 904 terra
2238 847 2496 905 deorsum
2509 848 2682 916 (Ibid.
2706 847 2787 918 4).
2813 871 2831 896 ι
2868 847 3132 903 Tertium:
3174 849 3326 904 «Non
3343 863 3528 904 sumes

1923 954 2128 994 nomen
2144 939 2368 995 Domini
2383 937 2482 994 Dei
2505 938 2586 994 tui
2607 939 2663 993 in
2683 954 2890 994 vanum
2908 938 3078 1007 (Ibid.
3099 939 3176 1008 7).
3201 964 3220 986 ι
3235 938 3524 1005 Quartum:

1940 1050 1958 1073 ι
1987 1028 2342 1093 Observabis,
2365 1028 2570 1100 inquit,
2602 1027 2840 1084 Sabbata
2867 1045 2989 1084 mea
3011 1027 3175 1099 (Ibid.
3205 1027 3286 1097 8).
3305 1050 3324 1076 ι
3359 1027 3531 1094 Quin-

1920 1122 2040 1172 tum
2065 1124 2268 1173 autem:
2317 1141 2334 1164 ι
2362 1117 2583 1171 Honora
2601 1124 2811 1188 patrem
2845 1123 2899 1171 et
2925 1124 3205 1183 matrem;
3234 1123 3340 1171 etc.
3361 1114 3526 1186 (Ibid.

1925 1205 2040 1276 l2).
2089 1204 2194 1261 Sed
2250 1205 2380 1278 quia
2429 1204 2607 1276 prima
2661 1211 2901 1278 quatuor
2946 1203 3206 1260 mandata
3251 1202 3320 1259 ad
3351 1203 3528 1259 Deum

1919 1295 2222 1368 pertinent,
2270 1294 2389 1353 hac
2421 1297 2479 1352 in
2507 1295 2690 1368 prima
2712 1294 2904 1350 tabula
2934 1293 3207 1350 contineri
3245 1292 3529 1349 subintel-

1920 1383 2194 1455 liguntur,
2233 1395 2433 1442 catera
2457 1383 2527 1440 ad
2577 1382 2860 1439 hominem
2883 1391 2948 1438 ut
2978 1381 3212 1438 honoret
3247 1391 3522 1454 parentes,

1921 1489 2034 1529 non
2074 1473 2310 1540 occidat,
2343 1489 2451 1528 non
2483 1472 2810 1540 fornicatur,
2845 1487 2959 1526 non
2996 1471 3230 1538 furetur,
3271 1485 3385 1526 non
3411 1470 3526 1526 fal—

1919 1578 2042 1617 sum
2074 1562 2457 1618 testimonium
2518 1561 2683 1629 dicat,
2732 1576 2910 1632 neque
2934 1558 3237 1632 quidquam
3279 1559 3524 1630 proximi

214 1616 328 1724 (3?)
361 1626 417 1676 θι
458 1618 629 1689 fovet’
663 1619 742 1675 ita
781 1626 836 1676 et
884 1619 975 1675 Vir
1026 1620 1344 1690 mulierem’
1394 1620 1488 1693 qui
1527 1635 1656 1676 eam
1691 1619 1811 1692 ejus
1847 1636 1895 1698 Β
1924 1616 2415 1724 suiconcupiscat.
2723 1616 2980 1704 mandata
3003 1647 3064 1702 in
3081 1616 3322 1702 secunda
3339 1645 3529 1702 tabula

279 1797 450 1869 (Vers
479 1797 598 1870 30.)
650 1821 670 1845 ι
713 1798 988 1866 Quoniam
1022 1798 1268 1855 membra
1311 1813 1502 1855 sumus
1567 1797 1813 1869 corporis

209 1885 347 1958 ejus,
390 1895 446 1943 et
473 1885 543 1942 de
569 1902 734 1942 carne
760 1887 956 1958 ipsius,
989 1895 1043 1943 et
1072 1885 1140 1943 de
1183 1886 1402 1942 ossibus
1449 1884 1586 1958 ejus.
1620 1908 1640 1931 ι
1694 1885 1812 1942 Hoc

208 1976 542 2048 spiritaliter
571 1977 993 2049 intelligendum
1025 1985 1138 2045 est;
1183 1976 1307 2032 ideo
1352 1975 1500 2031 enim
1534 1975 1682 2030 dixit
1711 1990 1813 2030 nos

206 2083 320 2124 esse
353 2066 604 2123 membra
632 2066 768 2138 ejus.
802 2067 932 2140 quia
959 2074 1126 2138 caput
1145 2075 1228 2122 est
1262 2067 1377 2138 ipse
1407 2066 1580 2122 totius
1610 2064 1812 2121 Eccle-

207 2157 328 2224 sia;
354 2163 418 2211 ut
441 2156 574 2228 quia
599 2171 694 2227 per
717 2157 899 2228 ipsum
931 2171 1046 2212 esse
1067 2156 1358 2227 capimus,
1375 2161 1538 2226 caput
1555 2163 1809 2210 nostrum

208 2246 447 2315 dicatur,
480 2245 636 2318 quasi
682 2261 752 2301 ex
799 2262 908 2318 quo
953 2262 1116 2301 omne
1145 2260 1343 2316 corpus
1397 2242 1692 2310 subsistat;
1747 2249 1810 2299 ut

211 2337 460 2394 membra
487 2336 607 2409 ejus
634 2337 816 2394 omnis
836 2336 1102 2409 spiritalis
1141 2343 1390 2392 creatura
1417 2334 1522 2390 sit:
1549 2334 1594 2391 si
1620 2341 1807 2390 tamen

208 2425 262 2481 in
291 2427 522 2483 nomine
541 2425 658 2498 ejus
687 2443 828 2499 genu
855 2426 1057 2483 ﬂectat.

279 2514 468 2584 (Vers.
501 2513 590 2581 31,
625 2514 741 2585 32.)
790 2539 807 2562 ι
835 2515 1065 2586 Propter
1088 2514 1193 2571 hoc
1219 2515 1494 2586 relinquet
1524 2512 1691 2568 homo
1719 2527 1809 2582 pa-

211 2611 345 2661 trem
376 2611 435 2660 et
466 2611 720 2674 matrem,
751 2612 805 2660 et
823 2603 1135 2660 adharebit
1183 2604 1346 2662 uxori
1389 2620 1521 2672 sua,
1567 2609 1622 2659 et
1645 2608 1809 2658 erunt

210 2693 317 2749 duo
347 2694 408 2750 in
440 2709 602 2750 carne
630 2711 741 2751 una
772 2695 928 2766 (Gen.
960 2695 1153 2767 11,24).
1184 2720 1202 2744 ι
1247 2695 1333 2752 Ad
1353 2694 1624 2751 unitatem
1653 2707 1803 2750 com-

209 2784 574 2840 mendandam
608 2785 838 2842 unitatis
867 2785 1020 2842 dedit
1062 2787 1410 2859 exemplum;
1443 2791 1508 2840 ut
1531 2783 1679 2840 sicut
1712 2780 1810 2836 vir

202 2884 254 2930 et
280 2876 488 2932 mulier
518 2893 692 2933 unum
721 2885 854 2934 sunt
882 2894 979 2950 per
1015 2885 1294 2945 naturam,
1322 2877 1400 2932 ita
1441 2883 1497 2930 et
1549 2871 1808 2930 Christus

201 2973 252 3020 et
305 2966 556 3024 Ecclesia
609 2982 782 3022 unum
838 2965 1222 3038 intelligantur
1287 2979 1402 3021 esse
1455 2978 1552 3034 per
1589 2958 1794 3059 'ﬁdem.
1827 2997 1870 3059 Β

214 3078 231 3099 ι
259 3054 586 3127 Mysterium
625 3055 733 3122 hoc
768 3070 1029 3126 magnum
1078 3062 1182 3122 est,
1223 3069 1322 3125 ego
1359 3058 1545 3108 autem
1574 3047 1698 3105 dico
1737 3047 1797 3104 in

201 3143 427 3203 Christo
483 3155 536 3202 et
567 3146 626 3200 in
682 3144 950 3202 Ecclesia.
1006 3168 1024 3190 ι
1093 3142 1343 3215 Mysterii
1400 3147 1799 3197 sacramentum

197 3235 411 3306 grande
441 3238 499 3291 in
527 3235 741 3290 unitate
770 3233 880 3289 viri
910 3248 974 3288 ac
999 3233 1220 3288 femina
1237 3248 1351 3289 esse
1371 3230 1665 3304 signiﬁcat.
1693 3229 1802 3286 Nec

195 3325 306 3382 hoc
327 3325 539 3396 prodit,
573 3325 668 3380 sed
700 3324 864 3379 aliam
905 3339 1121 3380 causam
1159 3339 1280 3396 qua
1322 3338 1434 3378 non
1465 3319 1741 3377 discordet
1768 3337 1800 3376 a

192 3422 508 3470 memorato
529 3415 790 3487 mysterio
817 3413 1043 3486 ﬂagitat,
1077 3430 1240 3486 quam
1261 3412 1366 3469 scit
1393 3411 1462 3468 ad
1493 3411 1800 3484 profectum

196 3503 441 3560 humani
471 3504 685 3576 generis
716 3504 1009 3576 pertinere,
1051 3501 1158 3560 hoc
1184 3510 1266 3558 est
1292 3500 1556 3558 Ecclesia
1585 3507 1638 3556 et
1667 3499 1798 3555 Sal-

199 3593 441 3660 vatoris;
495 3601 556 3648 ut
602 3592 748 3650 sicut
793 3591 1001 3648 relictis
1042 3591 1384 3664 parentibus,
1435 3589 1604 3646 homo
1633 3589 1803 3644 uxori

202 3699 305 3738 sua
336 3681 602 3750 adharet,
655 3681 731 3737 ita
785 3688 839 3737 et
887 3681 1084 3737 relicto
1125 3679 1279 3736 omni
1307 3694 1516 3748 errore,
1554 3676 1805 3734 Ecclesia

205 3772 474 3831 adhareat
493 3783 546 3830 et
566 3772 894 3845 subjiciatur
922 3771 1089 3845 capiti
1119 3787 1242 3841 suo,
1263 3770 1410 3844 quod
1422 3777 1503 3826 est
1524 3767 1800 3826 Christus.

285 3888 304 3912 ι
332 3863 735 3922 Verumtamen
767 3870 821 3918 et
862 3879 961 3918 vos
999 3861 1226 3934 singuli,
1251 3859 1630 3933 unusquisque
1649 3873 1803 3914 suam

209 3969 433 4010 uxorem
453 3961 514 4009 ut
529 3970 585 4009 se
596 3952 808 4025 diligat:
831 3953 1032 4008 mulier
1051 3959 1234 4008 autem
1257 3959 1318 4006 ut
1337 3951 1533 4006 timeat
1547 3949 1728 4005 virum
1741 3991 1753 4003 .
1771 3971 1791 3995 ι

207 4041 479 4109 Quoniam
511 4058 622 4098 una
650 4049 848 4098 natura
877 4043 934 4098 in
961 4041 1087 4097 viro
1123 4049 1179 4097 et
1219 4039 1424 4095 femina
1452 4047 1556 4108 est,
1597 4036 1806 4095 idcirco

209 4131 288 4187 vir
315 4132 476 4206 quasi
497 4147 552 4187 se
575 4132 778 4204 ipsum,
814 4132 892 4188 ita
912 4130 1197 4186 mulierem
1229 4128 1464 4201 diligere
1491 4142 1805 4186 commone-

209 4225 324 4288 tur;
356 4219 566 4276 mulier
598 4228 805 4289 autem,
838 4219 969 4292 quia
996 4233 1230 4292 persona
1246 4217 1481 4273 inferior
1511 4223 1594 4272 est
1617 4214 1806 4272 condi-

210 4307 364 4365 tionis
388 4325 582 4370 causa,
613 4324 730 4364 non
758 4315 992 4378 natura,
1022 4307 1146 4363 viro
1179 4304 1426 4378 subjecta
1453 4304 1648 4361 timere
1679 4319 1805 4361 eum

206 4395 449 4467 jnbetur.

821 4522 1048 4580 CAPUT
1088 4521 1184 4581 VI.

277 4633 465 4703 (Vers.
502 4632 552 4700 1,
573 4631 654 4705 2.)
689 4656 707 4680 ‹
725 4631 878 4702 Filii,
897 4630 1158 4688 obaudite
1177 4626 1500 4702 parentibus
1519 4624 1717 4681 vestris
1744 4623 1803 4679 in

214 4720 467 4791 Domino,
500 4723 608 4780 hoc
627 4723 774 4778 enim
792 4721 1003 4794 justum
1021 4730 1103 4778 est
1128 4739 1140 4777 :
1171 4721 1392 4777 Honora
1414 4727 1623 4790 patrem
1643 4724 1802 4772 tuum

215 4817 261 4863 et
295 4820 552 4868 matrem.
585 4837 604 4860 ι
667 4811 783 4867 Lex
828 4811 990 4867 datur
1035 4810 1190 4876 ﬁliis,
1218 4818 1280 4866 ut
1307 4808 1438 4882 quia
1482 4804 1804 4880 parentibus

217 4899 528 4955 auctoribus
557 4907 835 4968 constant,
867 4899 1128 4956 obediant
1148 4898 1264 4966 eis;
1292 4897 1505 4969 justum
1534 4893 1682 4951 enim
1721 4900 1804 4950 est

219 4994 271 5044 ut
297 4990 666 5045 reverentiam
701 4987 1002 5044 exhibeant
1029 4987 1129 5055 eis,
1163 5002 1259 5058 per
1288 5001 1426 5058 quos
1455 4991 1604 5039 sunt.

280 5077 558 5149 (Vers.3.)
601 5102 620 5126 ι
650 5076 811 5145 Quod
840 5084 923 5133 est
955 5075 1273 5132 mandatum
1295 5073 1536 5147 primum
1567 5071 1801 5144 promis-

222 5165 401 5233 sionis,
456 5175 604 5224 utet
644 5166 785 5223 bene
830 5167 905 5223 sit
948 5163 1075 5234 tibi,
1120 5173 1173 5221 et
1201 5165 1276 5221 sis
1331 5164 1615 5235 longavus
1641 5176 1804 5232 super

225 5260 431 5314 terram.
457 5283 476 5308 ι
509 5256 810 5313 Promissio
835 5255 1027 5312 hacin
1046 5251 1244 5310 Exodo
1262 5252 1576 5310 continetur
1593 5248 1798 5323 (Exod.

289 5451 402 5526 (33)
453 5453 630 5526 Hom._
658 5450 792 5510 edit.
843 5451 999 5526 sola,
1025 5449 1089 5507 Se
1127 5448 1303 5520 ipsum
1360 5445 1552 5526 diligit.
1595 5445 1802 5526 Eadem

229 5517 347 5580 vero
382 5517 519 5584 'ant.
569 5523 704 5585 edit.
754 5540 817 5583 ac
844 5517 1033 5597 paucis
1079 5517 1234 5590 mss,
1281 5517 1531 5592 quoniam
1582 5519 1629 5573 si
1674 5517 1802 5588 for—

1927 1741 2190 1796 videntur
2249 1740 2479 1812 scripta,
2529 1754 2765 1812 quorum
2802 1737 3040 1808 primum
3077 1743 3185 1792 est:
3232 1757 3252 1782 ι
3306 1735 3529 1792 Honora

1923 1837 2137 1903 patrem
2164 1838 2218 1886 et
2248 1838 2500 1885 matrem.
2532 1851 2551 1876 ι
2603 1827 2718 1883 Hac
2746 1841 2912 1882 causa
2940 1839 3069 1894 ergo
3097 1822 3263 1879 dixit:
3319 1847 3338 1870 ι
3368 1824 3526 1892 Quod

1924 1927 2006 1975 est
2033 1917 2352 1974 mandatum
2385 1917 2626 1990 primum
2657 1915 2716 1970 in
2744 1912 3143 1987 promissione;
3167 1937 3185 1960 ι
3216 1920 3278 1969 ιιι
3304 1911 3528 1971 discer-

1933 2016 2087 2064 neret
2116 2007 2260 2064 inter
2288 2005 2547 2063 mandata
2573 2021 2695 2078 qua
2723 2003 2792 2060 ad
2828 2004 3025 2071 Deum,
3057 2008 3112 2057 et
3135 2000 3283 2058 inter
3301 2018 3364 2059 ea
3396 2017 3516 2076 qua

1924 2097 1995 2154 ad
2023 2097 2305 2152 hominem
2332 2095 2629 2170 pertinent.

1999 2187 2186 2260 (Vers.
2221 2185 2302 2258 4.)
2339 2210 2356 2233 ι
2383 2186 2455 2242 Ει
2486 2202 2604 2250 vos,
2635 2190 2836 2256 patres,
2867 2181 3040 2238 nolite
3077 2180 3146 2237 ad
3179 2179 3521 2238 iracundiam

1927 2293 2227 2350 provocare
2267 2276 2411 2333 ﬁlios
2457 2281 2689 2341 vestros,
2733 2270 2827 2329 sed
2869 2271 3094 2327 educate
3131 2269 3258 2327 illos
3303 2270 3364 2327 in
3425 2270 3522 2327 di-

1921 2366 2170 2439 sciplina
2199 2373 2253 2421 et
2281 2363 2627 2437 correptione
2655 2361 2902 2418 Domini.
2933 2385 2952 2408 ι
2986 2360 3056 2416 Ut
3086 2359 3176 2415 lex
3213 2360 3384 2432 possit
3412 2376 3522 2416 ser-

1933 2459 2074 2527 vari,
2101 2475 2208 2532 qua
2237 2465 2462 2514 cautum
2491 2465 2595 2523 est,
2621 2463 2683 2510 ut
2713 2452 2818 2508 ﬁlii
2848 2451 3218 2509 honoriﬁcent
3246 2459 3519 2525 parentes:

1924 2548 2247 2618 parentibus
2276 2559 2495 2620 quoque
2538 2544 2647 2599 alia
2691 2544 2782 2598 lex
2829 2542 2897 2596 ab
2952 2542 3218 2612 Apostolo
3245 2540 3428 2608 datur,
3460 2548 3522 2597 ut

1920 2641 2004 2697 sic
2033 2640 2288 2696 imbuant
2328 2638 2500 2704 ﬁlios,
2547 2652 2616 2691 ne
2646 2633 2905 2689 mandata
2953 2633 3087 2703 legis
3124 2639 3520 2701 contemnant;

1925 2730 2057 2802 quia
2075 2730 2122 2785 si
2159 2729 2217 2784 in
2246 2727 2447 2783 timore
2475 2722 2700 2780 Domini
2725 2720 2933 2776 fuerint
2979 2717 3232 2787 enutriti,
3262 2726 3521 2790 poterunt

1925 2818 2218 2875 observare
2263 2832 2386 2888 qua
2437 2819 2710 2886 pracepta
2769 2818 2918 2866 sunt.
2974 2809 3110 2865 Nam
3154 2806 3202 2864 si
3261 2806 3329 2862 ad
3383 2806 3520 2864 iram

1925 2913 2231 2982 provocant
2262 2905 2431 2972 ﬁlios,
2466 2919 2568 2959 nec
2600 2902 2703 2974 ipsi
2732 2899 2959 2956 modum
2989 2898 3124 2970 legis
3161 2895 3519 2960 custodiunt;

1905 3012 2098 3070 cogere
2129 2997 2277 3051 enim
2310 3009 2404 3049 eos
2427 2992 2709 3060 videntur,
2752 2997 2814 3046 ut
2860 2987 3322 3062 pravaricatores
3352 2985 3524 3041 inve-

1910 3089 2160 3146 niantur.
2193 3084 2254 3139 In
2284 3082 2368 3139 ira
2395 3083 2543 3139 enim
2588 3096 2758 3136 nemo
2797 3077 3045 3152 agnoscit
3083 3075 3218 3149 quid
3244 3074 3318 3132 sit
3345 3074 3516 3142 utile;

1910 3182 2121 3239 idcirco
2150 3176 2573 3250 temperantiam
2610 3183 2903 3248 parentum
2926 3173 3179 3245 exemplo
3207 3170 3409 3227 debent
3427 3169 3518 3226 ad-

1884 3272 2139 3338 discere,
2172 3277 2234 3325 ut
2265 3283 2386 3340 qua
2435 3266 2599 3322 utilia
2653 3271 2812 3332 sunt,
2863 3270 3159 3319 sectentur.
3204 3260 3517 3318 Meminisse

1908 3359 2059 3418 enim
2088 3357 2292 3414 debent
2332 3357 2542 3423 Patres,
2587 3355 2723 3428 quia
2776 3362 2831 3409 et
2875 3353 2980 3425 ipsi
3035 3351 3261 3406 fuerunt
3306 3348 3432 3416 ﬁlii,
3460 3357 3516 3404 et
3603 3400 3612 3403 -

1909 3449 2214 3506 noluerunt
2241 3446 2436 3518 utique
2469 3439 3117 3513 exacerbariapatribus.
3151 3437 3280 3493 Filii
3301 3452 3518 3511 quoque

1909 3553 2236 3610 cognoscere
2256 3535 2460 3592 debent
2475 3533 2622 3608 quod
2652 3531 2828 3589 futuri
2849 3535 2979 3586 sunt
3004 3537 3202 3601 patres,
3221 3533 3274 3581 et
3303 3525 3513 3583 nollent

1911 3627 2239 3684 inhonorari
2272 3626 2340 3683 ab
2380 3626 2480 3682 eis.
2518 3623 2730 3680 Idcirco
2766 3621 2988 3694 utrique
3026 3617 3324 3676 exhibeant
3357 3616 3516 3673 invi-

1912 3734 2054 3786 cem,
2077 3715 2225 3791 quod
2252 3715 2558 3789 exquirunt
2580 3713 2647 3770 ab
2676 3711 2940 3769 invicem.

1988 3807 2174 3880 (Vers.
2200 3806 2282 3878 5.)
2316 3804 2526 3872 «Servi,
2554 3802 2774 3859 ohedite
2795 3800 3040 3857 dominis
3053 3798 3367 3856 carnalibus
3385 3813 3512 3853 cum

1912 3896 2113 3953 timore
2132 3902 2187 3951 et
2215 3901 2456 3950 tremore
2494 3891 2553 3946 in
2584 3890 2940 3963 simplicitate
2969 3888 3152 3946 cordis
3178 3886 3348 3944 vestri
3370 3885 3517 3941 sicut

1915 3984 2158 4043 Christo.
2183 4007 2202 4032 ›
2247 3982 2520 4050 Quoniam
2540 3980 2790 4036 omnium
2806 3977 3102 4036 sublimior
3119 3983 3173 4032 et
3184 3975 3301 4031 sola
3320 3979 3515 4044 potens

1915 4084 1998 4133 est
2026 4074 2220 4147 religio
2241 4080 2448 4142 nostra,
2467 4079 2520 4129 et
2542 4088 2663 4146 qua
2681 4069 3034 4128 credentibus
3059 4066 3325 4122 calorum
3349 4074 3517 4129 regna

1915 4165 2246 4238 pollicetur:
2281 4179 2350 4218 ne
2377 4162 2482 4218 hac
2511 4161 2680 4233 igitur
2709 4173 2872 4216 causa
2903 4151 3163 4224 superbia
3198 4152 3518 4238 nasceretur

1915 4235 2260 4320 hominibus,
2277 4266 2468 4308 omnes
2489 4247 2676 4304 debita
2694 4242 3080 4302 conditionum
3095 4238 3186 4292 vel
3205 4235 3512 4292 ofﬁciorum

1831 4369 1882 4430 Β
1916 4343 2268 4417 prasentium
2294 4340 2562 4413 jubentur
2595 4335 2918 4399 exsolvere;
2963 4337 3026 4386 ut
3064 4337 3117 4384 et
3159 4326 3332 4426 magis
3362 4324 3514 4382 inci-

1913 4415 2033 4492 tent
2060 4431 2396 4505 perﬁdorum
2439 4425 2656 4482 animos
2711 4422 2780 4479 ad
2840 4420 3116 4479 culturam
3171 4415 3292 4486 Dei,
3348 4432 3511 4490 quam

1914 4523 2110 4581 vident
2137 4530 2190 4579 et
2213 4521 2419 4594 justam
2436 4527 2491 4575 et
2510 4515 2802 4573 humilem.
2827 4511 3094 4571 Videntes
3119 4509 3267 4565 enim
3297 4505 3512 4563 domini

1916 4611 2235 4668 meliorasse
2263 4626 2472 4679 servos,
2501 4616 2555 4665 et
2579 4607 2640 4664 in
2653 4603 2946 4663 reddendis
2983 4599 3260 4674 obsequiis
3276 4596 3514 4654 ﬁdeliter

1916 4701 2231 4778 profecisse,
2261 4701 2408 4774 quod
2473 4705 2760 4754 merentur
2786 4711 2916 4752 cum
2957 4691 3111 4748 omni
3143 4688 3392 4778 libertate
3419 4701 3514 4740 ex-

1913 4773 2160 4849 solvunt.
2193 4773 2350 4845 Servi
2382 4804 2600 4861 quoque
2627 4787 2760 4842 dum
2774 4789 3009 4841 cernunt
3031 4773 3510 4836 mansuetudinem

1913 4881 2294 4948 dominorum,
2321 4878 2475 4934 omni
2507 4874 2772 4931 aviditate
2793 4872 3193 4945 concupiscunt
3211 4865 3400 4933 ﬁdem,
3420 4878 3512 4919 cu-

1907 4971 2001 5046 jus
2055 4979 2169 5028 tam
2208 4967 2450 5043 placidis
2488 4965 2813 5024 retinaculis
2851 4962 3228 5035 gubernantur
3258 4956 3516 5046 humana

1913 5042 2112 5120 oﬂicia.
2145 5042 2282 5118 Nam
2311 5067 2365 5116 et
2394 5057 2490 5131 qui
2538 5056 2596 5112 in
2653 5053 2978 5112 conditione
3007 5058 3111 5119 est,
3169 5047 3218 5103 si
3255 5042 3514 5103 habuerit

1912 5155 2205 5222 famulum,
2236 5168 2348 5208 non
2377 5151 2498 5206 vult
2527 5149 2809 5208 contemni
2848 5145 2918 5202 ab
2969 5159 3071 5212 eo;
3131 5139 3366 5211 ideoque
3411 5149 3513 5222 nec

1915 5243 2029 5317 ipse
2053 5219 2218 5299 debet
2243 5246 2595 5298 contemnere
2614 5235 2904 5294 dominum
2924 5246 3119 5292 suum:
3153 5234 3206 5283 et
3231 5226 3376 5284 sicut
3393 5219 3512 5277 vult

1912 5446 2108 5586 π’ῗέῖἷ
2123 5483 2396 5570 ’ΝοωιιιΠί
2427 5523 2584 5579 mss.,
2609 5521 2742 5582 opus
2771 5518 2926 5565 suum
2953 5497 3144 5566 nutrit,
3173 5503 3280 5554 etc.
