4108 6184
517 245 622 306 423

1559 255 1652 311 AD
1693 253 1925 313 OPERA
1965 254 2019 311 S.
2051 254 2381 314 AMBROSII
2420 257 2798 318 APPENDIX.

3718 266 3826 325 424

518 392 673 447 agere
702 393 886 432 secum
917 377 1203 434 dominum
1232 398 1413 448 suum,
1448 380 1525 435 ita
1555 389 1607 435 et
1639 382 1754 454 ipse
1781 399 1936 454 agere
1950 382 2110 438 debet
2143 390 2194 448 Α
2224 384 2572 440 tenebrarum
2604 385 2662 441 in
2687 403 3009 458 perversum
3055 387 3400 459 intelligendi
3439 398 3572 445 sunt
3612 393 3826 464 guber-

517 482 644 522 cum
675 482 855 536 servo,
888 473 942 522 et
963 467 1042 523 sic
1071 468 1274 540 poterit
1305 470 1514 540 placere
1541 471 1672 526 Deo.

589 583 772 654 (Vers.
805 583 857 650 6,
896 584 947 649 7,
978 583 1059 655 8.)
1090 608 1108 631 ‹
1130 585 1249 641 Non
1278 584 1344 640 ad
1365 587 1587 642 oculum
1611 587 1931 658 servientes,
1953 593 2109 663 quasi

514 671 835 729 hominibus
864 675 1173 746 placentes;
1206 676 1301 730 sed
1330 683 1390 732 ut
1410 677 1554 732 servi
1587 676 1814 745 Christi,
1845 679 2113 736 facientes

513 761 854 820 voluntatem
877 765 973 820 Dei
993 781 1057 820 ex
1074 765 1280 833 animo,
1307 782 1433 822 cum
1451 766 1790 838 benignitate
1810 770 2111 828 servientes

513 853 656 909 sicut
677 855 933 922 Domino,
967 863 1020 910 et
1051 873 1161 911 non
1191 864 1253 911 ut
1295 857 1648 925 hominibus;
1698 860 1932 916 scientes
1964 862 2108 932 quod

511 947 888 1020 unusquisque
919 948 1284 1022 quodcunque
1310 949 1498 1005 fecerit
1527 949 1733 1005 bonum
1766 994 1781 1018 ,
1828 951 1934 1008 hoc
1966 968 2109 1007 con—

510 1042 773 1107 sequetur
800 1053 831 1092 a
857 1037 1118 1106 Domino,
1146 1039 1263 1093 sive
1280 1054 1492 1107 servus,
1514 1038 1630 1093 sive
1647 1039 1806 1094 liber.
1829 1065 1847 1087 ι
1878 1040 2108 1111 Propter

509 1124 765 1180 timorem
797 1126 896 1180 Dei
922 1125 1072 1196 justa
1091 1134 1144 1181 et
1160 1126 1346 1181 ﬁdelia
1367 1127 1490 1182 vult
1509 1127 1831 1184 hominibus
1851 1128 2105 1186 exhiberi

509 1216 755 1281 servitia;
791 1216 904 1269 Deo
933 1215 1081 1270 enim
1111 1216 1302 1284 servit,
1321 1215 1477 1287 cujus
1491 1216 1616 1288 jura
1637 1217 1693 1272 in
1712 1218 1990 1290 obsequiis
2010 1219 2105 1275 do-

512 1303 648 1358 mini
677 1303 912 1359 carnalis
923 1304 1188 1372 custodit,
1208 1322 1371 1377 quem
1400 1306 1506 1361 sibi
1530 1307 1801 1378 projustis
1818 1307 2103 1364 actibusin

506 1391 597 1447 die
622 1391 822 1461 judicii
851 1393 1028 1448 vicem
1058 1393 1307 1462 reddere,
1338 1402 1392 1449 et
1420 1396 1632 1450 cateris
1661 1396 1919 1453 omnibus
1949 1397 2104 1453 audit

507 1483 714 1538 testari.
739 1481 870 1550 Qua
911 1499 998 1539 res
1042 1491 1221 1555 potest
1267 1485 1534 1556 proﬁcere
1576 1486 1739 1542 etiam
1771 1486 1838 1542 ad
1869 1489 2101 1544 salutem

507 1570 892 1640 dominorum;
929 1572 1185 1628 videntes
1215 1575 1390 1642 enim,
1443 1574 1592 1647 quod
1621 1575 1849 1633 difficile
1883 1587 1966 1634 est
1993 1595 2100 1635 ser-

506 1676 604 1715 vos
632 1676 728 1732 per
755 1661 855 1716 Dei
891 1661 1119 1731 gratiam
1149 1661 1322 1718 factos
1354 1662 1542 1720 ﬁdeles
1572 1664 1875 1735 ministros,
1908 1674 2099 1739 potue-

506 1758 637 1806 runt
664 1749 764 1806 Dei
791 1750 1021 1820 gloriam
1047 1751 1380 1809 collaudare.

580 1863 762 1934 (Vers.
795 1863 874 1936 9.)
912 1890 929 1912 ‹
961 1865 1032 1922 Εῐ
1054 1882 1173 1936 vos,
1201 1867 1435 1937 domini,
1464 1869 1651 1927 eadem
1678 1871 1840 1928 facite
1860 1871 1928 1928 ad
1951 1873 2100 1941 illos,

504 1953 844 2008 remittentes
870 1952 1078 2011 minas:
1115 1955 1351 2013 scientes
1393 1958 1539 2030 quod
1573 1967 1626 2014 et
1673 1969 1854 2017 vester
1897 1969 1950 2018 et
1980 1963 2102 2018 illo-

503 2057 623 2097 rum
666 2042 935 2099 Dominus
963 2052 1043 2099 est
1071 2043 1128 2098 in
1160 2045 1333 2114 caelis,
1365 2055 1420 2102 et
1467 2064 1825 2119 personarum
1856 2068 1969 2107 non
2021 2059 2102 2108 est

502 2131 744 2203 acceptio
774 2133 918 2204 apud
945 2149 1091 2189 eum.
1114 2159 1132 2182 ›
1165 2135 1286 2190 Non
1309 2135 1622 2207 ignorantes
1640 2140 1834 2213 utique
1859 2141 2100 2197 carnales

502 2221 715 2278 domini
747 2224 921 2279 Deum
952 2225 1201 2281 omnium
1245 2225 1533 2284 dominum
1581 2247 1695 2288 esse
1725 2247 2096 2302 communem,

500 2310 633 2367 talia
664 2311 889 2385 exigant
919 2313 1168 2384 servitia,
1201 2317 1384 2388 qualia
1429 2334 1460 2373 a
1503 2333 1561 2374 se
1591 2319 1737 2391 exigi
1776 2337 1889 2376 non
1919 2322 2101 2378 ferant

501 2417 661 2473 agre.
695 2402 757 2458 In
793 2419 901 2476 qua
920 2403 1069 2459 enim
1097 2404 1221 2478 quis
1252 2422 1508 2463 mensura
1551 2410 1974 2480 mensuraverit,
2016 2427 2098 2466 re-

500 2491 761 2547 metietur
787 2491 871 2548 illi
906 2494 1117 2566 (Matth.
1149 2512 1252 2564 vn,
1289 2495 1366 2568 1);
1415 2497 1687 2556 Dominus
1735 2499 1882 2556 enim
1911 2499 2096 2573 justus

493 2578 667 2653 judex
699 2599 887 2640 causas
916 2585 1200 2654 discernit,
1242 2602 1352 2643 non
1372 2604 1648 2660 personas.

575 2697 760 2772 (Vers.
802 2700 915 2773 10.)
963 2726 982 2750 ε
1018 2703 1096 2758 De
1116 2709 1334 2772 catero,
1366 2704 1581 2774 fratres,
1616 2706 2004 2763 confortamini
2035 2708 2093 2764 in

508 2787 772 2859 Domino,
799 2798 853 2846 et
883 2792 944 2845 in
979 2795 1225 2863 potentia
1251 2794 1477 2850 virtutis
1506 2795 1641 2866 ejus.
1676 2822 1694 2844 ι
1751 2797 1881 2854 Post
1908 2797 2095 2853 omnia

506 2878 718 2932 monita
747 2878 864 2948 (35)
905 2886 960 2933 et
1009 2879 1378 2948 hortamenta,
1419 2890 1472 2936 et
1501 2883 1805 2956 disciplina
1840 2887 2091 2944 ordinem

502 2963 770 3020 traditum
799 2965 1071 3036 religiose,
1096 2974 1148 3022 et
1177 2967 1591 3040 dispositionem
1622 2974 1873 3044 mysterii
1903 2977 2092 3032 mani—-

501 3050 718 3122 festam,
749 3052 1002 3110 robustos
1049 3055 1175 3111 illos
1223 3058 1345 3113 vult
1377 3074 1491 3115 esse
1530 3059 1588 3115 in
1616 3059 1723 3117 ﬁde
1751 3061 1954 3120 ﬁducia
1980 3081 2091 3138 po—

496 3141 714 3196 testatis
741 3143 866 3209 Dei;
897 3151 959 3198 ut
1003 3144 1240 3202 scientes
1268 3145 1483 3205 ﬁrmam
1516 3165 1630 3207 esse
1659 3167 1808 3224 spem
1847 3135 2092 3226 proniis-
2123 3135 2166 3194 θ

494 3232 685 3301 sionis,
727 3235 969 3307 prompti
1019 3235 1131 3292 sint
1179 3238 1325 3295 circa
1385 3240 1647 3314 obsequia
1675 3245 1798 3311 Dei,
1823 3244 2092 3318 erigentes

493 3321 864 3394 gubernacula
891 3335 1085 3383 contra
1122 3325 1324 3385 ﬂuctus
1355 3329 1955 3405 excitosimprudentia
1987 3335 2089 3389 ini-

494 3413 643 3468 mici.
677 3413 1075 3487 Tempestatem
1132 3418 1280 3475 enim
1342 3421 1442 3477 Dei
1515 3424 1691 3480 servis
1748 3431 2084 3493 commovet,

492 3501 585 3558 sed
626 3502 738 3574 ipse
769 3506 1117 3578 naufragium
1148 3509 1300 3566 facit.

572 3621 717 3680 250
750 3619 933 3690 (Vers.
970 3622 1055 3690 11,
1091 3621 1203 3694 12.)
1250 3647 1268 3670 ι
1299 3623 1603 3683 Induimini
1629 3643 1730 3685 vos
1780 3645 1934 3687 arma
1961 3632 2084 3702 Dei,

492 3719 552 3771 ut
580 3715 802 3788 possitis
855 3725 997 3774 stare
1053 3719 1313 3778 adversus
1373 3725 1643 3782 nationes.
1702 3753 1720 3776 ι
1766 3730 1936 3784 Arma
1985 3732 2084 3787 Dei

491 3804 626 3860 ﬁdes
669 3813 752 3861 est
797 3807 1032 3874 stabilis,
1065 3827 1162 3882 per
1215 3828 1381 3886 quam
1437 3815 1609 3871 solam
1661 3833 1873 3891 semper
1904 3820 2087 3877 victus

489 3901 570 3949 est
597 3895 843 3953 Satanas.
886 3922 906 3946 ι
957 3897 1228 3965 Quoniam
1263 3919 1375 3958 non
1404 3911 1486 3960 est
1517 3905 1675 3962 vobis
1705 3907 1852 3966 lucta
1879 3908 2082 3966 adver-

487 4001 580 4040 sus
616 4001 838 4042 carnem
863 3995 918 4044 et
963 3989 1311 4062 sanguinem,
1359 3995 1454 4050 sed
1503 3995 1766 4053 adversus
1795 3998 2082 4070 principa-

488 4080 576 4131 tus
605 4083 660 4131 et
689 4083 984 4148 potestates
1014 4077 1182 4150 hujus
1211 4081 1405 4138 mundi
1455 4082 1593 4154 (36),
1627 4085 1890 4143 adversus
1921 4096 2083 4144 tene-

486 4162 707 4220 brarum
737 4165 934 4222 harum
974 4175 1234 4238 rectores,
1292 4171 1554 4228 adversus
1584 4174 1856 4246 spiritalia
1891 4177 2081 4250 nequi-

486 4251 598 4338 tia,
629 4268 748 4324 qua
795 4263 925 4309 sunt
969 4256 1027 4311 in
1079 4259 1416 4317 calestibus.
1450 4287 1468 4311 ιι
1540 4263 1734 4321 Certus
1786 4267 2080 4338 Apostolus

485 4337 615 4411 quia
642 4340 834 4410 exitia,
867 4359 987 4415 qua
1018 4361 1050 4400 a
1095 4347 1322 4417 perﬁdis
1357 4352 1458 4408 Dei
1489 4351 1713 4410 famulis
1746 4337 2075 4428 irrOgantur,

484 4435 706 4484 auctore
734 4429 980 4497 diabolo,
1012 4434 1421 4508 ministrantur,
1453 4442 1611 4514 cujus
1639 4445 1875 4502 altitudo
1905 4463 2076 4519 gran-

484 4517 571 4573 dis
611 4518 1014 4578 ethominibus
1042 4523 1408 4596 impossibilis
1437 4540 1546 4600 est;
1595 4543 1785 4591 monet
1821 4517 2082 4594 adversus

484 4605 601 4664 hac
630 4624 781 4664 arma
808 4609 907 4666 Dei
942 4613 1226 4682 sumenda,
1282 4616 1441 4690 cujus
1486 4621 1658 4678 solius
1685 4624 1889 4683 virtute
1917 4644 2071 4700 supe-

484 4705 676 4753 rantur
694 4707 748 4754 et
773 4699 1140 4759 destruuntur
1165 4706 1353 4762 omnia
1379 4709 1822 4771 machinamenta
1842 4699 2068 4776 diaboli.

481 4786 601 4856 Ipse
623 4794 705 4842 est
753 4788 903 4844 enim
953 4791 1114 4863 cujus
1154 4795 1423 4854 satellites
1463 4808 1614 4871 sunt,
1651 4820 1788 4875 quos
1824 4807 2070 4863 tenebra-

481 4893 604 4936 rum
635 4877 831 4935 harum
877 4880 1018 4938 dicit
1047 4891 1304 4955 rectores,
1339 4889 1566 4960 spiritus
1599 4896 1940 4968 nequissimi,
1973 4898 2069 4970 qui

479 4967 686 5042 degunt
737 4972 793 5028 in
832 4975 1172 5045 coelestibus,
1230 4979 1288 5033 in
1344 4980 1689 5041 ﬁrmamento
1733 4987 1946 5044 mundi.
1990 4967 2068 5046 —Hi

478 5070 608 5118 sunt
635 5065 838 5122 erroris
871 5065 1059 5135 duces,
1110 5070 1463 5129 tenebrarum
1512 5084 1766 5146 rectores,
1813 5077 1919 5135 hoc
1962 5088 2064 5151 est,

479 5151 803 5225 ignorantia
856 5165 910 5213 et
957 5156 1202 5229 perﬁdia
1252 5165 1549 5235 praepositi.
1608 5168 1864 5225 Rectores
1917 5171 2063 5226 enim

553 5334 670 5411 (35)
702 5335 829 5394 Vet.
866 5336 1000 5395 edit.
1037 5356 1101 5396 ac
1129 5341 1350 5469 quidam
1386 5359 1540 5413 mss.,
1580 5344 1707 5402 Post
1751 5348 1927 5405 omnia
1963 5370 2064 5407 me-

553 5426 626 5469 a;
656 5410 814 5466 Rom.
842 5409 977 5466 edit.
1012 5419 1066 5468 et
1112 5414 1209 5469 aii
1250 5431 1381 5469 mss.
1426 5457 1439 5469 .
1487 5459 1498 5469 .
1539 5459 1552 5469 .
1599 5459 1612 5469 .
1653 5421 1889 5469 monita:
1923 5423 2060 5469 infra

474 5408 814 5474 rita;'Rom.
842 5409 977 5466 edit.
1012 5419 1066 5468 et
1112 5408 1381 5488 aliimss.
1426 5457 1439 5473 .
1599 5459 1612 5474 .
1653 5421 1889 5488 monita;
1921 5423 2066 5481 infra

475 5493 716 5561 veroex
746 5497 875 5564 mss.
919 5498 1031 5538 non
1078 5485 1267 5564 paucis
1305 5487 1667 5564 reposuimus,
1707 5485 2064 5564 imprudentia

475 5548 698 5638 inimici,
728 5553 842 5638 ubi.
885 5548 1097 5636 omnes
1133 5556 1267 5614 edit.
1316 5548 1382 5615 et“
1421 5575 1547 5617 mss.
1597 5548 1809 5636 aliquo‘t
1836 5548 2061 5638 habent,

469 5619 798 5688 impudentia
821 5622 1045 5702 inimici.

2223 489 2374 541 nare,
2408 475 2564 547 quasi
2595 476 3005 534 incredulitatis
3037 475 3303 550 magistri.

2296 563 2477 632 (Vers.
2516 565 2722 637 13-17.)
2767 591 2786 612 ι
2833 565 2960 624 Ideo
2990 568 3224 639 accipite
3257 569 3683 629 universitatem
3723 590 3827 630 ar-

2222 668 2458 718 morum,
2501 663 2562 710 ut
2625 656 2846 726 possitis
2896 658 3147 714 resistere
3193 658 3251 713 in
3309 659 3397 714 die
3439 662 3602 729 malo,
3661 671 3718 718 et
3763 664 3825 720 in

2221 741 2480 797 omnibus
2537 744 2764 813 perfecti
2813 754 2975 814 stare,
3028 748 3298 804 succincti
3343 750 3563 807 lumbos
3607 761 3826 810 vestros

2219 833 2278 888 in
2308 835 2594 905 charitate,
2635 845 2688 893 et
2718 837 2900 895 induti
2943 840 3168 896 loricam
3191 840 3446 911 justitia,
3500 851 3555 901 et
3583 846 3821 902 calceati

2218 923 2381 994 pedes
2426 926 2483 980 in
2518 929 2913 998 praparatione
2944 929 3232 1001 Evangelii
3291 932 3457 1003 pacis.
3501 933 3678 1006 Super
3725 936 3816 992 his

2217 1016 2476 1072 omnibus
2505 1029 2848 1076 assumentes
2895 1029 3112 1077 scutum
3145 1021 3296 1090 ﬁdei,
3334 1024 3390 1078 in
3421 1040 3530 1097 quo
3560 1031 3824 1098 poteritis

2216 1105 2403 1160 omnia
2434 1106 2545 1161 tela
2585 1109 2811 1180 maligni
2854 1109 3029 1181 ignita
3068 1110 3448 1182 exstinguere:
3505 1124 3560 1171 et
3608 1119 3817 1188 galeam

2215 1193 2408 1249 salutis
2436 1195 2688 1266 accipite,
2721 1207 2774 1253 et
2815 1199 3062 1269 gladium
3102 1200 3350 1272 spiritus,
3389 1203 3538 1275 quod
3567 1214 3651 1261 est
3680 1223 3818 1264 ver-

2214 1283 2346 1339 bum
2367 1285 2488 1340 Dei.
2523 1311 2541 1334 ι
2585 1287 2856 1354 Quoniam
2899 1297 3093 1346 contra
3139 1293 3515 1351 atrocissimos
3544 1294 3730 1355 hostes
3765 1309 3818 1356 et

2214 1374 2367 1430 omni
2395 1377 2852 1449 tergiversatione
2883 1380 3114 1436 callidos
3141 1379 3349 1437 bellum
3364 1384 3625 1455 gerimus,
3649 1388 3814 1446 idcir-

2213 1479 2277 1519 co
2306 1466 2460 1520 omni
2499 1467 2714 1522 cautela
2745 1475 2798 1522 et
2826 1469 3208 1525 sollicitudine
3250 1471 3484 1543 vigilare
3512 1474 3812 1547 debemus;

2211 1561 2274 1610 ut
2299 1571 2640 1629 quacunque
2668 1559 3025 1628 tentaverint,
3060 1561 3308 1617 munitos
3357 1579 3460 1620 nos
3513 1574 3565 1622 et
3600 1584 3812 1642 prapa-

2210 1651 2357 1700 ratos
2397 1644 2706 1702 inveniant.
2740 1647 2969 1704 Necesse
3003 1656 3083 1705 est
3114 1649 3262 1706 enim
3298 1659 3360 1707 ut
3390 1662 3444 1709 et
3471 1655 3612 1712 Deus
3639 1657 3811 1731 adju-

2137 1761 2182 1822 Β
2213 1739 2325 1801 vet,
2363 1750 2500 1806 quos
2530 1734 2736 1792 viderit
2781 1735 2840 1792 in
2897 1737 3152 1809 precibus
3181 1739 3432 1812 vigilare,
3465 1750 3520 1799 et
3547 1743 3614 1801 de
3642 1749 3812 1805 armis

2212 1821 2331 1892 ejus
2385 1831 2702 1895 exspectare
2757 1824 3070 1883 victoriam.
3135 1829 3197 1884 In
3251 1828 3572 1902 hujusmodi
3627 1845 3807 1894 autem

2212 1909 2358 1967 bello
2390 1912 2572 1969 sobria
2602 1924 2786 1971 mente
2841 1933 2978 1989 opus
3019 1925 3121 1988 est,
3167 1927 3222 1974 et
3269 1937 3407 1992 pura
3446 1925 3808 1996 conscientia,

2211 2001 2341 2074 quia
2383 2018 2495 2058 non
2542 2011 2734 2060 contra
2789 2007 3030 2063 carnalia
3073 2009 3355 2082 nequitia,
3414 2012 3507 2069 sed
3548 2015 3810 2072 adversus

2210 2094 2520 2164 spiritualia
2552 2096 2867 2154 dimicatur.
2898 2097 3103 2155 Contra
3128 2101 3433 2173 terrigenas
3459 2103 3608 2160 enim
3622 2104 3807 2164 hostes

2209 2201 2408 2256 corpus
2437 2184 2626 2260 sagina
2655 2186 2963 2258 roboratur,
3014 2197 3068 2245 et
3120 2192 3334 2263 poculis
3362 2210 3517 2250 mens
3560 2196 3805 2253 incendi-

2208 2283 2319 2343 tur,
2350 2284 2412 2330 ut
2458 2278 2803 2349 repugnandi
2851 2287 3033 2335 sumat
3063 2281 3388 2351 audaciam;
3427 2284 3685 2343 adversus
3711 2303 3806 2344 au-

2206 2377 2319 2424 tem
2373 2370 2644 2442 spiritalia
2703 2373 2965 2445 nequitia
3023 2375 3346 2448 spiritaliter
3385 2381 3803 2455 repugnandum

2205 2465 2308 2524 est,
2343 2466 2397 2513 et
2453 2458 2767 2516 sobrietatis
2821 2469 2875 2518 et
2930 2462 3277 2521 abstinentia
3331 2483 3485 2524 arma
3539 2471 3806 2528 sumenda

2205 2557 2354 2618 sunt,
2387 2558 2449 2606 ut
2493 2549 2666 2607 infusi
2726 2561 2916 2610 sancto
2962 2554 3173 2628 Spiritu
3215 2558 3533 2617 immundos
3577 2570 3632 2618 et
3661 2578 3804 2619 erra-

2203 2643 2344 2700 ticos
2373 2644 2600 2716 spiritus
2626 2645 3008 2707 devincamus.
3059 2650 3150 2708 Sic
3189 2652 3372 2727 itaque
3418 2656 3802 2730 succingemus

2204 2732 2426 2790 lumbos
2455 2741 2676 2791 nostros
2715 2735 2773 2791 in
2829 2737 3085 2808 veritate,
3127 2740 3174 2796 si
3225 2745 3400 2815 parati
3455 2762 3644 2803 sumus
3676 2747 3799 2819 (37)

2203 2823 2376 2878 errori
2405 2824 2675 2882 resistere.
2711 2825 2906 2884 Omnis
2943 2829 3090 2884 enim
3119 2831 3212 2902 qui
3242 2834 3453 2904 operari
3493 2836 3635 2904 vult,
3668 2836 3803 2892 sub-

2201 2911 2372 2984 cingit
2426 2929 2514 2981 se;
2579 2922 2640 2971 ut
2688 2914 2870 2973 ablato
2967 2917 3398 2994 impedimento,
3468 2923 3805 2998 diligentius

2199 3011 2472 3077 operetur.

2274 3094 2454 3165 (Vers.
2491 3095 2577 3164 18,
2613 3095 2699 3166 19,
2737 3097 2854 3170 20.)
2928 3126 2947 3149 ι
2989 3102 3092 3158 Per
3139 3118 3356 3161 omnem
3402 3105 3709 3168 orationem
3739 3117 3796 3170 et

2202 3197 2418 3254 precem
2449 3193 2667 3243 orantes
2697 3186 2755 3243 in
2796 3189 2948 3246 omni
3003 3198 3270 3265 tempore,
3304 3195 3363 3251 in
3396 3198 3615 3269 spiritu,
3647 3209 3702 3256 et
3732 3202 3792 3257 in

2201 3271 2380 3345 ipsum
2432 3276 2723 3347 vigilantes
2754 3277 2811 3332 in
2843 3281 2992 3337 omni
3027 3286 3435 3354 perseverantia
3462 3294 3516 3344 et
3543 3287 3788 3347 obsecra-

2199 3364 2349 3420 tione
2378 3381 2477 3437 pro
2507 3367 2764 3424 omnibus
2818 3370 3043 3440 sanctis,
3091 3381 3146 3429 et
3196 3389 3296 3445 pro
3348 3391 3473 3445 me;
3517 3385 3579 3433 ut
3632 3378 3796 3436 detur

2198 3453 2336 3508 mihi
2387 3470 2568 3512 sermo
2621 3455 2679 3512 in
2727 3460 3008 3530 apertione
3055 3461 3167 3517 oris
3195 3463 3303 3519 mei
3332 3464 3448 3539 (38)
3481 3475 3665 3524 exerte
3695 3485 3790 3526 no-

2196 3547 2314 3597 tum
2345 3542 2523 3601 facere
2546 3546 2875 3619 mysterium
2902 3550 3211 3624 Evangelii,
3241 3569 3340 3625 pro
3374 3571 3483 3627 quo
3521 3557 3791 3630 legatione

2195 3631 2397 3704 fungor
2425 3633 2483 3688 in
2511 3643 2735 3704 catena;
2771 3645 2833 3692 ut
2883 3638 2940 3694 in
2972 3639 3092 3712 ipso
3140 3651 3329 3698 exerta
3360 3644 3614 3703 libertate
3643 3658 3789 3719 utar,

2195 3728 2359 3794 prout
2400 3731 2616 3796 oportet
2645 3740 2733 3781 me
2785 3727 2960 3800 loqui.
2996 3754 3015 3779 ›
3063 3730 3118 3786 Si
3177 3739 3324 3789 recte
3378 3751 3786 3808 conversamur,

2193 3810 2430 3884 Spiritus
2489 3823 2710 3871 sanctus
2750 3824 2940 3874 manet
2977 3819 3036 3874 in
3069 3819 3253 3891 nobis,
3284 3830 3337 3879 et
3370 3824 3518 3897 quod
3547 3827 3786 3898 postula-

2194 3915 2338 3970 mus,
2375 3917 2667 3973 possumus
2725 3905 3036 3978 impetrare.
3083 3909 3198 3967 Hoc
3227 3919 3308 3968 est
3338 3929 3466 3985 ergo
3493 3915 3551 3970 in
3588 3915 3787 3988 spiritu

2193 3990 2346 4045 omni
2376 3999 2625 4064 tempore
2653 4011 2829 4064 orare,
2859 3997 3066 4054 munda
3115 4000 3455 4058 conscientia
3481 4011 3534 4059 et
3563 4003 3669 4059 ﬁde
3700 4004 3780 4060 in-

2195 4086 2340 4152 tegra
2369 4093 2584 4154 precem
2643 4083 2713 4140 ad
2761 4087 2936 4144 Deum
2993 4087 3248 4163 dirigere.
3307 4091 3370 4148 In
3419 4108 3582 4150 carne
3636 4095 3781 4150 enim

2189 4177 2328 4237 orat,
2364 4171 2458 4243 qui
2490 4173 2700 4244 polluta
2752 4186 2933 4234 mente
2980 4187 3257 4251 precatur,
3289 4181 3489 4238 iterum
3523 4192 3788 4257 peccatu-

2188 4274 2302 4327 rus,
2340 4276 2454 4315 non
2482 4261 2550 4319 de
2596 4272 2798 4322 eventu
2829 4275 2925 4323 aut
2952 4269 3325 4342 subreptione,
3369 4271 3464 4328 sed
3495 4271 3563 4329 de
3591 4288 3784 4346 propoo

2189 4347 2318 4404 sito.
2353 4349 2460 4406 Sed
2490 4361 2669 4424 potest
2721 4371 2834 4412 non
2884 4358 3099 4430 peccari
3158 4358 3227 4415 ad
3285 4368 3538 4431 mortem,
3592 4363 3638 4419 si
3665 4380 3784 4435 per-

2190 4449 2501 4497 severanter
2555 4451 2761 4511 oretur,
2818 4453 2881 4502 ut
2934 4447 3152 4503 animus
3209 4449 3402 4506 sedula
3453 4458 3638 4508 mente
3700 4452 3781 4507 in-

2189 4533 2375 4586 tentus
2402 4530 2475 4587 sit
2503 4547 2716 4605 semper
2771 4533 2828 4588 in
2876 4534 2977 4590 Dei
3027 4535 3222 4607 legem,
3281 4553 3344 4594 ea
3390 4540 3661 4597 meditans
3691 4539 3783 4596 die

2189 4628 2459 4696 nocteque
2515 4640 2634 4696 qua
2689 4631 2835 4682 amat
2879 4625 3042 4683 Deus.
3103 4626 3258 4686 Tunc
3319 4637 3372 4687 et
3425 4645 3524 4702 pro
3577 4630 3782 4686 sanctis

2185 4721 2418 4780 possunt
2446 4728 2626 4780 orare;
2671 4730 2782 4770 non
2813 4723 2895 4773 est
2947 4716 3096 4774 enim
3131 4716 3419 4790 indignum
3461 4728 3522 4776 ut
3550 4737 3647 4794 pro
3691 4721 3771 4776 in-

2185 4802 2366 4858 vicem
2395 4803 2635 4861 sollicita
2681 4806 2794 4863 sint
2843 4807 3117 4866 membra:
3153 4826 3254 4868 nec
3296 4814 3650 4871 temerarium
3681 4831 3775 4887 po-

2183 4896 2315 4952 terit
2337 4894 2534 4967 videri,
2567 4898 2612 4954 si
2641 4916 2740 4972 pro
2771 4901 3033 4975 magistro
3075 4904 3336 4980 discipuli
3395 4905 3581 4966 idonei
3612 4910 3779 4966 inter-

2184 4987 2410 5059 pellent,
2431 4987 2755 5062 adjuvantes
2769 5009 2920 5061 eum,
2943 5004 3006 5053 ut
3025 4999 3345 5071 postpositis
3365 4999 3781 5074 impedimentis

2185 5075 2440 5136 libertate
2487 5089 2672 5157 utatur
2727 5082 2796 5138 ad
2852 5085 3288 5158 praedicandum,
3325 5091 3472 5148 sicut
3509 5091 3776 5148 traditum

2181 5175 2263 5224 est
2289 5169 2358 5225 ab
2385 5178 2637 5242 auctore,
2676 5187 2746 5229 ne
2784 5189 3004 5246 pressus
3055 5177 3114 5232 vi
3168 5177 3621 5250 tribulationum,
3659 5181 3778 5254 ipsa

2280 5355 2370 5429 36)
2403 5356 2560 5413 Rom.
2597 5356 2729 5414 edit.
2763 5359 2897 5429 sola,
2929 5361 3184 5418 adversus
3207 5364 3470 5420 versutias
3498 5338 3722 5422 diaboli.

2280 5356 2370 5426 36)
2403 5356 2560 5413 Rom.
2597 5356 2729 5414 edit.
2763 5359 2897 5429 sola,
2929 5361 3184 5418 adversus
3207 5364 3470 5420 versutias
3498 5363 3722 5422 diaboli.

2401 5429 2528 5509 Mss.
2561 5429 2790 5510 aliquot,
2843 5432 2927 5487 Sic
2961 5434 3136 5504 itaque
3175 5435 3556 5508 succingit-mus.
3595 5481 3607 5493 .
3648 5481 3660 5495 .
3701 5437 3778 5493 sic

2172 5506 2358 5571 parati
2385 5506 2568 5568 simus,
2605 5509 2708 5557 etc.

2251 5570 2367 5644 (38)
2400 5572 2557 5630 Rom.
2589 5572 2720 5631 edit.
2745 5574 2879 5645 sola,
2911 5577 3023 5632 oris
3048 5576 3149 5633 mei
3174 5594 3290 5634 cum
3332 5578 3590 5650 libertate,
3622 5589 3732 5639 etc.
