4108 6184
274 345 376 410 425

1314 345 1676 409 COMMENT.
1720 347 1791 405 IN
1827 341 2045 404 EPIST.
2086 345 2182 403 AD
2221 345 2512 403 PHILIPP.

3461 351 3565 408 426

274 476 572 535 formidine
612 493 846 534 acumen
893 477 1157 534 doctrinae
1204 476 1493 546 obtundat,
1543 475 1742 532 amissa
1770 493 1827 532 se
1850 507 1866 518 ο
1894 475 1946 534 Α
1973 471 2220 544 Ephesii.
2253 472 2331 527 De
2358 471 2641 543 Apostolo,
2675 472 2804 547 quia
2849 470 3042 528 divina
3078 481 3234 529 erant
3278 489 3398 547 quae
3428 491 3564 548 age—

272 570 517 627 veritate.
565 570 787 643 Duplici
831 571 1001 643 igitur
1062 587 1256 643 genere
1322 589 1422 644 pro
1481 589 1537 628 se
1591 572 1860 628 orandum

271 657 554 728 hortatur;
597 669 659 716 ut
705 668 759 716 et
799 677 993 717 sensus
1034 661 1152 734 ejus
1195 662 1490 734 impleatur
1538 661 1738 734 spiritu
1796 661 1866 718 ad

268 751 637 822 eloquendum
677 752 834 824 plene
863 753 1214 825 mysterium,
1246 761 1301 807 et
1329 752 1561 809 facultas
1592 752 1675 807 illi
1705 752 1866 807 detur

265 840 509 896 audaciae
540 840 599 896 in
628 842 940 910 asserendo,
971 858 1133 915 quam
1164 841 1356 914 utique
1387 857 1602 913 precem
1631 840 1867 897 libenter

265 929 424 985 audit
452 932 635 997 Deus;
688 930 841 986 videt
880 931 1030 986 enim
1060 931 1389 1002 legationem
1438 948 1590 987 suam
1622 931 1678 986 in
1714 933 1862 1004 Apo-

265 1019 410 1075 stolo
437 1035 539 1075 suo
569 1019 804 1091 despici,
834 1019 983 1075 unde
1018 1020 1209 1092 utique
1251 1020 1566 1092 indignatus
1609 1020 1668 1076 in
1702 1037 1864 1078 causa

263 1123 362 1163 sua
403 1125 516 1163 non
563 1107 788 1180 negabit
833 1109 1110 1165 effectum.
1164 1109 1221 1165 Si
1253 1109 1398 1164 enim
1430 1110 1769 1166 consuetudo
1809 1117 1862 1165 et

263 1196 353 1252 lex
395 1205 481 1252 est
529 1196 720 1269 legatis
760 1196 1051 1252 hominum
1101 1213 1212 1253 non
1256 1198 1458 1255 inferre
1501 1199 1703 1254 exitia:
1755 1213 1862 1270 qua

262 1285 694 1357 praesumptione
723 1295 776 1342 et
802 1285 1031 1342 audacia
1051 1286 1241 1358 legatis
1265 1287 1362 1342 Dei
1393 1304 1504 1342 non
1525 1289 1702 1343 solum
1732 1289 1861 1343 exi-

262 1373 361 1442 tia,
407 1373 506 1430 sed
551 1383 605 1430 et
652 1392 799 1431 mors
851 1375 1158 1447 irrogaturl
1213 1376 1390 1444 Quare
1413 1386 1466 1433 et
1495 1376 1667 1434 dicit:
1717 1379 1860 1434 cPro

260 1480 371 1536 quo
419 1465 690 1536 legatione
728 1465 928 1538 fungor
967 1466 1025 1521 in
1073 1472 1288 1522 catena.
1327 1491 1345 1514 ι
1389 1465 1509 1523 Non
1547 1467 1695 1522 enim
1729 1483 1862 1540 per—

258 1553 584 1610 mittebatur
621 1553 792 1610 libere
838 1555 1010 1629 loqui,
1057 1554 1152 1612 sed
1200 1557 1259 1612 in
1305 1555 1648 1628 subjectione
1677 1566 1731 1614 et
1769 1573 1860 1613 ue-

257 1642 508 1700 cessitate
549 1644 718 1701 verba
761 1645 861 1701 Dei
910 1646 1172 1716 referens,
1204 1647 1466 1718 \inculis,
1499 1649 1674 1722 plagis
1717 1649 1860 1706 sub-

251 1731 568 1804 jiciebatur,
620 1744 674 1791 et
727 1733 1037 1792 mortibus:
1089 1745 1143 1792 et
1195 1736 1468 1809 lapidatus
1508 1747 1589 1795 est
1634 1738 1782 1795 enim
1807 1747 1862 1795 et

255 1820 322 1878 ad
349 1821 557 1880 bestias
586 1825 852 1896 pugnavit
879 1824 1084 1898 Ephesi
1116 1826 1174 1899 (Ι
1203 1827 1328 1883 Cor.
1361 1844 1458 1896 xv,
1489 1829 1606 1901 32).

327 1911 516 1984 (Vera.
539 1912 630 1980 21,
663 1913 780 1983 22.)
835 1937 854 1960 ι
883 1913 956 1970 Ut
982 1922 1165 1970 autem
1195 1915 1381 1973 sciatis
1411 1924 1465 1973 et
1510 1933 1610 1972 vos
1642 1932 1704 1972 ea
1735 1933 1856 1990 quae

252 2000 408 2056 circa
438 2015 527 2056 me
564 2009 728 2069 sunt;
763 2001 897 2074 quid
933 2019 1087 2075 agam
1118 2004 1277 2076 plene
1304 2013 1498 2062 notum
1546 2005 1710 2062 faciet
1747 2022 1857 2061 vo-

251 2087 340 2144 bis
390 2089 669 2162 Tychicus
714 2091 949 2149 dilectus
989 2091 1177 2163 frater,
1221 2103 1275 2151 et
1303 2093 1484 2151 ﬁdelis
1513 2095 1766 2152 minister
1795 2096 1853 2152 in

248 2179 528 2236 Domino:
562 2197 722 2255 quem
753 2182 879 2237 misi
908 2181 978 2238 ad
1006 2198 1104 2239 vos
1151 2183 1211 2239 in
1262 2183 1366 2241 hoc
1409 2184 1610 2257 ipsum,
1652 2194 1712 2242 ut
1749 2202 1854 2243 co-

246 2288 478 2353 gnoscat
524 2276 662 2335 251
714 2297 834 2355 quae
897 2281 1044 2340 circa
1089 2299 1187 2338 vos
1228 2291 1378 2354 sunt,
1427 2293 1482 2341 et
1533 2286 1852 2342 consoletur

246 2369 418 2426 corda
446 2379 645 2428 vestra.
679 2397 698 2420 ι
737 2373 842 2428 Per
875 2372 1180 2445 Tychicum
1200 2375 1428 2447 Ephesii
1461 2376 1683 2434 discunt
1713 2377 1850 2451 quid

244 2466 378 2532 agat
438 2462 756 2533 Apostolus,
807 2470 861 2518 et
906 2461 1054 2520 idem
1102 2466 1393 2538 cognoscit.
1443 2465 1577 2540 quid
1623 2475 1849 2540 agerent

1971 564 2084 632 bat,
2125 561 2358 618 dubium
2391 578 2500 618 non
2531 569 2684 629 erat;
2733 563 2826 618 sed
2871 563 2977 619 hoc
3017 563 3301 620 sciendum
3341 573 3455 621 erat
3495 566 3563 620 de

1973 671 2059 720 eo,
2093 652 2226 726 quid
2274 659 2457 724 ageret
2492 651 2637 708 inter
2674 652 2929 724 perﬁdos,
2973 661 3028 709 et
3074 652 3302 710 insidias
3349 671 3558 710 eorum.

1972 745 2052 800 De
2097 741 2352 814 Ephesiis
2395 758 2526 797 vero
2575 740 2680 796 hoc
2724 741 3181 813 cognoscendum,
3223 743 3267 798 si
3322 743 3563 814 proﬁce-

1975 840 2118 900 rent,
2162 847 2354 887 necne.
2407 831 2476 886 Ut
2503 846 2630 902 ergo
2668 829 2975 898 obedirent,
3025 839 3079 886 et
3116 831 3350 887 libenter
3396 830 3561 886 audi—-

1975 930 2095 977 rent
2123 921 2293 976 verba
2333 915 2587 992 Tychici,
2632 919 2784 975 hunc
2825 920 3192 987 commendat,
3238 929 3292 976 et
3337 921 3559 978 fratrem

1973 1012 2141 1068 istum
2200 1009 2624 1067 dilectissimum
2703 1025 2930 1079 vocans,
2997 1016 3051 1065 et
3103 1009 3417 1066 ministrum
3463 1011 3564 1066 Dei

1971 1100 2252 1156 idoneum.

2057 1215 2075 1238 ε
2103 1191 2217 1247 Pax
2247 1190 2528 1258 fratribus,
2561 1197 2614 1246 et
2642 1189 2882 1247 charitas
2911 1205 3037 1246 cum
3078 1189 3187 1246 ﬁde
3215 1207 3246 1246 a
3275 1191 3390 1247 Deo
3409 1190 3568 1246 Patre

1969 1290 2181 1350 nostro,
2235 1289 2290 1337 et
2338 1280 2578 1337 Domino
2634 1279 2762 1336 Iesu
2814 1279 3054 1337 Christo.
3111 1305 3128 1327 ι
3191 1279 3387 1335 Pacem
3445 1296 3567 1352 quas

1970 1381 2052 1427 est
2103 1370 2275 1443 janua
2322 1369 2659 1438 dilectionis,
2699 1377 2851 1442 optat
2913 1385 3029 1424 esse
3083 1386 3210 1426 cum
3279 1369 3562 1439 fratribus,

1970 1470 2024 1519 et
2075 1461 2401 1519 charitatem
2453 1477 2580 1518 cum
2628 1459 2774 1528 ﬁde;
2826 1467 2888 1516 ut
2931 1459 3161 1532 ingressi
3206 1476 3302 1532 per
3349 1476 3560 1532 pacem,

1970 1550 2183 1623 possint
2220 1565 2439 1606 manere
2473 1550 2532 1606 in
2575 1549 2863 1618 charitate,
2895 1566 3015 1622 quae
3045 1558 3129 1606 est
3169 1565 3240 1604 ex
3269 1549 3397 1606 ﬁde.
3439 1550 3566 1608 Haec

1971 1655 2052 1704 est
2098 1647 2248 1703 enim
2285 1647 2387 1704 Dei
2438 1647 2616 1703 Patris
2662 1655 2715 1704 et
2762 1647 2892 1704 Filii
2949 1645 3070 1719 ejus
3117 1646 3344 1704 Domini
3391 1647 3566 1703 nostri

1969 1736 2095 1794 Iesu
2133 1735 2361 1794 Christi.

2053 1862 2071 1885 ι
2112 1836 2300 1894 Gratia
2345 1852 2471 1894 cum
2518 1835 2778 1893 omnibus
2823 1836 2917 1909 qui
2970 1836 3214 1908 diligunt
3265 1837 3564 1894 Dominum

1965 1935 2214 1984 nostrum
2245 1927 2428 1984 Iesum
2456 1926 2740 1985 Christum
2771 1928 2832 1984 iu
2859 1928 3293 2000 incorruptione.
3326 1930 3551 1984 Amen.-

1963 2019 2231 2076 Praescius
2302 2021 2600 2092 Apostolus
2691 2023 2894 2078 multos
2969 2022 3186 2078 futuros
3266 2021 3563 2094 desperatae

1964 2109 2092 2166 ﬁdei
2167 2126 2386 2168 sensum
2443 2111 2706 2168 habentes
2772 2111 2838 2168 de
2892 2114 3131 2170 Domino
3183 2122 3374 2170 nostro
3434 2114 3563 2172 Iesu

1961 2197 2203 2269 Christo,
2262 2217 2390 2258 cum
2447 2201 2516 2258 iis
2572 2210 2832 2258 aeternam
2886 2203 3114 2275 gratiam
3187 2203 3324 2260 dicit
3396 2221 3565 2262 man-

1957 2303 2140 2344 suram
2173 2289 2266 2362 qui
2293 2290 2533 2363 diligunt
2562 2290 2866 2361 Christum,
2905 2301 3049 2350 recte
3077 2291 3143 2349 de
3175 2293 3294 2361 illo,
3326 2302 3380 2350 et
3434 2312 3559 2352 cum

1956 2378 2056 2434 Dei
2106 2379 2279 2436 Patris
2341 2381 2628 2438 voluntate
2674 2383 3005 2452 sentientes;
3057 2383 3152 2458 qui
3202 2383 3349 2440 enim
3392 2384 3564 2458 dege-

1957 2484 2147 2526 nerem
2177 2469 2327 2528 hunc
2357 2470 2574 2542 dicunt,
2605 2472 2731 2530 data
2760 2473 2876 2530 illis
2915 2474 3089 2547 gratia
3117 2475 3418 2532 auferetur.

247 2613 3550 2642 Μ

407 2768 543 2856 ΙΝ
615 2769 1387 2862 EPISTOLAM
1457 2771 1562 2856 B.
1641 2769 2043 2856 PAULI.
2108 2772 2270 2858 AD
2343 2773 3400 2865 PHILIPPENSES.

856 3089 1135 3150 PROLOG
1147 3087 1248 3148 US.

320 3200 775 3275 Philippensibus
817 3198 1048 3256 verbum
1095 3197 1225 3254 ﬁdei
1256 3197 1554 3270 Apostolus
1582 3197 1846 3270 tradidit;

247 3294 478 3352 somnio
504 3291 655 3346 enim
688 3289 930 3345 monitus
958 3297 1058 3358 est,
1092 3288 1236 3345 sicut
1262 3287 1580 3345 continetur
1608 3289 1666 3344 in
1696 3289 1851 3345 Actis

245 3383 628 3454 apostolorum
667 3380 812 3452 (Act.
845 3395 962 3448 xvr,
993 3379 1074 3450 9),
1125 3386 1188 3434 ut
1235 3377 1516 3436 accederet
1542 3378 1610 3434 ad
1653 3394 1766 3444 eos,
1798 3386 1851 3433 et

244 3470 492 3542 aperiret
538 3485 696 3525 aures
742 3485 930 3525 eorum
987 3468 1056 3524 ad
1101 3468 1482 3541 recipiendum
1539 3485 1848 3525 sermonem

239 3558 496 3616 Domini.
531 3559 718 3616 Multis
747 3576 874 3631 ergo
898 3559 1092 3615 diebus
1120 3566 1492 3615 commoratus
1538 3557 1682 3631 apud
1734 3575 1846 3628 eos,

239 3649 520 3706 instruxit
542 3648 761 3705 eosdem
793 3649 851 3704 in
891 3647 1146 3705 doctrina
1179 3647 1422 3703 Domini.
1467 3648 1538 3703 Et
1567 3649 1698 3720 quia
1727 3657 1850 3721 post

240 3753 462 3794 cessum
525 3737 646 3810 ejus
697 3753 809 3793 non
864 3745 995 3794 sunt
1048 3735 1300 3793 translati
1344 3736 1412 3792 ad
1483 3736 1658 3806 aliud,
1705 3738 1849 3795 sicut

242 3827 491 3884 Galatae:
539 3827 636 3884 sed
683 3836 1104 3901 permanserunt
1135 3827 1193 3883 in
1222 3826 1350 3895 ﬁde,
1382 3843 1494 3883 non
1520 3827 1848 3900 recipientes

242 3917 767 3990 pseudoapostolos;
800 3934 896 3991 per
925 3918 1213 3990 epistolam
1242 3917 1521 3974 collaudat
1566 3933 1679 3986 eos,
1722 3936 1846 3991 gau-

243 4004 379 4063 dens
425 4005 486 4061 in
528 4007 809 4079 proposito
859 4003 1042 4063 cordis
1097 4022 1310 4063 eorum.
1357 4007 1420 4062 In
1457 4006 1657 4063 horum
1689 4007 1848 4064 laude

241 4095 485 4152 aliorum
548 4095 884 4169 vituperatio
946 4097 1298 4154 continetur:
1373 4095 1652 4155 Corinthii
1699 4098 1846 4154 enim

243 4186 428 4241 multo
459 4193 707 4257 tempore
737 4183 1026 4242 audientes
1055 4186 1403 4259 Apostolum,
1449 4186 1735 4245 recedente
1760 4205 1846 4258 eo,

241 4291 272 4330 a
316 4276 561 4334 diversis
608 4276 1082 4350 pseudoapostolis
1146 4277 1366 4334 fuerant
1418 4279 1632 4336 eversi:
1700 4279 1847 4337 unde

244 4364 332 4421 isti
357 4365 494 4438 jure
518 4365 835 4423 laudantur.

787 4497 1019 4557 CAPUT
1042 4497 1338 4557 PRIMUM.

313 4605 508 4680 (Vera.
540 4607 620 4680 1.)
665 4632 684 4658 ‹
712 4605 913 4666 Paulus
941 4616 996 4666 et
1023 4607 1349 4665 Timotheus
1375 4605 1521 4664 servi
1543 4607 1671 4664 Iesu
1691 4606 1846 4666 Chri-

242 4698 332 4755 sti.
364 4724 385 4748 ι
459 4699 789 4772 Apostolum
833 4717 891 4758 se
936 4708 1098 4770 tacet,
1144 4700 1275 4775 quia
1318 4699 1387 4757 iis
1430 4698 1626 4758 scribit
1655 4699 1750 4772 qui
1781 4697 1849 4755 de

244 4785 341 4844 illo
371 4797 527 4846 recta
558 4789 858 4859 sentirent;
895 4789 1019 4848 ideo
1059 4789 1382 4864 dignitatem
1426 4806 1581 4847 suam
1619 4789 1850 4863 suppri-

244 4881 368 4952 mit,
417 4889 539 4939 erat
585 4882 735 4938 enim
786 4881 874 4938 his
927 4881 1255 4941 manifesta:
1301 4883 1676 4941 conditionem
1716 4899 1847 4940 vero

245 4969 490 5040 fatetur;
541 4973 671 5046 quia
717 4972 813 5046 qui
861 4972 1143 5032 Christum
1192 4973 1487 5030 conﬁtetur
1533 4973 1845 5044 dominum,

245 5058 332 5118 his
371 5064 553 5136 magis
595 5063 736 5121 liber
781 5073 882 5134 est,
932 5073 987 5124 et
1025 5065 1190 5122 habet
1216 5066 1471 5123 salutem.
1515 5090 1535 5116 ι
1577 5066 1848 5124 Omnibus

244 5156 456 5210 sanctis
484 5154 542 5210 in
586 5153 806 5213 Christo
835 5157 984 5216 Iesu.
1017 5182 1037 5206 ι
1081 5157 1294 5215 Sanctis
1322 5156 1515 5214 scribit
1545 5173 1697 5213 more
1724 5173 1845 5226 suo,

246 5242 337 5297 sed
376 5242 478 5316 qui
508 5242 568 5298 in
585 5243 806 5301 Christo
825 5246 953 5301 Iesu
972 5245 1147 5301 sancti
1167 5253 1315 5312 sunt,
1338 5245 1396 5300 id
1424 5253 1525 5315 est,
1549 5246 1642 5318 qui
1668 5247 1844 5301 Deum

246 5336 297 5385 et
353 5331 645 5389 hominem
704 5333 987 5392 Christum
1039 5333 1316 5401 fatentur;
1379 5333 1650 5391 Photinus
1696 5333 1844 5390 enim

248 5416 534 5476 Christum
583 5421 758 5478 Deum
804 5430 985 5496 negat,
1034 5429 1088 5479 et
1133 5420 1468 5479 Manichacus
1519 5422 1840 5480 hominem:

250 5504 484 5582 ideoque
530 5510 808 5568 immundi
860 5518 1009 5568 sunt.
1054 5511 1177 5568 Non
1223 5526 1352 5582 ergo
1402 5510 1470 5567 iis
1498 5512 1715 5579 scribit,
1748 5510 1844 5586 qui

250 5597 552 5656 mendaciis
599 5602 838 5675 propriis
883 5601 1234 5674 supprimunt
1288 5599 1595 5659 veritatem.
1669 5627 1686 5650 ε
1737 5601 1844 5670 Qui

249 5696 380 5742 sunt
433 5690 721 5762 Philippis.
755 5718 774 5740 ›
815 5691 1028 5760 Quibus
1062 5692 1285 5758 scribat,
1316 5689 1608 5765 signiﬁcat.
1655 5715 1674 5742 ι
1702 5691 1842 5749 Cum

499 5791 740 5849 Panos.
781 5791 936 5851 XVII

1881 3075 1925 3136 C
1955 3072 2228 3148 episcopis
2281 3085 2335 3134 et
2367 3075 2719 3149 diaconihus;
2754 3107 2773 3132 ι

2831 3081 2937 3139 hoc
2964 3091 3065 3154 est,
3115 3101 3242 3142 cum
3294 3085 3467 3144 Paulo
3499 3092 3554 3145 et

1960 3163 2273 3236 Timotheo,
2300 3168 2394 3240 qui
2428 3170 2617 3243 utique
2652 3172 2892 3245 episcopi
2941 3184 3132 3244 erant;
3166 3178 3333 3233 simul
3366 3179 3550 3252 signi—

1958 3253 2148 3314 ﬁcavit
2172 3267 2226 3313 et
2253 3256 2535 3325 diaconos,
2567 3262 2659 3333 qui
2698 3262 3087 3321 ministrabant
3116 3267 3186 3322 ei.
3220 3266 3305 3322 Ad
3335 3268 3548 3338 plebem

1959 3346 2107 3400 enim
2153 3347 2383 3416 scribit;
2417 3366 2543 3406 nam
2575 3351 2621 3407 si
2650 3353 2920 3425 episcopis
2949 3354 3235 3424 scriberet,
3268 3363 3322 3410 et
3352 3357 3556 3413 diaco-

1958 3434 2144 3504 nibus,
2181 3436 2250 3492 ad
2298 3453 2557 3510 personas
2598 3457 2788 3496 eorum
2820 3441 3101 3512 scriberet,
3152 3453 3206 3500 et
3250 3445 3354 3502 loci
3387 3445 3560 3516 ipsius

1957 3524 2214 3596 episcopo
2252 3526 2604 3584 scribendum
2653 3539 2788 3600 erat,
2833 3548 2943 3587 non
2974 3531 3209 3602 duobus,
3243 3534 3328 3589 vel
3356 3533 3554 3605 tribus,

1955 3611 2100 3669 sicut
2127 3622 2180 3670 et
2209 3614 2277 3671 ad
2311 3615 2497 3673 Titum
2529 3627 2583 3674 et
2615 3619 2988 3678 Timotheum.

2030 3702 2213 3776 (Vers.
2245 3703 2327 3776 2.)
2375 3731 2392 3754 ι
2427 3705 2613 3764 Gratia
2659 3708 2818 3766 vobis
2873 3719 2926 3767 et
2981 3727 3087 3784 pax
3143 3729 3174 3768 a
3225 3715 3339 3770 Deo
3396 3715 3554 3771 Patre

1957 3800 2169 3862 nostro,
2215 3802 2270 3850 et
2309 3796 2546 3852 Domino
2574 3797 2701 3854 Iesu
2749 3798 2992 3857 Christo.
3033 3826 3051 3847 ι
3092 3802 3444 3860 Manifestum
3472 3812 3554 3859 est

1954 3883 2128 3938 Deum
2160 3891 2369 3956 patrem
2401 3901 2536 3955 esse,
2569 3887 2848 3945 Christum
2880 3906 3011 3946 vero
3037 3891 3221 3946 Iesum
3253 3891 3551 3948 Dominum

1956 3979 2228 4028 nostrum.
2277 3973 2556 4048 Numquid
2585 3993 2697 4032 non
2725 3977 2948 4034 videtur
2991 3980 3113 4051 plus
3151 3978 3411 4034 dominus
3438 3992 3553 4032 esse

1955 4075 2120 4132 quam
2169 4063 2368 4134 pater?
2411 4063 2517 4120 Sed
2564 4065 2709 4122 inter
2750 4067 3002 4122 homines
3032 4067 3091 4121 in
3131 4065 3373 4120 mundo:
3408 4064 3553 4135 apud

1956 4152 2132 4210 Deum
2173 4171 2304 4211 vero
2350 4155 2590 4226 Patrem,
2629 4167 2684 4214 et
2729 4157 2877 4231 apud
2925 4157 3212 4213 Christum
3260 4153 3550 4209 dominum

1955 4242 2253 4301 concordia
2285 4253 2384 4301 est.
2432 4247 2535 4304 Hic
2572 4245 2742 4315 enim,
2794 4245 2902 4301 hoc
2931 4251 3030 4311 est,
3078 4243 3138 4298 in
3167 4242 3396 4312 mundo,
3425 4242 3550 4300 ideo

1956 4340 2080 4413 plus
2108 4351 2190 4399 est
2234 4343 2495 4400 dominus
2547 4359 2710 4417 quam
2757 4351 2950 4416 pater;
2984 4344 3113 4417 quia
3157 4351 3252 4399 aut
3287 4351 3341 4399 et
3375 4344 3549 4416 ipsius

1878 4440 1929 4500 ι)
1957 4431 2128 4501 patris
2155 4431 2418 4489 dominus
2458 4441 2561 4497 est,
2609 4441 2704 4489 aut
2733 4439 2886 4506 pater
2912 4431 3090 4489 ﬁlium
3119 4449 3230 4490 non
3270 4450 3380 4490 suae
3405 4450 3552 4491 con-

1956 4517 2184 4576 ditionis
2234 4532 2475 4595 generat,
2525 4522 2620 4580 sed
2663 4523 2890 4581 alienas:
2933 4525 3080 4581 Deus
3127 4532 3310 4581 autem
3339 4525 3419 4582 sic
3449 4542 3551 4597 ge—

1956 4609 2100 4676 nuit,
2131 4618 2194 4666 ut
2239 4611 2298 4667 in
2327 4620 2595 4685 potestate
2623 4612 2740 4686 ejus
2769 4614 2882 4671 sint
2908 4631 3045 4688 quos
3076 4614 3289 4687 genuit;
3343 4622 3406 4670 ut
3433 4615 3550 4671 nati

1956 4695 2204 4770 ingenui,
2255 4701 2400 4757 servi
2446 4711 2631 4759 tamen
2689 4702 2807 4775 ejus
2849 4705 2992 4761 sint:
3043 4721 3168 4762 cum
3217 4704 3318 4760 hos
3377 4703 3551 4760 tradit

1956 4787 2179 4860 proprio
2233 4787 2396 4857 Filio,
2443 4791 2576 4848 facit
2631 4791 2757 4849 illos
2814 4792 2979 4850 etiam
3035 4810 3221 4850 servos
3277 4793 3406 4849 Filii
3439 4794 3545 4862 sui,

1956 4883 2019 4932 ut
2063 4876 2136 4933 sit
2174 4875 2432 4934 dominus
2485 4895 2696 4949 eorum,
2747 4884 2890 4939 sicut
2945 4883 3116 4941 dicit:
3175 4883 3354 4953 Pater,
3413 4899 3551 4957 quos

1956 4965 2157 5022 dedisti
2187 4967 2345 5036 mihi,
2377 4967 2461 5023 tui
2491 4978 2646 5027 erant
2677 4969 2856 5042 (Joan.
2891 4989 3030 5041 xvu,
3059 4974 3141 5043 9),
3173 4981 3227 5028 et
3260 4972 3394 5027 mihi
3457 4989 3551 5028 eos

1954 5057 2154 5114 dedisti
2180 5077 2194 5127 ;
2227 5067 2290 5116 ut
2319 5059 2377 5114 in
2402 5059 2560 5117 Patre
2585 5068 2638 5117 et
2663 5062 2805 5118 Filio
2834 5063 2980 5119 servi
3013 5063 3126 5120 sint
3157 5063 3257 5120 Dei
3286 5063 3472 5120 unius.

2030 5152 2206 5224 (Vers.
2257 5153 2310 5222 3,
2358 5152 2411 5222 4,
2441 5154 2524 5226 5.)
2581 5180 2598 5201 ι
2626 5155 2742 5227 Ego
2771 5155 2994 5228 quidem
3012 5158 3214 5229 gratias
3238 5174 3338 5230 ago
3362 5157 3548 5213 Domi-

1955 5257 2028 5296 no
2055 5258 2219 5313 super
2266 5242 2419 5298 omni
2468 5244 2732 5299 memoria
2773 5247 2963 5314 vestri,
3014 5263 3229 5320 semper
3281 5246 3339 5302 in
3394 5244 3546 5300 omni

1955 5330 2203 5388 oratione
2239 5349 2357 5388 mea
2406 5349 2502 5406 pro
2547 5334 2806 5392 omnibus
2841 5335 3000 5392 vobis
3025 5353 3151 5392 cum
3185 5333 3384 5409 gaudio
3414 5349 3547 5388 ora-

1952 5420 2160 5476 tionem
2205 5419 2433 5491 faciens,
2484 5440 2648 5496 super
2699 5425 3199 5482 communicatione
3260 5429 3440 5476 vestra
3488 5421 3544 5475 in

1952 5509 2274 5582 Evangelio.
2306 5537 2326 5562 ι
2370 5513 2618 5570 Primum
2647 5512 2872 5588 quidem
2908 5512 3147 5570 Domino
3179 5507 3380 5582 gratias
3408 5509 3545 5582 agit,

1951 5597 2109 5670 cujus
2165 5609 2308 5657 nutu
2352 5619 2611 5676 prospera
2655 5602 2845 5660 omnia
2891 5601 3097 5660 cedunt
3154 5595 3432 5656 ﬁdelibus.
3483 5600 3546 5657 In

1953 5691 2104 5747 omni
2159 5693 2408 5749 oratione
2459 5711 2560 5750 sua
2618 5709 2829 5751 memor
2902 5706 3092 5747 eorum
3165 5706 3291 5749 cum
3349 5693 3545 5749 exsul-

3151 5794 3218 5852 ﬂ.
