4070 6186
491 248 598 321 427

1508 253 1604 312 ΑΙ)
1643 257 1876 312 OPEBA
1920 256 1975 311 S.
2019 255 2352 313 AMBROSII
2391 245 2768 312 APPENDIX.

3687 242 3797 312 428

490 386 723 452 tatione,
766 379 915 456 quod
962 383 1256 455 participes
1301 382 1430 439 facti
1461 383 1572 438 sint
1597 381 1908 455 Evangelii,
1939 381 2084 440 sicut
2111 385 2162 445 Α
2185 380 2394 440 timore
2442 380 2672 437 verbum
2709 380 2810 438 Dei
2858 379 3035 453 loqui.
3082 377 3198 434 Alii
3230 377 3456 452 quidem
3489 385 3545 436 et
3575 388 3800 453 propter

487 475 683 531 Petrus
725 473 1025 546 apostolus,
1073 473 1221 530 inter
1265 481 1460 529 caetera
1507 471 1696 528 dicens
1730 488 1741 526 :
1787 496 1804 518 ι
1839 472 1908 528 Ut
1945 472 2085 542 sitis,

493 562 698 638 inquit,
726 572 1005 620 consortes
1035 563 1243 619 divinat
1270 570 1480 619 naturae
1531 563 1619 635 (II
1662 563 1807 619 Petr.
1861 580 1899 634 ι,
1945 562 2024 636 4).
2057 588 2075 613 ι

576 677 596 702 α
634 655 684 710 Α
729 653 907 726 prima
958 652 1048 710 die
1105 670 1274 726 usque
1321 669 1488 709 nunc.
1539 676 1557 699 ι
1623 651 1886 708 Praevidit
1939 653 2087 709 enim

490 743 788 817 Apostolus
825 742 1176 800 devotionem
1207 741 1452 809 illorum,
1481 749 1534 798 et
1560 740 1725 796 ﬁdem
1763 751 1933 799 ratam
1968 741 2084 816 (39)

490 849 563 890 ex
614 832 751 906 ipsis
798 831 1116 906 principiis,
1160 839 1214 888 et
1271 831 1490 904 gavisus
1532 839 1614 887 est
1657 831 1718 887 in
1745 832 1845 902 eis,
1876 849 2089 906 semper

491 921 673 982 sciens
700 938 793 979 eos
819 923 1011 978 multis
1038 921 1293 995 exemplo
1322 937 1437 978 esse
1466 920 1700 976 futuros.

574 1017 720 1076 252
772 1020 955 1093 (Vers.
989 1020 1043 1089 6,
1103 1018 1183 1091 7.)
1227 1042 1246 1066 ι
1278 1019 1572 1076 Conﬁdens
1615 1019 1674 1075 in
1721 1018 1828 1076 hoc
1877 1021 2083 1093 ipsum,

489 1109 640 1186 quod
682 1109 779 1183 qui
810 1107 1094 1166 inchoavit
1120 1106 1180 1163 in
1223 1106 1384 1164 vobis
1413 1124 1551 1180 opus
1578 1105 1808 1174 bonum,
1839 1109 2084 1180 perﬁciet

488 1216 662 1274 usque
709 1199 770 1254 in
817 1197 963 1254 diem
1010 1194 1218 1254 Christi
1246 1196 1394 1266 Jesu,
1425 1196 1568 1254 sicut
1599 1205 1681 1253 est
1697 1195 1910 1268 justum
1943 1197 2082 1254 mihi

486 1289 608 1347 haec
637 1290 839 1346 sentire
873 1303 971 1361 pro
1001 1286 1260 1344 omnibus
1300 1286 1492 1356 vobis;
1546 1303 1611 1343 eo
1657 1287 1805 1360 quod
1851 1287 2081 1344 habeam

487 1398 590 1440 vos
615 1381 674 1438 in
702 1379 867 1438 corde
903 1389 956 1436 et
984 1379 1044 1434 in
1073 1378 1314 1436 vinculis
1337 1379 1493 1449 meis,
1516 1379 1644 1438 etin
1671 1379 1738 1436 de
1762 1381 2008 1440 fensione
2031 1391 2084 1441 et

488 1471 912 1532 conﬁrmatione
966 1469 1295 1544 Evangelii;
1366 1472 1626 1544 quoniam
1693 1489 1884 1529 omnes
1940 1472 2079 1529 mihi

487 1562 786 1637 participes
841 1560 1027 1636 gaudii
1075 1559 1225 1618 estis.
1258 1585 1277 1609 ›
1322 1560 1558 1619 Securus
1608 1562 1677 1618 de
1723 1562 1970 1620 bonitate
2027 1571 2081 1622 et

482 1651 703 1726 justitia
729 1651 850 1720 Dei,
883 1659 936 1707 et
969 1649 1036 1706 de
1066 1650 1265 1708 horum
1293 1650 1401 1708 ﬁde
1431 1668 1544 1707 non
1573 1651 1877 1724 ambigens,
1911 1653 2078 1712 conﬁ-

2198 470 2467 527 invidiam
2498 481 2552 528 et
2593 470 3035 528 contentionem:
3072 468 3296 542 quidam
3326 485 3458 524 vero
3488 477 3543 524 et
3572 479 3798 542 propter

2196 559 2395 616 bonam
2415 560 2755 616 voluntatem
2779 559 3063 618 Christum
3084 557 3405 632 praedicant.
3428 557 3544 614 Alii
3573 558 3799 632 quidem

2197 666 2266 706 ex
2285 650 2571 720 charitate,
2601 651 2837 709 scientes
2857 649 3078 725 quodin
3105 649 3484 705 defensionem
3510 649 3800 723 Evangelii

2195 740 2408 812 positus
2445 757 2603 796 sum:
2640 740 2813 813 aliqui
2852 756 2983 795 vero
3028 755 3098 796 ex
3127 738 3482 795 contentione
3513 738 3797 798 Christum

2194 829 2551 898 annuntiant,
2575 846 2686 884 non
2714 828 3043 901 simpliciter
3071 829 3454 885 existimantes
3484 828 3633 902 quod
3652 847 3796 903 pres-

2194 937 2378 976 suram
2406 919 2674 976 suscitent
2703 919 2944 975 vinculis
2982 918 3140 975 meis.
3173 943 3190 965 ι
3238 919 3364 976 Ηεεθ
3411 920 3800 993 explanatione

2161 1025 2304 1082 non
2344 1009 2637 1082 indigent;
2687 1017 2892 1078 tamen,
2940 1016 3161 1082 propter
3198 1008 3634 1067 sollicitudinem
3688 1027 3802 1068 no-

2192 1107 2385 1167 stram,
2417 1114 2487 1154 ne
2527 1114 2634 1171 qua
2664 1099 2721 1153 in
2753 1098 2985 1154 dubium
3018 1099 3264 1168 veniant,
3295 1114 3390 1170 per
3428 1098 3683 1156 ordinem
3738 1116 3804 1156 ea

2191 1188 2434 1262 apertius
2465 1205 2878 1261 prosequamur.
2912 1187 3192 1256 Quoniam
3233 1188 3486 1262 superius
3506 1189 3804 1263 participes

2190 1278 2292 1334 hos
2321 1278 2505 1350 gaudii
2537 1279 2624 1336 sui
2672 1277 3081 1352 pronuntiavit,
3143 1278 3268 1335 ideo
3318 1279 3452 1352 quid
3509 1280 3805 1352 profecerit

2188 1367 2506 1442 praedicatio
2534 1368 2653 1442 ejus
2681 1369 2950 1439 insinuat,
2983 1373 3148 1444 quasi
3175 1367 3383 1437 charis;
3412 1369 3490 1426 ita
3518 1379 3580 1428 ut
3608 1370 3804 1428 omni-

2187 1458 2291 1515 bus
2313 1457 2657 1516 innotuerint
2687 1459 2966 1532 passiones
2991 1459 3118 1532 ejus
3137 1476 3237 1533 pro
3259 1459 3501 1518 Christo.
3534 1461 3635 1517 Per
3654 1461 3802 1518 hanc

2189 1547 2561 1605 humilitatem
2588 1549 2889 1622 gloriosum
2918 1567 2975 1607 se
2998 1550 3239 1621 indicat,
3272 1558 3339 1609 ut
3366 1551 3603 1608 habeant
3631 1568 3806 1610 occa-

2189 1638 2402 1695 sionem
2430 1637 2705 1712 gaudendi
2744 1647 3015 1698 amatores
3056 1639 3212 1714 ejus;
3249 1643 3380 1715 quia
3397 1641 3552 1714 cujus
3575 1642 3808 1700 vincula

488 1741 573 1799 dit
602 1741 751 1815 quod
780 1741 881 1798 Dei
921 1739 1148 1797 auxiliis
1183 1739 1381 1813 adjuti,
1431 1741 1832 1813 perseveraturi
1869 1742 1981 1798 sint
2029 1743 2087 1802 in
2112 1754 2161 1817 Β
2193 1731 2252 1788 in
2295 1730 2519 1789 Christo
2561 1732 3007 1802 manifestam”,
3050 1733 3293 1806 dignitas
3320 1732 3440 1806 eius
3487 1733 3805 1794 crebrescit.

487 1829 598 1887 ﬁde
652 1846 825 1903 usque
882 1830 952 1886 ad
1001 1828 1148 1887 diem
1195 1828 1444 1899 Domini,
1476 1831 1534 1886 in
1563 1847 1672 1904 quo
1701 1831 2090 1889 remunerandi

488 1927 622 1978 sunt
658 1919 1007 1994 persistentes
1056 1920 1114 1976 in
1151 1918 1280 1977 ﬁde.
1333 1921 1442 1978 Nec
1483 1919 1634 1977 aliud
1683 1920 1874 1978 debuit
1907 1921 1974 1979 de
2003 1922 2091 1979 his

489 2009 717 2079 sentire,
750 2025 886 2083 quos
929 2024 1143 2082 semper
1192 2008 1527 2066 inﬂexibiles
1572 2008 1630 2064 in
1657 2008 1953 2068 devotione
1988 2012 2089 2069 Dei

489 2106 750 2172 expertus
776 2105 876 2168 est,
911 2105 1022 2154 tam
1052 2095 1322 2154 directum
1349 2103 1404 2154 et
1434 2096 1833 2171 infatigabilem
1865 2115 2087 2156 cursum

488 2207 681 2248 eorum
701 2189 917 2257 videns,
952 2196 1014 2245 ut
1041 2187 1304 2261 cogitaret
1331 2187 1526 2262 dignos
1571 2187 1672 2246 hos
1701 2189 1807 2247 sibi
1854 2190 2090 2264 partici-

487 2295 586 2354 pes
619 2278 803 2354 gaudii
833 2295 968 2336 esse.
999 2278 1175 2336 Unius
1207 2279 1354 2334 enim
1386 2278 1513 2335 ﬁdei
1544 2279 1798 2336 homines
1836 2296 2087 2353 congau-

489 2369 620 2428 dere
662 2378 878 2444 oportet
924 2367 992 2425 de
1039 2384 1134 2441 spe
1173 2368 1373 2426 futura
1404 2368 1838 2428 immortalitatis
1875 2378 1929 2427 et
1963 2371 2090 2444 glo-

489 2474 608 2518 riae.

567 2548 750 2621 (Vers.
784 2547 866 2622 8.)
915 2571 933 2595 ι
962 2546 1139 2604 Testis
1167 2546 1314 2604 enim
1348 2546 1488 2604 mihi
1529 2555 1610 2604 est
1637 2548 1801 2616 Deus,
1835 2549 2090 2622 quemad-

491 2638 722 2696 modum
767 2637 1074 2694 desiderem
1112 2653 1302 2694 omnes
1361 2653 1460 2695 vos
1512 2637 1571 2693 in
1623 2637 1930 2696 visceribus
1965 2640 2092 2696 Jesu

492 2725 722 2787 Christi.
772 2751 792 2776 ι
848 2727 1022 2784 Deum
1071 2733 1324 2796 testatur,
1358 2735 1419 2783 ut
1451 2726 1707 2784 affectum
1746 2728 2094 2785 commendet

489 2815 628 2889 justi
665 2815 824 2888 (40);
877 2816 970 2889 qui
1019 2816 1167 2872 enim
1219 2815 1457 2872 multum
1497 2816 1564 2872 de
1595 2817 1783 2890 aliquo
1812 2817 2002 2889 sentit,
2031 2827 2094 2876 ut

489 2905 761 2966 credibile
796 2903 902 2961 hoc
929 2903 1114 2972 faciat,
1146 2905 1504 2962 testiﬁcatur:
1555 2921 1650 2978 per
1690 2906 1838 2980 quod
1866 2917 1920 2964 et
1957 2925 2094 2981 pro-

493 3004 658 3053 vocat
704 2991 1039 3050 desiderium
1098 2991 1324 3049 illorum
1381 3008 1509 3064 erga
1554 3009 1645 3063 se,
1691 3001 1754 3050 ut
1799 2995 2095 3054 desiderati

495 3082 828 3142 desiderent.
861 3082 1148 3140 Desiderat
1175 3099 1305 3155 ergo
1338 3097 1528 3139 omnes
1576 3081 1678 3139 hos
1705 3100 1817 3140 non
1851 3083 2094 3144 humana

494 3174 822 3248 cupiditate,
854 3171 949 3229 sed
967 3172 1026 3229 in
1054 3189 1238 3230 amore
1269 3171 1498 3243 Christi,
1530 3189 1641 3229 non
1661 3175 1842 3232 carnis
1869 3176 2089 3245 aﬁ‘ectu,

494 3265 591 3325 sed
620 3265 886 3339 spiritus;
926 3272 988 3321 ut
1016 3264 1310 3339 participes
1357 3264 1458 3322 hos
1491 3264 1706 3323 habeat,
1733 3272 1787 3324 et
1833 3267 1892 3323 in
1929 3283 2093 3324 sensu

495 3355 750 3431 mysterii
777 3354 1110 3426 divinitatis,
1141 3363 1194 3414 et
1220 3356 1617 3414 incarnationis
1645 3356 1871 3414 Domini
1917 3357 2093 3414 nostri

494 3444 623 3502 Jesu
656 3443 883 3503 Christi.

571 3532 755 3606 (Vers.
786 3535 841 3602 9,
875 3532 961 3602 10,
995 3533 1109 3606 11.)
1149 3557 1168 3582 ι
1197 3533 1270 3589 Et
1290 3532 1397 3592 hoc
1425 3549 1523 3590 oro
1547 3543 1609 3591 ut
1636 3531 1875 3590 charitas
1913 3541 2095 3591 vestra

498 3623 674 3695 magis
733 3621 1014 3695 magisque
1070 3621 1312 3678 abundet
1364 3622 1423 3678 in
1478 3623 1760 3696 agnitione
1827 3632 1883 3681 et
1941 3625 2092 3681 omni

495 3729 682 3782 sensu,
710 3721 774 3770 ut
804 3712 1044 3786 probetis
1073 3730 1193 3787 quae
1231 3723 1362 3771 sunt
1389 3715 1582 3772 utilia:
1616 3725 1679 3773 ut
1725 3716 1846 3773 sitis
1893 3716 2095 3775 sinceri

497 3810 554 3860 et
582 3801 841 3860 inoﬂ‘ensi
890 3802 947 3858 in
977 3801 1126 3860 diem
1156 3802 1385 3874 Christi,
1420 3805 1611 3878 repleti
1649 3805 1835 3863 fructu
1859 3805 2092 3880 justitia

497 3907 596 3965 per
643 3891 831 3950 Jesum
879 3892 1164 3952 Christum
1209 3893 1268 3950 in
1298 3894 1528 3968 gloriam
1576 3904 1630 3952 et
1660 3895 1880 3954 laudem
1908 3895 2030 3954 Dei.
2060 3921 2078 3945 ι

497 3981 616 4039 Deo
643 3981 916 4056 adjutore,
965 3982 1218 4040 ordinem
1265 3983 1573 4058 disciplinas
1627 3984 1944 4043 christiana
1973 3986 2097 4042 vult

498 4085 593 4128 eos
621 4070 906 4142 imbuere;
936 4080 998 4129 ut
1026 4072 1156 4146 quia
1191 4071 1394 4129 ﬁrmati
1425 4073 1486 4130 in
1527 4072 1636 4129 ﬁde
1664 4081 1815 4142 sunt,
1843 4090 1955 4131 non
1984 4075 2096 4133 sint

498 4163 674 4221 nescii
722 4163 1054 4224 sacramenti
1100 4163 1444 4222 credulitatis
1491 4181 1636 4222 suae:
1668 4173 1724 4221 et
1751 4165 1985 4224 scientes
2013 4167 2094 4224 di-

499 4271 749 4313 scernere
768 4257 931 4313 utilia
955 4273 987 4313 a
1013 4256 1327 4324 contrariis,
1351 4255 1584 4329 justitia
1612 4255 1870 4330 operibus
1897 4267 2096 4316 ornent

500 4343 811 4401 doctrinam
840 4345 1088 4413 Domini,
1117 4344 1360 4403 fructum
1390 4346 1651 4404 facientes
1696 4346 2094 4406 immortalita-

501 4434 575 4490 tis
603 4433 672 4490 ad
697 4433 1078 4490 abuntantiam
1109 4435 1359 4492 omnium
1390 4436 1684 4506 bonorum,
1727 4444 1790 4494 ut
1826 4437 2096 4510 gloriosus

502 4523 561 4580 in
590 4521 678 4578 his
705 4530 928 4596 apparet
957 4523 1216 4596 magister
1245 4523 1514 4597 gentium.

575 4612 759 4685 (Vers.
810 4612 1034 4687 12-17.)
1098 4636 1118 4661 ‹
1147 4613 1297 4671 Scire
1351 4623 1534 4671 autem
1574 4631 1673 4673 vos
1703 4615 1849 4686 volo,
1878 4617 2094 4688 fratres,

503 4701 650 4775 quod
678 4718 799 4775 qua:
828 4703 897 4759 ad
925 4719 1013 4760 me
1035 4703 1331 4777 pertinent,
1353 4704 1420 4762 ad
1447 4704 1754 4777 profectum
1778 4707 1893 4781 (41)
1917 4708 2096 4764 Evan-

505 4794 634 4869 gelii
694 4805 992 4864 venerunt;
1043 4799 1122 4854 ita
1176 4807 1238 4854 ut
1291 4798 1516 4856 vincula
1565 4817 1685 4858 mea
1715 4800 2002 4856 manifesta
2039 4800 2098 4855 in

504 4883 728 4942 Christo
754 4884 897 4941 facta
927 4885 1039 4942 sint
1076 4887 1132 4941 in
1170 4887 1323 4943 omni
1365 4889 1643 4960 praetorio,
1694 4896 1748 4943 et
1789 4887 1848 4942 in
1885 4888 2098 4946 ceteris

504 4975 800 5045 omnibus;
823 4984 992 5051 utque
1019 4979 1204 5051 plures
1232 4995 1302 5036 ex
1322 4980 1585 5037 fratribus
1615 4980 1673 5035 in
1704 4978 1944 5037 Domino
1969 4997 2096 5040 con-

504 5063 738 5124 ﬁdentes
767 5065 1010 5124 vinculis
1037 5067 1197 5139 meis,
1228 5070 1498 5143 coeperint
1535 5069 1709 5142 magis
1749 5067 1950 5128 audere
1979 5071 2099 5128 sine

507 5265 698 5396 tnng)
745 5264 1012 5325 Nonnulli
1063 5284 1234 5340 mss.,
1295 5274 1344 5324 et
1395 5268 1550 5342 ﬁdem
1603 5275 1817 5328 rectam,
1871 5270 2099 5330 Minime

583 5410 1045 5496 (40)‘Dictionem
1064 5409 1202 5496 justi
1230 5411 1599 5496 mssraliquot
1630 5431 1742 5496 non
1772 5420 2097 5496 agnoscunt,

507 5485 667 5570 cujus
681 5485 829 5570 “loco
876 5485 1132 5540 nonnulli
1167 5492 1408 5570 ponunt,
1449 5485 1760 5570 cuiusmodi.
1793 5485 1941 5570 Infra
1957 5500 2099 5567 .vero

507 5553 642 5609 edit.
680 5555 839 5612 Rom.
870 5553 1206 5629 reposuerat,
1238 5563 1297 5612 ut
1337 5553 1519 5630 magis
1533 5560 1844 5627 desiderent,
1875 5557 1972 5614 ubi
2000 5572 2099 5613 re-

511 5619 696 5695 liquae,
727 5642 790 5683 ac
821 5645 950 5686 mss.
975 5671 993 5698 ,
1033 5636 1096 5689 ut
1119 5629 1404 5690 desiderati
1431 5631 1739 5691 desiderent.

2214 1845 2232 1870 ‹
2275 1821 2339 1876 In
2368 1820 2521 1876 omni
2541 1823 2819 1894 praetorio,
2851 1831 2906 1880 et
2934 1822 2994 1879 in
3024 1822 3239 1880 caeteris
3267 1821 3546 1892 omnibus,
3565 1847 3582 1872 ι
3619 1823 3677 1880 id
3697 1832 3801 1893 est,

2199 1909 2260 1966 in
2287 1911 2439 1968 omni
2469 1911 2774 1982 Judaismo,
2804 1921 2859 1970 et
2898 1929 2994 1986 per
3029 1913 3323 1970 universas
3350 1913 3626 1972 Ecclesiae
3663 1931 3806 1989 gen-

2199 1999 2339 2057 tium
2365 2019 2378 2069 ;
2421 2010 2617 2076 praeest
2651 2003 2798 2059 enim
2829 2003 3170 2072 Judaismus,
3203 2002 3332 2077 quia
3359 2002 3467 2076 ipsi
3497 2002 3639 2063 facta
3666 2021 3807 2079 pro-

2199 2089 2390 2147 missio
2439 2099 2540 2161 est,
2593 2093 2741 2150 sicut
2770 2092 3007 2150 dicitur:
3050 2118 3069 2142 ι
3098 2092 3240 2161 Quia
3285 2091 3432 2150 salus
3481 2109 3552 2150 ex
3601 2093 3808 2153 Iudaeis

2199 2185 2282 2235 est
2314 2180 2494 2252 (Joan.
2527 2198 2608 2251 1v,
2636 2181 2752 2254 22).
2800 2208 2818 2232 ι
2891 2181 3131 2256 Ideoque
3181 2182 3379 2254 plures-
3416 2199 3488 2240 ex
3541 2182 3807 2241 fratribus

2200 2271 2515 2342 exemplum
2572 2288 2732 2327 suum
2776 2280 3011 2342 secutos,
3057 2288 3219 2328 ausos
3253 2270 3390 2329 dicit
3439 2271 3608 2328 fuisse
3651 2273 3804 2346 loqui

2199 2359 2429 2416 verbum
2457 2359 2558 2416 Dei
2584 2377 2708 2418 cum
2735 2360 2970 2418 ﬁducia:
3005 2361 3313 2419 constantia
3340 2362 3488 2418 enim
3515 2360 3633 2434 ejus
3663 2363 3807 2420 mul-

2200 2462 2287 2512 tos
2315 2455 2604 2527 animavit,
2635 2463 2697 2513 ut
2735 2473 2847 2514 non
2887 2458 3234 2531 praeterirent
3263 2455 3407 2513 253
3452 2459 3808 2531 evangeliu-

2200 2560 2259 2601 re
2300 2544 2441 2617 (42),
2478 2554 2759 2619 comperto
2807 2549 3067 2621 exemplo
3121 2549 3392 2621 Apostoli,
3453 2549 3602 2622 quod
3656 2551 3808 2607 Deus

2201 2634 2374 2705 adest,
2415 2643 2477 2692 ut
2515 2645 2740 2693 tueatur
2781 2637 3076 2711 diligentes
3109 2654 3194 2707 se;
3245 2637 3342 2695 sed
3386 2645 3440 2696 et
3467 2639 3605 2696 alios
3631 2639 3806 2697 falsos

2201 2724 2417 2794 fratres,
2449 2743 2562 2783 non
2591 2725 2817 2796 ﬁducia,
2839 2743 3016 2801 neque
3045 2727 3349 2786 dilectione
3384 2728 3504 2797 Dei,
3534 2728 3628 2786 sed
3656 2745 3806 2786 con-

2202 2814 2451 2871 tentione
2475 2816 2580 2872 zeli
2615 2815 2894 2886 incitatos,
2927 2815 3028 2873 Dei
3054 2817 3286 2874 verbum
3315 2816 3451 2874 dicit
3479 2817 3806 2891 praedicam,

2203 2904 2358 2977 quasi
2391 2904 2632 2962 invidos.
2664 2905 2854 2963 Plures
2882 2922 3011 2979 ergo
3041 2921 3070 2961 e
3112 2906 3376 2964 fratribus
3412 2907 3622 2962 sincera
3661 2907 3811 2980 qui-

2203 2991 2350 3063 dem,
2381 2994 2478 3051 sed
2505 2994 2724 3053 diversa
2744 2996 3031 3053 voluntate
3061 2995 3344 3055 Christum
3371 2995 3804 3066 annuntiabant;

2202 3083 2298 3140 alii
2349 3084 2498 3142 enim
2536 3085 2683 3144 bona
2737 3088 3022 3145 voluntate
3059 3086 3168 3145 hoc
3198 3086 3427 3161 agebant
3468 3085 3536 3142 ad
3567 3085 3807 3159 gloriam

2201 3174 2302 3232 Dei
2358 3175 2564 3245 solius;
2619 3176 2716 3233 alii
2762 3193 2896 3235 vero
2946 3177 3213 3236 charitate
3268 3175 3484 3236 incitati
3540 3175 3807 3249 apostoli,

2203 3264 2339 3323 certi
2367 3265 2434 3323 de
2463 3265 2701 3325 tuitione
2746 3268 2866 3325 Dei.
2894 3268 2989 3326 Sic
3028 3269 3229 3326 iterum
3259 3284 3289 3324 e
3318 3275 3510 3325 contra
3555 3266 3663 3322 alia
3690 3264 3808 3323 duo

2205 3371 2401 3428 genera
2429 3356 2605 3428 ponit,
2638 3372 2757 3428 quae
2785 3373 2898 3416 non
2929 3358 3142 3416 sincero
3170 3357 3356 3414 animo
3386 3356 3803 3430 praedicabant;

2204 3443 2428 3517 quidam
2458 3445 2606 3502 enim
2633 3445 2948 3505 invidentes
2984 3447 3269 3520 Apostolo,
3303 3446 3660 3504 contentione
3694 3444 3808 3503 hoc

2205 3531 2469 3604 agebant:
2520 3532 2617 3589 alii
2664 3551 2795 3591 vero
2850 3535 3053 3592 astutia
3089 3533 3466 3592 simulationis
3517 3533 3803 3592 Christum

2204 3621 2608 3679 annuntiabant
2632 3642 2646 3691 ;
2688 3630 2750 3680 ut
2779 3632 3002 3697 possent
3033 3625 3332 3681 seditiones
3361 3623 3601 3680 excitare
3642 3625 3806 3695 Apo-

2205 3711 2370 3781 stolo,
2403 3710 2558 3785 quasi
2588 3712 2800 3771 auctori
2830 3712 2996 3786 hujus
3025 3723 3206 3783 sectas,
3241 3713 3337 3788 qui
3369 3713 3574 3770 multos
3602 3728 3808 3786 aggre-

2206 3813 2427 3877 gaverat
2454 3821 2566 3861 sum
2596 3805 3015 3879 conspirationi.
3051 3805 3224 3880 Major
3248 3805 3397 3862 enim
3428 3803 3642 3862 invidia
3671 3820 3805 3863 cre-

2206 3893 2388 3951 scebat
2417 3896 2706 3968 Apostolo,
2736 3895 2956 3969 quando
2983 3913 3054 3954 ex
3084 3896 3251 3954 latere
3280 3894 3398 3968 ejus
3428 3893 3592 3952 multi
3631 3892 3807 3950 vide-

2205 3983 2408 4041 bantur
2435 3984 2652 4042 docere.

2281 4073 2462 4145 (Vers.
2499 4074 2720 4147 18-21.)
2769 4099 2787 4124 ι
2817 4074 2962 4144 Quid
2989 4074 3183 4134 enim?
3212 4076 3356 4133 Dum
3383 4083 3568 4132 tamen
3601 4073 3807 4149 quovis

2208 4162 2393 4232 modo,
2429 4161 2546 4219 sive
2562 4165 2873 4233 occasione,
2904 4164 3021 4221 sive
3046 4165 3277 4223 veritate
3302 4164 3556 4223 Christus
3585 4179 3806 4220 annun-

2209 4253 2402 4312 tietur:
2453 4262 2507 4311 et
2557 4256 2614 4312 in
2661 4256 2768 4314 hoc
2815 4257 3042 4329 gaudeo,
3093 4258 3187 4315 sed
3233 4259 3398 4316 etiam
3447 4266 3502 4315 et
3531 4257 3805 4330 gaudebo.

2205 4343 2331 4402 Scio
2360 4344 2510 4401 enim
2541 4345 2688 4420 quod
2729 4345 2835 4405 hoc
2857 4346 2998 4404 mihi
3028 4349 3284 4421 procedet
3313 4349 3380 4406 ad
3408 4349 3644 4405 salutem
3680 4347 3807 4419 (43)

2207 4453 2303 4510 per
2330 4446 2568 4495 vestram
2597 4455 2835 4512 precem,
2865 4448 2920 4497 et
2955 4428 3528 4497 subministrationem
3573 4437 3812 4513 spiritus

2205 4528 2334 4586 Iesu
2361 4527 2569 4588 Christi
2615 4528 2917 4586 secundum
2963 4530 3486 4604 contemplationem
3543 4539 3600 4587 et
3649 4545 3812 4602 spem

2205 4635 2411 4686 meam;
2444 4619 2574 4692 quia
2604 4618 2663 4674 in
2692 4620 2848 4675 nullo
2878 4620 3208 4688 confundar,
3237 4619 3333 4675 sed
3355 4617 3414 4674 in
3435 4617 3586 4674 omni
3616 4625 3815 4673 exerta

2205 4707 2426 4778 ﬁducia,
2457 4708 2602 4765 sicut
2642 4725 2874 4782 semper,
2907 4718 2961 4766 et
2989 4727 3138 4768 nunc
3166 4708 3612 4783 magniﬁcabitur
3643 4707 3813 4766 Chri-

2205 4803 2324 4852 stus
2349 4796 2408 4851 in
2437 4813 2663 4870 corpore
2693 4813 2833 4867 meo,
2867 4799 2984 4856 sive
3015 4815 3110 4872 per
3135 4799 3333 4864 vitam,
3363 4799 3481 4854 sivc
3512 4813 3608 4870 per
3643 4813 3815 4854 mor—

2207 4892 2356 4953 tem;
2391 4884 2530 4940 mihi
2576 4886 2723 4942 enim
2771 4887 2960 4944 vivere
3001 4887 3257 4947 Christus
3298 4896 3400 4956 est,
3449 4894 3502 4943 et
3535 4885 3679 4944 mori
3709 4886 3820 4943 lu—

2206 4993 2384 5035 crum.
2422 5002 2441 5027 »
2483 4976 2731 5035 Primum
2763 4977 3024 5051 gaudium
3054 4978 3172 5053 ejus
3204 4988 3286 5036 est
3315 4979 3374 5034 in
3407 4976 3676 5034 fratribus
3709 4978 3817 5052 qui

2206 5066 2349 5126 bona
2379 5069 2658 5127 voluntate
2686 5068 2970 5128 Christum
3000 5071 3371 5129 annnntiant:
3408 5065 3610 5126 deinde
3637 5068 3820 5127 etiam

2281 5271 2398 5344 (41)
2431 5270 2589 5344 Rom.
2619 5268 2777 5343 edit.,
2809 5271 2951 5343 quod
2975 5285 3092 5344 qua
3119 5268 3251 5326 mihi
3279 5266 3608 5333 acciderunt,
3635 5265 3830 5339 magis

2206 5341 2299 5400 ad'
2311 5341 2632 5414 profectum,
2658 5349 2764 5401 etc.

2353 5361 2632 5414 rolecmm,
2658 5361 2764 5401 etc.

2281 5361 2639 5498 (f2)n()mnes
2676 5415 2811 5474 edit.
2843 5433 2906 5475 ac
2944 5415 3104 5490 pauci
3147 5431 3303 5483 mss.,
3332 5416 3527 5468 utnon
3567 5408 3831 5465 timerent

2208 5489 2589 5560 euangelizare.
2952 5489 2959 5490 7

2282 5559 2410 5642 (43)Δ
2431 5561 2589 5642 Rom.
2622 5559 2756 5642 edit.
2766 5602 2782 5630 ,
2807 5559 3049 5632 proﬁciet
3073 5559 3148 5617 ad
3173 5559 3492 5627 salutem...,
3524 5551 3835 5612 secundum

2208 5638 2640 5705 exspectationem
2666 5639 2716 5689 et
2741 5648 2886 5705 spem
2916 5649 3106 5691 mam.
