2054 3092
135 134 186 167 429

666 134 849 166 COMMENT.
870 137 906 165 IN
923 133 1032 164 EPIST.
1053 136 1101 164 AD
1119 133 1266 163 PHILIPP.

1738 129 1790 161 430

135 201 162 229 in
176 209 207 229 eo
221 208 251 229 se
263 200 331 230 dicit
346 200 473 237 gaudere,
498 200 572 237 quod
587 200 694 228 fallacia
715 199 861 228 hominum
877 199 934 227 ad—
947 200 972 230 Α
986 198 1139 231 credentes,
1157 201 1187 225 ut
1200 197 1255 225 hoc
1272 196 1346 233 quod
1363 196 1451 224 multo
1467 195 1566 224 melius
1575 195 1627 224 sibi
1642 204 1700 224 esse
1710 196 1789 234 dicit,

137 254 228 273 versus
255 254 318 274 eum
349 245 531 281 compositum
558 249 626 279 erat,
650 250 681 274 ut
696 246 729 274 ad
750 244 885 273 invidiam
909 248 936 272 et

135 298 287 326 pressuram
299 290 359 326 ejus
374 289 500 318 Christus
512 290 718 326 pradicaretur.
734 290 792 318 Hoc
807 289 881 317 enim
895 289 935 317 di-

136 334 171 363 cit
184 334 238 362 sibi
254 334 288 362 ad
314 334 399 362 vitam
415 334 556 371 proﬁcere,
576 335 651 371 quod
664 334 706 362 illi
720 337 886 370 paraverant
903 333 937 361 ad

136 382 270 413 mortem;
288 378 360 407 hanc
374 379 447 407 enim
463 379 549 407 vitam
566 387 643 407 suam
661 379 730 407 dicit
740 387 809 412 esse,
825 378 848 405 si
860 377 937 406 Chri-

136 429 192 453 stus
203 423 332 452 omnibus
346 424 521 460 pradicetur,
534 429 560 452 et
571 432 600 452 se
615 424 698 452 etiam
715 423 785 451 mori
801 427 937 459 paratum,

136 473 164 497 ut
184 468 238 497 hoc
253 470 338 504 possit
353 469 473 505 impleri,
499 470 590 498 sciens
614 477 740 505 magnam
755 468 808 496 sibi
822 477 871 504 pro
886 468 939 496 hoc

137 517 202 542 voto
218 517 244 541 et
259 514 381 542 efﬁcacia
395 514 457 542 dari
472 522 551 550 posse
566 514 719 542 mercedem
741 513 798 549 (44)
818 522 824 541 :
848 513 939 549 impe-

137 558 191 586 rita
207 558 282 586 enim
295 558 402 586 malitia
417 558 563 587 adversum
580 567 608 586 se
631 566 738 594 semper
753 558 937 592 machinatur,

138 602 205 631 dum
221 602 319 631 nescit.
342 602 386 631 Ad
400 603 557 631 calcandam
580 611 644 639 ergo
660 603 759 631 horum
773 602 938 630 malevolen-

139 647 219 682 tiam,
230 648 278 684 qui
294 647 359 675 recti
374 647 483 676 fallacia
497 647 613 675 insidias
628 648 692 675 vitae
705 646 764 682 ejus
778 647 939 680 tendebant,
954 658 960 663 -

138 691 191 720 Dei
205 692 341 728 przesidiis
354 700 383 720 se
396 691 499 720 muniri
515 696 640 726 testatur,
657 691 692 720 iis
708 700 777 728 quos
787 691 883 728 utique
898 700 940 720 so-

139 736 197 765 cios
211 736 304 773 gaudii
324 736 366 764 sui
386 736 462 770 dicit,
479 736 675 772 adjuvantibus
694 736 818 764 oratione
830 740 942 772 propter

138 788 314 808 communem
330 780 509 815 alacritatem,
525 785 552 809 et
567 780 655 809 sancti
671 780 789 817 Spiritus
807 780 941 809 submini-

139 825 312 860 strationem,
336 826 383 862 qui
398 829 494 853 contra
519 825 691 854 voluntatem
714 825 827 853 illorum
842 829 869 853 et
884 825 942 853 vias

139 870 259 906 aperiret
273 870 447 906 praedicanti,
457 870 526 898 dans
536 870 650 906 gratiam
666 874 693 898 et
708 870 837 898 ﬁduciam
851 869 944 898 verbis

140 914 212 951 ejus,
225 919 257 943 ut
271 919 346 943 ortas
364 915 516 943 seditiones
530 920 725 951 compesceret.
746 915 778 943 In
793 914 871 942 nullo
885 922 949 950 ergo

140 968 171 987 se
186 959 258 988 dicit
272 959 406 988 confundi
432 959 462 987 in
476 958 603 987 doctrina
626 959 729 988 Christi
747 969 753 987 :
770 958 835 995 quia
850 963 877 986 et
891 966 951 994 spes

143 1011 246 1040 magna
273 1004 466 1040 promissionis
495 1008 546 1038 est,
559 1007 587 1032 et
601 1004 666 1041 quia
680 1004 752 1032 nihil
769 1004 797 1031 in
813 1011 845 1032 ea
859 1007 949 1039 turpe,

141 1048 338 1081 inhonestum,
366 1053 413 1076 aut
439 1048 525 1076 fallax
549 1052 602 1083 est,
626 1048 699 1076 sicut
721 1048 793 1084 apud
821 1055 951 1084 paganos,

140 1092 191 1121 sed
219 1096 313 1129 aperta
335 1092 509 1128 simplicitas.
532 1092 604 1121 Hinc
633 1096 675 1121 est
699 1093 772 1121 enim
796 1092 870 1120 unde
887 1099 950 1120 cum

141 1137 223 1165 omni
237 1137 393 1165 constantia
406 1145 462 1165 non
477 1137 550 1165 cedit
564 1136 697 1171 adversis,
714 1140 745 1165 ut
760 1136 952 1173 magniﬁcetur

142 1181 275 1210 Christus
288 1181 318 1209 in
332 1189 446 1218 corpore
462 1180 532 1217 ejus,
548 1181 607 1210 sive
621 1181 773 1216 occidatur,
795 1182 854 1209 sive
866 1189 952 1209 caesus

142 1229 256 1257 evadat.
270 1228 313 1256 Ex
335 1236 368 1256 eo
389 1228 463 1256 enim
479 1235 539 1264 quae
555 1231 582 1255 et
603 1232 705 1265 quanta
718 1236 778 1264 spes
793 1227 821 1255 in
842 1227 952 1256 Christo

143 1278 196 1309 est,
214 1272 406 1302 consideratur
420 1282 427 1307 ;
444 1273 554 1309 quando
568 1280 625 1300 non
640 1273 730 1301 solum
747 1273 814 1301 caedi
827 1276 854 1300 et
868 1272 953 1309 afﬂigi

143 1328 196 1357 pro
213 1328 257 1355 eo,
271 1319 318 1348 sed
334 1324 360 1348 et
382 1319 452 1347 mori
473 1323 583 1356 paratus
599 1324 649 1348 est.
666 1319 758 1348 Vitam
776 1319 848 1347 enim
864 1327 953 1352 suam,

145 1366 209 1395 sive
222 1366 252 1393 in
263 1365 402 1402 praesenti,
417 1364 476 1393 sive
492 1364 520 1392 in
532 1365 637 1400 futuro,
653 1364 795 1394 Christum
807 1372 864 1393 esse
874 1363 954 1397 dicit,

144 1410 222 1439 sicut
235 1412 263 1438 et
277 1409 572 1446 evangelista'Joannes
582 1413 709 1443 testatur,
723 1409 819 1436 dicens
831 1417 836 1435 :
857 1419 866 1431 ‹
877 1407 956 1440 Quod

145 1455 254 1484 factum
279 1458 330 1489 est,
355 1454 384 1482 in
400 1454 460 1491 ipso
483 1454 541 1482 vita
558 1457 626 1488 erat,
647 1458 674 1481 et
689 1453 748 1480 vita
763 1456 821 1480 erat
842 1452 893 1479 lux
908 1451 956 1479 ho-

146 1499 260 1527 minum
277 1499 367 1535 (Joan.
382 1506 401 1533 ι,
418 1498 444 1533 3,
460 1498 500 1534 li).
512 1510 521 1521 -
542 1498 596 1525 Pro
619 1497 671 1524 hac
685 1497 743 1524 vita
767 1496 883 1524 mortale
899 1503 957 1523 cor-

147 1551 206 1579 pus
224 1543 319 1577 tradit,
341 1546 372 1570 ut
390 1542 419 1569 id
443 1541 559 1578 recipiat
577 1540 605 1568 in
628 1544 775 1568 aeternum:
793 1548 825 1568 ac
841 1548 890 1576 per
904 1539 956 1568 hoc
970 1556 995 1588 C

144 1587 262 1616 lucrum
276 1590 418 1622 computat
430 1586 501 1614 mori
516 1593 566 1622 pro
583 1585 704 1615 Christo.

187 1637 282 1672 (Vera.
308 1635 413 1671 22-26.)
445 1647 454 1659 ι
478 1635 507 1663 Si
532 1642 595 1670 ergo
619 1634 714 1662 vivere
740 1634 770 1662 in
795 1642 887 1669 carne,
910 1634 957 1664 hic

145 1681 226 1710 mihi
255 1681 360 1708 fructus
387 1683 428 1708 est
454 1680 563 1716 operis:
593 1683 619 1707 et
643 1679 711 1716 quid
735 1679 833 1715 eligam
848 1679 953 1716 ignoro.

146 1725 285 1754 Coarctor
312 1728 402 1752 autem
425 1724 454 1752 in
470 1724 514 1752 his
529 1723 647 1758 duobus,
672 1723 838 1752 desiderium
853 1724 956 1752 habens

143 1769 279 1804 dissolvi,
295 1772 322 1797 et
347 1777 409 1797 cum
425 1768 535 1798 Christo
550 1776 619 1802 esse,
635 1768 723 1797 multo
741 1768 815 1796 enim
832 1768 930 1797 melius
947 1777 953 1797 :

143 1821 293 1843 remanere
308 1816 399 1842 autem
415 1813 444 1841 in
459 1821 540 1841 carne
555 1813 635 1841 valde
648 1812 832 1841 necessarium
845 1816 956 1849 propter

142 1867 211 1887 vos.
229 1870 238 1882 ν
259 1858 295 1886 Et
315 1857 368 1886 hoc
382 1862 488 1886 certum
509 1857 624 1892 habens,
640 1857 697 1886 scio
712 1858 777 1894 quia
796 1857 911 1885 manebo
929 1861 956 1885 et

143 1902 320 1940 permanebo
337 1902 466 1930 omnibus
482 1902 561 1930 vobis
580 1902 609 1930 in
628 1906 751 1930 vestrum
766 1902 918 1938 profectum
929 1906 957 1930 et

144 1947 283 1985 gaudium
306 1947 369 1976 ﬁdei
383 1957 389 1981 ;
415 1952 445 1976 ut
470 1947 556 1984 gloria
573 1951 665 1976 vestra
679 1946 800 1975 abundet
815 1955 862 1983 per
878 1947 955 1976 Chri-

142 1999 225 2023 stum
241 1994 335 2022 Jesum
349 1994 379 2022 in
397 2002 453 2027 me,
468 2002 517 2030 per
535 2002 627 2022 meum
641 1993 791 2022 adventum
804 1993 904 2022 iterum
921 1993 955 2022 ad

144 2048 208 2069 vos.
239 2040 415 2068 Manifestum
439 2044 480 2068 est
505 2039 577 2076 quod
602 2039 680 2074 dicit,
706 2040 772 2076 quia
793 2040 815 2068 si
830 2040 859 2068 in
873 2047 955 2068 carne

143 2084 259 2120 positus
285 2091 341 2111 non
367 2082 486 2111 otiosum
509 2086 560 2117 est,
583 2083 657 2119 quod
670 2083 759 2117 vivit;
776 2083 860 2112 habet
880 2084 955 2111 enim

143 2129 275 2157 fructum
291 2128 381 2164 operis
396 2127 449 2155 sui.
472 2139 481 2151 ι
492 2127 564 2161 Quid
580 2127 689 2163 eligam,
705 2127 806 2164 inquit,
823 2128 928 2164 ignoro.
939 2140 948 2151 ι

142 2171 266 2200 Duabus
281 2171 354 2199 enim
379 2179 414 2198 ex
437 2171 528 2199 causis
542 2175 674 2206 urgetur;
692 2170 774 2198 habet
796 2171 870 2198 enim
885 2170 955 2198 desi-

142 2217 263 2245 derium
276 2215 416 2250 excedere,
433 2219 460 2243 et
475 2224 538 2243 cum
552 2215 663 2244 Christo
677 2222 734 2243 esse
752 2215 840 2243 multo
854 2215 953 2243 melius

142 2262 313 2295 mstimans;
337 2265 368 2289 ut
379 2260 436 2297 jam
452 2268 571 2297 prasens
586 2260 622 2289 sit
636 2260 708 2298 apud
731 2261 830 2294 Deum,
845 2264 876 2288 ut
890 2268 953 2288 exo-

142 2307 238 2343 ptatis
261 2309 288 2333 et
310 2306 454 2342 promissis
473 2305 599 2340 fruatur;
625 2304 653 2333 in
677 2312 758 2333 carne
782 2312 848 2332 vero
868 2308 898 2332 ut
924 2304 959 2332 sit

143 2351 256 2385 adhuc,
285 2350 469 2379 necessarium
500 2350 569 2379 dicit
602 2353 713 2387 propter
746 2349 958 2378 instructionem

142 2393 341 2424 credentium.
371 2394 407 2422 Et
433 2402 497 2423 cum
512 2394 627 2422 dissolvi
652 2397 679 2422 et
691 2402 755 2422 cum
776 2393 886 2422 Christo
902 2401 960 2421 esse

143 2441 246 2470 multo
271 2439 371 2468 melius
398 2439 497 2473 ducat;
519 2443 624 2468 certum
651 2442 743 2467 tamen
766 2439 819 2468 hoc
842 2439 912 2467 scire
930 2447 959 2467 se

144 2488 335 2522 protestatur,
364 2484 430 2521 quia
452 2484 573 2512 manebit
598 2484 628 2512 in
652 2492 733 2512 carne
747 2484 781 2512 ad
806 2484 958 2520 profectum

145 2530 285 2560 ﬁdelium
300 2539 306 2558 :
320 2534 352 2558 ut
367 2528 454 2566 gloria
467 2536 563 2556 eorum
578 2528 700 2557 abundet
713 2528 743 2556 in
758 2528 886 2563 Domino,
900 2536 960 2564 pro-

144 2575 255 2605 ﬁciens
283 2575 317 2603 ad
339 2574 450 2603 laudem
468 2573 605 2610 Apostoli,
633 2581 696 2602 cum
720 2574 820 2601 iterum
839 2573 960 2601 viderint

145 2628 228 2649 eum.
249 2619 426 2650 Crementum
446 2619 520 2648 enim
536 2618 641 2647 faciunt
655 2618 787 2653 scientia,
811 2623 838 2646 et
852 2618 960 2654 plenius

146 2666 312 2694 fundantur
326 2665 355 2693 in
378 2664 443 2694 ﬁde.
461 2664 601 2699 Quantum
614 2662 741 2692 aﬂ‘ectum
769 2662 866 2692 habuit
888 2663 962 2692 circa

146 2780 376 2848 “gagatem
406 2780 474 2811 edit.
497 2781 590 2818 Rom.,
611 2783 636 2810 et
660 2781 785 2818 efﬁcacem
807 2780 869 2810 dari
886 2789 962 2817 posse

990 251 1046 270 non
1066 242 1166 279 eligat:
1190 241 1238 270 sed
1265 240 1318 269 hoc
1343 240 1421 274 velit,
1447 239 1521 276 quod
1540 240 1668 276 expediat
1682 241 1790 275 multis,

990 291 1081 315 certus
1095 287 1178 315 etiam
1197 284 1317 314 Domino
1332 285 1385 313 hoc
1397 285 1514 321 placere,
1532 284 1606 321 quod
1624 293 1673 321 pro
1693 286 1791 314 multo-

992 340 1053 359 rum
1076 332 1163 359 salute
1190 330 1325 367 proﬁciat.
1350 329 1418 363 Quis
1437 338 1493 358 non
1508 330 1583 357 tertii
1598 330 1661 358 εωΙὶ
1677 330 1793 366 cupidus

993 379 1133 412 sperneret
1157 383 1268 402 omnem
1297 376 1371 405 254
1397 382 1490 402 curam
1517 378 1678 410 praesentem
1693 375 1707 403 Ῠ
1731 375 1793 412 quis

993 433 1049 452 non
1070 423 1189 459 paradisi
1211 423 1361 459 superioris
1385 422 1522 451 desiderio
1535 423 1628 451 omnia
1644 423 1703 452 haec
1718 428 1790 460 post-

993 468 1139 505 poneret?
1163 467 1226 505 quis
1255 475 1310 495 non
1338 467 1485 496 verborum
1506 475 1667 495 arcanorum
1690 476 1795 497 memor

994 513 1116 541 humana
1131 513 1241 550 eloquia
1255 513 1390 542 devitaret
1402 514 1416 542 7
1427 514 1490 551 quis
1505 522 1561 542 non
1577 517 1637 550 post
1651 517 1725 542 tanta
1740 514 1796 542 exi-

994 558 1032 585 tia
1041 558 1154 595 eligeret
1167 558 1290 595 requiem
1302 558 1315 586 Ῡ
1330 558 1383 586 Sed
1398 558 1464 595 quia
1479 558 1643 587 charitatem
1669 558 1798 587 omnibus

994 603 1161 640 anteposuit,
1181 603 1234 633 hoc
1254 607 1363 632 secutus
1381 606 1421 632 est
1439 602 1514 639 quod
1538 602 1683 639 proﬁceret
1708 602 1799 631 fratri-

994 648 1057 676 bus.

1033 692 1124 728 (Vers.
1141 692 1187 726 27,
1202 693 1261 729 28.)
1285 705 1293 717 ι
1304 693 1422 721 Tantum
1436 692 1519 729 digne
1532 692 1684 729 Evangelia
1694 692 1802 722 Christi

996 737 1210 766 conversamini.
1227 751 1236 762 -
1260 738 1376 774 Dignam
1405 737 1642 766 conversationem
1670 738 1731 766 vult
1754 746 1801 766 eos

997 782 1130 811 exhibere
1143 782 1296 819 disciplina
1311 783 1472 817 Dominicae;
1488 787 1518 811 ut
1529 791 1584 811 non
1596 782 1726 819 pceniteat
1738 791 1801 811 eum

998 828 1119 856 voluisse
1140 836 1281 856 remanere
1306 828 1334 856 in
1350 837 1440 857 carne.
1461 841 1470 853 ι
1488 830 1523 858 Ut
1546 829 1605 857 sive
1624 837 1689 858 cum
1702 837 1804 858 venero

966 881 988 911 Β
1004 877 1030 901 et
1053 873 1148 902 videro
1170 881 1229 908 vos,
1254 873 1312 901 sive
1335 873 1433 902 absens
1447 873 1556 902 audiam
1572 874 1606 902 de
1625 874 1705 903 vobis
1729 875 1804 911 quod

1004 918 1081 946 stetis
1105 918 1134 946 in
1159 926 1215 946 uno
1233 918 1354 954 .spiritu,
1372 919 1526 953 unanimes,
1546 919 1649 955 pariter
1663 927 1726 948 cum
1751 919 1805 948 ﬁde

1005 962 1148 999 Evangelii
1162 966 1306 997 certantes,
1323 966 1350 991 et
1364 971 1421 991 non
1436 967 1613 1000 pavescentes
1627 964 1657 991 in
1667 971 1805 1001 quoquam

1006 1007 1039 1035 ab
1053 1007 1229 1041 adversariis,
1240 1016 1300 1044 quae
1313 1012 1354 1036 est
1363 1008 1420 1036 illis
1434 1009 1582 1038 ostentatio
1592 1009 1722 1038 interitus
1734 1009 1805 1045 (45),

1007 1051 1086 1079 vobis
1109 1055 1201 1079 autem
1219 1052 1324 1080 salutis.
1342 1065 1351 1077 ›
1373 1052 1521 1081 Unanimes
1545 1054 1605 1081 vult
1628 1062 1674 1082 eos
1697 1061 1754 1082 esse
1777 1053 1807 1081 in

1006 1095 1061 1124 ﬁde
1081 1099 1108 1123 et
1123 1096 1270 1125 devotione
1294 1100 1391 1126 contra
1405 1097 1586 1133 adversarios,
1608 1102 1638 1126 ut
1653 1098 1746 1126 eadem
1762 1106 1808 1126 au-

1006 1141 1064 1169 diat
1080 1140 1113 1168 de
1138 1141 1196 1169 illis
1215 1141 1322 1176 absens,
1339 1150 1400 1178 quae
1427 1141 1499 1170 vidit
1519 1146 1546 1170 et
1563 1150 1705 1179 prmsens;
1728 1147 1758 1170 ut
1779 1142 1807 1170 in

1006 1187 1084 1215 nullo
1109 1191 1239 1223 paventes
1261 1187 1350 1216 minas
1375 1192 1423 1216 aut
1443 1192 1561 1216 terrores
1575 1188 1806 1222 adversariorum,

1007 1231 1164 1260 custodiant
1178 1231 1272 1266 fidem,
1289 1232 1408 1261 scientes
1422 1233 1487 1268 quia.
1506 1233 1546 1261 eis
1570 1233 1616 1268 qui
1633 1241 1682 1268 pro
1698 1232 1809 1261 Christo

1008 1276 1186 1311 tribulantur,
1218 1277 1252 1304 ad
1280 1277 1395 1304 salutem
1421 1277 1552 1312 proﬁcit:
1584 1277 1641 1304 illis
1668 1285 1733 1305 vero
1761 1278 1809 1313 qui

1010 1320 1155 1354 tribulant,
1175 1320 1209 1348 ad
1223 1320 1420 1355 perditionem.

1048 1364 1139 1400 (Vers.
1158 1363 1203 1397 29,
1218 1363 1275 1399 30.)
1300 1376 1308 1386 -
1321 1364 1356 1391 Et
1371 1363 1424 1392 hoc
1434 1364 1515 1392 aDeo
1530 1363 1663 1391 donatum
1679 1368 1719 1392 est
1731 1364 1812 1392 vobis

1011 1417 1060 1446 pro
1084 1409 1205 1442 Christo,
1234 1417 1289 1437 non
1315 1409 1405 1436 solum
1428 1413 1458 1437 ut
1477 1409 1506 1437 in
1530 1416 1593 1437 eum
1615 1408 1742 1443 credatis,
1764 1409 1811 1437 sed

1011 1454 1094 1482 etiam
1110 1457 1141 1481 ut
1157 1462 1205 1489 pro
1220 1454 1269 1482 illo
1287 1454 1443 1490 patiamini,
1459 1454 1533 1483 idem
1548 1457 1687 1483 certamen
1702 1453 1812 1482 haben—

1012 1502 1061 1534 tes,
1076 1499 1156 1535 quale
1169 1502 1195 1527 et
1210 1499 1319 1527 vidistis
1334 1499 1363 1527 in
1380 1507 1433 1534 me,
1442 1503 1469 1527 et
1484 1508 1559 1529 nunc
1572 1499 1675 1528 auditis
1689 1498 1723 1527 de
1738 1507 1803 1527 me.-

1011 1543 1172 1581 Quanquam
1194 1544 1243 1572 Dei
1268 1545 1382 1581 gratiam
1406 1545 1521 1573 extollat
1547 1545 1577 1572 in
1605 1544 1744 1579 omnibus,
1776 1544 1810 1573 ad

1012 1588 1121 1616 laudem
1137 1592 1228 1616 tamen
1237 1589 1350 1617 illorum
1363 1589 1482 1625 proﬁcit,
1495 1589 1568 1626 quod
1579 1589 1648 1618 dicit
1662 1589 1727 1626 quia
1739 1590 1812 1618 Deus

1012 1632 1070 1661 illis
1084 1633 1219 1662 concessit
1234 1634 1290 1670 pati
1307 1643 1356 1670 pro
1370 1634 1498 1668 Christo;
1516 1643 1572 1662 non
1595 1635 1669 1662 enim
1685 1634 1812 1663 concedit

1011 1679 1055 1706 vel
1070 1678 1153 1707 donat
1168 1679 1222 1707 nisi
1236 1679 1406 1707 amatoribus
1421 1679 1535 1708 Christi.
1551 1679 1615 1707 Ideo
1630 1679 1699 1708 dicit
1712 1687 1717 1706 :
1739 1691 1747 1702 -
1760 1679 1813 1707 Pro

1012 1722 1123 1752 Christo
1141 1724 1274 1752 donatum
1296 1727 1336 1752 est
1357 1724 1454 1758 vobis;
1467 1736 1476 1747 ι
1498 1727 1559 1752 uta
1573 1723 1651 1752 Patre
1675 1724 1733 1752 Deo
1758 1723 1813 1751 do-

1012 1773 1106 1797 natum
1122 1769 1158 1797 sit
1172 1769 1352 1806 diligentibus
1364 1768 1517 1803 Christum,
1525 1774 1556 1797 ut
1570 1769 1604 1797 ad
1619 1773 1811 1806 argumentum

1011 1814 1173 1842 meritorum
1200 1823 1312 1842 suorum
1336 1815 1478 1850 patiantur
1503 1822 1552 1850 pro
1574 1814 1696 1849 Christo,
1722 1818 1749 1842 et
1765 1822 1813 1842 se—

1011 1862 1124 1895 quentes
1136 1859 1261 1895 exempla
1274 1858 1401 1887 Doctoris
1416 1858 1470 1892 sui,
1484 1859 1560 1887 omni
1573 1858 1743 1888 conﬁdentia
1756 1867 1812 1887 cer-

1010 1906 1069 1931 tent
1083 1903 1118 1931 ad
1134 1903 1345 1939 triumphandos
1359 1902 1498 1932 inﬁdeles.

1326 1975 1440 2004 CAPUT
1466 1975 1500 2003 [Ι.

1048 2028 1140 2065 (Vera.
1158 2028 1226 2065 1-4.)
1249 2040 1259 2052 ε
1273 2029 1301 2057 Si
1318 2037 1372 2065 qua
1381 2037 1445 2065 ergo
1459 2027 1617 2055 exhortatio
1638 2026 1667 2053 in
1689 2024 1812 2059 Christo,

1010 2072 1034 2102 si
1048 2074 1122 2110 quod
1136 2074 1265 2102 solatium
1280 2074 1436 2107 charitatis,
1454 2072 1477 2100 si
1500 2078 1554 2107 qua
1569 2069 1743 2106 participatio
1758 2070 1812 2106 spi-

1011 2118 1091 2153 ritus,
1106 2119 1130 2147 si
1145 2127 1199 2155 qua
1212 2122 1277 2147 sunt
1295 2118 1401 2146 viscera
1422 2120 1449 2144 et
1472 2114 1672 2148 miserationes,
1699 2114 1813 2150 implete

1011 2164 1141 2200 gaudium
1155 2172 1258 2198 meum,
1274 2167 1305 2191 ut
1320 2163 1393 2191 idem
1407 2161 1555 2198 sapientes,
1571 2160 1695 2189 eamdem
1722 2160 1812 2189 chari-

1010 2212 1094 2237 tatem
1111 2209 1254 2243 habentes,
1271 2207 1425 2241 unanimes,
1443 2214 1529 2234 unum
1554 2205 1712 2241 sentientes,
1740 2202 1812 2233 nihil

1012 2256 1060 2284 ﬁat
1075 2256 1225 2285 secundum
1251 2255 1445 2291 irritationem,
1467 2262 1556 2292 neque
1575 2254 1728 2283 secundum
1755 2254 1812 2282 ina-

1014 2309 1077 2329 nem
1092 2302 1218 2337 gloriam,
1233 2302 1280 2330 sed
1304 2301 1332 2329 in
1354 2300 1511 2329 humilitate
1526 2301 1627 2329 mentis
1642 2300 1712 2328 alius
1726 2299 1813 2328 alium

1014 2345 1203 2373 existimantes
1227 2346 1395 2382 superiorem
1421 2345 1494 2373 sibi:
1516 2352 1572 2372 non
1597 2353 1657 2382 quae
1682 2353 1731 2373 sua
1748 2349 1813 2373 sunt

1013 2389 1203 2426 unusquisque
1218 2390 1445 2426 contemplantes,
1455 2389 1502 2417 sed
1510 2397 1569 2425 qua
1584 2389 1702 2417 aliorum
1718 2393 1805 2417 sunt.-

1013 2435 1072 2463 Hoc
1086 2434 1165 2469 dicit,
1182 2434 1240 2471 qui,
1256 2434 1279 2463 si
1294 2438 1335 2463 est
1349 2442 1414 2463 vera
1432 2433 1590 2462 exhortatio
1605 2434 1662 2470 spei
1679 2434 1709 2462 in
1733 2434 1812 2463 Chri-

1013 2484 1056 2507 sto
1075 2479 1147 2516 apud
1166 2488 1225 2515 vos,
1251 2488 1304 2516 qua
1327 2488 1376 2508 vos
1391 2479 1510 2508 invicem
1526 2479 1712 2512 consolamur,
1728 2479 1757 2506 in
1772 2487 1812 2506 so-

1014 2524 1111 2552 latium
1126 2524 1269 2553 charitatis
1283 2524 1448 2559 communis,
1466 2524 1489 2552 si
1505 2523 1679 2560 participatio
1694 2523 1812 2559 Spiritus

1014 2569 1113 2604 sancti,
1132 2578 1181 2606 per
1205 2578 1287 2606 quam
1309 2568 1454 2606 jungimur
1478 2568 1507 2596 in
1523 2577 1580 2597 uno
1597 2576 1712 2604 corpore
1728 2575 1811 2600 novo,

1014 2613 1037 2642 si
1052 2622 1106 2651 qua
1115 2620 1179 2644 sunt
1191 2615 1308 2648 viscera,
1320 2614 1348 2643 id
1361 2618 1413 2649 est,
1428 2614 1451 2642 si
1471 2613 1500 2641 in
1523 2614 1618 2642 animo
1632 2616 1723 2640 vestro
1739 2618 1809 2643 sum,

1014 2659 1087 2690 sicut
1106 2664 1132 2689 et
1153 2669 1203 2689 vos
1226 2660 1256 2689 in
1280 2668 1351 2695 meo,
1373 2660 1397 2688 si
1416 2659 1618 2693 miserationes,
1640 2657 1692 2685 hoc
1716 2658 1766 2689 est,
1788 2653 1811 2681 si

1053 2778 1112 2816 (45)
1128 2779 1194 2808 Edit
1209 2780 1301 2814 Rom.,
1316 2786 1375 2813 quw
1387 2780 1424 2805 est
1437 2776 1493 2805 illis
1509 2773 1610 2803 occasio
1624 2771 1758 2803 interitus.
