4108 6184
335 356 437 416 433

1381 357 1742 416 COMMENT.
1784 359 1856 416 IN
1890 359 2108 416 EPIST.
2152 362 2250 419 AD
2288 359 2590 420 PHILIPP.

3535 368 3643 428 434

336 478 538 537 labitur
566 479 720 551 (Luc.
753 495 873 549 xrv,
918 481 1030 553 11).
1064 504 1082 529 ι
1125 480 1252 539 Hac
1280 488 1362 538 est
1391 498 1516 554 ergo
1547 482 1854 552 humilitas,
1884 485 1930 541 si
1959 494 2009 553 Α
2037 494 2090 542 et
2118 485 2403 558 accipietis
2432 487 2614 558 (Joan.
2645 503 2763 558 xvr,
2794 489 2912 562 24).
2945 515 2964 540 ι
3010 490 3127 549 Hoc
3153 507 3280 566 ergo
3311 500 3472 552 natus
3500 511 3648 553 acoe-

331 568 434 626 sibi
465 567 588 642 quis
619 585 721 627 nec
751 569 898 643 quod
926 570 1111 627 deberi
1142 573 1320 641 novit,
1364 572 1643 630 defendat.
1687 575 1936 649 Denique

327 658 638 716 Pharisaus
675 660 791 729 ille,
834 677 958 718 vera
993 663 1059 718 de
1097 679 1154 719 se
1183 662 1393 733 dicens,
1440 665 1709 721 exaltasse
1738 681 1796 720 se
1824 665 1938 723 dic-

327 754 418 804 tus
449 757 570 816 est;
618 765 682 805 ac
711 766 805 822 per
832 750 937 808 hoc
965 750 1296 809 humiliatus
1334 760 1416 809 est
1467 754 1620 825 (Luc.
1651 770 1818 822 XVIII,
1850 755 1936 810 11-

329 837 419 910 14)
459 857 470 894 :
521 838 774 897 Christus
802 849 986 898 autem
1018 843 1144 914 plus
1188 841 1340 910 fecit,
1387 843 1482 916 qui
1513 859 1638 898 cum
1669 835 1816 900 Deus
1843 844 1934 912 sit,

324 941 456 983 caro
485 927 665 985 factus
695 929 1020 987 hominibus
1039 947 1096 986 se
1125 930 1439 987 inclinavit.
1470 932 1629 988 Nunc
1653 931 1938 990 videamus

325 1018 609 1091 quomodo
667 1019 936 1076 donatum
993 1027 1076 1076 est
1129 1019 1351 1076 Christo
1397 1037 1618 1089 nomen,
1667 1021 1813 1094 quod
1855 1030 1936 1078 est

322 1123 490 1180 super
534 1124 700 1164 omne
748 1125 974 1179 nomen,
1011 1110 1164 1183 quasi
1215 1111 1422 1182 eguerit
1470 1111 1648 1167 Filius
1674 1111 1794 1180 Dei,
1841 1120 1936 1168 aut

325 1196 690 1268 imperfectus
723 1198 932 1267 fuerit;
976 1199 1071 1272 qui
1102 1200 1250 1255 enim
1283 1207 1420 1271 eget,
1448 1200 1802 1272 imperfectus
1829 1211 1928 1258 est.

324 1286 385 1342 Si
410 1286 558 1342 enim
597 1286 654 1342 in
681 1287 859 1343 forma
880 1289 975 1344 Dei
1011 1295 1144 1356 erat,
1179 1296 1292 1344 erat
1324 1305 1421 1360 par
1448 1296 1502 1344 et
1532 1290 1759 1360 aequalis
1781 1291 1928 1350 Deo:

325 1375 604 1448 quomodo
632 1375 895 1432 donatum
929 1385 1012 1433 est
1040 1377 1129 1433 illi
1151 1378 1180 1433 ?
1221 1378 1442 1434 Etenim
1473 1377 1737 1434 donatum
1767 1377 1926 1450 dicit,

323 1465 420 1538 qui
451 1481 508 1521 se
535 1465 876 1534 humiliavit,
923 1472 978 1521 et
1005 1465 1159 1538 quasi
1205 1465 1372 1522 homo
1414 1470 1686 1540 apparuit,
1730 1471 1933 1528 exina-

321 1552 484 1610 niens
512 1569 592 1622 se,
627 1554 804 1610 factus
833 1554 1096 1612 obediens
1124 1571 1297 1628 usque
1323 1557 1391 1612 ad
1424 1566 1680 1615 mortem.
1717 1561 1772 1616 Si
1803 1577 1932 1634 ergo

315 1642 591 1716 perfectus
646 1649 810 1698 natus
862 1652 964 1712 est,
1033 1645 1312 1717 quomodo
1369 1647 1563 1720 eguit?
1622 1649 1930 1707 Perfectum

313 1731 414 1788 Dei
446 1731 654 1787 Filium
681 1738 875 1786 natum
906 1731 975 1787 de
1011 1734 1127 1789 Deo
1155 1734 1314 1791 Patre
1339 1736 1434 1808 qui
1463 1745 1646 1809 negat,
1690 1737 1930 1794 Arianus

2045 576 2146 649 pit,
2176 585 2239 632 ut
2291 583 2412 649 post
2457 592 2674 634 crucem
2728 579 3191 648 manifestaretur,
3247 583 3380 655 quid
3419 601 3451 640 a
3486 584 3646 642 Patre

2047 665 2178 722 dum
2211 673 2580 738 generaretur,
2603 668 2888 740 acceperit.
2916 671 3128 727 Nomen
3158 671 3305 728 enim
3335 681 3471 729 tunc
3497 689 3644 732 acce-

2046 753 2130 826 pit
2166 754 2282 825 (48)
2313 771 2343 810 a
2372 755 2549 824 Patre,
2595 771 2723 812 cum
2753 773 2784 811 a
2824 767 3071 818 creatura
3115 761 3282 834 capit
3327 761 3497 830 sciri;
3542 779 3643 820 co-

2048 845 2328 916 gnoscitur
2355 845 2503 900 enim
2536 846 2670 918 quid
2717 855 2937 920 prepter
2965 849 3083 907 hac
3111 866 3230 923 qua
3266 853 3450 924 gessit,
3495 861 3642 911 ante-

2047 949 2210 1005 quam
2240 942 2468 1006 gereret,
2491 937 2781 1008 acceperit.
2807 938 3054 1011 Denique
3070 947 3194 994 ante
3212 958 3430 998 crucem
3458 942 3639 1001 dixit:

2059 1043 2078 1068 ι
2109 1022 2308 1079 Omnia
2337 1023 2474 1079 mihi
2504 1025 2709 1082 tradita
2750 1034 2882 1082 sunt
2910 1043 2941 1082 a
2971 1028 3130 1084 Patre
3160 1045 3280 1083 meo
3312 1032 3522 1101 (Matth.
3558 1049 3640 1104 χι,

2043 1109 2158 1183 27).
2209 1137 2227 1160 ι
2283 1111 2570 1179 Quomodo
2595 1130 2722 1186 ergo
2753 1114 2858 1173 hoc
2885 1115 2955 1171 ad
2984 1132 3184 1190 corpus
3222 1125 3400 1190 potest
3428 1120 3640 1190 referri,

2042 1207 2104 1255 ut
2150 1202 2250 1257 Dei
2297 1219 2498 1260 nomen
2547 1203 2764 1276 corpori
2811 1205 2884 1260 sit
2930 1205 3219 1275 donatum,
3269 1224 3394 1264 cum
3429 1216 3644 1266 constet

2044 1289 2325 1347 Christum
2356 1291 2636 1349 hominem
2667 1310 2782 1349 esse
2807 1302 2861 1350 et
2889 1295 3086 1363 Deum,
3120 1295 3248 1368 quia
3280 1314 3380 1353 nec
3407 1298 3640 1370 dignum

2043 1389 2144 1449 est,
2177 1390 2239 1436 ut
2267 1383 2410 1440 Deus
2454 1383 2779 1440 immutetur
2808 1385 2866 1439 in
2895 1401 3140 1455 carnem,
3169 1403 3346 1459 neque
3376 1403 3504 1444 caro
3532 1388 3641 1445 hoc

2043 1470 2213 1541 possit
2251 1471 2393 1528 eﬂici
2425 1471 2572 1542 quod
2601 1480 2682 1527 est
2709 1475 2884 1540 Deus;
2941 1473 3035 1530 sed
3066 1474 3204 1531 forte
3250 1482 3312 1532 ut
3341 1475 3662 1549 adoptione-

2039 1558 2185 1614 Deus
2221 1569 2382 1628 esset,
2414 1568 2468 1616 et
2498 1560 2591 1618 hic
2619 1563 2770 1618 color
2798 1570 2910 1631 est;
2943 1563 3173 1638 incipiet
3199 1564 3346 1620 enim
3385 1582 3455 1621 ex
3483 1572 3638 1640 parte

2038 1648 2184 1704 Deus
2222 1664 2384 1705 verus
2423 1666 2539 1706 esse
2593 1650 2867 1721 Christus,
2919 1660 2974 1709 et
3015 1669 3085 1709 ex
3124 1662 3276 1727 parte
3321 1653 3635 1727 adoptivus,

2039 1748 2133 1820 aut
2168 1739 2277 1796 duo
2327 1740 2426 1800 dii.
2483 1741 2588 1798 Sed
2641 1740 2794 1796 aliud
2851 1741 3136 1814 Scriptura
3189 1743 3508 1816 signiﬁcat:
3551 1742 3635 1800 illi

314 1826 438 1887 est;
493 1835 622 1874 nam
665 1825 791 1874 ante
838 1819 1170 1892 passionem,
1215 1825 1480 1896 aqualem
1527 1843 1586 1882 se
1636 1828 1750 1883 Deo
1779 1827 1925 1884 Patri
1959 1858 2006 1920 Β
2041 1830 2185 1885 enim
2221 1831 2486 1888 donatum
2517 1830 2812 1901 signiﬁcat,
2833 1831 2928 1905 qui
2958 1847 3014 1887 se
3042 1831 3376 1897 exinanivit,
3406 1831 3502 1905 qui
3527 1831 3635 1889 for-

315 1906 586 1976 ostendit,
627 1906 771 1963 sicut
815 1915 869 1962 et
917 1925 1082 1981 supra
1127 1915 1449 1970 memoravi.
1511 1916 1668 1973 Unde
1711 1927 1927 1976 constat

314 1995 476 2052 hunc
503 2002 696 2051 natum
727 2011 843 2052 esse
867 1997 1208 2069 perfectum;
1241 1999 1299 2056 in
1332 2003 1622 2061 nativitate
1650 2006 1797 2063 enim
1828 2023 1926 2064 sua

312 2085 509 2142 omnia
543 2094 872 2143 consecutus
900 2087 1141 2144 videtur.
1174 2091 1236 2146 In
1267 2092 1616 2164 plenitudine
1649 2097 1796 2153 enim
1828 2099 1925 2155 di-

313 2172 576 2229 vinitatis
605 2180 686 2229 est
714 2182 874 2230 natus
903 2174 971 2230 ad
1001 2177 1188 2233 omnia
1220 2179 1428 2251 agenda
1459 2198 1580 2254 quae
1612 2185 1808 2256 gessit;
1861 2194 1925 2242 ut

309 2262 472 2337 prius
526 2267 671 2325 256
712 2262 920 2320 donum
979 2267 1299 2340 accepisset,
1357 2287 1517 2344 quam
1571 2282 1804 2344 gereret,
1853 2275 1920 2332 ad

308 2377 435 2434 quae
466 2361 675 2434 agenda
699 2368 865 2418 natus
895 2370 996 2419 est.
1041 2363 1277 2422 Videtur
1321 2382 1450 2440 ergo
1480 2369 1689 2428 donum
1721 2372 1916 2442 Patris,

311 2457 423 2516 hoc
470 2466 574 2527 est,
618 2475 734 2516 esse
777 2459 1005 2529 Filium,
1054 2467 1109 2516 et
1149 2476 1349 2518 nomen
1392 2463 1510 2535 ejus
1553 2482 1716 2538 super
1757 2483 1919 2524 omne

307 2559 517 2602 nomen
547 2545 641 2615 sit,
695 2545 802 2603 hoc
831 2553 934 2613 est,
973 2563 1092 2604 esse
1118 2549 1333 2616 Deum;
1375 2565 1577 2606 nomen
1617 2553 1764 2608 enim
1795 2553 1915 2621 Dei,

306 2636 407 2693 sed
467 2653 566 2708 per
598 2643 873 2707 naturam,
930 2654 1042 2694 non
1096 2655 1193 2712 per
1246 2641 1416 2697 solam
1473 2643 1916 2715 appellationem,

306 2742 478 2799 super
520 2743 682 2784 omne
729 2743 932 2784 nomen
985 2736 1087 2786 est.
1134 2729 1277 2787 Hinc
1305 2738 1409 2797 est,
1470 2756 1488 2778 α
1515 2738 1577 2787 ut
1605 2732 1664 2787 in
1692 2733 1919 2787 nomine

306 2813 440 2870 Jesu
469 2831 632 2871 omne
679 2832 822 2890 genu
854 2816 1124 2887 ﬂectatur,
1169 2819 1500 2888 caelestium,
1549 2820 1915 2889 terrestrium,

306 2911 363 2959 et
393 2903 762 2975 infernorum,
797 2931 816 2956 ι
872 2908 1016 2964 sicut
1042 2907 1113 2963 ad
1141 2909 1420 2964 Romanos
1448 2908 1743 2979 signiﬁcat,
1776 2909 1920 2964 inter

304 3000 505 3050 catera
533 2993 724 3052 dicens
757 2996 796 3050 ε’
836 3019 854 3041 ι
885 2997 958 3051 Et
993 3011 1066 3050 ex
1101 2996 1304 3068 quibus
1334 2995 1588 3052 Christus
1617 2997 1918 3052 secundum

305 3099 554 3154 carnem,
585 3085 682 3157 qui
707 3090 788 3139 est
813 3099 975 3153 super
1004 3084 1193 3137 omnia
1221 3085 1367 3139 Deus
1387 3084 1708 3140 benedictus
1735 3085 1794 3140 in
1825 3103 1917 3142 sa-

305 3175 437 3230 cula
472 3175 649 3245 (Rom.
686 3189 766 3241 rx,
797 3173 879 3243 5).
911 3196 930 3217 ι
984 3171 1117 3239 Quae
1148 3173 1260 3228 sint
1290 3179 1470 3228 autem
1500 3173 1618 3232 hac
1647 3175 1831 3232 omnia
1858 3176 1915 3231 in

304 3263 546 3335 epistola
575 3263 681 3318 ista
725 3261 901 3334 aperit
929 3261 1142 3331 dicens,
1189 3263 1434 3320 calestia
1461 3272 1517 3320 et
1555 3267 1833 3322 terrestria
1863 3275 1919 3322 et

311 3350 576 3406 inferna:
626 3349 736 3406 alia
781 3351 928 3406 enim
969 3352 1126 3406 nulla
1165 3359 1313 3408 sunt.
1366 3351 1707 3418 Quibusdam
1736 3363 1916 3410 tamen

312 3436 540 3494 videtur
567 3437 784 3494 homini
806 3439 1069 3496 donatum
1092 3457 1206 3498 esse
1227 3459 1449 3510 nomen,
1473 3443 1620 3515 quod
1648 3452 1730 3500 est
1758 3461 1920 3517 super

303 3542 475 3582 omne
505 3543 728 3595 nomen,
762 3528 910 3600 quod
939 3530 1095 3585 nullo
1119 3547 1334 3602 genere,
1365 3533 1521 3587 nulla
1550 3533 1762 3588 ratione
1787 3549 1916 3589 con-

305 3614 486 3671 venit.
543 3614 598 3671 Si
651 3615 800 3671 enim
855 3616 1107 3675 Christus
1155 3620 1255 3675 Dei
1305 3620 1481 3676 Filius
1528 3621 1674 3677 idem
1721 3621 1836 3694 ipse
1865 3630 1917 3679 et

301 3705 477 3762 homo
514 3711 617 3772 est,
647 3721 759 3761 non
788 3714 1004 3778 poterat
1047 3709 1194 3764 Deus
1223 3708 1390 3765 homo
1419 3709 1616 3779 factus,
1665 3713 1758 3768 sed
1790 3729 1916 3768 ma-

304 3809 450 3850 nens
477 3796 643 3863 Deus,
668 3794 758 3852 his
783 3812 936 3868 egere
961 3814 1081 3870 quae
1110 3797 1346 3854 habebat
1376 3818 1386 3855 :
1414 3807 1510 3855 aut
1535 3800 1581 3855 si
1613 3801 1914 3857 secundum

298 3883 451 3956 quod
495 3882 662 3940 homo
709 3892 848 3954 erat,
896 3885 985 3942 his
1032 3887 1243 3959 egebat,
1294 3905 1416 3960 quae
1458 3889 1558 3945 Dei
1602 3898 1752 3958 sunt,
1799 3891 1915 3963 ipse

297 3971 402 4028 sibi
449 3971 548 4027 Dei
590 3972 766 4029 Filius
798 3976 944 4030 Deus
973 3974 1233 4044 dedisset,
1281 3993 1400 4049 quae
1429 3977 1655 4034 deerant
1681 3978 1727 4034 ei
1753 3977 1917 4050 juxta

299 4061 454 4135 quod
482 4061 649 4117 homo
683 4069 817 4118 erat.
850 4063 1010 4131 Quod
1043 4063 1266 4137 quidem
1299 4067 1366 4121 ab
1411 4066 1732 4138 insipientia
1763 4066 1914 4122 dici-

298 4163 410 4213 tur.
460 4157 531 4212 Et
560 4173 728 4230 quare
773 4159 935 4213 Pater
969 4158 1175 4214 dicitur
1216 4159 1448 4228 dedisse,
1497 4177 1625 4216 cum
1674 4160 1788 4232 ipse
1817 4155 1912 4233 qui

297 4246 474 4302 homo
503 4246 683 4304 factus
713 4255 850 4315 erat,
881 4248 1023 4303 nihil
1054 4248 1396 4305 dehaberet?
1426 4258 1521 4305 aut
1552 4267 1663 4306 non
1695 4258 1911 4322 poterat

296 4336 434 4392 Filii
468 4334 736 4392 divinitas
770 4336 887 4408 (47)
935 4337 1152 4409 corpori
1180 4354 1281 4393 suo
1314 4347 1368 4394 et
1396 4341 1593 4396 anima
1623 4349 1902 4413 prastare,

297 4443 423 4499 qua
458 4425 724 4482 deerant?
774 4426 888 4483 Sed'
911 4426 1050 4482 forte
1079 4429 1209 4500 quia
1236 4444 1267 4482 a
1296 4430 1406 4484 Deo
1437 4430 1592 4485 Patre
1621 4439 1750 4486 sunt
1780 4448 1911 4487 om—

296 4517 413 4586 nia,
469 4515 592 4571 ideo
633 4516 747 4589 ipse
776 4515 984 4573 dicitur
1029 4515 1263 4573 dedisse.
1305 4517 1362 4573 Si
1393 4534 1519 4590 ergo
1549 4536 1580 4574 a
1608 4521 1765 4578 Patre
1794 4538 1909 4577 om-

2039 1937 2184 1977 mam
2215 1921 2359 1978 servi
2405 1921 2634 1993 accepit,
2684 1921 2780 1994 qui
2816 1921 2874 1977 in
2921 1921 3347 1978 similitudinem
3390 1921 3637 1980 hominis

2034 2010 2212 2068 factus
2239 2019 2322 2068 est
2367 2011 2554 2080 homo,
2610 2012 2706 2084 qui
2736 2012 2884 2068 Patri
2921 2011 3186 2069 obedivit.
3234 2011 3291 2068 Si
3323 2012 3491 2068 homo
3518 2015 3634 2070 Deo

2033 2100 2183 2156 Patri
2215 2101 2484 2169 obedivit,
2535 2101 2670 2174 quid
2701 2117 2958 2174 magnum
2990 2110 3092 2171 est,
3122 2101 3271 2176 quod
3298 2101 3445 2157 dixit
3487 2103 3632 2175 Apo~

2032 2191 2256 2247 stolus?
2303 2190 2408 2247 Sed
2462 2189 2568 2248 hoc
2603 2207 2860 2264 magnum
2906 2199 3010 2257 est,
3058 2191 3188 2265 quia
3235 2207 3360 2248 cum
3405 2191 3634 2265 aqualis

2029 2288 2192 2347 esset,
2227 2279 2494 2338 obedivit.
2527 2281 2600 2336 Et
2629 2279 2765 2353 quid
2793 2279 2972 2337 laudis
2995 2288 3098 2349 est,
3128 2281 3174 2337 si
3205 2280 3263 2337 in
3295 2281 3633 2338 similitudi-

2029 2387 2155 2427 nem
2174 2370 2418 2426 hominis
2434 2371 2614 2428 factus
2631 2379 2709 2428 est
2726 2370 2912 2438 homo;
2937 2379 2998 2430 ut
3020 2369 3236 2428 homini
3249 2370 3448 2428 similis
3463 2370 3634 2428 homo

2027 2460 2207 2516 factus
2235 2461 2453 2517 dicatur
2473 2461 2501 2517 ‘i
2530 2461 2634 2517 Sed
2669 2478 2780 2518 non
2809 2468 2986 2534 potest
3014 2461 3134 2518 fieri
3158 2479 3171 2526 ;
3206 2476 3368 2517 nemo
3398 2459 3547 2517 enim
3572 2459 3633 2515 in

2028 2549 2453 2606 similitudinem
2487 2551 2550 2604 ﬁt
2581 2549 2839 2620 alicujus,
2887 2550 2996 2605 nisi
3027 2549 3167 2606 alius
3197 2549 3289 2618 sit,
3338 2557 3632 2622 antequam

2026 2636 2122 2692 fiat
2151 2637 2209 2692 in
2247 2637 2674 2694 similitudinem
2716 2637 2876 2709 cujus
2904 2637 3057 2702 vult;
3108 2652 3206 2708 per
3233 2652 3452 2692 causam
3485 2635 3633 2691 enim

2027 2727 2230 2783 similis
2260 2728 2436 2781 factus
2465 2733 2567 2792 est,
2602 2743 2713 2780 non
2740 2741 2838 2796 per
2867 2724 3251 2780 substantiam.
3281 2725 3354 2780 Et
3380 2725 3505 2798 quis
3535 2731 3644 2782 est:

2029 2814 2125 2886 qui
2167 2831 2224 2870 se
2255 2813 2619 2870 exinanivit?
2674 2815 2870 2869 Homo.
2921 2813 3066 2886 Ergo
3115 2812 3348 2871 habebat
3380 2812 3519 2884 (49).
3570 2815 3644 2870 Et

2030 2902 2308 2974 quomodo
2351 2901 2605 2975 accepit?
2661 2902 2766 2958 Sed
2806 2900 2940 2975 quid
2987 2909 3199 2975 poterat
3246 2917 3303 2958 se
3350 2901 3639 2959 exinanire

2033 2996 2197 3048 homo
2227 3009 2313 3048 res
2343 2993 2565 3049 inﬁrma
2586 2993 2613 3049 ?
2641 2994 2709 3049 Et
2739 2992 2798 3047 in
2826 2991 3004 3048 forma
3036 2991 3135 3047 Dei
3166 2991 3439 3065 numquid
3470 2991 3638 3048 homo

2029 3083 2187 3140 erat?
2243 3082 2348 3139 Sed
2404 3083 2546 3138 forte
2597 3082 2764 3140 homo
2803 3083 2865 3138 in
2918 3082 3096 3138 forma
3150 3081 3248 3138 Dei
3297 3082 3474 3139 Filius
3521 3088 3638 3138 erat

2032 3173 2172 3246 (50).
2221 3175 2356 3246 Age,
2403 3175 2583 3229 Filius
2624 3173 2721 3229 Dei
2766 3172 2824 3228 in
2866 3171 3025 3243 cujus
3061 3174 3236 3228 forma
3277 3172 3439 3228 erat?
3486 3172 3557 3228 Et
3586 3171 3634 3228 si

2024 3262 2138 3334 jam
2171 3261 2338 3319 homo
2373 3263 2428 3317 in
2471 3262 2650 3317 forma
2681 3262 2803 3329 Dei,
2852 3261 2959 3317 hoc
2998 3268 3101 3330 est,
3145 3261 3321 3317 Filius
3358 3260 3460 3317 Dei
3493 3268 3632 3330 erat,

2023 3349 2137 3422 jam
2169 3358 2296 3406 ante
2339 3351 2648 3423 passionem
2701 3349 2976 3422 perfectus
3004 3359 3138 3406 erat.
3183 3351 3305 3406 Non
3353 3365 3480 3420 ergo
3511 3357 3635 3420 post

2029 3439 2335 3512 passionem
2377 3439 2591 3514 aliquid
2635 3439 2864 3511 accepit.
2907 3438 3012 3494 Sed
3042 3439 3350 3506 videamus,
3403 3437 3537 3510 quid
3566 3437 3635 3494 de

2027 3545 2091 3584 eo
2142 3529 2409 3602 scriptum
2467 3531 2585 3585 sit:
2666 3553 2684 3576 ε
2713 3529 2941 3602 Propter
3000 3528 3147 3601 quod
3203 3527 3634 3601 superexaltavit

2026 3635 2152 3674 eum
2200 3621 2365 3688 Deus,
2414 3627 2470 3675 et
2513 3619 2743 3675 donavit
2792 3619 2840 3674 ei
2891 3635 3115 3687 nomen,
3164 3619 3312 3692 quod
3347 3626 3431 3675 est
3466 3634 3633 3691 super

2025 3725 2188 3764 omne
2218 3725 2457 3776 nomen;
2493 3717 2553 3765 ut
2596 3708 2654 3764 in
2703 3709 2927 3765 nomine
2969 3710 3096 3765 Jesu
3127 3725 3289 3765 omne
3319 3726 3461 3783 genu
3492 3708 3630 3767 ﬂec-

2025 3806 2192 3867 tatur,
2235 3799 2559 3867 coelestium,
2611 3799 2974 3870 terrestrium,
3027 3808 3081 3856 et
3125 3800 3471 3856 infernarum
3510 3818 3522 3854 :
3575 3805 3630 3855 et

2025 3889 2206 3944 omnis
2233 3887 2423 3960 lingua
2451 3887 2799 3958 confiteatur,
2829 3890 2958 3963 quia
2981 3889 3253 3945 Dominus
3282 3890 3437 3945 Iesus
3469 3886 3627 3943 Chri-

2024 3989 2145 4038 stus
2182 3982 2240 4035 in
2269 3979 2441 4052 gloria
2469 3989 2550 4036 est
2579 3981 2678 4037 Dei
2708 3982 2906 4038 Patris.
2940 4007 2958 4030 ι
3025 3981 3449 4039 Consideremus
3479 3993 3630 4034 nunc

2023 4069 2190 4137 dicta,
2219 4077 2272 4124 et
2309 4068 2388 4127 sic
2426 4069 2776 4127 advertamus
2806 4072 2921 4126 vim
2971 4068 3288 4125 locutionis.
3341 4067 3499 4122 Certe
3531 4080 3626 4120 no-

2031 4177 2177 4229 men,
2211 4161 2357 4234 quod
2388 4178 2551 4235 super
2580 4177 2743 4217 omne
2772 4174 2977 4215 nomen
3004 4163 3106 4224 est,
3156 4153 3257 4210 Dei
3289 4168 3490 4208 nomen
3519 4160 3622 4210 est.

2021 4251 2127 4307 Sed
2151 4251 2198 4307 si
2228 4269 2323 4325 per
2349 4260 2604 4307 naturam
2636 4267 2747 4305 non
2777 4253 2994 4303 constat
3027 4245 3133 4299 hoc
3176 4257 3378 4298 nomen
3406 4258 3517 4299 non
3544 4251 3628 4302 est

2021 4357 2184 4414 super
2226 4357 2388 4395 omne
2436 4354 2676 4403 nomen;
2718 4334 3113 4409 appellativum
3149 4331 3295 4388 enim
3328 4349 3530 4390 nomen
3565 4335 3624 4392 in

2021 4431 2138 4485 solo
2179 4429 2449 4486 vocabulo
2500 4434 2603 4494 est,
2662 4442 2772 4480 non
2811 4425 2867 4480 in
2918 4423 3208 4480 nobilitate
3264 4431 3511 4494 natura;
3569 4433 3624 4482 et

2021 4519 2282 4590 adoptivo
2328 4519 2441 4573 Deo
2489 4532 2601 4571 non
2640 4514 2811 4572 ﬂectit
2855 4509 3105 4572 creatura
3132 4529 3297 4588 genu,
3343 4515 3438 4572 sed
3468 4530 3622 4582 vero,

295 4606 410 4673 nia,
450 4621 618 4678 quare
648 4621 759 4661 non
790 4605 1006 4663 dicatur
1035 4614 1234 4663 cuncta
1275 4606 1418 4662 Filio
1444 4589 1544 4662 suo
1574 4624 1669 4680 per
1697 4625 1910 4681 genera-
1939 4589 1988 4648 D
2022 4589 2143 4664 non,
2162 4615 2550 4664 concreatura.
2573 4607 2646 4661 Et
2665 4604 2939 4678 quomodo
2970 4604 3088 4660 ﬁeri
3115 4610 3312 4676 potest,
3363 4611 3424 4659 ut
3454 4603 3622 4661 homo

296 4693 510 4750 tionem
545 4693 798 4750 dedisse?
841 4696 914 4750 Et
943 4696 1195 4768 quamvis
1225 4696 1490 4769 aqualem
1520 4696 1626 4752 sibi
1657 4698 1908 4770 genuerit

298 4783 536 4852 Filium,
559 4782 699 4839 ordo
719 4791 900 4840 tamen
929 4784 1101 4857 exigit
1129 4793 1191 4840 ut
1222 4785 1280 4840 in
1310 4785 1534 4842 nomine
1550 4785 1728 4843 Patris
1747 4804 1906 4860 agan-

299 4880 387 4929 tur
421 4871 632 4928 omnia.
666 4873 782 4929 Hoc
811 4873 970 4928 Pater
998 4874 1269 4933 concessit
1320 4875 1464 4931 Filio
1509 4884 1632 4947 post
1660 4893 1905 4944 crucem,

297 4968 358 5016 ut
385 4960 583 5018 omnia
613 4961 670 5016 in
708 4960 933 5016 nomine
959 4962 1086 5017 Filii
1130 4964 1432 5020 salventur.
1484 4965 1731 5039 Denique
1771 4965 1908 5023 dicit

299 5049 576 5106 Dominus
609 5049 676 5106 de
705 5048 994 5121 discipulis
1040 5050 1109 5106 ad
1155 5053 1369 5108 Patrem
1406 5070 1416 5107 :
1482 5077 1500 5099 ι
1539 5055 1717 5122 Pater,
1771 5072 1908 5128 quos

299 5137 503 5195 dedisti
534 5139 697 5208 mihi,
755 5137 1059 5208 custodivi,
1115 5139 1200 5195 tui
1256 5142 1402 5198 enim
1452 5150 1625 5212 erant,
1683 5153 1734 5200 et
1765 5145 1905 5200 mihi

299 5243 390 5284 eos
422 5227 627 5285 dedisti
659 5229 841 5301 (Joan.
875 5245 1015 5296 xvn,
1047 5227 1162 5299 i2).
1199 5252 1218 5276 ι
1261 5231 1333 5286 Et
1360 5229 1429 5287 ad
1457 5231 1761 5304 discipulos
1789 5233 1902 5289 ait:

313 5339 332 5364 ι
360 5318 548 5392 Usque
572 5316 740 5374 modo
767 5317 912 5374 nihil
942 5316 1157 5391 petistis
1183 5317 1240 5374 in
1276 5321 1499 5378 nomine
1529 5335 1680 5390 muo;
1713 5322 1909 5394 petite,

377 5563 499 5709 (47)
531 5565 660 5622 Mss.
691 5563 888 5647 Laud.,
917 5571 1012 5621 aut
1026 5581 1132 5622 non
1141 5570 1354 5648 poterat
1382 5567 1554 5623 Filius
1584 5569 1906 5627 divinitatis.

406 5635 476 5709 48
531 5637 658 5696 Vet.
689 5637 851 5708 edit.,
897 5654 961 5697 ac
990 5653 1120 5694 mss.
1169 5639 1401 5709 aliquot,
1445 5640 1567 5698 Non
1611 5642 1750 5698 enim
1793 5648 1906 5697 tunc

406 5635 499 5712 48)
531 5637 658 5696 Vet.
689 5637 851 5708 edit.,
897 5654 961 5697 ac
990 5635 1401 5712 mssfaliquot,
1445 5640 1567 5698 Non
1611 5642 1750 5698 enim
1793 5648 1914 5697 tunc

307 5708 516 5779 accepit.

2020 4697 2092 4754 sit
2129 4696 2185 4750 in
2222 4695 2393 4768 gloria
2438 4695 2538 4752 Dei
2587 4696 2764 4751 Patris
2790 4696 2817 4751 i‘
2861 4694 3096 4749 Etiamsi
3137 4693 3430 4766 adoptivus
3476 4698 3621 4752 Deus

2016 4787 2088 4844 sit
2117 4785 2304 4852 homo,
2336 4784 2396 4840 in
2426 4784 2600 4856 gloria
2627 4785 2725 4839 Dei
2756 4782 2934 4839 Patris
2962 4799 3071 4839 non
3105 4790 3280 4856 potest
3305 4799 3458 4851 esse;
3492 4800 3620 4839 nam

2017 4875 2066 4931 ei
2113 4874 2219 4932 hoc
2264 4873 2550 4946 competit,
2604 4872 2697 4947 qui
2737 4881 2899 4929 natus
2942 4879 3024 4928 est
3071 4872 3138 4928 de
3172 4874 3304 4929 Deo.
3341 4875 3404 4928 In
3444 4873 3620 4944 gloria

2017 4967 2164 5022 enim
2195 4965 2295 5022 Dei
2343 4963 2521 5021 Patris
2563 4979 2700 5033 esse,
2732 4962 2876 5019 nihil
2919 4963 3139 5021 differre
3167 4981 3200 5019 a
3243 4967 3356 5021 Deo
3387 4971 3506 5026 est;
3557 4970 3619 5018 ut

2018 5073 2128 5112 una
2157 5055 2332 5128 gloria
2372 5055 2445 5111 sit
2475 5053 2651 5110 Patris
2698 5061 2752 5110 et
2794 5053 2924 5110 Filii
2973 5071 3069 5127 per
3111 5069 3460 5110 communem
3490 5049 3616 5107 sub-

2017 5144 2276 5201 stantiam
2310 5152 2364 5200 et
2391 5144 2656 5200 virtutem
2683 5162 2696 5211 ;
2732 5151 2815 5199 est
2840 5142 2992 5198 enim
3021 5142 3138 5198 hac
3169 5142 3354 5196 unitas
3383 5146 3612 5196 natura.

2017 5233 2182 5303 Quid,
2231 5250 2385 5306 rogo,
2415 5233 2752 5290 contrarium
2784 5241 2887 5302 est,
2924 5233 2970 5289 si
3001 5232 3178 5288 Filius
3206 5230 3414 5286 donum
3444 5243 3476 5280 a
3504 5227 3617 5280 Pa-

2019 5330 2100 5379 tre
2155 5323 2425 5397 accepisse
2479 5322 2734 5391 dicatur;
2793 5339 2919 5379 cum
2971 5320 3158 5379 omnia
3213 5324 3357 5382 257
3412 5311 3542 5370 Filii
3585 5328 3618 5368 ι

2119 5572 2210 5646 te)
2242 5573 2415 5631 Laud.
2447 5573 2606 5646 cod.,.
2626 5573 2813 5646 Homo.
2845 5572 2990 5646 Ergo
3016 5566 3216 5646 egebat
3365 5634 3405 5646 ,.
3447 5634 3457 5644 .

2119 5575 2210 5646 49)
2242 5575 2415 5631 Laud.
2447 5575 2606 5642 cod.,.
2626 5575 2813 5629 Homo.
2845 5575 2990 5641 Ergo
3016 5575 3216 5637 agebat.
3299 5632 3330 5643 η
3447 5634 3457 5644 θ

2094 5575 2213 5717 $50)
2242 5645 2510 5704 Nonnulli
2552 5661 2706 5711 mss.,
2754 5643 2904 5697 hom
2933 5640 2990 5693 in
3021 5637 3202 5706 forma
3228 5635 3330 5706 ﬁlu
3356 5634 3458 5692 Det
3484 5641 3618 5692 erat.
3706 5648 3722 5660 θ
