4070 6186
478 284 584 344 435

1504 296 1602 352 ΑΒ
1642 293 1878 352 ΟΡΕΒΑ
1917 295 1974 353 S.
2014 295 2351 358 AMBROSII
2387 301 2770 363 APPENDIX.

3682 315 3789 376 436

479 415 638 472 Patre
667 416 800 487 sint,
832 435 864 474 a
890 435 999 493 quo
1042 427 1097 476 et
1146 390 1347 478 cuncta
1385 434 1502 476 esse
1545 419 1850 478 creduntur
1868 422 1898 479 ?
1946 422 2080 480 Sub-
2109 427 2162 486 Α
2190 442 2288 484 vos
2318 431 2751 492 sollicitudinem
2781 443 2963 510 gerat;
2989 450 3119 492 nam
3143 450 3334 492 omnes
3363 452 3484 510 qua
3513 454 3614 496 sua
3639 449 3788 512 sunt,

477 506 738 563 stantiam
777 516 958 565 autem
990 510 1089 568 Dei
1124 511 1330 569 idcirco
1375 517 1627 569 naturam
1656 510 1914 584 dicimus,
1953 514 2083 588 quia

478 602 640 651 natus
670 595 738 653 de
768 598 864 654 illa
893 599 1148 658 Christus
1170 607 1270 658 est.

557 694 738 765 (Vers.
775 697 861 766 12,
899 699 1011 773 13.)
1056 724 1074 748 ι
1114 701 1321 774 Itaque,
1371 700 1718 758 dilectissimi
1748 703 1908 771 mihi,
1941 704 2084 762 sicut

478 797 696 856 semper
712 784 996 856 obedistis,
1014 805 1124 845 non
1150 790 1209 845 in
1238 790 1527 862 prasentia
1548 791 1654 846 mei
1676 793 2080 863 tantummodo,

482 873 577 928 sed
610 876 787 931 multo
825 878 999 949 magis
1044 895 1195 936 nunc
1241 878 1299 935 in
1342 879 1609 948 absentia,
1649 898 1773 937 cum
1805 881 2001 939 timore
2028 890 2082 939 et

480 969 717 1022 tremore
746 975 987 1024 vestram
1020 969 1266 1043 ipsorum
1295 971 1600 1044 operamini
1631 973 1889 1041 salutem;
1936 977 2081 1032 Deus

477 1058 561 1106 est
589 1054 760 1124 enim,
813 1059 906 1130 qui
938 1067 1198 1132 operatur
1231 1060 1289 1115 in
1314 1059 1493 1128 vobis,
1531 1068 1584 1117 et
1615 1061 1757 1117 velle
1785 1071 1838 1118 et
1865 1065 2080 1136 operari

474 1157 572 1212 pro
601 1142 745 1200 bona
775 1146 1077 1204 voluntate.
1103 1174 1122 1198 ιι
1155 1149 1328 1205 Deum
1360 1149 1535 1206 bonos
1563 1159 1792 1208 conatus
1820 1151 2080 1224 adjuvare

473 1239 740 1302 testatur;
777 1253 997 1294 omnem
1035 1239 1185 1296 enim
1219 1240 1450 1313 gratiam
1484 1256 1699 1314 semper
1726 1251 1969 1315 reportat
2013 1245 2081 1301 ad

473 1321 690 1391 Deum;
740 1333 803 1380 ut
851 1335 1102 1384 nostrum
1150 1328 1222 1384 sit
1268 1330 1432 1398 velle,
1480 1329 1740 1404 perﬁcere
1785 1348 1918 1388 vero
1955 1333 2077 1398 Dei,

471 1410 609 1468 Nam
640 1413 763 1486 quis
790 1416 1039 1473 vinceret
1090 1417 1371 1492 Principes
1400 1436 1463 1477 ac
1493 1421 1810 1490 Potestates,
1843 1430 2083 1481 rectores

473 1501 823 1560 tenebrarum
857 1505 1074 1576 harum,
1093 1508 1363 1580 spiritalia
1378 1510 1639 1582 nequitia
1658 1511 1715 1567 in
1741 1512 2078 1586 calestibus,

474 1588 582 1645 nisi
613 1592 762 1648 solus
790 1595 954 1664 Deus,
993 1612 1131 1669 quos
1159 1613 1321 1654 causa
1350 1598 1578 1654 invidia
1624 1599 1883 1657 inimicos
1918 1600 2079 1659 habe-

474 1695 598 1736 mus
614 1679 642 1735 ?
667 1679 1032 1754 Indignantur
1051 1686 1200 1741 enim
1224 1702 1323 1743 nos
1343 1687 1454 1744 dici
1484 1687 1629 1744 ﬁlios
1650 1689 1769 1745 Dei.
1802 1691 1924 1747 Non
1953 1707 2080 1765 ergo

2191 530 2465 592 quarunt,
2508 539 2618 580 non
2662 543 2784 598 qua
2820 527 2947 583 Jesu
2989 525 3219 584 Christi.
3269 525 3656 586 Probationem
3699 547 3792 589 au-

2163 616 2302 665 tem
2346 611 2464 683 ejus
2520 614 2714 684 nostis,
2753 617 2900 688 quod
2944 623 3007 672 ut
3050 615 3201 673 ﬁlius
3228 632 3358 674 cum
3385 626 3539 690 patre
3574 635 3790 678 mecum

2191 700 2422 757 servivit
2449 702 2509 757 in
2553 704 2874 778 Evangelio.
2908 707 3068 763 Hunc
3099 723 3228 780 ergo
3274 723 3434 780 spero
3464 725 3552 765 me
3581 711 3794 768 missu-

2190 805 2312 844 rum
2348 791 2660 861 confestim,
2693 802 2757 850 ut
2789 795 2981 853 videro
3009 813 3129 870 qua
3149 797 3298 854 circa
3326 814 3416 855 me
3452 808 3602 858 sunt.
3636 801 3792 860 Con-

2189 876 2302 933 ﬁdo
2341 887 2522 935 autem
2572 881 2630 936 in
2673 882 2934 954 Domino,
2977 884 3128 957 quod
3167 892 3222 941 et
3267 885 3383 958 ipse
3420 886 3532 944 cito
3577 889 3647 945 ad
3693 907 3793 948 vos

2191 967 2430 1027 veniam.
2466 989 2493 1022 »
2529 970 2798 1028 Absoluta
2845 981 2976 1030 sunt
3020 974 3156 1044 hac,
3201 991 3303 1033 nec
3341 975 3793 1050 interpretatione

2190 1069 2386 1132 egent;
2419 1070 2541 1133 post
2595 1064 2884 1136 epistolam
2939 1065 3087 1123 enim
3128 1066 3290 1125 istam
3339 1069 3693 1127 Timotheum
3735 1089 3795 1130 se

2191 1149 2487 1206 missurum
2517 1151 2810 1225 signiﬁcat,
2842 1171 2938 1228 per
2975 1171 3137 1230 quem
3185 1157 3255 1214 ad
3302 1157 3468 1216 ﬁdem
3506 1171 3794 1233 agnoscat,

2191 1255 2311 1312 qua
2341 1239 2488 1298 circa
2518 1240 2619 1298 hos
2649 1253 2899 1317 agantur.
2932 1245 3067 1302 Erat
3096 1248 3244 1304 enim
3284 1249 3552 1321 Apostolo
3580 1251 3795 1307 unani-

2191 1329 2332 1396 mis;
2366 1345 2534 1402 quare
2563 1339 2616 1387 et
2647 1332 2794 1390 circa
2837 1350 2928 1392 eos
2955 1335 3254 1393 sollicitior
3273 1336 3541 1409 signatur,
3575 1355 3688 1395 non
3716 1339 3795 1396 si-

2189 1425 2283 1474 cut
2312 1419 2559 1491 quidam,
2589 1422 2686 1494 qui
2716 1423 2846 1479 dum
2880 1425 3204 1497 semetipsos
3227 1427 3614 1485 commendare
3642 1429 3794 1485 vole-

2188 1507 2344 1578 bant,
2368 1510 2708 1583 negligentes
2723 1519 2884 1570 erant
2904 1514 2972 1571 de
2987 1513 3286 1588 disciplina
3304 1525 3358 1573 et
3373 1519 3796 1575 conversatione

2189 1597 2445 1656 fratrum.
2475 1600 2597 1656 Non
2627 1601 2776 1658 enim
2821 1602 3022 1661 devoto
3051 1605 3238 1661 animo
3267 1605 3664 1680 praedicabant,
3696 1609 3794 1666 sed

2187 1699 2411 1763 propter
2447 1690 2671 1765 propria
2712 1692 2884 1750 lucra.
2916 1693 2989 1751 Et
3018 1694 3148 1768 quia
3184 1694 3507 1753 Timotheus
3550 1697 3642 1754 vir
3675 1707 3795 1756 erat

473 1785 681 1825 novum
703 1777 805 1840 est,
831 1772 978 1842 quod
1000 1771 1279 1832 hortatur:
1314 1775 1410 1832 sed
1429 1784 1491 1832 ut
1512 1793 1662 1834 more
1683 1778 1849 1836 solito
1870 1780 2078 1838 subditi
2107 1789 2153 1850 Β
2189 1779 2458 1852 egregius,
2507 1779 2644 1840 dicit
2689 1782 2820 1856 quia
2866 1783 3158 1856 probatum
3207 1784 3357 1843 hunc
3404 1784 3658 1857 habebat,
3691 1789 3790 1861 qui

473 1859 586 1915 sint
625 1858 948 1932 Evangelio,
998 1878 1184 1918 curam
1227 1864 1462 1938 propria
1508 1868 1942 1926 conversationis
1986 1869 2080 1927 ha-

474 1947 666 2004 bentes
684 1965 698 2016 ;
732 1948 878 2005 bona
905 1949 1054 2006 enim
1086 1953 1435 2011 conversatio
1465 1956 1696 2011 salutem
1728 1964 2004 2031 operatur.

547 2045 730 2117 (Vers.
767 2046 978 2120 11-14.)
1015 2072 1033 2096 ι
1065 2049 1264 2108 Omnia
1286 2052 1451 2110 facite
1480 2054 1599 2110 sine
1625 2056 2078 2115 murmurationi-

475 2134 576 2191 bus
604 2142 658 2192 et
705 2134 1168 2209 hasitationibus,
1218 2149 1280 2198 ut
1322 2141 1446 2199 sitis
1489 2143 1997 2218 irreprehensibiles
2024 2160 2076 2210 et

471 2226 773 2299 simplices,
803 2229 948 2285 sicut
977 2229 1079 2286 ﬁlii
1108 2231 1231 2302 Dei,
1279 2234 1622 2292 immaculati
1654 2237 1710 2293 in
1743 2238 1926 2296 medio
1969 2257 2078 2298 na-

475 2315 644 2373 tionis
693 2335 876 2391 prava
923 2327 976 2376 et
1005 2337 1272 2394 perversa
1307 2342 1317 2380 :
1369 2325 1513 2381 inter
1543 2342 1682 2399 quos
1709 2327 1905 2386 lucetis
1934 2331 2076 2389 sicut

473 2405 768 2463 luminaria
815 2408 874 2464 in
913 2411 1139 2479 mundo,
1186 2412 1416 2470 verbum
1465 2415 1594 2472 vitae
1625 2418 1970 2477 continentes
2007 2421 2076 2478 ad

476 2494 706 2566 gloriam
737 2496 878 2552 mihi
928 2497 986 2553 in
1023 2498 1112 2555 die
1141 2499 1381 2571 Christi;
1431 2503 1562 2576 quia
1607 2521 1719 2562 non
1749 2506 1806 2562 in
1837 2525 2072 2567 vacuum

473 2584 716 2651 cucurri,
747 2600 849 2642 nec
892 2585 951 2641 in
994 2585 1215 2644 irritum
1247 2588 1514 2648 laboravi.
1550 2593 1656 2650 Sed
1685 2595 1786 2652 etsi
1817 2597 2075 2656 immolor

443 2671 638 2745 'super
665 2673 999 2731 sacriﬁcium
1023 2685 1078 2733 et
1103 2678 1476 2738 ministerium
1503 2682 1631 2740 ﬁdei
1680 2694 1896 2749 vestra.
1929 2705 2072 2761 gau-

474 2761 577 2819 deo
608 2771 661 2820 et
696 2766 942 2836 gratulor
987 2769 1246 2827 omnibus
1277 2772 1455 2830 vobis.
1503 2774 1585 2832 Ob
1615 2775 1855 2850 idipsum
1887 2787 2070 2837 autem

474 2860 529 2908 et
560 2869 659 2909 vos
687 2854 916 2926 gaudete
960 2865 1014 2912 et
1061 2862 1523 2931 congratulamini
1571 2865 1734 2922 mihi.
1766 2893 1784 2914 ι
1840 2869 1912 2924 Ut
1941 2869 2070 2927 ﬁdei

473 2949 528 2996 et
559 2957 786 3013 operum
817 2961 1042 3000 suorum
1072 2945 1286 3005 fructus
1316 2951 1526 3022 possint
1557 2951 1777 3024 habere,
1828 2973 2069 3016 commo-

473 3037 565 3085 net
586 3037 646 3086 ut
676 3033 884 3098 omnia,
907 3049 1027 3107 qua
1050 3036 1116 3092 ad
1136 3035 1487 3111 disciplinam
1522 3043 1799 3114 pertinent
1819 3047 2068 3106 christia—

473 3133 623 3187 nam,
666 3118 783 3176 sine
815 3121 1255 3182 hasitationibus
1285 3126 1492 3185 faciant
1520 3139 1573 3187 et
1601 3136 2069 3195 murmurationi—
2097 3150 2147 3214 ζ]

472 3205 612 3275 bus;
655 3210 783 3281 quia
809 3211 854 3266 si
885 3213 1226 3286 negligenter
1257 3224 1310 3273 et
1338 3217 1597 3280 indevote
1625 3223 1835 3298 aliquid
1863 3227 2067 3300 agitur,

471 3296 541 3353 ad
571 3298 824 3356 effectum
857 3318 968 3358 non
1016 3305 1286 3376 pervenit,
1337 3310 1468 3381 quia
1497 3310 1552 3367 in
1586 3296 2065 3386 reprehensionem

471 3387 664 3444 cadit:
716 3391 810 3446 sed
853 3400 916 3449 ut
956 3393 1108 3450 omni
1155 3396 1508 3470 simplicitate
1554 3413 1867 3476 operentur,
1915 3411 2068 3481 quasi

471 3475 575 3530 ﬁlii
605 3478 702 3532 Dei
746 3479 1109 3551 immaculati,
1157 3493 1219 3540 ut
1267 3503 1535 3545 memores
1572 3475 2068 3562 professionis-sua

470 3563 867 3636 respondeant;
900 3576 963 3623 ut
990 3569 1136 3625 inter
1163 3571 1474 3632 difﬁdentes
1514 3585 1627 3634 tam
1670 3582 1804 3637 clari
1834 3601 2068 3658 appare—

469 3659 565 3707 ant
608 3651 742 3720 vita,
797 3658 1232 3729 conversatione,
1280 3663 1548 3737 moribus,
1603 3651 2066 3742 quemadmodum

469 3740 551 3796 sol
591 3747 645 3796 et
693 3741 824 3798 luna
868 3744 1012 3800 inter
1050 3749 1237 3806 stellas
1270 3753 1558 3825 splendore
1605 3740 1868 3818 sublimes
1914 3773 2062 3823 sunt.

469 3829 623 3921 Sicut
651 3832 799 3921 enim
832 3836 1022 3907 stella,
1055 3849 1349 3911 apparente
1379 3846 1514 3915 sole,
1546 3847 1944 3921 obscurantur;
1989 3857 2068 3914 ita

468 3918 663 3992 injusti
695 3929 750 3980 et
779 3921 937 3979 inﬁdi
983 3929 1344 3998 prasentibus
1374 3934 1630 3994 ﬁdelibus
1659 3947 1713 3996 et
1739 3918 2064 4014 justis,'tur-

467 4025 560 4083 pes
589 4017 643 4066 et
671 4011 964 4071 deformati
994 4015 1280 4087 videntur;
1333 4029 1393 4078 ut
1423 4026 1595 4095 gloria
1626 4029 1697 4084 sit
1726 4011 1975 4103 Apostoli
2005 4034 2064 4092 in

466 4097 710 4157 adventu
734 4102 866 4159 Filii
896 4104 1016 4175 Dei,
1048 4106 1209 4180 cujus
1239 4109 1507 4182 plantatio
1534 4115 1671 4173 tales
1700 4097 1876 4176 edidit
1904 4121 2064 4180 fruc-

465 4193 574 4244 tus.
620 4189 800 4247 Labor
838 4194 990 4250 enim
1032 4203 1087 4252 et
1126 4197 1368 4257 efﬁcacia
1407 4201 1524 4274 ejus
1561 4211 1696 4263 tunc
1742 4209 2065 4280 probabitur

465 4292 578 4332 non
609 4293 724 4335 esse
772 4281 975 4338 inanis.
1021 4286 1261 4361 «Itaque
1295 4291 1396 4347 etsi
1438 4291 1717 4366 immolor,
1763 4298 1859 4366 ait,
1901 4318 2064 4374 super

465 4365 797 4424 sacriﬁcium
827 4378 880 4426 et
909 4372 1280 4433 ministerium
1325 4379 1452 4437 ﬁdei
1501 4365 1714 4455 vestrae,
1769 4365 1995 4460 gaudeo:
2027 4415 2046 4439 ι

2189 1875 2305 1925 erat
2331 1885 2458 1926 cum
2490 1885 2555 1925 eo
2601 1878 2662 1926 ut
2681 1871 2831 1928 ﬁlius
2859 1871 3238 1943 charissimus,
3264 1876 3578 1933 deserviens
3606 1876 3789 1934 Evan-

2188 1958 2333 2031 gelio
2370 1957 2597 2017 Christi.
2630 1959 2759 2016 Ideo
2788 1959 2937 2020 hunc
2973 1961 3154 2019 ﬁlium
3203 1963 3361 2034 dicit,
3393 1966 3523 2040 quia
3568 1967 3637 2024 ab
3668 1968 3791 2041 ipso

2188 2048 2368 2106 fuerat
2404 2049 2690 2107 ordinatus
2733 2069 2745 2107 :
2789 2050 2938 2109 hunc
2982 2069 3040 2109 se
3081 2055 3434 2126 pramittere,
3465 2072 3523 2114 se
3569 2072 3792 2131 quoque

2189 2137 2246 2195 in
2276 2138 2433 2196 brevi
2465 2141 2673 2197 iturum
2713 2141 2781 2198 ad
2811 2158 2903 2198 eos
2935 2142 3076 2215 (51).
3632 2166 3636 2170 '

2260 2228 2441 2300 (Vers.
2467 2228 2554 2298 25,
2587 2230 2675 2298 26,
2698 2231 2816 2304 27.)
2864 2257 2881 2279 ι
2918 2232 3296 2290 Necessarium
3327 2250 3459 2292 vero
3487 2237 3792 2298 arbitratus

2184 2333 2306 2373 sum
2331 2318 2770 2390 Epaphroditum
2791 2319 3016 2378 fratrem
3037 2332 3091 2380 et
3118 2324 3555 2383 commilitonem
3577 2344 3788 2400 meum,

2184 2413 2428 2463 vestrum
2477 2417 2659 2465 autem
2707 2410 3016 2483 apostolum
3038 2454 3054 2481 ,
3111 2420 3166 2470 et
3221 2412 3540 2473 ministrum
3603 2419 3791 2492 operis

2184 2497 2312 2567 mei,
2361 2499 2578 2555 mittere
2633 2500 2700 2557 ad
2748 2517 2879 2569 vos;
2933 2503 3379 2578 quandoquidem
3437 2507 3790 2567 desiderabat

2183 2604 2280 2644 vos
2323 2604 2534 2658 omnes,
2574 2598 2628 2646 et
2665 2590 3018 2664 impatienter
3069 2595 3344 2662 sollicitus
3374 2606 3510 2668 erat,
3543 2615 3607 2655 eo
3635 2600 3789 2673 quod

2180 2676 2479 2735 audieratis
2507 2679 2668 2735 illum
2715 2681 3056 2739 inﬁrmatum
3113 2683 3304 2742 fuisse.
3353 2686 3576 2743 Etenim
3632 2687 3791 2744 inﬁr-

2181 2776 2360 2825 matus
2405 2776 2488 2826 est
2535 2786 2704 2844 prope
2751 2782 2986 2830 mortem
3023 2791 3035 2832 :
3069 2774 3165 2832 sed
3215 2776 3362 2833 Deus
3401 2777 3664 2834 misertus
3701 2786 3792 2835 est

2182 2857 2354 2928 illius,
2395 2877 2507 2917 non
2550 2861 2729 2918 solum
2774 2872 2955 2920 autem
2987 2863 3127 2938 ejus,
3162 2865 3258 2922 sed
3287 2875 3341 2924 et
3379 2866 3518 2935 mei;
3550 2884 3623 2925 ne
3667 2869 3792 2927 tri-

2180 2949 2386 3006 stitiam
2441 2967 2604 3025 super
2660 2953 2946 3012 tristitiam
3003 2957 3285 3015 haberem.
3338 2982 3356 3007 ι
3420 2959 3622 3016 Omnia
3660 2959 3795 3020 hac

2179 3039 2469 3097 manifesta
2515 3050 2672 3110 sunt;
2724 3044 3166 3118 Epaphroditum
3214 3047 3361 3104 enim
3416 3048 3694 3122 signiﬁcat
3728 3067 3792 3107 se

2179 3128 2476 3185 missurum
2527 3147 2653 3188 cum
2687 3133 2790 3190 ista
2828 3134 3062 3207 epistola
3085 3137 3154 3194 ad
3192 3153 3304 3194 eos.
3336 3138 3579 3196 Invicem
3628 3141 3789 3198 enim

2179 3215 2453 3276 desiderio
2483 3221 2568 3278 sui
2619 3223 2803 3280 moesti
2848 3232 3004 3282 erant
3051 3225 3394 3287 inﬁrmitatis
3435 3227 3555 3302 ejus
3591 3245 3783 3301 causa,

2177 3317 2231 3365 et
2290 3311 2526 3382 populus
2589 3319 2643 3368 et
2703 3313 3146 3387 Epaphroditus;
3205 3325 3268 3374 ut
3319 3317 3440 3376 viso
3487 3322 3630 3383 258
3686 3335 3787 3391 eo,

2178 3416 2555 3464 recrearentur
2609 3408 2678 3466 de
2733 3420 3051 3486 recuperata
3107 3416 3284 3472 salute
3337 3415 3454 3489 ejus
3483 3459 3500 3486 ,
3565 3426 3618 3474 et
3677 3415 3789 3474 ille

2176 3504 2385 3553 careret
2440 3497 2838 3571 sollicitudine,
2895 3518 3058 3576 quam
3105 3504 3335 3562 videndi
3388 3522 3480 3563 eos
3535 3507 3782 3580 gerebat.

2177 3586 2308 3643 Erat
2364 3585 2513 3642 enim
2559 3603 2749 3644 eorum
2803 3592 3085 3663 apostolus
3129 3592 3198 3649 ab
3255 3594 3522 3668 Apostolo
3571 3597 3781 3667 factus,

2175 3675 2306 3731 dum
2354 3675 2516 3733 illum
2558 3677 2628 3734 ad
2677 3678 3118 3739 exhortationem
3166 3699 3355 3741 eorum
3405 3685 3660 3743 mittebat
3707 3686 3784 3744 ad

2175 3781 2266 3821 eos
2301 3784 2312 3822 :
2339 3773 2393 3822 et
2423 3767 2552 3840 quia
2582 3767 2670 3824 vir
2711 3777 2827 3826 erat
2851 3769 3051 3842 bonus,
3082 3772 3498 3831 desiderabatur
3525 3792 3557 3831 a
3592 3775 3781 3848 plebe.

2174 3857 2320 3926 Quid
2369 3875 2496 3932 ergo
2544 3867 2626 3918 est
2670 3870 2732 3919 ut
2778 3872 3040 3936 prasente
3081 3866 3368 3938 Apostolo,
3399 3867 3494 3942 qui
3524 3874 3784 3924 mortuos

2175 3950 2496 4021 suscitabat,
2526 3951 2618 4010 hic
2649 3954 3060 4027 Epaphroditus
3086 3957 3461 4015 inﬁrmaretur
3499 3975 3675 4032 usque
3705 3957 3785 4016 ad

2173 4047 2405 4097 mortem
2427 4041 2456 4098 ?
2483 4042 2764 4116 Numquid
2793 4061 2906 4102 non
2930 4046 3109 4102 oravit
3132 4063 3231 4120 pro
3256 4047 3355 4105 illo
3373 4048 3695 4121 Apostolus,
3723 4057 3784 4106 et

2172 4145 2285 4184 non
2314 4129 2651 4202 impetravit,
2669 4140 2733 4188 ut
2745 4133 2910 4192 citius
2931 4145 3215 4194 sanaretur
3230 4137 3258 4195 ?
3272 4137 3377 4195 Sed
3397 4139 3553 4211 signa
3573 4138 3780 4196 inﬁde-

2173 4219 2311 4275 lium
2339 4236 2500 4277 causa
2541 4220 2684 4278 ﬁunt
2718 4241 2729 4280 :
2764 4239 2892 4280 nam
2942 4224 3074 4282 huic
3103 4243 3215 4283 non
3253 4225 3323 4284 ad
3370 4227 3782 4285 detrimentum

2170 4308 2403 4381 contigit
2446 4310 2734 4382 agritudo,
2765 4311 2861 4369 sed
2895 4313 2965 4369 ad
2997 4323 3373 4387 augmentum.
3407 4316 3785 4374 Probationes

2170 4395 2317 4454 enim
2365 4397 2596 4456 diversa
2649 4409 2778 4457 sunt
2823 4403 3198 4473 credentium;
3257 4405 3400 4463 alius
3454 4407 3605 4463 enim
3673 4423 3786 4479 per

1700 4453 1707 4455 .
1771 4453 1795 4460 _
2184 4453 2187 4454 ν
2376 4453 2381 4454 κ
2829 4453 3198 4473 ---η----πη
3257 4453 3399 4463 _.-..-
3456 4453 3605 4463 -..-...
3674 4453 3776 4479 ..π

463 4453 521 4510 Si
550 4455 698 4554 enim
729 4475 1026 4560 Oppressus.
1059 4463 1227 4521 fuerit
1255 4483 1288 4524 ἃ
1330 4470 1572 4542 PerﬁdiS,
1619 4491 1719 4530 0111'
1744 4493 1836 4534 eos
1865 4495 2062 4553 aggre-
2089 4520 2138 4579 D
2169 4487 2571 4560 aegritudinem,
2612 4491 2756 4548 alius
2801 4493 3095 4551 amissione
3142 4494 3456 4565 charorum,
3489 4497 3634 4554 alius
3672 4513 3790 4570 per

465 4553 668 4579 nautas-If
701 4563 810 4579 011m
840 4553 1232 4579 ηΑηηη..-Αοζ--.Ζ
1295 4561 1528 4579 ---ΑῃΙΑῌ
1559 4561 1574 4579 1
1737 4565 1769 4579 υι
1798 4566 1807 4577 ι
1872 4569 1883 4579 ι
1967 4569 2016 4579 ,Α
2185 4576 2200 4579 -
2791 4569 2805 4573 -

463 4544 672 4616 gaverit
700 4563 810 4602 sua
839 4550 1257 4625 conspirationi,
1289 4561 1676 4630 gratulandum
1705 4565 1808 4621 sibi
1839 4544 2061 4642 signiﬁ-

463 4642 591 4700 cat;
653 4637 755 4694 scit
809 4639 956 4696 enim
1013 4643 1265 4702 effectum
1326 4646 1527 4707 habere
1588 4663 1820 4714 mortem
1876 4637 2051 4718 suam.

462 4722 658 4819 Magna
685 4727 833 4819 enim
861 4733 1123 4791 mastitia
1149 4745 1252 4807 est,
1291 4738 1335 4795 si
1367 4741 1575 4812 patitur
1615 4746 1738 4818 quis
1767 4764 1864 4819 pro
1893 4749 1969 4805 eis
1996 4751 2054 4806 in

459 4810 661 4883 quibus
679 4813 824 4871 nihil
854 4819 1092 4890 proﬁcit.
1113 4810 1478 4890 Quamobrem
1501 4810 1732 4902 gaudere
1752 4810 1806 4890 se
1836 4833 1895 4890 in
1918 4835 2050 4906 illis,

457 4907 511 4956 et
541 4916 634 4990 eos
663 4910 1034 4978 congratulari
1063 4913 1169 4970 sibi
1199 4914 1396 4973 debere
1426 4925 1675 4990 testatur,
1721 4931 1784 4978 ut
1812 4925 2050 4982 invicem

455 4989 750 5086 participes
769 4995 880 5053 sint
909 4999 1095 5071 gaudii
1119 5007 1430 5063 communis
1450 5016 1504 5064 et
1532 4989 1686 5082 plebs
1714 5017 1768 5067 et
1794 5013 2053 5086 magister

454 5078 706 5139 idoneus.

523 5180 706 5253 (Vers.
742 5183 950 5258 19-24.)
998 5211 1016 5235 ι
1054 5187 1222 5261 Spero
1274 5200 1456 5249 autem
1516 5195 1573 5252 in
1626 5197 1865 5255 Domino
1921 5200 2048 5258 Jesu

451 5267 803 5329 Timotheum
852 5274 910 5330 in
956 5275 1112 5332 brevi
1143 5295 1230 5336 me
1260 5283 1478 5338 mittere
1508 5285 1576 5341 ad
1605 5302 1723 5355 vos,
1755 5295 1817 5346 ut
1849 5297 1902 5345 et
1950 5306 2047 5365 ego

448 5357 594 5419 bono
622 5363 808 5422 animo
839 5365 964 5437 sim,
995 5369 1199 5425 certior
1226 5371 1294 5428 de
1325 5373 1482 5431 vobis
1526 5376 1718 5434 factus.
1758 5357 2044 5438 Neminem

447 5451 596 5508 enim
627 5453 800 5513 habeo
848 5465 958 5514 tam
1002 5460 1341 5532 unanimem,
1391 5471 1444 5520 et
1474 5466 1570 5540 qui
1598 5466 1872 5526 sinceram
1898 5471 2047 5530 circa

2170 4576 2432 4634 damnum
2464 4581 2730 4652 pecunia,
2763 4581 2904 4639 alius
2931 4599 3028 4656 per
3063 4585 3450 4643 tribulationes
3478 4585 3781 4659 probatur,

2163 4667 2211 4723 si
2266 4667 2323 4724 in
2382 4671 2705 4727 necessitate
2752 4673 2965 4731 stabilis
3011 4675 3349 4747 inveniatur,
3409 4677 3688 4733 auxilium
3749 4695 3789 4735 a

2163 4757 2382 4814 diversa
2430 4768 2581 4832 parte
2614 4778 2727 4818 non
2773 4779 3042 4837 quarens,
3074 4774 3136 4822 ut
3190 4775 3545 4840 augmentum
3599 4767 3788 4824 faciat

2163 4848 2508 4905 meritorum.
2563 4849 2685 4906 Non
2750 4868 2877 4926 ergo
2950 4862 3261 4929 contempta
3315 4865 3398 4914 est
3461 4858 3788 4929 postulatio

2160 4937 2433 5008 Apostoli,
2465 4939 2559 4995 sed
2590 4941 2788 4998 melius
2826 4943 3111 5016 provisum
3145 4946 3218 5016 ei,
3245 4963 3343 5020 pro
3381 4963 3491 5020 quo
3519 4947 3780 5019 petebat.

2159 5025 2302 5094 Quid
2332 5035 2513 5085 autem
2565 5029 2706 5089 illud
2745 5038 2846 5101 est,
2873 5041 2936 5090 ut
2973 5051 3098 5091 cum
3139 5035 3207 5093 de
3253 5052 3478 5093 excessu
3526 5037 3784 5095 fratrum

2158 5114 2214 5170 in
2247 5116 2353 5171 alia
2407 5118 2637 5190 epistola
2683 5136 2794 5176 non
2834 5124 3152 5181 contristari
3189 5124 3388 5181 debere
3415 5125 3722 5182 admoneat
3769 5147 3784 5184 :

2157 5206 2215 5262 in
2247 5205 2349 5264 hac
2375 5217 2556 5264 autem
2595 5211 3032 5270 contristandum
3059 5231 3134 5283 se,
3162 5216 3210 5271 si
3237 5216 3440 5273 exisset
3475 5216 3788 5289 Epaphro-

2155 5295 2305 5354 ditns
2333 5313 2365 5353 a
2391 5314 2639 5370 corpore,
2672 5299 2978 5373 signiﬁcat?
3009 5303 3315 5361 Tristitiam
3347 5321 3402 5361 se
3429 5304 3498 5374 si,
3528 5305 3787 5377 exisset,

2154 5385 2473 5443 habiturum
2506 5387 2722 5444 dixerat
2752 5407 2915 5464 super
2951 5391 3256 5462 tristitiam,
3304 5411 3468 5468 quam
3519 5393 3794 5453 habebat

2153 5474 2222 5533 de
2243 5475 2568 5535 inﬁrmitate
2596 5478 2741 5552 ejus;
2775 5489 2890 5538 erat
2919 5481 3068 5539 enim
3093 5483 3436 5544 necessarius
3464 5484 3789 5545 Ecclesiis.

518 5649 639 5723 (51)
673 5653 831 5714 Rom.
867 5657 1024 5730 edit.,
1055 5660 1190 5719 hunc
1213 5667 1393 5736 sperat
1407 5665 1748 5738 praemittere,
1787 5673 1835 5725 et
1870 5687 1923 5727 se
1949 5687 2151 5745 quoque
2176 5671 2233 5730 in
2269 5675 2418 5734 brevi
2448 5641 2726 5735 uenturum
2763 5678 2835 5737 ad
2861 5696 2963 5738 eos.
