4108 6184
318 329 419 388 437

1364 329 1724 391 COMMENT.
1767 331 1838 389 IN
1874 330 2092 390 EPIST.
2132 332 2228 388 AD
2267 331 2566 390 PHILIPP.

3514 339 3620 399 438

317 457 446 513 Nam
477 456 544 513 ad
587 456 1108 516 Thessalonicenses
1139 476 1151 514 :
1199 481 1217 506 ι
1254 458 1471 528 Videte,
1504 461 1601 527 ait,
1644 475 1712 515 ne
1759 475 1904 516 con-
1939 463 1989 522 A
2019 456 2319 513 Dominum
2349 463 2635 513 creaturae.
2665 457 2779 516 Hoc
2825 468 2907 516 est
2945 459 3147 532 spiritu
3191 460 3289 517 Dei
3318 462 3548 531 servire,
3563 471 3620 522 et

318 548 608 605 tristemini
641 550 708 606 de
737 549 1162 620 dormientibus,
1192 551 1336 608 sicut
1371 559 1423 606 et
1453 550 1636 607 caeteri
1666 550 1763 624 qui
1801 566 1913 606 non

314 635 519 694 habent
573 655 724 712 spem
781 641 840 712 (Ι
911 641 1087 696 Thess.
1136 657 1216 708 1v,
1269 640 1382 713 12).
1430 666 1450 689 ιι
1493 640 1559 697 Se
1606 649 1789 695 autem
1835 638 1914 695 sic

312 727 528 784 tristem
593 728 845 785 futurum
906 728 1122 786 dixerat
1149 730 1218 786 de
1261 745 1489 786 excessu
1522 727 1912 802 Epaphroditi,

310 817 439 891 quia
475 817 732 874 solatium
763 819 878 892 ejus
909 827 962 875 et
991 818 1267 875 auxilium
1313 818 1657 894 requirebat;
1687 835 1799 874 non
1839 827 1912 874 ta-

308 923 438 964 men
475 915 538 965 ut
568 910 720 984 quasi
751 909 1292 985 perditum-lugeret.

392 1003 576 1075 (Vers.
611 1002 726 1074 28.)
774 1027 791 1049 ε
818 1001 1105 1057 Sollicitus
1133 1000 1318 1072 itaque
1349 999 1475 1056 misi
1517 1015 1663 1068 eum,
1696 1008 1758 1056 ut
1786 1013 1912 1055 cum

310 1097 476 1154 illum
516 1092 794 1160 videritis,
827 1091 1030 1147 iterum
1082 1090 1379 1162 gaudeatis,
1430 1098 1484 1146 et
1539 1107 1636 1163 ego
1685 1091 1910 1146 meliore

307 1187 498 1242 animo
538 1185 664 1240 sim.
696 1208 715 1229 ι
766 1180 1131 1238 Aﬁ‘ectionem
1172 1188 1421 1236 mutuam
1464 1179 1722 1237 habuisse
1757 1182 1911 1254 Epa-

311 1274 636 1348 phroditum
660 1281 712 1328 et
728 1271 940 1345 plebem
958 1270 1397 1342 Philippensium
1428 1270 1723 1343 signiﬁcat,
1748 1288 1910 1344 quem

312 1364 567 1421 videntes
597 1363 793 1419 iterum
827 1363 883 1417 in
924 1361 1172 1418 laetitiam
1206 1377 1262 1416 se
1297 1359 1620 1428 excitarent,
1653 1369 1708 1417 et
1749 1364 1912 1434 Apo-

308 1453 437 1509 stoli
467 1451 686 1507 animus
716 1453 1022 1518 laetaretur;
1056 1450 1186 1524 quia
1221 1449 1438 1507 meliori
1469 1449 1656 1506 animo
1696 1451 1778 1520 ﬁt,
1813 1453 1907 1526 qui

305 1541 374 1599 ad
404 1541 600 1600 charos
619 1557 748 1598 suos
785 1540 960 1596 mittit
990 1539 1331 1596 revisendos.

378 1630 562 1704 (Vera.
592 1630 682 1699 29,
715 1629 830 1702 30.)
875 1653 894 1677 ‹
924 1629 1183 1702 Excipite
1210 1646 1340 1702 ergo
1379 1629 1538 1686 illum
1583 1629 1641 1686 in
1668 1632 1908 1689 Domino

302 1738 430 1779 cum
470 1720 625 1777 omni
655 1719 874 1793 gaudio,
904 1727 959 1775 et
987 1718 1312 1792 hujusmodi
1334 1719 1392 1774 in
1429 1718 1639 1776 honore
1677 1719 1904 1790 habete;

2022 544 2245 619 gloriari
2298 545 2356 600 in
2413 545 2649 602 Domino
2688 547 2816 605 Iesu
2858 546 3103 617 Christo,
3154 549 3248 622 qui
3287 550 3460 623 legem
3490 551 3616 625 spi-

2021 632 2162 690 ritus
2188 633 2360 702 dedit,
2393 641 2455 691 ut
2484 634 2665 691 carnis
2693 635 2864 706 gloria
2893 636 3294 706 exinaniretur;
3319 639 3617 712 Apostolus

2021 731 2206 779 tamen
2247 724 2413 779 etiam
2465 723 2608 782 hanc
2649 724 2907 784 ﬁduciam
2955 725 3210 798 habebat,
3237 735 3320 796 ut,
3349 728 3396 784 si
3426 729 3616 800 vellet,

2024 812 2349 884 gloriaretur
2411 813 2478 870 de
2533 815 2714 871 carnis
2769 816 3183 875 circumcisione
3229 836 3240 874 :
3289 817 3385 875 sed
3438 819 3618 878 sciens

2023 919 2250 960 vacuam
2281 920 2396 960 esse
2428 903 2570 962 hanc
2599 905 2852 980 gloriam,
2885 908 3195 980 repudiavit
3224 925 3366 966 eam.

2095 991 2275 1062 (Vers.
2309 993 2362 1060 5,
2401 993 2452 1061 6,
2496 993 2574 1064 7.)
2637 1017 2655 1041 ε
2699 994 2755 1050 Si
2801 994 2926 1068 quis
2973 995 3193 1052 videtur
3236 997 3510 1056 conﬁdere
3557 1001 3618 1058 in

2019 1095 2200 1148 carne,
2234 1098 2332 1152 ego
2383 1081 2575 1154 magis,
2612 1081 2974 1140 circumcisus
3003 1092 3198 1140 octava
3234 1085 3325 1141 die
3356 1088 3498 1160 (52),
3550 1104 3620 1146 ex

2020 1185 2212 1242 genere
2263 1172 2472 1241 Israel,
2532 1171 2599 1228 de
2645 1172 2798 1229 tribu
2852 1173 3182 1246 Benjamin,
3232 1175 3494 1233 Hebraus
3550 1194 3620 1235 ex

2020 1259 2295 1329 Hebraeis,
2347 1261 2648 1318 secundum
2701 1263 2873 1335 legem
2930 1262 3253 1334 pharisaeus,
3317 1264 3620 1324 secundum

2020 1349 2426 1407 aemulationem
2458 1367 2784 1424 persequens
2816 1352 3120 1409 Ecclesiam
3150 1354 3272 1424 Dei,
3312 1355 3619 1414 secundum

2013 1437 2288 1509 justitiam
2325 1455 2445 1512 qua;
2483 1457 2552 1496 ex
2582 1442 2698 1514 lege
2718 1449 2819 1511 est,
2845 1451 3200 1499 conversatus
3225 1443 3344 1500 sine
3374 1445 3616 1519 querela.

2018 1527 2124 1583 Sed
2154 1545 2274 1601 quae
2311 1529 2453 1586 mihi
2499 1531 2650 1587 lucra
2703 1532 2941 1601 fuerant,
2976 1538 3119 1598 259
3163 1533 3279 1592 haec
3321 1535 3620 1594 arbitratus

2017 1647 2139 1686 sum
2177 1637 2400 1704 propter
2447 1629 2731 1688 Christum
2762 1631 2981 1687 damna.
3015 1658 3034 1680 ι
3076 1632 3354 1700 Quantum
3384 1631 3453 1688 ad
3482 1633 3619 1706 legis

2017 1721 2289 1777 culturam
2317 1720 2575 1792 pertinet,
2605 1729 2659 1776 et
2707 1720 2772 1775 ad
2803 1719 2920 1791 ejus
2944 1719 3220 1792 justitiam
3267 1721 3615 1791 servandam,

305 1812 436 1886 quia
468 1819 694 1884 propter
722 1827 860 1882 opus
902 1809 1110 1868 Christi
1150 1825 1324 1884 usque
1348 1810 1416 1866 ad
1450 1818 1684 1868 mortem
1715 1829 1908 1870 acces-
1936 1827 1983 1888 Β
2017 1817 2070 1866 et
2099 1810 2166 1866 ad
2195 1809 2441 1866 studium
2472 1809 2694 1866 haeresis
2713 1809 3138 1880 Pharisaeorum,
3169 1819 3223 1867 et
3245 1811 3409 1883 juxta
3435 1813 3617 1869 zelum

305 1901 403 1969 sit,
428 1900 488 1956 in
517 1898 809 1955 interitum
829 1897 1051 1955 tradens
1065 1899 1307 1955 animam
1327 1917 1479 1956 suam
1503 1919 1515 1968 ;
1544 1909 1606 1957 ut
1633 1903 1910 1976 suppleret

308 1987 369 2045 id
400 1987 550 2062 quod
575 1987 734 2044 vobis
761 1987 947 2044 deerat
975 1986 1120 2046 circa
1149 2005 1335 2046 meum
1365 1989 1627 2047 oﬂicium.
1661 2017 1678 2040 ι
1717 1991 1910 2060 Quan-

303 2094 475 2151 quam
550 2076 842 2134 individua
904 2085 1046 2134 esset
1117 2078 1357 2135 charitas
1418 2079 1784 2153 Epaphroditi
1857 2091 1911 2140 et

303 2167 522 2241 plebis;
565 2174 749 2224 tamen
805 2167 970 2224 etiam
1027 2167 1096 2224 ab
1151 2169 1412 2241 Apostolo
1469 2171 1906 2243 commendatur,

301 2266 364 2316 ut
388 2259 631 2333 amplius
655 2258 964 2316 chariorem
994 2259 1154 2315 illum
1176 2259 1341 2317 faciat
1373 2278 1386 2316 :
1416 2261 1657 2319 maxime
1685 2275 1908 2337 propter

302 2350 426 2419 hos,
485 2349 580 2424 qui
625 2349 768 2407 forte
821 2358 934 2406 tam
987 2350 1141 2408 chari
1188 2367 1301 2408 non
1353 2361 1534 2409 essent
1587 2354 1733 2414 circa
1789 2355 1907 2428 ejus

301 2441 603 2509 affectum;
645 2440 705 2497 in
748 2441 900 2497 omni
931 2441 1080 2499 enim
1111 2441 1270 2515 plebe
1299 2442 1592 2502 diversitas
1630 2455 1730 2504 est.
1763 2449 1907 2505 Hinc

301 2538 382 2588 est
401 2528 556 2586 unde
585 2537 639 2586 et
668 2530 922 2603 praelium
960 2529 1079 2602 ejus
1101 2541 1387 2601 memorat,
1415 2535 1564 2607 quod
1593 2552 1704 2591 non
1735 2537 1908 2594 dubi-

302 2620 449 2677 tavit
489 2628 714 2694 propter
758 2636 896 2693 opus
935 2620 1223 2694 Evangelii
1269 2624 1480 2682 emori:
1518 2623 1625 2682 hoc
1650 2633 1750 2696 est,
1794 2644 1906 2684 non

301 2708 604 2767 deterritus
651 2716 734 2766 est
787 2709 956 2766 minis
1012 2719 1066 2768 et
1111 2712 1380 2783 pressaris
1430 2713 1762 2784 inﬁdelium,
1811 2715 1906 2772 sed

303 2798 549 2872 perstitit
576 2797 635 2854 in
665 2797 1052 2856 exhortatione
1081 2799 1353 2868 ﬁdelium,
1385 2811 1447 2859 ut
1475 2804 1728 2875 impleret
1758 2804 1906 2876 quod

304 2885 494 2944 deerat
538 2887 685 2962 plebi
740 2889 799 2944 in
865 2889 1160 2946 traditione
1210 2890 1375 2962 juxta
1437 2889 1903 2962 dispensationem

304 2977 579 3050 Apostoli.
620 2977 728 3046 Qui
783 2995 910 3051 ergo
952 2995 983 3034 a
1026 2986 1202 3035 morte
1231 2995 1342 3034 non
1389 2978 1623 3035 retrahit
1665 2981 1905 3039 animam

303 3083 463 3124 suam
507 3067 564 3122 in
616 3066 927 3134 interitum,
973 3067 1118 3124 hanc
1163 3066 1336 3123 tradit
1364 3066 1530 3139 juxta
1563 3068 1734 3126 vitam
1771 3087 1906 3143 prae-

301 3166 540 3224 sentem,
572 3157 716 3212 sicut
744 3163 798 3210 et
829 3155 1099 3211 Dominus
1128 3155 1296 3214 dicit:
1342 3180 1360 3203 ι
1389 3157 1494 3224 Qui
1522 3159 1669 3216 enim
1703 3161 1906 3219 volue—
1935 3189 1979 3249 ρ

296 3245 375 3302 rit
405 3245 649 3300 animam
670 3259 824 3300 suam
846 3243 1052 3299 salvam
1092 3244 1290 3315 facere,
1323 3247 1513 3319 perdet
1539 3264 1657 3306 eam
1689 3249 1900 3322 (Matth.

295 3349 425 3399 xvr,
456 3333 574 3404 25).
612 3359 630 3381 ι
671 3333 915 3391 Perditio
951 3333 1069 3391 haec
1109 3335 1364 3393 interitus
1389 3345 1507 3407 est;
1538 3339 1665 3413 quia
1711 3358 1902 3399 secun-

299 3423 440 3480 dum
473 3425 744 3484 mundum
771 3428 865 3502 qui
894 3429 1134 3485 animam
1168 3446 1319 3486 suam
1343 3431 1511 3488 tradit
1531 3449 1631 3505 pro
1657 3433 1898 3505 Christo,

295 3514 511 3573 amittit
556 3533 708 3585 eam;
742 3519 800 3575 in
841 3518 1088 3576 futurum
1139 3527 1325 3578 tamen
1379 3523 1728 3582 conservabit
1759 3542 1898 3584 eam.

918 3615 1145 3674 CAPUT
1184 3619 1279 3676 III.

371 3701 559 3775 (Vers.
597 3704 687 3776 1.)
733 3726 753 3752 ι
785 3705 864 3762 De
897 3703 1148 3780 reliquo;
1175 3708 1371 3766 fratres
1410 3711 1540 3780 mei,
1584 3713 1813 3784 gaudete
1843 3713 1902 3771 in

294 3792 562 3849 Domino.
607 3793 812 3850 Eadem
858 3795 1094 3854 scribere
1136 3798 1296 3855 vobis
1343 3799 1486 3856 mihi
1535 3801 1758 3875 quidem
1789 3820 1903 3860 non

295 3889 376 3938 est
406 3882 650 3954 pigrum,
699 3885 859 3941 vobis
903 3894 1085 3943 autem
1131 3889 1520 3947 necessarium.
1570 3915 1589 3939 ι
1650 3891 1904 3950 Ostendit

295 3970 734 4029 sollicitudinem
779 3991 956 4044 suam,
997 3992 1160 4048 quam
1212 3978 1350 4050 gerit
1392 3979 1539 4036 circa
1595 3982 1902 4052 profectum

296 4056 562 4130 illorum;
597 4061 729 4136 quia
775 4062 1008 4136 impiger
1055 4073 1136 4121 est
1178 4065 1246 4122 ad
1289 4066 1645 4125 scribendum
1676 4069 1754 4126 eis
1782 4087 1902 4144 quae

295 4150 607 4207 necessaria
637 4160 774 4208 sunt
793 4152 1026 4210 utilitati
1056 4151 1300 4212 illorum.

375 4240 568 4319 (Vers.
589 4243 670 4317 2.)
707 4268 726 4292 ι
747 4242 945 4300 Videte
966 4259 1148 4312 canes,
1181 4243 1364 4300 videte
1395 4246 1570 4303 malos
1601 4249 1900 4320 operarios,

295 4335 488 4392 videte
518 4332 913 4391 concisionem.
947 4356 965 4380 ι
1009 4331 1120 4388 Hos
1147 4331 1397 4404 designat
1439 4335 1557 4407 qui,
1589 4334 1901 4394 invidentes

295 4424 578 4498 gentibus,
603 4422 872 4496 pravitate
901 4422 1306 4494 colloquiorum
1337 4439 1560 4480 suorum
1591 4434 1903 4484 everterant

294 4513 548 4583 Galatas,
595 4512 883 4569 suadentes
933 4512 1012 4569 eis
1056 4520 1118 4568 ut
1159 4511 1705 4570 circumciderentur.
1752 4516 1900 4584 Quos

296 4603 457 4662 omni
502 4619 696 4676 genere
746 4601 1002 4659 vitandos
1048 4610 1103 4659 et
1147 4601 1484 4674 spernendos
1532 4602 1710 4673 docet,
1745 4607 1898 4680 quasi

296 4711 467 4754 canes
486 4693 581 4767 qui
587 4692 838 4768 primum
859 4691 1153 4761 oblatrant,
1171 4691 1374 4771 dehinc
1393 4709 1582 4751 morsu
1602 4709 1747 4751 saevo
1763 4697 1904 4752 male

297 4791 603 4859 operantur
643 4784 702 4839 in
732 4797 974 4841 carnem.

369 4875 562 4947 (Vers.
592 4873 645 4943 3,
673 4872 754 4945 4.)
793 4896 810 4920 ε
839 4873 950 4929 Nos
988 4872 1135 4929 enim
1165 4889 1355 4929 sumus
1396 4873 1764 4944 circumcisio,
1807 4876 1903 4949 qui

298 4965 504 5038 spiritu
559 4965 673 5021 Deo
724 4960 998 5018 servimus
1047 4980 1058 5018 :
1114 4971 1168 5018 et
1214 4962 1516 5034 gloriamur
1563 4964 1622 5020 in
1682 4964 1904 5022 Christo

299 5051 455 5117 Iesu,
476 5058 530 5107 et
557 5066 668 5106 non
692 5049 750 5106 in
773 5065 935 5106 carne
964 5047 1226 5106 ﬁduciam
1259 5049 1553 5119 habemus;
1590 5069 1899 5127 quanquam

301 5156 398 5214 ego
459 5139 691 5198 habeam
742 5138 1001 5196 ﬁduciam
1045 5147 1099 5195 et
1147 5139 1205 5194 in
1257 5156 1438 5196 carne.
1473 5165 1492 5189 ι
1550 5141 1902 5199 Manifestum

303 5242 384 5290 est
428 5232 562 5307 quia
590 5231 871 5289 credentes
910 5231 1014 5303 ipsi
1060 5230 1468 5289 circumcidunt
1505 5249 1601 5290 cor
1629 5250 1812 5303 suum,
1843 5243 1905 5290 ut

305 5332 588 5400 amputata
637 5324 839 5381 erroris
884 5322 1122 5391 nebula,
1176 5321 1445 5394 aspiciant
1497 5331 1552 5380 et
1607 5335 1905 5397 agnoscant

379 5489 500 5566 (52)
554 5488 713 5566 Rom.
764 5485 924 5566 edit.,
983 5486 1044 5566 Si
1077 5485 1199 5566 quis
1237 5485 1382 5566 alius
1433 5487 1758 5547 videtur.....
1816 5506 1903 5562 ego

312 5557 498 5632 magis,
526 5558 918 5632 circumcisione
946 5557 1115 5615 octavi
1141 5557 1266 5614 diei.

383 5629 502 5704 (53)
533 5631 718 5704 Codex
757 5630 952 5701 Laud.,
1003 5629 1393 5704 comparatione
1440 5629 1658 5702 Christi,
1686 5632 1744 5688 in
1771 5631 1904 5688 veri-

314 5703 415 5762 tate
443 5703 564 5762 sunt
592 5703 807 5760 damna.

2021 1899 2334 1956 traditionis
2379 1907 2618 1972 paterna:
2659 1900 2718 1955 in
2747 1899 3122 1972 persequendo
3161 1900 3491 1970 Ecclesiam,
3523 1900 3619 1960 hic

2019 2004 2205 2061 parem
2233 2005 2345 2044 non
2384 1987 2613 2056 habuit;
2647 1988 2706 2044 in
2737 1989 2948 2045 caeteris
2975 1989 3124 2046 enim
3155 1996 3312 2060 erant
3332 1996 3616 2048 consortes

2021 2075 2160 2149 ejus,
2193 2079 2287 2151 qui
2333 2078 2592 2134 similiter
2643 2086 2822 2134 essent
2867 2087 3063 2135 natura
3109 2079 3304 2136 Iudaei.
3353 2079 3460 2136 Sed
3491 2096 3614 2154 quae

2021 2165 2174 2221 lucra
2204 2165 2720 2240 videbanturjuxta
2765 2167 3070 2225 humanum
3098 2185 3342 2237 sensum,
3383 2185 3616 2242 compa-

2018 2254 2230 2311 ratione
2286 2255 2492 2313 Christi
2549 2257 2775 2314 inventa
2829 2266 2959 2315 sunt
3004 2257 3204 2315 damna
3254 2258 3394 2331 (53).
3437 2257 3614 2328 Quare

2017 2343 2236 2413 damna,
2296 2345 2404 2401 nisi
2451 2346 2582 2420 quia
2637 2347 2752 2420 jam
2809 2355 3025 2421 tempus
3071 2364 3183 2406 non
3223 2357 3358 2418 erat,
3389 2358 3451 2406 ut
3498 2350 3615 2407 Lex

2017 2437 2371 2494 servaretur?
2400 2436 2587 2495 inania
2615 2437 2762 2494 enim
2782 2445 2937 2495 erant
2966 2438 3085 2496 haec
3116 2438 3322 2508 omnia,
3346 2445 3400 2494 et
3429 2438 3615 2512 impe-

2018 2522 2282 2595 dimenta,
2314 2543 2384 2582 ne
2435 2527 2784 2585 accederetur
2828 2529 2897 2584 ad
2945 2530 3207 2601 gratiam;
3253 2538 3307 2584 et
3336 2529 3468 2601 quia
3494 2528 3616 2588 haec

2017 2619 2147 2666 sunt
2183 2614 2444 2681 carnalia,
2496 2622 2684 2669 nostra
2738 2629 2869 2669 vero
2925 2615 3213 2686 spiritalia.
3263 2615 3392 2671 Ideo
3430 2624 3612 2673 autem

2017 2699 2085 2756 de
2114 2701 2264 2756 tribu
2284 2718 2341 2756 se
2361 2700 2498 2756 dicit
2522 2701 2836 2771 Benjamin,
2853 2708 2916 2757 ut
2937 2716 3109 2772 genus
3136 2717 3298 2757 suum
3326 2703 3619 2760 extolleret

2018 2806 2181 2862 super
2203 2787 2548 2861 hos,qui(54)
2568 2787 2635 2843 de
2657 2787 2984 2860 patriarchis
3003 2788 3438 2845 concubinarum
3452 2791 3618 2849 Iacob

2018 2878 2150 2934 ﬁliis
2179 2878 2391 2936 ducunt
2437 2878 2728 2952 originem,
2759 2886 2855 2936 aut
2891 2885 3113 2952 propter
3153 2879 3297 2948 illos,
3338 2880 3434 2953 qui
3463 2888 3621 2939 erant

2017 2968 2303 3042 proselyti.
2340 2967 2495 3027 Unde
2522 2967 2660 3026 dicit
2689 2987 2702 3026 :
2748 2991 2767 3017 ι
2813 2969 2931 3042 Ego
2972 2970 3161 3042 magis,
3193 2969 3620 3028 circumcisione

2017 3058 2197 3115 octavi
2234 3058 2366 3129 diei,
2410 3075 2478 3115 ex
2524 3074 2718 3132 genere
2759 3059 2958 3128 Israel;
2992 3085 3012 3109 ›
3061 3067 3123 3115 ut
3150 3059 3464 3117 ostenderet
3491 3060 3618 3134 pri-

2018 3165 2169 3204 mum
2199 3165 2256 3205 se
2285 3165 2400 3205 esse
2434 3149 2580 3205 inter
2609 3147 2824 3206 Judwos
2856 3167 2868 3206 :
2901 3148 2996 3205 sed
3037 3148 3142 3205 hoc
3179 3164 3235 3205 se
3263 3157 3616 3208 contemnere

2016 3246 2238 3310 propter
2265 3254 2415 3312 spem
2447 3237 2769 3310 promissam
2811 3255 2843 3294 a
2889 3237 3130 3297 Christo.
3176 3238 3390 3295 Hebraei
3428 3247 3615 3298 tamen

2017 3334 2237 3400 propter
2283 3327 2561 3384 Abraham
2609 3327 2744 3384 dicti
2795 3335 2954 3395 sunt;
3016 3328 3306 3384 immutata
3353 3337 3434 3386 est
3463 3329 3612 3386 enim

2017 3415 2201 3471 littera
2247 3423 2469 3489 propter
2519 3432 2738 3483 sonum,
2769 3423 2832 3472 ut
2887 3431 3000 3472 non
3048 3423 3377 3472 vocarentur
3404 3417 3612 3487 Abraai,

2015 3503 2110 3560 sed
2134 3505 2345 3562 Hebraei
2373 3524 2384 3562 :
2417 3513 2480 3562 ut
2508 3506 2652 3578 apud
2672 3512 2883 3562 veteres
2904 3522 3027 3562 cum
3047 3505 3321 3563 diceretur
3349 3505 3612 3576 medidie,

2014 3603 2069 3651 et
2108 3603 2249 3651 esset
2277 3594 2597 3663 absurdum,
2631 3584 2923 3651 immutata
2951 3601 3030 3650 est
3061 3595 3266 3663 littera,
3299 3603 3361 3654 ut
3389 3595 3613 3653 dicere-

2017 3695 2108 3744 tur
2136 3685 2484 3758 meridie._Si
2512 3687 2662 3742 enim
2684 3686 2837 3760 origo
2861 3701 2930 3742 ex
2959 3685 3240 3742 Abraham
3271 3694 3372 3757 est,
3400 3704 3471 3744 ex
3491 3688 3612 3760 ipso

2013 3776 2160 3834 trahi
2203 3777 2366 3835 debet
2402 3787 2456 3834 et
2489 3793 2714 3844 nomen,
2775 3793 2887 3834 non
2940 3794 3009 3834 ex
3061 3778 3257 3848 Heber,
3298 3780 3394 3853 qui
3456 3787 3613 3837 sexta

2016 3866 2364 3939 generatione
2420 3873 2501 3924 est
2547 3882 2713 3940 super
2755 3866 3034 3924 Abraham
3072 3869 3228 3942 (Gen.
3276 3885 3360 3937 χι,
3407 3868 3520 3939 14).
3552 3869 3612 3925 Si

2016 3957 2166 4012 enim
2196 3959 2254 4012 in
2285 3957 2560 4014 Abraham
2592 3958 2878 4015 reformari
2897 3958 3064 4031 coepit
3093 3974 3262 4030 genus
3293 3957 3609 4023 hominum,

2016 4055 2069 4103 et
2107 4047 2225 4120 ipse
2266 4054 2346 4102 est
2385 4054 2537 4121 pater
2569 4047 2719 4118 ﬁdei,
2761 4065 2829 4104 ex
2857 4049 2977 4122 ipso
3016 4055 3071 4104 et
3100 4063 3301 4103 nomen
3340 4053 3393 4100 et
3423 4045 3613 4116 lingua

2014 4136 2260 4193 Hebraea.
2293 4137 2477 4194 Prima
2495 4138 2643 4194 enim
2674 4138 2882 4210 lingua,
2915 4153 3036 4209 quae
3067 4141 3183 4190 erat
3211 4134 3329 4188 sine
3361 4131 3608 4202 nomine,

2013 4242 2138 4283 cum
2171 4225 2304 4286 huic
2330 4227 2602 4296 redditur,
2622 4243 2691 4281 ex
2721 4242 2784 4282 eo
2814 4240 3017 4279 nomen
3036 4221 3254 4294 accipit.
3287 4222 3425 4278 Nam
3454 4221 3612 4278 nulla

2013 4331 2176 4373 causa
2217 4324 2316 4386 est,
2365 4325 2427 4372 ut
2475 4333 2544 4372 ex
2588 4315 2766 4371 Heber
2818 4311 3002 4369 trahat
3040 4327 3280 4379 nomen;
3329 4311 3610 4369 Abraham

2012 4406 2159 4460 enim
2196 4405 2485 4464 Chaldaeus
2514 4404 2642 4474 fuit,
2676 4420 2787 4461 non
2824 4411 3010 4460 tamen
3047 4401 3262 4459 Hebraei
3293 4402 3608 4462 Chaldaeam

2011 4495 2256 4568 linguam
2283 4493 2488 4552 habent
2519 4494 2660 4568 (55).

2084 4595 2266 4664 (Vers.
2316 4594 2505 4666 8-11.)
2559 4617 2578 4641 ι
2626 4593 2832 4651 Verum
2877 4579 3104 4668 quidem
3149 4594 3336 4650 omnia
3373 4594 3611 4652 arbitror

2014 4683 2217 4741 damna
2267 4699 2381 4742 esse
2436 4692 2659 4759 propter
2710 4683 3067 4742 eminentiam
3118 4684 3362 4742 scientiae
3402 4683 3610 4742 Christi

2011 4775 2140 4832 Iesu
2192 4775 2416 4832 Domini
2474 4775 2606 4844 mei,
2670 4782 2893 4848 propter
2947 4789 3109 4848 quem
3167 4777 3353 4833 omnia
3409 4776 3610 4833 damna

2011 4866 2171 4936 duxi,
2192 4874 2246 4924 et
2274 4867 2511 4924 arbitror
2539 4874 2814 4935 stercora;
2848 4874 2910 4923 ut
2937 4865 3221 4926 Christum
3241 4869 3607 4937 lucrifaciam,

2012 4965 2066 5013 et
2101 4965 2164 5014 ut
2209 4957 2463 5014 inveniar
2506 4957 2564 5014 in
2595 4956 2694 5012 illo
2723 4973 2836 5013 non
2867 4955 3077 5014 habens
3105 4975 3279 5016 meam
3305 4957 3606 5032 justitiam,

2013 5065 2132 5122 quae
2153 5065 2223 5106 ex
2251 5051 2368 5123 lege
2397 5043 2477 5107 est
2502 5069 2513 5108 :
2538 5049 2633 5107 sed
2661 5067 2780 5106 eam
2811 5066 2932 5124 quae
2958 5057 3041 5106 est
3069 5067 3165 5123 per
3185 5050 3348 5107 ﬁdem
3375 5047 3604 5115 Christi,

2013 5155 2134 5211 quae
2180 5156 2250 5195 ex
2275 5141 2390 5195 Deo
2422 5149 2526 5208 est,
2551 5138 2829 5212 justitiam
2872 5156 3036 5214 super
3077 5140 3242 5197 ﬁdem
3274 5140 3341 5197 ad
3379 5154 3605 5212 cognos-

2011 5227 2248 5284 cendum
2294 5245 2441 5298 eum,
2482 5238 2536 5286 et
2586 5229 2851 5286 virtutem
2909 5231 3326 5287 resurrectionis
3373 5230 3512 5301 ejus,
3551 5232 3607 5281 et

2010 5319 2569 5376 communicationem
2611 5320 2927 5392 passionum
2966 5318 3104 5390 ejus,
3135 5317 3485 5377 conformans
3519 5330 3607 5371 me

2085 5483 2202 5558 (54)
2234 5483 2392 5542 Rom.
2442 5482 2600 5551 edit.,
2631 5483 2920 5550 extolleret,
2962 5480 3068 5536 sive
3099 5482 3320 5552 propter
3347 5476 3460 5544 hos,
3489 5475 3602 5548 qui,

2013 5564 2204 5699 etc(.55)
2256 5627 2385 5699 Mss.
2439 5625 2670 5699 aliqllot,
2724 5640 2831 5680 non
2885 5628 3057 5678 “me”
3101 5616 3338 5675 Chauci
3369 5619 3604 5696 linguam

2085 5628 2204 5752 £55)
2256 5628 2385 5683 Mss.
2439 5628 2520 5681 ali«

2013 5699 2084 5755 ha
2116 5704 2200 5754 ent
2227 5698 2520 5754 Hebrceam.
