4070 6186
481 239 590 298 439

1521 235 1618 292 AD
1659 231 1894 290 OPERA
1931 228 1990 286 S.
2030 228 2365 288 AMBROSII
2402 229 2782 288 APPENDIX.

3682 228 3783 290 440

483 373 650 430 morti
671 371 882 445 ipsius;
913 370 961 427 si
999 385 1108 443 quo
1137 366 1302 425 modo
1321 381 1605 426 occurram
1621 365 1689 421 ad
1718 363 2082 421 resurrectio-
2109 368 2160 428 Α
2188 371 2290 432 est,
2312 379 2344 419 a
2371 363 2714 436 prescientia
2767 362 2866 420 Dei
2900 360 3016 435 (58)
3057 359 3356 434 requisitus
3393 359 3656 418 inventus
3683 367 3780 431 est,

482 479 609 519 nem
642 478 762 535 quae
793 468 875 516 est
914 476 980 516 ex
1005 457 1258 515 mortuis.
1283 481 1302 505 ι
1346 456 1482 515 Cum
1513 452 1764 526 superius
1791 452 1858 509 de
1886 469 2080 526 genere

480 553 736 616 Abrahae,
769 559 824 606 et
869 549 938 606 de
967 549 1100 621 lege,
1135 557 1188 605 et
1233 548 1300 604 de
1333 544 1568 618 justitiis
1607 542 1743 616 ejus,
1775 550 1830 599 et
1868 543 2081 600 meritis

480 638 892 697 observantium
944 639 1277 712 loqueretur,
1313 634 1428 691 haec
1468 633 1655 689 omnia
1684 632 2077 688 detrimentum

479 731 749 802 deputans
804 729 873 785 ad
929 726 1393 800 comparationem
1439 722 1866 797 promissionum
1895 722 2078 778 Salva-

479 818 635 887 toris,
673 836 822 876 nunc
859 817 1012 874 addit
1041 832 1150 872 non
1183 814 1363 871 solum
1395 813 1512 870 haec
1545 832 1556 870 :
1605 836 1622 858 ε
1646 811 1751 868 Sed
1795 821 1849 868 et
1891 812 2080 868 omnia

477 912 740 968 damnum
775 924 891 966 esse
930 915 1151 980 propter
1189 904 1568 972 eminentiam,
1600 903 1803 976 inquit,
1835 903 2079 961 scientiae

479 997 686 1056 Christi
735 998 864 1054 Jesu
900 994 1124 1054 Domini
1170 993 1298 1049 mei.
1334 1018 1352 1041 ι
1396 993 1523 1049 Post
1552 993 1724 1064 legem
1755 1000 1809 1048 et
1832 991 2078 1064 justitias

477 1087 615 1159 ejus,
658 1104 780 1161 quae
842 1094 1006 1144 erunt
1074 1085 1197 1143 haec
1241 1082 1461 1149 omnia;
1521 1081 1631 1137 nisi
1678 1089 1740 1136 ut
1794 1079 1899 1153 ipsi
1949 1082 2077 1138 vitas

474 1175 724 1250 corporis
765 1173 1072 1247 animaeque
1100 1178 1468 1244 anteponatur
1495 1168 1703 1242 agnitio
1737 1168 1990 1227 Christi?
2018 1169 2074 1226 Si

474 1268 646 1335 enim,
693 1274 758 1322 ut
810 1263 946 1321 dicit
991 1261 1059 1319 ad
1114 1262 1482 1328 Colossenses,
1529 1284 1547 1305 ι
1578 1260 1636 1314 in
1679 1259 1900 1318 Christo
1947 1268 2078 1317 sunt

474 1373 668 1416 omnes
720 1353 966 1413 thesauri
1023 1351 1307 1424 sapientiae
1363 1358 1417 1406 et
1464 1349 1707 1406 scientiae
1766 1348 2074 1406 absconditi

479 1449 708 1521 (Coloss.
742 1464 803 1515 ιι,
841 1445 934 1517 3);
979 1470 996 1491 ι
1059 1450 1260 1500 cuncta
1298 1456 1638 1515 quacunque
1677 1447 1826 1509 sunt,
1863 1441 2075 1497 nullius

474 1536 742 1596 momenti
771 1533 1022 1592 ducenda
1046 1540 1195 1601 sunt,
1213 1539 1276 1588 ut
1293 1530 1362 1587 ad
1389 1529 1772 1587 excellentiam
1793 1529 2074 1602 sapientiae

473 1639 527 1688 et
557 1628 803 1687 scientiae
823 1627 990 1701 hujus
1017 1623 1303 1698 pervenire
1347 1623 1648 1694 contingat.
1678 1619 1892 1678 Suﬂicit
1922 1637 2069 1694 ergo,

2190 461 2244 509 et
2272 452 2470 509 didicit
2523 452 2852 525 mysterium
2906 449 3150 518 Christi;
3183 457 3246 506 ut
3274 449 3334 506 in
3363 449 3517 506 omni
3545 450 3663 506 vita
3689 468 3784 509 sua

2186 551 2543 614 augmentum
2620 542 2827 598 faciens
2913 540 3237 597 meritorum
3269 581 3286 608 ,
3355 539 3784 614 comprehendat

2187 629 2521 687 destinatum
2553 631 2864 704 praimium,
2903 627 3237 702 promeritus
3261 643 3410 696 eum,
3449 643 3611 703 quem
3641 627 3782 688 didi-

2187 721 2263 778 cit
2287 721 2373 776 sui
2407 737 2567 777 causa
2595 720 2857 777 occisum.

2261 811 2439 882 (Vers.
2497 810 2582 878 13,
2637 810 2750 883 14.)
2799 828 2826 862 ‹‹
2869 811 3106 876 Fratres,
3135 825 3238 882 ego
3283 825 3373 866 me
3402 825 3513 866 non
3543 809 3782 870 arbitror

2186 900 2368 958 adhuc
2412 898 2915 972 comprehendisse.
2945 900 3128 956 Unum
3170 906 3376 968 autem,
3407 915 3528 974 qua
3558 899 3779 975 quidem

2188 999 2333 1046 retro
2359 998 2488 1045 sunt
2517 987 2872 1057 obliviscens,
2903 988 2972 1044 ad
2997 1005 3060 1044 ea
3087 996 3270 1045 autem
3301 1005 3423 1062 quae
3463 997 3592 1047 ante
3628 999 3779 1059 sunt,

2186 1079 2490 1136 extendens
2543 1096 2649 1148 me,
2682 1078 2984 1136 secundum
3031 1077 3364 1136 destinatum
3414 1078 3677 1154 insequor
3714 1081 3780 1139 ad

2185 1171 2422 1243 palmam
2479 1187 2729 1244 supernae
2785 1169 2886 1228 Dei
2930 1169 3258 1228 vocationis.
3291 1195 3309 1218 ι
3350 1171 3467 1228 Hoc
3512 1179 3596 1230 est
3632 1174 3780 1246 quod

2184 1276 2349 1332 supra
2398 1259 2564 1328 dixit,
2600 1260 2730 1333 quia
2785 1259 2908 1316 ideo
2965 1259 3213 1316 laborare
3266 1276 3323 1316 se
3385 1260 3682 1334 signiﬁcat,
3722 1270 3781 1320 ut

2184 1348 2430 1422 quotidie
2486 1349 2544 1406 in
2589 1350 2787 1406 melius
2829 1349 3098 1424 proﬁciat,
3139 1365 3353 1424 semper
3397 1351 3703 1409 extendens
3726 1370 3780 1410 se

2182 1439 2249 1495 ad
2281 1439 2526 1512 potiora;
2559 1451 2620 1498 ut
2648 1440 2748 1496 illa
2775 1458 2895 1515 quae
2925 1448 3194 1498 retroacta
3239 1449 3369 1498 sunt
3419 1441 3778 1513 obliviscens,

2181 1530 2413 1586 meliora
2449 1538 2730 1588 sectetur:
2764 1547 2876 1587 non
2933 1530 3064 1604 quia
3119 1531 3263 1586 mala
3311 1539 3463 1601 sunt,
3518 1531 3612 1590 sed
3647 1532 3779 1606 quia
3859 1589 3864 1593 .

2181 1636 2349 1693 parva
2403 1629 2533 1677 sunt
2573 1619 2642 1677 ad
2695 1621 2953 1678 meritum
3004 1621 3388 1680 collocandum
3424 1638 3436 1678 :
3472 1622 3528 1678 in
3575 1623 3776 1681 melius

471 1719 587 1776 imo
617 1718 883 1776 exuberat
912 1715 1151 1788 justitia,
1182 1729 1303 1786 quae
1330 1728 1400 1768 ex
1442 1711 1550 1767 ﬁde
1583 1719 1685 1780 est,
1716 1727 1827 1766 non
1859 1727 1927 1766 ex
1954 1712 2072 1784 lege
2100 1743 2148 1805 Β
2180 1719 2363 1768 autem
2422 1712 2821 1786 proﬁciendum
2852 1756 2869 1784 ,
2923 1721 2985 1770 ut
3039 1714 3106 1770 ad
3163 1713 3500 1772 destinatum
3556 1716 3778 1773 omleste

470 1809 540 1865 ad
569 1809 823 1875 salutem,
857 1822 976 1880 quas
1025 1820 1094 1860 ex
1144 1802 1460 1876 cognitione
1508 1799 1712 1858 Christi
1756 1800 1928 1873 gratia
1967 1799 2067 1856 Dei

469 1897 686 1954 indulta
716 1903 816 1952 est.
850 1894 1105 1966 Cognitio
1152 1891 1299 1950 enim
1350 1890 1601 1964 mysterii
1649 1890 2065 1960 incarnationis,

468 1995 520 2043 et
567 1985 856 2060 passionis,
900 1992 955 2040 et
1008 1982 1426 2040 resurrectionis
1465 1980 1584 2054 ejus
1630 1982 1893 2055 perfectio
1937 1982 2066 2038 vitae

468 2083 569 2145 est,
603 2083 660 2132 et
688 2074 978 2131 thesaurus
1014 2071 1333 2145 sapientiae;
1374 2071 1470 2128 ubi
1500 2071 1646 2128 enim
1678 2071 1963 2143 sapientia,
1989 2069 2065 2128 ibi

471 2173 549 2222 est
597 2174 651 2221 et
691 2165 844 2233 vita;
888 2164 1018 2238 quia
1073 2163 1187 2218 vita
1243 2179 1352 2218 non
1405 2169 1486 2217 est
1539 2161 1635 2217 ubi
1683 2161 1921 2219 stultitia
1963 2168 2063 2218 est.

468 2257 717 2330 Denique
775 2255 1082 2312 Salomon:
1133 2278 1150 2301 ι
1181 2253 1413 2320 Stultus,
1449 2252 1547 2320 ait,
1586 2267 1682 2324 per
1732 2252 1904 2308 risum
1955 2252 2068 2324 agit

467 2346 610 2401 mala
641 2346 826 2418 (Prov.
870 2362 927 2413 x,
969 2343 1083 2415 23).
1118 2369 1136 2392 ι
1178 2343 1286 2410 Qui
1314 2341 1462 2397 enim
1495 2341 1758 2413 intelligit
1783 2341 1867 2396 sui
1903 2357 2069 2398 causa

468 2436 750 2493 Christum
805 2433 1085 2490 hominem
1145 2433 1351 2489 factum
1407 2439 1461 2487 et
1516 2447 1759 2502 passum,
1813 2437 1868 2486 et
1919 2431 2068 2487 victa

466 2535 644 2583 morte
673 2525 1061 2593 resurrexisse,
1093 2523 1424 2595 contemptis
1466 2529 1519 2577 et
1553 2522 1752 2594 spretis
1780 2522 2064 2593 omnibus,

465 2615 616 2673 hunc
665 2616 936 2688 sequitur,
984 2612 1143 2686 cujus
1194 2611 1452 2685 praesidio
1506 2611 1660 2668 videt
1715 2627 1772 2667 se
1808 2629 1839 2666 a
1889 2619 2065 2669 morte

465 2704 781 2772 liberatum,
809 2719 1057 2778 quaerens
1087 2718 1278 2758 causas
1327 2701 1395 2757 ad
1446 2700 1869 2773 promerendum
1900 2717 2060 2769 eum;

462 2803 524 2850 ut
554 2797 640 2852 vel
679 2795 735 2850 in
766 2795 954 2867 aliquo
984 2793 1067 2848 illi
1099 2793 1277 2849 vicem
1308 2792 1481 2864 possit
1509 2791 1757 2860 reddere,
1796 2799 1858 2847 ut
1881 2791 2065 2850 adhuc

461 2885 672 2957 majora
691 2885 953 2956 consequi
977 2890 1252 2938 mereatur
1273 2883 1542 2953 promissa
1562 2882 1618 2936 in
1637 2882 2058 2940 resurrectione.

537 2975 720 3046 (Vers.
781 2973 893 3043 l2.)
969 2997 987 3019 ι
1045 2974 1166 3029 Non
1221 2971 1368 3046 quod
1413 2971 1526 3044 jam
1582 2974 1907 3044 acceperim,
1970 2983 2064 3032 aut

455 3065 571 3136 jam
596 3064 934 3137 justiﬁcatus
962 3063 1088 3131 sim,
1111 3071 1209 3120 aut
1229 3061 1342 3135 jam
1377 3063 1650 3136 perfectus
1679 3064 1784 3120 sim
1819 3083 1830 3121 :
1861 3081 2062 3139 sequor

460 3161 664 3221 autem,
714 3153 758 3209 si
789 3151 1276 3225 comprehendam,
1310 3153 1372 3209 in
1401 3171 1512 3227 quo
1543 3162 1599 3210 et
1627 3153 2060 3226 comprehensus

459 3260 583 3300 sum
641 3243 758 3315 (56)
830 3243 888 3298 in
945 3243 1164 3301 Christo
1210 3244 1357 3300 Jesu.
1414 3269 1432 3291 ι
1493 3243 1764 3311 Quoniam
1831 3244 1888 3300 in
1945 3253 2060 3300 tota

460 3333 691 3404 epistola
720 3333 955 3405 gaudere
992 3349 1048 3388 se
1100 3340 1330 3388 testatur
1383 3332 1440 3387 in
1487 3333 1585 3401 eis,
1628 3339 1683 3388 et
1717 3332 1905 3388 laudat
1933 3333 2058 3388 obe-

459 3421 725 3478 dientiam
763 3438 953 3478 eorum
982 3429 1035 3478 et
1063 3421 1259 3487 ﬁdem,
1313 3438 1381 3477 ne
1435 3421 1577 3476 forte
1603 3421 1760 3494 quasi
1807 3421 2059 3478 homines

459 3510 764 3578 inflatione,
794 3527 858 3566 eo
888 3511 1033 3584 quod
1058 3509 1173 3582 jam
1205 3510 1357 3582 digni
1388 3517 1587 3577 essent,
1618 3509 2018 3566 extollerentur
2043 3529 2054 3567 :

458 3617 606 3657 nunc
662 3616 758 3671 per
812 3616 965 3655 suam
1002 3615 1290 3672 personam
1346 3598 1526 3654 adhuc
1581 3599 1767 3656 deesse
1823 3599 1928 3656 sibi
1989 3600 2058 3657 ad

453 3689 909 3761 justiﬁcationem
960 3688 1294 3761 implendam
1355 3697 1540 3761 aperta
1594 3705 1728 3746 voce
1779 3689 2056 3760 declarat,

459 3787 520 3834 ut
549 3778 886 3835 contendant
929 3778 1129 3834 addere
1176 3778 1233 3833 in
1279 3778 1537 3850 operibus
1572 3779 1752 3836 bonis.
1801 3779 1858 3836 Si
1907 3781 2056 3836 enim

459 3866 553 3924 hic
583 3867 678 3939 qui
713 3875 864 3924 tanta
902 3868 1165 3940 praeditus
1207 3867 1472 3941 dignitate
1515 3876 1616 3937 est,
1653 3868 1835 3926 adhuc
1871 3869 2056 3926 deesse

457 3956 560 4012 sibi
639 3956 1028 4028 perfectionem
1090 3957 1422 4025 conﬁtetur;
1492 3967 1698 4031 quanto
1765 3959 1936 4031 magis
1997 3957 2055 4014 hi

459 4047 830 4120 intelligerent
877 4047 1270 4104 elaborandum
1307 4049 1413 4105 sibi
1444 4065 1578 4118 esse,
1612 4057 1674 4104 ut
1707 4047 2057 4121 justiﬁcatio-

457 4153 589 4192 num
623 4137 816 4193 merita
835 4136 1305 4210 adipiscerentur!
1340 4137 1466 4193 Ideo
1492 4136 1760 4209 subjecit:
1797 4162 1813 4183 ι
1845 4137 2057 4211 Sequor

455 4232 660 4293 autem,
718 4225 922 4298 inquit,
971 4234 1033 4282 ut
1086 4225 1574 4298 comprehendam,
1621 4225 1678 4282 in
1735 4243 1844 4299 quo
1899 4234 1953 4282 et
1994 4236 2056 4284 ut

455 4313 885 4386 comprehensus
928 4332 1051 4370 sum
1110 4331 1140 4370 a
1187 4312 1428 4371 Christo.
1461 4337 1477 4358 ι
1520 4315 1662 4370 Dum
1695 4314 1840 4370 enim
1871 4331 2055 4372 errore

455 4409 509 4456 et
557 4412 693 4460 aestu
747 4403 948 4460 mentis
987 4401 1296 4470 ﬂuctuaret,
1347 4407 1493 4467 260
1558 4403 1626 4458 de
1679 4403 1772 4460 via
1828 4405 2051 4462 Domini

2177 1801 2465 1876 praemium
2509 1811 2860 1870 occurratur;
2905 1819 3066 1860 causa
3110 1804 3258 1860 enim
3291 1814 3403 1861 tam
3431 1805 3776 1862 admirabilis

2176 1900 2230 1949 et
2259 1891 2561 1948 invisibilis
2589 1893 2802 1966 praemii
2832 1910 2943 1952 non
2988 1895 3185 1953 leviter
3231 1896 3423 1970 utique
3450 1897 3773 1956 certandum

2176 1997 2291 2037 esse
2321 1983 2664 2054 pronuntiat.

2250 2072 2432 2142 (Vers.
2476 2071 2587 2145 15.)
2644 2097 2661 2119 ε
2692 2073 2973 2148 Quotquot
3008 2091 3136 2147 ergo
3163 2075 3391 2148 perfecti
3423 2094 3636 2147 sumus,
3669 2078 3776 2136 hoc

2176 2161 2493 2218 sentiamus.
2525 2187 2544 2209 ι
2587 2163 2849 2236 Superius
2878 2164 3179 2236 perfectum
3211 2181 3326 2222 esse
3353 2182 3410 2222 se
3459 2175 3639 2240 negat,
3681 2169 3775 2225 sed

2169 2245 2333 2319 juxta
2361 2249 2713 2322 promissum,
2764 2261 2826 2308 ut
2867 2252 3049 2309 adhuc
3095 2253 3327 2310 addatur
3365 2255 3434 2310 ad
3463 2257 3720 2314 meritum
3756 2275 3770 2315 :

2174 2335 2243 2392 ad
2290 2339 2754 2412 comparationem
2799 2349 2982 2397 autem
3024 2351 3372 2410 caeterorum,
3416 2345 3510 2418 qui
3560 2361 3646 2402 res
3674 2345 3774 2402 di-

2176 2427 2333 2482 vinas
2389 2428 2755 2501 negligentius
2807 2438 3022 2500 curant,
3075 2433 3305 2504 perfecti
3343 2433 3562 2493 dicendi
3619 2444 3770 2506 sunt,

2175 2516 2268 2588 qui
2327 2516 2578 2576 adhibita
2621 2521 2864 2590 solertia,
2895 2522 3248 2595 perfectionis
3301 2525 3406 2580 iter
3460 2526 3766 2583 ambulant.

2174 2607 2290 2664 Hoc
2335 2625 2463 2682 ergo
2511 2610 2857 2667 sentiendum
2886 2619 2986 2680 est,
3019 2619 3081 2668 ut
3123 2613 3183 2669 in
3210 2614 3407 2672 melius
3452 2615 3766 2687 proﬁciant.

2187 2722 2206 2743 «
2234 2698 2303 2752 Et
2342 2697 2386 2753 si
2432 2698 2566 2772 quid
2613 2699 2774 2754 aliter
2815 2700 3051 2770 sentitis,
3097 2701 3155 2757 id
3190 2719 3404 2778 quoque
3434 2704 3593 2761 vobis
3622 2707 3769 2762 Deus

2172 2787 2458 2844 revelabit.
2489 2813 2508 2838 ι
2551 2790 2666 2846 Hoc
2693 2790 2849 2860 dicit,
2899 2801 2960 2848 ut
2989 2793 3034 2848 si
3069 2793 3203 2867 quid
3231 2795 3468 2868 amplius
3496 2795 3567 2852 ad
3589 2797 3766 2853 cultu-

2172 2893 2287 2932 ram
2335 2879 2634 2935 melioratae
2669 2883 3105 2940 conversationis
3155 2885 3614 2957 excogitaverint,
3667 2885 3763 2944 Dei

2171 2965 2490 3024 existiment
2523 2969 2731 3027 donum
2759 2989 2896 3041 esse,
2918 2990 2984 3030 ne
3006 2991 3102 3047 per
3121 2974 3227 3033 hoc
3255 2975 3599 3034 inﬂarentur.

2247 3057 2428 3129 (Vers.
2459 3059 2572 3132 16.)
2619 3083 2637 3106 ι
2669 3059 3063 3120 Verumtamen
3104 3064 3171 3120 ad
3211 3064 3357 3137 quod
3386 3067 3761 3137 pervenimus,

2169 3155 2231 3202 ut
2262 3147 2405 3206 idem
2438 3149 2735 3223 sapiamus,
2765 3160 2820 3208 et
2861 3153 2918 3209 in
2970 3171 3034 3211 eo
3081 3157 3446 3214 ambulemus.
3480 3184 3496 3205 ι
3540 3159 3620 3216 Ne
3659 3177 3767 3233 qua

2168 3237 2300 3294 hinc
2343 3238 2584 3295 oriretur
2611 3244 2986 3317 praesumptio,
3020 3253 3074 3302 et
3102 3253 3390 3318 putaretur
3417 3247 3565 3321 quod
3593 3265 3627 3304 a
3651 3250 3769 3307 Deo

2167 3345 2277 3385 non
2317 3339 2432 3387 erat
2478 3333 2818 3403 revelatum;
2868 3336 2992 3393 ideo
3047 3337 3282 3410 subjecit
3319 3339 3506 3397 dicens
3546 3363 3559 3402 :
3613 3365 3632 3388 ε
3675 3342 3771 3400 Ad

2167 3418 2313 3492 quod
2367 3423 2740 3493 pervenimus,
2788 3433 2851 3482 ut
2898 3426 3044 3482 idem
3099 3428 3398 3502 sapiamus,
3431 3455 3450 3478 ι
3504 3430 3608 3486 hoc
3657 3441 3770 3503 est,

2167 3524 2278 3564 non
2308 3518 2463 3565 extra
2506 3513 2748 3585 regulam
2804 3513 3110 3589 disciplina)
3149 3534 3336 3590 sapere
3383 3519 3442 3575 in
3477 3535 3769 3578 conversa-

2166 3597 2316 3654 tione
2358 3597 2487 3655 ﬁdei
2533 3619 2546 3657 :
2588 3601 2684 3658 sed
2727 3602 2834 3661 hoc
2870 3621 3075 3678 sapere,
3110 3606 3257 3680 quod
3287 3624 3581 3666 commune
3609 3609 3684 3667 sit
3713 3618 3773 3669 et
3877 3640 3886 3648 -

2167 3687 2474 3744 modestum
2507 3689 2565 3746 in
2595 3693 2910 3766 evangelica
2938 3695 3188 3752 veritate.

2240 3776 2422 3847 (Vers.
2457 3777 2546 3846 17,
2585 3780 2671 3848 18,
2715 3781 2829 3855 19.)
2875 3806 2894 3830 ι
2925 3784 3234 3843 Imitatores
3261 3785 3404 3842 mihi
3431 3794 3625 3856 estote,
3657 3787 3770 3844 fra-

2164 3868 2296 3933 tres,
2321 3872 2377 3921 et
2429 3868 2770 3927 considerate
2817 3889 2928 3940 eos,
2983 3873 3079 3946 qui
3127 3874 3208 3930 sic
3250 3875 3554 3942 ambulant,
3615 3875 3772 3934 sicut

2165 3951 2380 4010 habetis
2410 3955 2643 4014 formam
2673 3969 2938 4018 nostram.
2959 3988 2978 4010 ι
3012 3963 3146 4019 Vult
3178 3963 3302 4019 illos
3330 3964 3597 4020 sollicitos
3620 3979 3769 4036 esse,

2163 4056 2232 4095 ne
2272 4059 2567 4114 pravorum
2625 4046 2915 4104 hominum
2973 4049 3278 4108 subtilitate
3334 4053 3644 4126 capiantur,
3710 4063 3769 4110 et

2163 4143 2352 4190 notare
2406 4153 2853 4212 unumquemque
2911 4141 3148 4214 qualiter
3197 4151 3250 4199 et
3301 4153 3662 4202 conversetur
3711 4151 3774 4203 et

2163 4221 2381 4292 doceat;
2425 4233 2486 4281 ut
2523 4227 2610 4284 his
2658 4228 2981 4302 jungantur,
3015 4232 3072 4287 in
3130 4232 3332 4306 quibus
3381 4249 3604 4290 sensum
3651 4251 3768 4291 ma-

2163 4312 2318 4385 gistri
2347 4315 2433 4370 sui
2462 4318 2810 4388 agnoverint.
2864 4344 2882 4368 σ
2911 4321 3070 4377 Multi
3101 4323 3248 4378 enim
3281 4323 3590 4392 ambulant,
3625 4341 3770 4398 quos

2164 4421 2303 4476 saepe
2333 4405 2583 4464 dicebam
2629 4409 2807 4478 vobis,
2851 4427 3000 4468 nunc
3042 4427 3174 4468 vero
3202 4421 3257 4469 et
3304 4413 3441 4470 ﬁens
3478 4414 3628 4484 dico,
3661 4415 3766 4470 ini—

454 4501 729 4572 difﬁdens,
762 4502 1140 4559 misericordia
1167 4503 1267 4559 Dei
1297 4504 1450 4576 quasi
1482 4504 1780 4576 fugientem
1820 4507 2047 4579 gratiam
2085 4479 2133 4538 D
2163 4492 2337 4550 ωίοοε
2387 4496 2567 4553 οωοίε
2613 4497 2818 4555 Christi
2861 4516 2872 4554 ε
2906 4516 3140 4573 quorum
3179 4501 3308 4559 ﬁnis
3353 4510 3436 4559 θεῖ
3480 4502 3765 4573 interitus:

454 4590 662 4648 Christi
694 4591 1112 4664 comprehendit
1141 4608 1264 4647 eum
1315 4591 1372 4646 in
1418 4591 1529 4660 via,
1561 4600 1782 4650 euntem
1810 4595 1877 4651 ad
1907 4613 2052 4652 con-

455 4681 784 4736 turbandam
839 4691 892 4738 et
928 4681 1277 4753 afﬂigendam
1329 4682 1653 4753 Ecclesiam,
1711 4685 1781 4740 ad
1846 4685 1951 4743 hoc
1989 4693 2052 4742 ut

451 4769 660 4826 donum
690 4769 791 4827 Dei
820 4770 1123 4827 addisceret
1152 4771 1290 4844 (57),
1325 4781 1379 4829 et
1425 4773 1654 4846 gratiam
1693 4790 1857 4848 quam
1892 4775 2050 4832 refu-

450 4857 601 4913 tabat
630 4867 685 4916 et
730 4860 894 4917 sciret
938 4878 1037 4934 pro
1089 4861 1193 4920 hac
1239 4862 1403 4921 etiam
1437 4865 1579 4921 mori
1621 4866 1838 4922 lucrum
1884 4883 2044 4923 esse:

452 4947 685 5021 ideoque
719 4965 830 5005 non
865 4967 921 5006 se
961 4967 1116 5024 posse
1159 4951 1348 5011 obesse
1389 4954 1761 5024 credentibus,
1795 4953 1890 5011 sed
1918 4955 2044 5026 sibi,

450 5036 496 5092 si
532 5053 644 5094 non
670 5038 934 5111 crederet,
967 5041 1062 5115 qui
1092 5058 1207 5100 rem
1235 5044 1530 5101 salutarem
1558 5061 1652 5118 per
1680 5045 2046 5118 ignorantiam

450 5127 860 5204 insequebatur.
908 5132 997 5190 Ad
1041 5131 1150 5192 hoc
1192 5150 1322 5210 ergo
1381 5135 1809 5208 comprehensus
1855 5145 1956 5207 est,
1988 5135 2045 5192 id

454 5450 462 5459 ,
519 5382 636 5454 (56)
667 5382 826 5459 Rom.
886 5383 1044 5459 ed_it.,
1104 5384 1225 5440 Non
1273 5385 1415 5455 quod
1457 5386 1922 5459 apprehenderim,
1950 5397 2049 5447 aut

439 5455 572 5578 1(ιηῖι
595 5455 862 5582 pilzfeclus
918 5456 1054 5523 sim;
1099 5470 1291 5528 sequor
1336 5455 1589 5513 autern-si
1619 5461 1878 5530 quomodo
1905 5455 2042 5519 com-

442 5539 536 5582 nre
573 5542 636 5579 en
713 5545 780 5582 m.

438 5539 780 5594 preuenaam.

517 5594 634 5668 (57)
680 5598 947 5659 Nonnulli
1009 5614 1164 5671 mss.,
1231 5598 1542 5670 addisceret,
1602 5602 1755 5677 cujus
1809 5607 2043 5679 gratiam

2161 4600 2395 4656 quorum
2449 4587 2594 4642 Deus
2652 4595 2844 4643 venter
2895 4595 2996 4656 est,
3031 4597 3086 4646 et
3130 4592 3307 4663 gloria
3343 4593 3400 4648 in
3433 4594 3770 4652 confusione

2160 4678 2383 4736 illorum
2417 4679 2558 4753 (59),
2599 4681 2694 4752 qui
2744 4689 2959 4738 terrena
2989 4683 3228 4756 sapiunt.
3268 4709 3287 4731 ι
3333 4685 3401 4741 Hi
3431 4702 3568 4759 quos
3593 4687 3771 4761 signi-

2158 4763 2305 4838 ﬁcat,
2333 4787 2361 4826 e
2384 4787 2615 4828 numero
2657 4787 2848 4828 eorum
2897 4783 3026 4831 sunt
3054 4775 3148 4849 qui
3179 4776 3396 4834 Galatas
3423 4787 3768 4838 everterant.

2159 4859 2295 4919 Cum
2325 4865 2453 4922 dolo
2498 4866 2645 4922 enim
2676 4867 3041 4936 ambulantes,
3075 4871 3347 4930 Ecclesias
3385 4873 3485 4930 Dei
3515 4874 3776 4932 subver-

2159 4955 2363 5027 tebant,
2415 4957 2518 5015 sub
2573 4960 2798 5016 nomine
2839 4960 3045 5018 Christi
3071 4961 3413 5034 judaismum
3459 4964 3772 5027 colendum

2155 5047 2538 5119 praedicantes,
2569 5049 2724 5124 quasi
2752 5049 2859 5107 sibi
2891 5050 3143 5110 Christus
3171 5053 3475 5128 promissus
3499 5051 3594 5110 sit.
3613 5054 3779 5123 Quos

2153 5153 2280 5195 cum
2319 5137 2510 5195 dolore
2547 5146 2602 5195 et
2630 5139 2891 5213 lacrymis
2927 5151 3226 5211 memorat;
3276 5142 3409 5218 quia
3435 5143 3605 5202 saluti
3643 5161 3773 5204 cre-

2151 5391 2464 5464 refugiebat.

2223 5410 2274 5448 ru
2309 5410 2464 5453 ιεοαι.

2383 5466 2623 5556 gillnin
2655 5477 2912 5556 marg-et
2941 5471 3098 5529 Rom.
3143 5470 3384 5556 edit._in
3431 5490 3588 5550 corp.
3628 5492 3780 5536 cum

2150 5539 2743 5628 mssénq‘ui'busdamtid
2778 5539 2880 5628 est,
2904 5561 2940 5598 α
2955 5545 3251 5628 privantia
3279 5544 3398 5628 Dei.

2223 5608 2348 5682 (59)
2384 5613 2541 5670 Rom.
2569 5611 2726 5682 edit,
2757 5619 2806 5671 et
2826 5608 3002 5687 gloria
3029 5616 3087 5672 in
3107 5613 3375 5690 pudendis
3404 5618 3648 5676 illorum.
