2054 3092
124 157 172 186 Mi

123 268 165 297 dis
183 269 350 305 quastiones
373 272 527 303 moventes,
551 268 628 305 quasi
651 268 724 297 salus
746 268 775 296 in
794 276 855 296 esca
873 268 919 302 sit,

121 317 167 342 aut
190 319 287 343 venter
309 315 393 348 Deus,
416 322 496 350 quem
517 313 599 350 juxta
619 314 706 350 legem
725 313 838 342 mundis
852 313 921 341 escis

121 358 250 388 delectari
265 360 411 396 putabant,
431 359 580 395 gloriantes
595 359 624 387 in
646 358 782 395 pudendis
796 358 920 386 circum—

120 403 200 438 cisis;
226 404 279 433 hoc
303 408 354 439 est,
378 408 487 432 terrena
510 411 627 440 sapere:
648 403 696 439 qui
723 406 815 431 autem
835 402 922 439 spiri-

120 447 187 475 talia
209 448 290 484 sapit,
316 448 344 477 in
360 448 423 483 ﬁde,
440 449 470 476 in
490 457 548 484 spe,
571 448 600 475 in
618 447 753 476 charitate
778 447 919 483 gloriatur.

119 491 161 520 Ad
179 493 269 521 locum
280 497 372 522 autem
387 494 462 522 hunc
473 501 529 521 non
541 492 670 529 pertinet,
687 492 745 528 (60)
757 496 788 520 ut
802 496 921 528 quaestus

119 545 201 566 causa
210 542 258 566 aut
271 539 341 575 gulae
356 538 477 567 dixerit:
497 551 506 562 ι
520 538 643 572 Quorum
657 539 730 566 Deus
740 541 836 565 venter
849 540 913 565 est.»

160 582 253 620 (Vers.
269 584 314 619 20,
330 584 388 620 21.)
420 596 429 607 ι
455 583 553 611 Nostra
576 587 667 611 autem
695 582 868 611 conversatio
890 582 919 611 in

117 630 197 658 aulis
211 633 270 662 est;
286 628 359 657 unde
374 632 401 656 et
414 628 583 656 Salvatorem
606 631 795 664 exspectamus
819 626 920 655 Domi-

118 682 188 702 num
212 678 338 702 nostrum
353 673 444 701 Jesum
469 672 620 706 Christum,
641 671 688 708 qui
713 671 919 708 trausﬁgurabit

117 727 219 755 corpus
238 717 403 746 humilitatis
423 721 523 746 nostra;
544 717 685 746 conforme
700 717 808 754 corpori
825 716 919 754 gloria:

117 773 184 798 suae,
205 764 355 792 secundum
370 763 558 800 operationem
572 771 660 797 suam,
672 771 726 800 qua
740 763 826 799 possit
835 763 919 792 etiam

118 808 252 845 subjicere
266 808 320 837 sibi
335 808 437 837 omnia.
454 820 464 832 ι
486 807 627 845 Spiritalia
649 812 778 836 curantes
798 807 828 836 in
842 807 920 836 caelis

118 862 196 890 agere
209 853 351 887 dicuntur,
362 861 425 881 cum
442 852 495 889 ipsi
513 852 604 881 adhuc
619 853 675 881 sint
691 853 721 881 in
733 853 829 887 terris;
845 861 920 890 quo—

645 154 830 185 COMMENT.
855 154 892 184 IN
909 154 1019 184 EPIST.
1039 156 1088 183 AD
1107 155 1252 185 PHILIPP.

124 223 245 253 dentium
265 223 447 257 obsistebant,
462 222 496 252 de
509 222 579 251 cibis
595 222 707 252 edendis
721 226 748 250 et
762 230 817 250 non
829 222 917 250 eden-
931 223 956 253 A

1723 159 1776 188 442

1013 222 1103 258 (Vers.
1124 222 1151 255 5,
1170 222 1196 256 6,
1213 223 1253 259 7.)
1273 234 1283 247 ‹
1304 223 1437 253 Modestia
1459 228 1551 253 vestra
1574 229 1639 254 nota
1659 225 1699 254 sit
1717 235 1774 255 om-

975 266 1058 295 nibus
1087 266 1257 302 hominibus,
1287 269 1422 298 Dominus
1446 278 1530 306 prope
1555 273 1605 298 est.
1634 271 1666 299 In
1696 271 1774 300 nullo

975 313 1088 342 solliciti
1117 313 1178 342 sitis
1193 322 1199 342 :
1216 314 1262 342 sed
1288 323 1336 351 per
1362 315 1456 343 omnia
1482 315 1607 344 oratione
1631 320 1658 344 et
1684 324 1773 353 prece,

975 366 1038 386 cum
1054 358 1203 394 gratiarum
1227 358 1336 387 actione
1351 360 1549 396 postulationes
1572 364 1670 389 vestrm
1689 361 1774 389 inno-

976 406 1081 430 tescant
1097 402 1155 439 (63)
1176 403 1248 439 apud
1264 404 1362 431 Deum.
1378 404 1413 431 Et
1428 413 1482 440 pax
1505 405 1566 439 Dei,
1581 414 1641 442 quae
1656 412 1775 442 exsupe-

975 450 1018 474 rat
1040 455 1150 475 omnem
1172 451 1293 476 mentem
1317 447 1387 483 (64),
1412 449 1550 477 custodiat
1572 450 1656 479 corda
1671 453 1775 483 vestra,

975 495 1002 519 et
1014 499 1109 519 sensus
1128 496 1234 520 vestros
1255 491 1284 519 in
1309 492 1421 521 Christo
1436 493 1509 521 Jesu.
1526 504 1535 517 ι
1554 493 1633 522 Nunc
1650 494 1776 531 exemplo

974 543 1068 563 eorum
1082 535 1151 564 alios
1164 537 1225 564 vult
1238 537 1350 570 lucrari;
1363 545 1425 565 cum
1444 537 1517 565 enim
1533 537 1669 566 modestia
1682 547 1776 567 eorum

974 579 1147 608 manifestata
1169 581 1262 615 fuerit,
1278 581 1307 609 id
1320 585 1372 616 est,
1392 582 1568 610 rationabilis
1591 583 1778 618 conversatio,

973 624 1105 653 lucebunt
1126 634 1208 662 opera
1233 634 1338 661 eorum,
1355 630 1382 654 et
1409 635 1465 654 non
1489 626 1616 661 deerunt,
1633 627 1680 664 qui
1709 627 1779 655 imi-

974 672 1068 697 tentur
1081 669 1186 698 bonum
1205 670 1337 705 illorum;
1361 675 1392 699 ut
1417 679 1473 699 non
1496 672 1586 699 solum
1601 672 1776 708 propriorum

974 718 1129 751 gestorum,
1157 715 1205 743 sed
1230 719 1256 743 et
1280 715 1401 744 aliorum
1428 721 1606 752 augmentum
1634 717 1692 752 (65)
1714 724 1778 744 con-

974 764 1138 796 sequantur;
1156 764 1188 787 ut
1214 760 1286 788 sicut
1307 761 1415 789 dictum
1440 765 1491 795 est,
1507 761 1614 789 labores
1635 761 1776 790 fructuum

974 812 1086 832 suorum
1114 804 1196 833 edant
1223 805 1310 841 (Paul.
1342 814 1448 840 cxxvn,
1481 806 1520 842 2).
1555 806 1671 840 Quando
1703 806 1777 834 enim

973 848 1081 877 fructus
1111 858 1224 886 operum
1256 858 1369 878 suorum
1400 851 1469 878 alios
1500 850 1620 887 acquirit
1648 851 1683 879 ad
1710 860 1779 888 opus

118 898 201 926 modo
215 897 282 926 mali
299 897 443 933 Principes
458 901 486 925 et
500 897 661 932 Potestates,
675 906 738 925 cum
759 897 815 926 sint
828 897 919 926 adhuc
939 905 963 937 Β
973 894 1088 929 bonum,
1106 895 1212 924 labores
1224 903 1319 923 eorum
1333 895 1380 933 qui
1392 896 1520 933 acquisiti
1533 900 1608 930 sunt,
1629 897 1780 932 proﬁcient

117 942 171 979 ipsi
186 942 217 970 in
238 942 424 976 ﬁrmamento,
448 941 656 970 conversatione
679 945 771 970 tamen
791 942 820 969 in
838 943 920 970 terris

116 991 195 1015 sunt.
209 986 432 1016 Christianorum
456 994 520 1023 ergo
543 990 621 1015 actus
644 986 673 1014 in
691 987 769 1015 coalis
782 991 856 1022 sunt,
872 986 921 1015 ubi

116 1035 145 1060 et
167 1039 231 1068 spes
250 1030 349 1059 salutis
363 1039 457 1059 eorum
474 1036 524 1065 est,
546 1031 593 1068 qui
615 1036 655 1060 est
680 1032 815 1066 Christus,
840 1040 921 1069 quem

116 1076 211 1105 omnis
233 1076 306 1104 ﬁdus
328 1079 469 1112 exspectat
483 1076 516 1104 ad
536 1076 804 1113 transﬁgurationem
820 1085 923 1113 corpo-

116 1122 154 1150 ris
169 1121 283 1156 caruis;
308 1125 340 1149 ut
364 1122 438 1158 quod
462 1130 497 1150 ex
523 1122 609 1150 humo
631 1127 680 1157 est,
707 1122 766 1159 (61)
792 1123 920 1151 indutum

116 1166 238 1203 spiritali
253 1170 338 1200 veste,
355 1166 497 1195 conforme
518 1166 618 1195 eﬁiciat
634 1167 755 1195 adventu
771 1166 922 1203 majestatis

116 1219 170 1240 suae
190 1210 298 1248 corpori
322 1210 416 1247 gloriae
435 1219 502 1244 suae,
522 1210 603 1246 juxta
624 1211 811 1248 operationem
831 1220 919 1246 suam,

116 1256 144 1285 id
157 1260 204 1285 est
218 1256 369 1285 secundum
393 1256 525 1284 virtutem
545 1265 633 1291 suam,
654 1269 663 1280 ι
679 1266 733 1294 qua
748 1258 832 1294 possit
851 1259 921 1286 sub—

113 1300 203 1337 jicere
215 1301 268 1330 sibi
284 1301 386 1335 omnia;
398 1313 407 1325 ›
425 1301 479 1330 hoc
492 1305 543 1335 est,
553 1301 618 1339 quia
631 1310 679 1339 per
694 1303 920 1332 resurrectionem

117 1350 293 1375 mortuorum
317 1350 344 1374 et
367 1346 587 1375 immutationem
614 1347 642 1375 in
670 1347 757 1384 gloria
779 1348 922 1385 apparebit

118 1391 210 1420 virtus
234 1391 345 1420 Domini
371 1393 439 1423 261
457 1392 641 1426 manifestata,
657 1392 843 1428 comprimens
857 1401 922 1420 om-

119 1448 167 1468 nes
180 1440 323 1477 Principes
335 1445 361 1469 et
371 1441 530 1475 Potestates,
540 1445 570 1468 ut
579 1440 772 1469 manifestetur
782 1441 839 1477 ipse
849 1441 922 1469 Deus

119 1489 146 1513 et
160 1485 297 1514 Dominus
307 1494 365 1514 esse
379 1485 515 1514 omnium.

430 1529 545 1559 CAPUT
564 1528 612 1557 IV.

157 1575 252 1611 (Vers.
269 1575 308 1610 1.)
337 1587 346 1598 ι
362 1575 467 1610 Itaque,
483 1574 582 1602 fratres
599 1574 653 1602 mei
669 1573 823 1602 charissimi
839 1578 866 1603 et
877 1574 922 1603 de-

118 1618 326 1652 sideratissimi,
352 1617 481 1654 gaudium
503 1626 594 1646 meum
616 1622 644 1646 et
667 1626 776 1653 corona,
798 1618 837 1647 sic
855 1623 922 1648 state

119 1664 149 1692 in
165 1663 297 1697 Domino,
321 1662 506 1691 dilectissimi.
523 1675 531 1687 -
558 1663 721 1691 Commonet
735 1667 766 1691 ut
786 1663 814 1691 in
830 1664 922 1692 eadem

120 1707 179 1735 ﬁde
206 1711 398 1743 perseverent;
426 1707 554 1744 gaudium
580 1707 653 1735 enim
678 1708 737 1744 ejus
750 1708 784 1736 ad
806 1717 925 1744 praesens

119 1751 279 1779 constantia
298 1751 410 1779 illorum
434 1755 484 1786 est,
508 1755 534 1779 et
549 1751 578 1779 in
591 1752 716 1780 futurum
732 1761 842 1782 corona.
856 1753 924 1781 Dis—

119 1795 224 1832 cipulis
236 1796 308 1824 enim
324 1796 353 1824 in
365 1804 450 1833 agone
462 1796 626 1831 victoribus,
641 1796 809 1834 dignus'erit
822 1806 924 1826 corona

121 1840 262 1877 magister.

157 1885 252 1921 (Vers.
269 1885 296 1920 2,
313 1885 354 1922 3.)
377 1897 387 1910 ι
400 1885 536 1914 Evodiam
550 1894 626 1923 rogo,
638 1890 666 1914 et
685 1886 847 1924 Syntychen
870 1887 924 1915 ob—

122 1937 197 1958 secro
223 1930 297 1958 idem
319 1938 413 1967 sapere
439 1930 469 1958 in
488 1932 617 1960 Domino.
640 1931 676 1959 Et
700 1935 726 1959 te
744 1940 809 1968 rogo
829 1932 922 1967 etiam,

123 1981 251 2009 germane
274 1983 396 2011 compar,
425 1975 525 2011 adjuva
554 1976 617 2004 illas
640 1985 701 2013 quas
730 1977 925 2005 laboraverunt

124 2027 230 2047 mecum
246 2019 275 2047 in
289 2019 441 2056 Evangelio
453 2028 516 2048 cum
531 2020 682 2055 Clemente,
698 2024 724 2049 et
744 2022 860 2056 caeteris,
877 2021 923 2058 qui

123 2068 186 2091 sunt
203 2063 274 2092 mihi
290 2064 437 2101 participes
452 2073 576 2101 operum,
600 2074 716 2102 quorum
735 2066 848 2094 nomina
862 2071 926 2096 sunt

124 2107 150 2136 in
166 2108 242 2137 libro
265 2109 340 2137 vitae.
358 2121 367 2133 ι
399 2109 534 2138 Evodiam
559 2114 587 2139 et
614 2111 774 2147 Syntychen
795 2111 829 2139 ad
855 2120 926 2148 pru-

124 2152 246 2181 dentiam
262 2154 487 2190 ampliﬁcandam
504 2155 563 2191 (62)
579 2154 715 2189 hortatur,
730 2155 926 2191 adjuvantibus

124 2205 190 2234 quos
205 2202 351 2233 memorat,
371 2203 402 2226 ut
417 2199 489 2227 sicut
509 2199 537 2227 in
556 2199 686 2236 operibus
698 2201 841 2238 Evangelii
859 2211 927 2238 pro-

124 2243 259 2278 fecerant,
276 2244 439 2279 proﬁcerent
453 2248 480 2272 et
497 2244 525 2272 in
540 2244 655 2273 scientia
670 2249 697 2273 et
713 2246 847 2282 sapientia
865 2247 925 2282 Dei,

125 2294 191 2323 quos
217 2296 314 2317 omnes
336 2288 435 2317 merito
452 2288 516 2317 ﬁdei
533 2289 561 2317 in
578 2289 651 2317 libro
666 2289 730 2318 vitae
750 2290 844 2319 haberi
860 2300 928 2328 pro—

125 2333 248 2361 nuntiat.

161 2377 255 2412 (Vers.
272 2377 313 2413 4.)
338 2389 347 2401 ι
368 2378 490 2407 Gaudete
506 2379 535 2407 iu
549 2379 670 2408 Domino
685 2387 801 2417 semper,
826 2380 925 2409 iterum

126 2420 197 2456 dico,
222 2422 346 2457 gaudete.
373 2435 383 2447 ι
413 2424 504 2452 Laetus
523 2426 671 2461 Apostolus
693 2425 722 2453 in
749 2426 878 2463 operibus
901 2431 928 2455 et

128 2464 179 2494 ﬁde
193 2475 304 2502 eorum,
319 2466 353 2495 ad
375 2468 571 2497 cumulandam
595 2470 764 2499 alacritatem
787 2479 863 2499 suam
879 2480 927 2500 ex-

128 2515 202 2547 optat
231 2511 294 2540 illos
318 2511 347 2540 in
371 2511 424 2540 hoc
443 2512 536 2540 studio
562 2513 746 2550 proﬁcientes,
762 2514 790 2542 in
809 2516 928 2544 Domino

128 2563 236 2594 semper
256 2557 387 2593 gaudere;
413 2556 467 2585 hoc
487 2560 529 2585 est
553 2558 627 2586 enim
642 2559 715 2595 quod
732 2559 823 2594 iterat,
847 2564 878 2589 ut
900 2569 929 2588 se

130 2607 191 2629 vera
209 2601 357 2630 affectione
372 2601 488 2639 gaudere
503 2601 532 2630 in
547 2601 604 2630 illis
618 2603 753 2632 ostendat.

165 2663 350 2705 (6'0)AEadem
372 2665 451 2694 Rom.
480 2663 560 2700 edit.,
575 2664 620 2693 Ad
639 2666 724 2693 locum
749 2670 837 2696 autem
862 2668 930 2696 hunc

130 2703 306 2764 Mdictus
320 2736 460 2771 nonnulli,
477 2740 505 2764 ut
520 2737 591 2777 quod
606 2745 639 2764 eo:
655 2745 707 2765 uno
725 2741 771 2765 est.

166 2736 225 2808 (62)
240 2772 318 2801 Eras.
346 2775 374 2800 et
398 2780 455 2808 seq.
484 2772 563 2808 edit.,
590 2773 627 2801 ad
645 2773 771 2808 prudenti

133 2771 225 2836 ἃ
240 2772 318 2801 Eras.
346 2775 374 2800 et
398 2780 455 2810 seq.
484 2771 563 2808 edit.,
590 2773 627 2801 ad
645 2773 819 2809 prudentiam
832 2775 930 2812 ample-

223 2817 259 2836 m.

167 2843 226 2880 (63)
247 2844 327 2874 Rom.
353 2844 436 2880 edit.,
463 2844 508 2873 sed
528 2853 578 2882 per
605 2853 707 2875 omnem
732 2845 879 2876 orationem
907 2850 931 2877 st

975 940 1024 974 eis,
1037 948 1154 976 quorum
1171 941 1298 976 exemplo
1313 941 1386 969 bona
1401 949 1483 977 opera
1499 940 1604 969 imitari
1621 946 1777 978 coeperunt.

982 996 991 1008 ι
1007 985 1153 1020 Dominus,
1172 985 1221 1020 ait,
1235 994 1318 1022 prope
1335 990 1385 1014 est.
1401 987 1433 1014 In
1447 986 1525 1014 nullo
1538 985 1652 1015 solliciti
1667 986 1748 1021 sitis;
1763 1000 1772 1011 -

976 1030 1029 1058 hoc
1054 1034 1106 1065 est,
1134 1034 1299 1067 praeparatos
1326 1039 1383 1059 esse
1415 1031 1523 1065 debere,
1553 1035 1580 1059 et
1605 1031 1721 1068 vigilare
1749 1032 1778 1060 in

977 1075 1100 1103 oratione
1131 1079 1158 1103 et
1186 1083 1274 1112 prece,
1300 1076 1356 1104 Deo
1387 1076 1485 1111 gratias
1510 1080 1630 1112 agentes,
1658 1076 1779 1113 seposita

976 1120 1074 1148 mundi
1093 1120 1294 1153 sollicitudine,
1319 1120 1389 1148 illud
1414 1129 1531 1157 sperare,
1552 1125 1579 1149 et
1606 1125 1669 1149 ante
1684 1122 1779 1150 oculos

975 1165 1084 1200 habere,
1101 1166 1174 1202 quod
1201 1166 1337 1194 Dominus
1359 1166 1526 1202 repromisit,
1549 1165 1621 1195 unde
1636 1170 1663 1194 et
1678 1166 1779 1203 gratias

975 1211 1000 1239 ei
1022 1210 1139 1246 agendas
1163 1210 1263 1244 docet;
1283 1211 1403 1239 Domino
1426 1212 1500 1240 enim
1529 1211 1704 1245 imminente,
1725 1211 1778 1239 sol-

975 1254 1092 1283 licitudo
1114 1255 1209 1283 saeculi
1232 1260 1328 1283 cessat.
1345 1256 1380 1283 Ut
1394 1256 1462 1292 quid
1481 1256 1554 1284 enim
1581 1255 1695 1284 solliciti
1723 1255 1780 1283 sint

976 1298 1009 1326 de
1024 1307 1053 1326 re
1081 1299 1137 1327 cito
1159 1299 1303 1335 peritura?
1330 1299 1371 1327 Ac
1396 1307 1444 1335 per
1470 1299 1535 1332 hoc,
1556 1311 1565 1322 ε
1580 1299 1780 1335 postulationes

976 1347 1073 1371 vestrae
1101 1348 1184 1376 notae,
1214 1342 1328 1379 inquit,
1358 1342 1426 1370 ﬁant
1457 1342 1530 1378 apud
1563 1343 1661 1371 Deum.
1678 1355 1687 1366 ι
1713 1343 1779 1376 Qua

976 1387 1076 1414 notitia
1113 1386 1275 1414 assiduitate
1311 1386 1353 1420 ﬁt,
1389 1390 1417 1414 et
1453 1386 1600 1423 vigilantia
1634 1386 1777 1416 orationis.

977 1431 1055 1459 Tunc
1073 1431 1184 1458 demum
1208 1430 1413 1459 munitionibus
1438 1431 1512 1468 pacis
1535 1440 1601 1465 suae,
1626 1444 1634 1455 -
1648 1440 1708 1468 quas
1723 1440 1779 1460 om-

978 1483 1041 1503 nem
1061 1480 1206 1512 exsuperat
1221 1481 1352 1511 mentem,
1376 1476 1515 1505 custodiat
1541 1476 1625 1505 corda
1638 1481 1730 1505 vestra
1749 1477 1778 1505 in

977 1520 1087 1549 Christo
1102 1522 1175 1550 Jesu.
1191 1534 1199 1545 -
1222 1522 1280 1550 Hoc
1300 1522 1362 1551 ideo
1386 1522 1470 1557 dixit,
1486 1522 1550 1560 quia
1573 1531 1635 1551 cum
1650 1523 1707 1551 Deo
1730 1522 1778 1559 qui

979 1565 1062 1593 habet
1072 1573 1176 1601 pacem,
1193 1575 1250 1595 non
1264 1567 1344 1595 timet
1353 1575 1464 1595 omnem
1480 1572 1599 1596 mentem
1615 1567 1776 1601 adversam;

980 1614 1056 1640 tutus
1082 1612 1156 1640 enim
1172 1616 1212 1640 est
1237 1620 1302 1648 pace
1320 1612 1370 1640 Dei
1397 1611 1488 1640 omnis
1505 1612 1623 1649 diligens
1642 1614 1728 1640 Deum
1749 1612 1778 1640 in

980 1656 1091 1686 Christo
1118 1657 1191 1685 Jesu.
1214 1657 1283 1691 Quis
1308 1656 1383 1685 enim
1407 1665 1463 1684 non
1487 1661 1593 1685 metuat
1607 1665 1681 1691 eum,
1697 1665 1778 1693 quem

980 1702 1032 1731 scit
1048 1702 1098 1730 Dei
1112 1711 1169 1730 esse
1179 1702 1299 1731 amicum
1309 1702 1323 1730 Ὺ

1016 1752 1107 1787 (Vers.
1120 1751 1148 1786 8,
1161 1752 1202 1788 9.)
1227 1763 1236 1775 ι
1252 1751 1330 1785 Quod
1346 1751 1484 1788 reliquum
1502 1755 1553 1786 est,
1576 1751 1683 1786 fratres,
1699 1760 1779 1788 qua:-

979 1803 1088 1832 cunque
1114 1799 1179 1823 sunt
1206 1803 1289 1830 vera,
1317 1804 1488 1832 quaecunque
1516 1796 1670 1832 magniﬁca,
1699 1805 1780 1833 quae-

979 1850 1097 1878 cumque
1124 1842 1219 1878 justa,
1250 1850 1430 1879 quaecumque
1459 1846 1574 1877 sancta,
1600 1848 1785 1880 quascumque

979 1887 1119 1922 amabilia,
1146 1896 1325 1925 quaecumque
1358 1888 1519 1923 laudabilia,
1548 1888 1571 1916 si
1600 1898 1654 1926 qua
1679 1889 1779 1923 virtus,

979 1931 1069 1968 siqua
1085 1932 1144 1960 laus
1169 1932 1326 1969 disciplinae
1342 1942 1348 1961 :
1367 1932 1426 1961 haec
1441 1933 1568 1970 cogitate.
1583 1934 1650 1967 Quae
1664 1937 1691 1962 et
1708 1933 1779 1961 didi-

980 1976 1058 2004 cistis
1076 1980 1103 2004 et
1121 1977 1274 2013 accepistis,
1298 1981 1325 2005 et
1350 1978 1476 2012 audistis,
1501 1982 1528 2006 et
1549 1978 1661 2006 vidistis
1676 1978 1704 2005 in
1720 1985 1778 2010 me;

981 2021 1040 2050 haec
1054 2022 1136 2058 agite,
1152 2026 1179 2050 et
1201 2023 1274 2051 Deus
1290 2023 1363 2059 pacis
1386 2023 1439 2052 erit
1462 2024 1616 2052 vobiscum.
1638 2035 1648 2046 ι
1671 2023 1703 2049 In
1717 2029 1779 2049 con-

981 2066 1116 2102 clusione,
1139 2076 1200 2104 quas
1223 2068 1329 2105 reliqua
1350 2073 1438 2100 erant,
1461 2069 1495 2096 ad
1517 2067 1701 2094 imitationem
1721 2073 1779 2101 per-

982 2111 1109 2140 fectionis
1132 2113 1263 2149 exponit;
1289 2117 1320 2140 ut
1337 2121 1368 2140 ea
1383 2121 1443 2148 quae
1462 2120 1518 2139 non
1538 2110 1627 2138 solum
1652 2110 1682 2139 in
1709 2110 1780 2139 vitu-

982 2156 1150 2192 perationem
1173 2165 1228 2185 non
1253 2156 1366 2190 cadunt,
1384 2164 1481 2184 verum
1503 2156 1585 2184 etiam
1602 2156 1682 2184 laude
1698 2155 1781 2192 digna

983 2204 1067 2235 sunt,
1099 2205 1126 2229 et
1154 2200 1308 2236 cogitantes
1335 2204 1361 2228 et
1393 2204 1513 2236 agentes,
1543 2200 1630 2229 secuti
1663 2201 1780 2229 formam

982 2245 1117 2282 Apostoli,
1134 2247 1220 2274 Deum
1244 2246 1318 2283 pacis
1344 2246 1461 2275 habeant
1482 2255 1585 2276 secum.
1602 2248 1675 2277 Deus
1688 2252 1782 2276 noster

982 2298 1046 2317 vere
1060 2291 1132 2318 Deus
1148 2291 1222 2326 pacis
1244 2295 1296 2326 est,
1316 2291 1365 2328 qui
1380 2300 1436 2319 nou
1449 2296 1559 2328 rogatus
1572 2293 1649 2329 quasi
1673 2297 1781 2330 potens,

983 2341 1038 2361 non
1065 2333 1180 2363 timidus
1205 2335 1282 2372 quasi
1310 2336 1437 2365 inﬁrmus
1457 2337 1491 2365 ad
1521 2345 1615 2373 pacem
1643 2337 1781 2372 hortatur,

982 2377 1012 2406 in
1034 2382 1142 2406 tantum
1156 2384 1187 2408 ut
1208 2384 1235 2407 et
1249 2385 1358 2417 peccata
1379 2381 1409 2409 in
1423 2389 1452 2409 se
1474 2381 1620 2410 commissa
1632 2382 1780 2416 concedat;

982 2432 1045 2452 cum
1075 2424 1161 2461 possit
1185 2425 1281 2462 utique
1302 2431 1406 2455 terrore
1433 2427 1615 2455 manifestata;
1640 2428 1781 2464 potentias,

983 2473 1009 2497 et
1024 2469 1173 2498 ineﬁ'abilis
1193 2472 1394 2508 magnitudinis
1416 2480 1471 2500 suae
1495 2472 1577 2501 etiam
1598 2473 1701 2501 invitos
1722 2472 1780 2509 (66)

983 2523 1040 2542 non
1066 2515 1100 2543 ad
1126 2523 1220 2551 pacem
1244 2525 1350 2554 cogere,
1375 2517 1422 2545 sed
1446 2517 1480 2546 ad
1504 2517 1713 2554 subjectionem.
1729 2517 1782 2546 Sed

983 2558 1142 2595 hujusmodi
1172 2569 1226 2598 pax
1251 2561 1349 2590 mundi
1371 2565 1422 2596 est,
1452 2570 1510 2590 non
1531 2562 1592 2597 Dei,
1617 2562 1697 2599 cujus
1723 2561 1782 2598 ipsa

984 2609 1081 2633 natura
1094 2614 1149 2643 pax
1164 2609 1214 2634 est.

980 2677 1145 2706 precem"...
1160 2673 1229 2698 uola
1242 2670 1319 2706 ﬁant,
1337 2673 1391 2699 etc.

1033 2705 1079 2746 ῥέε)
1093 2705 1223 2746 Quidam.
1240 2705 1317 2746 mss,
1333 2713 1392 2746 qua
1399 2709 1653 2746 eaquperatonmem
1666 2711 1779 2732 mnum.

1033 2741 1080 2780 6§)
1090 2741 1292 2780 deexigaud”
1307 2741 1352 2770 sed
1364 2746 1388 2770 et
1400 2741 1518 2771 aliorum
1531 2741 1664 2780 "teritum.
1700 2777 1706 2780 _
1743 2775 1759 2780 Α

1033 2744 1068 2770 65
1090 2744 1183 2770 Codex
1193 2744 1292 2777 Laud.,
1307 2744 1352 2770 sed
1364 2746 1388 2770 et
1400 2744 1518 2771 aliorum
1531 2744 1664 2770 meritum.
1754 2775 1759 2780 η

1033 2744 1080 2813 66)
1095 2777 1262 2818 Mss.__Vall-.
1280 2781 1446 2818 “terrorem
1468 2777 1639 2813 manifestare
1659 2777 1782 2813 potenth

984 2820 1094 2841 sua"...
1115 2813 1228 2842 etetiam
1245 2813 1353 2849 invitos,
1369 2818 1425 2843 etc.
